4044 6074
377 289 468 342 ιὸι
1346 275 1664 334 ΕΑΠΜΕΒΙ
1706 271 1981 334 ΟΛΝΊὋΑ

2112 275 2223 334 NSI
2239 279 2274 333 S
2315 277 2626 335 MONACHI

3586 287 3691 340 4ὕῆ

455 434 475 459 ο
513 405 788 466 Paschalis
817 404 1120 477 episc0pus,
1153 420 1337 460 servus
1365 417 1648 458 servorum
1688 401 1786 458 Dei
1816 417 1981 457 vene-
2012 403 2067 463 A
2100 418 2320 472 samque
2347 419 2488 472 pene
2518 410 2684 458 totam
2729 420 2839 460 sua:
2870 404 3061 461 ditioni
3090 406 3402 479 subegerat.
3451 409 3693 465 Potestas

380 498 543 555 rabili
597 497 751 553 fratri
809 493 1179 551 Cantuariensi
1243 491 1652 562 archiepiscopo
1708 491 1987 557 Anselmo,

387 589 615 645 salutem
638 595 688 643 et
717 583 1072 656 apostolicam
1104 581 1560 636 benedictionem.

460 699 481 728 α
513 678 593 732 De
621 675 772 730 illata
805 672 896 727 tibi
926 670 1149 740 injuria,
1191 693 1212 717 ιι
1247 678 1350 725 etc.
1398 669 1530 725 Vide
1573 671 1636 724 in
1693 667 1987 724 Paschali.

454 769 602 821 Hanc
633 763 796 835 igitur
824 761 1114 830 epistolam
1139 767 1424 830 postquam
1469 758 1754 812 Anselmus
1801 772 1991 811 susce-

381 856 478 926 pit,
510 852 758 923 inspexit,
795 848 1057 904 intellexit
1086 865 1144 902 se
1199 848 1431 918 amplius
1489 847 1688 899 frustra
1744 845 1992 916 Lugduni

382 943 682 998 Romanam
740 953 898 1010 opem
954 935 1276 1006 praestolari,
1346 935 1643 1006 prmsertim
1698 950 1820 988 cum
1869 933 1992 1002 jam

382 1043 754 1100 saepenumero
787 1026 890 1097 ipsi
920 1025 1178 1080 Romanae
1208 1025 1352 1078 sedis
1394 1021 1618 1078 antistiti
1677 1022 1887 1092 legatos
1940 1029 1992 1077 et

379 1120 588 1176 litteras
620 1118 688 1172 de
719 1116 798 1170 sui
831 1113 1036 1186 negotii
1085 1113 1549 1168 consummatione
1607 1111 1988 1179 transmiserit,

381 1217 432 1264 et
463 1223 527 1264 eo
547 1221 720 1278 usque
771 1204 908 1259 nihil
963 1201 1068 1257 nisi
1096 1202 1388 1271 quamdam
1421 1199 1574 1270 quasi
1621 1199 1993 1255 consolatoriis

383 1294 797 1367 exspectationis
825 1289 1238 1364 promissionem
1286 1289 1354 1344 de
1409 1287 1637 1344 termino
1692 1288 1748 1342 in
1803 1287 1994 1344 termi—

384 1402 513 1442 num
541 1384 610 1440 ab
659 1398 724 1438 eo
774 1379 1057 1436 meruerit.
1121 1378 1302 1434 Tertio
1352 1393 1564 1447 quoque
1615 1377 1819 1432 litteras
1871 1391 1994 1432 suas

386 1475 502 1547 regi
543 1472 764 1544 Angliaa
794 1486 894 1541 pro
923 1483 1138 1524 suarum
1169 1482 1348 1522 rerum
1377 1465 1713 1521 resaisitione
1770 1465 1991 1520 direxe-

385 1571 487 1632 rat,
522 1577 620 1617 nec
649 1559 855 1629 aliquid
881 1558 948 1613 ab
980 1573 1064 1626 eo,
1126 1555 1230 1611 nisi
1275 1557 1420 1625 quod
1477 1554 1842 1610 blandientem
1889 1553 1993 1609 sibi

389 1651 705 1707 dilationem
738 1649 1031 1720 ingereret,
1073 1645 1318 1715 responsi
1374 1651 1675 1714 acceperat.
1737 1641 1995 1698 Consulto

2098 506 2290 560 nempe
2348 491 2567 546 Roberti
2645 493 3140 550 Northmannorum
3211 497 3444 564 comitis,
3514 499 3697 553 fratris

2098 579 2302 635 scilicet
2344 581 2592 650 ejusdem
2648 583 2812 653 regis,
2866 583 2941 637 ita
2996 585 3199 639 cunctis
3253 600 3318 639 ea
3371 590 3695 658 tempestate

2097 666 2331 723 viluerat
2355 673 2412 722 ut
2442 668 2527 723 vix
2559 669 2699 723 ullus
2724 685 2826 739 pro
2855 686 2920 725 eo
2981 673 3273 742 quidquam
3323 675 3502 729 facere
3533 676 3696 731 vellet

2099 757 2244 826 quod
2272 773 2374 826 pro
2417 767 2566 814 terrae
2593 759 2842 828 principe
2877 776 3089 831 quaque
3120 763 3362 831 gentium
3392 763 3506 817 ﬁeri
3536 765 3696 820 solet.

2100 845 2252 899 Pium
2283 846 2481 900 etenim
2512 862 2604 902 cor
2632 854 2684 901 et
2712 853 3048 903 terrenarum
3079 867 3259 904 rerum
3317 850 3540 906 minima
3592 870 3695 908 cu-

2098 933 2248 1004 pido,
2283 951 2401 1004 quae
2431 935 2484 989 in
2528 951 2594 990 eo
2628 936 2784 1005 juxta
2830 937 3108 1009 vigebant,
3156 940 3259 994 hoc
3278 939 3326 994 ei
3354 950 3698 1010 pepererant.

2100 1023 2305 1078 Omnes
2334 1023 2498 1094 igitur
2529 1025 2698 1080 ferme
2726 1026 3222 1082 Northmannorum
3268 1031 3502 1098 majores
3555 1030 3699 1085 illico

2100 1112 2172 1166 ad
2200 1113 2345 1184 regis
2373 1112 2687 1181 adventum,
2751 1123 2930 1185 spreto
2989 1117 3186 1170 comite
3245 1117 3463 1174 domino
3501 1135 3618 1187 suo,
3649 1128 3704 1173 et

2099 1199 2261 1255 ﬁdem
2292 1217 2452 1271 quam
2479 1201 2528 1256 ei
2559 1202 2827 1257 debebant
2853 1209 3258 1276 postponentes,
3292 1205 3347 1260 iu
3393 1222 3582 1262 aurum
3643 1215 3698 1263 et

2101 1297 2385 1361 argentum
2425 1291 2570 1362 regis
2613 1299 2979 1359 cucurrerunt,
3027 1293 3182 1364 eique
3230 1294 3476 1352 civitates
3531 1305 3705 1353 castra

2101 1386 2154 1434 et
2182 1378 2352 1434 urbes
2383 1378 2739 1435 tradiderunt.

2173 1468 2303 1523 Cum
2335 1468 2514 1538 itaque
2555 1484 2649 1523 rex
2707 1483 2808 1538 per
2861 1470 3075 1542 legatos
3134 1471 3426 1528 comitissa:
3461 1474 3705 1531 Anselmi

2102 1554 2413 1626 adventum,
2447 1564 2501 1610 et
2530 1557 2891 1628 quamobrem
2937 1559 3130 1615 relicta
3174 1561 3484 1633 Burgundia
3529 1565 3704 1619 Fran-

2101 1643 2240 1699 ciam
2271 1645 2479 1700 venerit
2508 1646 2821 1714 accepisset,
2863 1648 3089 1716 qualiter
3118 1649 3358 1704 animum
3387 1651 3484 1706 viri
3515 1669 3544 1705 a
3573 1670 3708 1722 pro-

383 1743 567 1812 itaque
596 1737 898 1793 venerabili
919 1735 1146 1805 praefato
1169 1732 1546 1805 Lugdunensis
1593 1731 1825 1788 civitatis
1870 1731 1988 1802 epi-
2017 1765 2070 1824 B
2102 1732 2277 1802 posita
2307 1733 2602 1788 intentione
2623 1734 2906 1790 deﬂectere
2943 1745 3126 1806 posset
3179 1740 3518 1810 perquisivit.
3571 1741 3709 1798 Inito

380 1844 545 1900 scopo
576 1826 837 1898 Lugduno
887 1824 1162 1879 Franciam
1212 1823 1478 1892 petiturus
1538 1820 1790 1887 decessit,
1849 1835 1989 1874 moe-

387 1926 547 1974 rente
577 1931 741 1986 super
766 1916 868 1968 hoc
893 1911 1148 1983 pontiﬁce
1177 1911 1296 1981 ipso
1327 1919 1378 1965 et.
1407 1910 1554 1964 omni
1583 1909 1785 1980 populo
1818 1918 1988 1964 terra).

454 2007 586 2062 Cum
605 2021 738 2076 ergo
755 2003 1065 2058 Cluniacum
1099 2002 1164 2055 ad
1196 2000 1524 2055 Charitatem
1559 2001 1657 2070 (α),
1692 2014 1816 2068 quae
1855 1999 1994 2052 cella

383 2093 746 2154 Cluniacensis
775 2091 1008 2147 cmnobii
1054 2098 1152 2158 est,
1212 2089 1573 2152 venissemus,
1635 2087 1820 2140 didicit
1875 2090 1989 2140 An-

383 2181 582 2238 selmus
609 2176 939 2233 comitissam
983 2174 1332 2240 Bleisensem,
1394 2170 1622 2242 majoris
1677 2169 1989 2226 Willhelmi

384 2269 531 2343 regis
559 2267 726 2322 ﬁliam
745 2306 761 2335 ,
793 2265 1016 2320 nomine
1045 2263 1272 2317 Adalam
1301 2261 1394 2331 (ὁ),
1419 2259 1567 2330 apud
1584 2263 1814 2314 castrum
1833 2275 1990 2313 suum

383 2358 613 2414 Bleisum
631 2355 701 2425 (c)
722 2352 1009 2409 inﬁrmari.
1041 2350 1223 2406 Vertit
1253 2350 1436 2420 itaque
1462 2350 1567 2405 iter
1595 2363 1700 2418 quo
1728 2363 1785 2403 se
1809 2347 1992 2402 Remis

385 2449 465 2504 ire
495 2446 652 2516 (sicut
681 2460 713 2498 a
742 2442 983 2497 Manasse
1018 2440 1096 2511 (ά)
1124 2439 1296 2509 ipsius
1325 2437 1476 2493 urbis
1530 2437 1766 2492 antistite
1810 2436 1994 2491 multis

385 2543 498 2591 erat
527 2541 580 2588 et
607 2531 819 2588 obnixis
856 2529 1110 2601 precibus
1138 2543 1238 2599 per
1272 2526 1630 2582 internuntios
1671 2523 1992 2594 interpella-

388 2625 489 2690 tus)
531 2623 886 2691 disposuerat,
946 2626 1000 2673 et
1051 2616 1284 2672 Bleisum
1339 2614 1472 2670 abiit
1525 2615 1597 2669 ad
1643 2613 1990 2680 comitissam,

387 2725 604 2767 omnem
634 2707 924 2778 cujuslibet
983 2705 1241 2776 vituperii
1297 2711 1479 2758 notam
1537 2718 1635 2771 pro
1691 2718 1790 2757 suo
1839 2717 1993 2757 more

388 2798 589 2869 ubique
615 2797 878 2852 devitans.
921 2794 1047 2864 Ipsa
1068 2791 1338 2862 siquidem
1367 2790 1642 2846 comitissa
1670 2790 1724 2845 in
1751 2790 1994 2860 pluribus

385 2887 436 2944 ei
468 2895 575 2942 tam
608 2885 660 2940 in
693 2885 797 2938 hoc
825 2895 982 2952 quam
1015 2889 1068 2936 et
1095 2880 1150 2936 in
1192 2879 1300 2935 alio
1326 2879 1516 2935 exsilio
1545 2879 1660 2947 ejus
1699 2878 1992 2950 magniﬁca

385 2975 710 3033 liberalitate
739 2971 1166 3038 ministraverat,
1199 2983 1430 3040 eumque
1470 2967 1607 3024 sicut
1637 2967 1812 3023 virum
1862 2984 1990 3023 san-

386 3075 528 3122 ctum
559 3079 622 3117 ac
663 3059 984 3132 religiosum
1041 3057 1167 3114 vitae
1222 3073 1354 3126 suae,
1409 3063 1532 3126 post
1581 3056 1774 3123 Deum,
1832 3056 1988 3110 insti-

385 3162 610 3210 tutorem
657 3123 903 3221 elegverat
958 3154 1118 3218 atque
1174 3123 1428 3202 tutorem.
1489 3145 1543 3201 Si
1601 3145 1784 3216 itaque
1841 3145 1987 3201 illam
2017 3123 2065 3186 Ο

386 3250 650 3305 extrema,
683 3247 741 3294 ut
774 3236 1074 3302 dicebatur,
1116 3242 1364 3307 agentem
1421 3243 1650 3306 paterna
1702 3233 1994 3305 praesentia

383 3347 492 3388 non
513 3328 773 3395 visitaret,
803 3334 986 3382 notam
1023 3324 1186 3394 justae
1225 3323 1659 3394 reprehensionis
1699 3338 1810 3378 non
1856 3338 1990 3378 eva-

383 3419 554 3477 deret.
586 3417 758 3490 Igitur
799 3413 895 3470 ubi
923 3413 992 3470 ad
1027 3413 1178 3468 illam
1237 3412 1515 3478 venimus,
1584 3427 1811 3482 eamque
1867 3411 1991 3467 lan-

381 3522 551 3580 guore
579 3506 757 3576 sopito
787 3503 958 3560 ferme
1012 3500 1352 3558 convaluisse
1406 3501 1733 3567 invenimus,
1791 3499 1991 3555 detenti

381 3597 450 3652 ab
480 3610 546 3651 ea
576 3594 632 3648 in
665 3595 782 3664 ipso
813 3599 988 3647 castro
1035 3606 1134 3659 per
1179 3589 1379 3661 aliquot
1434 3588 1556 3644 dies
1613 3589 1991 3644 decentissime

377 3699 583 3740 sumus.
617 3681 676 3735 In
706 3678 900 3750 quibus
927 3677 1120 3732 diebus
1147 3693 1268 3733 cum
1317 3676 1479 3731 verba
1535 3691 1684 3746 saepe
1740 3677 1881 3730 inter
1934 3691 1991 3731 se

383 3775 730 3827 consererent
757 3766 976 3822 antistes
1005 3771 1057 3819 et
1099 3764 1213 3830 illa,
1263 3764 1487 3819 antistes
1539 3763 1686 3818 illam
1741 3779 1841 3833 pro
1896 3778 1992 3820 suo

377 3857 558 3916 oﬁicio
589 3855 830 3911 studiose
856 3854 928 3908 ad
999 3852 1138 3908 bene
1194 3852 1463 3924 agendum
1520 3851 1851 3922 instigando,
1898 3852 1992 3906 illa

384 3944 684 4004 antistitem
741 3956 841 4015 pro
893 3940 1020 3998 vita:
1073 3955 1188 3997 sum
1244 3939 1615 4012 qualitatibus,
1672 3947 1729 3996 ut
1757 3940 1990 4010 Patrem,

383 4050 506 4108 quae
537 4030 861 4104 inquirenda
898 4044 1019 4086 esse
1071 4027 1277 4085 sciebat
1331 4027 1740 4100 interrogando,
1797 4030 1992 4084 Auset-

376 4141 496 4181 mus
523 4121 817 4180 comitissae
846 4134 1059 4175 causam
1094 4117 1297 4172 reditus
1347 4117 1426 4172 sui
1457 4118 1748 4174 Franciam
1804 4118 1873 4172 ab
1929 4133 1994 4175 eo

373 4211 661 4286 inquisitus
688 4209 940 4276 innotuit,
965 4214 1020 4263 et
1048 4207 1173 4277 quia
1203 4205 1420 4262 fratrem
1454 4206 1624 4276 ipsius
1674 4207 1988 4275 Henricum,

372 4301 625 4359 videlicet
653 4314 840 4372 regem
869 4296 1192 4368 Anglorum,
1249 4310 1350 4365 pro
1391 4294 1609 4364 injuria,
1668 4312 1829 4364 quam
1876 4297 1992 4350 Deo

371 4391 582 4462 sibique
606 4389 726 4461 jam
758 4402 854 4459 per
881 4384 1163 4441 biennium
1217 4392 1266 4439 et
1299 4384 1438 4438 ultra
1485 4385 1706 4450 fecerat,
1766 4398 1989 4439 excom-

2100 1820 2268 1892 igitur
2317 1836 2440 1876 cum
2497 1821 2610 1876 suis
2663 1823 2910 1888 consilio,
2969 1840 3069 1893 per
3122 1827 3339 1880 nuntius
3392 1827 3711 1899 deprecatus

2102 1918 2180 1964 est
2209 1910 2539 1964 comitissam
2571 1918 2833 1981 quatenus
2873 1913 2941 1965 ad
2996 1913 3323 1983 loquendum
3382 1917 3481 1970 sibi
3530 1919 3706 1973 virum

2100 1999 2546 2053 Northmanniam
2581 2001 2827 2066 duceret,
2876 2001 3135 2070 pollicens
3189 2019 3246 2057 se
3300 2004 3353 2057 in
3406 2007 3583 2060 multis
3637 2010 3706 2063 de

2102 2088 2321 2158 querela
2351 2087 2580 2156 pristina
2611 2088 2868 2142 voluntati
2927 2090 3063 2158 ejus,
3114 2092 3259 2161 pacis
3314 2095 3508 2164 gratia,
3567 2113 3704 2150 con-

2101 2175 2508 2230 descensurum.
2541 2175 2684 2244 Quid
2728 2177 2929 2247 plura?
2986 2178 3192 2234 Statuto
3249 2183 3475 2238 termino
3516 2185 3706 2241 archi-

2101 2264 2450 2334 episcopuset
2479 2263 2750 2318 comitissa
2781 2265 2831 2318 in
2863 2274 3120 2335 castrum,
3179 2270 3325 2338 quod
3379 2273 3572 2344 Aquila
3630 2279 3704 2345 (ε)

2100 2362 2342 2420 vocatur,
2400 2368 2503 2423 pro
2565 2353 2838 2426 colloquio
2896 2355 3062 2426 regis,
3123 2358 3199 2410 uti
3257 2360 3538 2430 petiverat,
3595 2380 3704 2417 una

2099 2449 2385 2508 venerunt,
2419 2448 2472 2496 et
2500 2457 2687 2513 regem
2717 2442 3026 2497 vehementi
3069 2445 3273 2515 gaudio
3314 2463 3414 2516 pro
3469 2450 3705 2505 adventu

2100 2529 2340 2584 Anselmi
2361 2528 2648 2598 exsultare,
2680 2544 2745 2585 ac
2773 2546 2880 2585 non
2925 2548 3116 2600 parum
3175 2550 3205 2588 a
3234 2535 3459 2604 pristina
3497 2537 3706 2595 feritate

2103 2616 2453 2674 descendisse
2494 2627 2827 2689 repererunt.
2888 2620 3115 2689 Deinde,
3176 2622 3361 2678 habito
3415 2625 3557 2681 inter
3611 2645 3707 2684 eos

2100 2705 2399 2780 colloquio,
2431 2706 2752 2762 Anselmum
2787 2724 2879 2762 rex
2909 2708 2976 2764 de
3006 2711 3303 2766 redditibus
3321 2715 3400 2768 sui
3413 2716 3704 2784 pontiﬁca-

2103 2803 2186 2851 tus
2214 2796 2518 2863 revestivit,
2551 2805 2603 2850 et
2656 2796 2712 2850 in
2768 2798 3046 2867 pristinam
3107 2801 3397 2856 amicitiam
3456 2806 3704 2877 utrinque

2099 2885 2304 2954 recepti
2349 2889 2495 2938 sunt.
2558 2884 2889 2952 Quibusdam
2956 2887 3120 2958 igitur
3175 2889 3243 2943 ad
3315 2892 3418 2946 hoc
3477 2894 3705 2950 sollicite

2100 2987 2324 3043 operam
2353 2972 2603 3026 dantibus
2624 2980 2680 3026 ut
2707 2973 2927 3028 antistes
2955 2975 3133 3029 statim
3178 2978 3428 3048 Angliam
3485 2998 3702 3037 remea-

2099 3068 2186 3116 ret
2214 3076 2309 3116 rex
2337 3061 2544 3125 annuit,
2585 3061 2663 3115 sic
2693 3069 2855 3116 tatem
2887 3071 2945 3116 ut
2985 3063 3118 3118 nulli
3174 3082 3359 3121 eorum
3415 3070 3504 3139 qui
3560 3088 3592 3125 a
3638 3089 3700 3128 se

2097 3147 2436 3204 investituras
2464 3147 2829 3204 Ecclesiarum
2877 3159 3224 3223 susceperant
3276 3156 3359 3211 vel
3419 3173 3514 3214 eos
3569 3174 3700 3216 con-

2099 3245 2461 3304 secraverant,
2486 3253 2636 3292 suam
2666 3238 2721 3292 in
2761 3237 2942 3308 aliquo
2998 3244 3434 3300 communionem
3490 3248 3704 3305 subtra-

2100 3327 2273 3380 heret.
2309 3326 2404 3379 Cui
2435 3325 2729 3382 conditioni
2758 3328 3047 3383 Anselmus
3077 3331 3298 3388 minime
3348 3336 3701 3407 acquiescens

2099 3414 2485 3483 (obedientiam
2523 3414 2778 3471 videlicet
2822 3433 2978 3488 papae
3031 3419 3088 3473 in
3142 3421 3289 3478 nullo
3343 3428 3702 3498 praetergredi

2097 3503 2307 3573 volens)
2339 3511 2493 3558 extra
2539 3503 2790 3576 Angliam
2847 3521 3073 3563 manere
3120 3509 3342 3582 delegit,
3391 3513 3564 3570 donec
3622 3515 3698 3571 illi

2101 3591 2191 3663 qui
2222 3591 2294 3646 ad
2321 3592 2493 3662 ipsum
2524 3593 2802 3665 negotium
2827 3601 2881 3648 et
2910 3596 3156 3667 quaedam
3215 3599 3339 3666 alia,
3392 3601 3460 3656 de
3507 3603 3704 3674 quibus

2099 3680 2238 3733 inter
2260 3694 2355 3734 eos
2385 3679 2479 3735 illa
2508 3681 2625 3736 vice
2655 3683 2946 3739 convenire
2992 3701 3096 3740 non
3148 3695 3376 3758 poterat,
3435 3690 3700 3746 determi-

2101 3766 2297 3832 nanda,
2331 3783 2398 3823 ex
2429 3769 2681 3826 condicto
2724 3771 2951 3826 Romam
3008 3773 3254 3831 mittendi
3311 3787 3458 3833 erant
3501 3780 3701 3835 reversi

2101 3856 2351 3910 fuissent.
2386 3857 2515 3912 Hrec
2544 3866 2724 3912 autem
2755 3859 3051 3931 interipsos
3079 3872 3198 3918 acta
3227 3874 3348 3920 sunt
3376 3883 3516 3922 anno
3544 3869 3702 3925 tertio

2101 3944 2281 4000 exitus
2307 3945 2477 4000 nostri
2503 3946 2570 4000 de
2599 3947 2825 4020 Anglia,
2858 3965 2918 4004 χι
2951 3950 3180 4006 Kalend.
3213 3955 3457 4026 Augusti.

2172 4033 2274 4089 Pro
2303 4050 2502 4106 magna
2531 4035 2709 4105 itaque
2738 4039 3093 4096 exsultatione
3124 4058 3285 4110 quam
3330 4060 3395 4099 ex
3451 4046 3552 4101 bac
3606 4063 3701 4102 re-

2099 4120 2490 4178 conciliatione
2517 4123 2754 4179 Anselmi
2784 4142 2881 4180 rex
2910 4129 3155 4199 concepit
3184 4131 3327 4201 apud
3365 4149 3444 4199 se,
3489 4135 3706 4192 videres

2102 4209 2275 4277 illum,
2309 4211 2547 4280 quandiu
2578 4211 2633 4266 in
2683 4214 2913 4283 praefato
2971 4227 3142 4274 castro
3186 4221 3552 4292 morabamur,
3585 4240 3696 4279 non

2101 4296 2261 4352 facile
2282 4300 2393 4369 pati
2424 4301 2490 4354 ad
2523 4316 2580 4356 se
2614 4303 2797 4357 venire
2825 4305 3156 4373 Anselmum,
3190 4307 3286 4363 sed
3337 4312 3549 4381 quoties
3588 4321 3704 4368 erat

2103 4385 2311 4455 aliquid
2357 4387 2494 4442 inter
2528 4388 2651 4444 illos
2699 4393 2971 4463 agendum
3011 4411 3225 4464 semper
3280 4397 3454 4468 ipsum
3504 4401 3582 4456 ire
3631 4401 3701 4456 ad

373 4480 649 4537 municare
686 4474 941 4532 veniebat
980 4487 1089 4528 non
1141 4471 1361 4528 celavit.
1429 4469 1587 4540 Quod
1615 4471 1703 4524 illa
1760 4471 1987 4526 audiens
2018 4475 2074 4538 D
2104 4473 2442 4530 Anselmum.
2470 4477 2587 4530 Jam
2619 4479 2760 4533 enim
2801 4482 2984 4537 multis
3029 4485 3087 4537 in
3125 4484 3260 4539 locis
3298 4502 3398 4556 per
3424 4489 3698 4561 Angliam,

377 4573 629 4627 fraterna;
658 4561 989 4620 damnationi
1020 4562 1373 4617 vehementer
1415 4558 1660 4627 indoluit,
1705 4575 1769 4613 ac
1809 4569 1860 4613 ut
1910 4560 1981 4614 il-

371 4659 485 4716 lum
526 4654 705 4727 potius
733 4649 974 4723 pontiﬁci
1006 4650 1358 4706 concordaret
1385 4663 1609 4718 operam
1640 4646 1770 4702 dare
1801 4647 1983 4717 dispo-

373 4747 501 4804 suit.
534 4742 658 4814 Egit
687 4755 817 4812 ergo
839 4738 982 4811 apud
1017 4739 1190 4793 virum
1221 4745 1276 4792 ut
1307 4737 1598 4793 Carnotum
1638 4751 1822 4792 secum
1863 4752 1983 4806 per-

508 4839 545 4886 t.

508 4847 545 4886 ι.

374 4847 563 4994 εθῖξεο
586 4926 830 4991 tempore
858 4915 975 4988 ipse
1033 4931 1128 4971 rex
1157 4913 1215 4970 in
1258 4913 1652 4972 Northmannia
1691 4922 1824 4981 erat,
1897 4913 1988 4983 ip-

2095 4562 2374 4619 Franciam
2429 4573 2590 4635 atque
2658 4568 3106 4626 Nortbmanniam
3179 4574 3326 4630 fama
3383 4577 3703 4649 vulgaverat

2090 4667 2276 4723 regem
2307 4654 2481 4724 ipsum
2513 4655 2580 4709 ad
2610 4657 2867 4713 Anselmo
2927 4661 3170 4730 proxime
3218 4667 3700 4723 excommunicau-

2094 4740 2240 4810 dum,
2275 4749 2324 4796 et
2355 4743 2557 4798 idcirco
2589 4745 2660 4813 ei,
2692 4753 2874 4816 utpote
2903 4752 3154 4817 potestati
3171 4767 3278 4807 non
3308 4754 3448 4810 adeo
3477 4765 3696 4824 amatae,

2097 4828 2264 4884 multa
2296 4831 2438 4885 mala
2465 4832 2825 4902 struedantur,
2873 4852 2991 4906 quae
3031 4838 3170 4893 illia
3229 4847 3378 4896 tanto
3435 4843 3554 4899 viro
3597 4861 3698 4900 ex-

2098 4920 2496 4976 communicato
2525 4920 2792 4978 eﬁicacius
2821 4923 3101 4982 inferenda
3141 4929 3490 4999 putabantur.
3535 4931 3696 5002 Quod

1686 5037 2090 5094 HENSCHENI
2126 5040 2356 5098 ΝΟΤιΕ.

440 5171 520 5240 (ιι)
539 5171 602 5227 In
630 5165 962 5240 Bibliotheca
982 5163 1255 5240 ‘Cluniac.
1304 5163 1615 5240 (ξομ-1⁸711,
1665 5165 1975 5240 nominatur

366 5235 659 5320 priorum
762 5235 1284 5320 MariwgClh‘ari‘tafis
1315 5235 1673 5320 adtigeram
1684 5238 1969 5320 ρῃιὶδέέο-

369 5305 625 5373 ἂονεηεὶε
653 5310 922 5375 dicacem,
949 5305 986 5362 'a
1015 5305 1294 5362 Gaudrido
1325 5305 1579 5377 episcbpo
1610 5306 1822 5365 oblatus
1850 5313 1969 5366 Hu-

367 5381 882 5461 goniQuniacensi.
987 5447 1036 5461 η
1155 5445 1177 5461 ρ
1391 5446 1420 5461 ,⁸
1511 5447 1521 5459 .

436 5459 511 5527 (b)
543 5455 751 5527 Quanta
777 5452 892 5521 jam
921 5447 1132 5527 pridem
1151 5445 1488 5527 familiaritas
1509 5447 1650 5527 inter
1667 5450 1895 5527 Adalam
1922 5460 1977 5527 et

365 5518 1053 5585 Ansélmumintércesierit
1087 5538 1100 5574 :
1163 5534 1228 5574 ex
1258 5518 1488 5588 epistola
1541 5519 1690 5577 disce
1735 5523 1976 5581 Ansetmi

362 5600 433 5656 ad
465 5599 713 5666 Adalam,
745 5612 864 5670 quae
894 5600 977 5648 est
1009 5589 1205 5647 ultima
1239 5589 1358 5646 libri
1391 5605 1429 5644 ι.

2155 5169 2226 5239 (c)
2259 5169 2497 5244 Bleisum
2527 5172 2694 5244 vulgo
2715 5173 2882 5241 Blois,
2944 5175 3083 5230 inter
3104 5177 3459 5233 Aurelianum
3489 5188 3540 5235 ct
3580 5181 3695 5238 Tn-

2079 5255 2280 5314 ronas,
2298 5241 2364 5314 ad
2396 5241 2710 5311 praedictum
2757 5246 3018 5314 Ligerim.

2152 5313 2233 5393 (Ad)
2264 5313 2536 5393 itlanasses
2557 5330 2597 5369 ιι
2626 5314 2674 5370 is
2702 5312 3030 5384 fuitfRemis
3051 5318 3252 5375 electus
3274 5335 3416 5376 anno
3434 5323 3591 5393 1096,
3641 5333 3696 5380 et

2084 5385 2221 5436 1107
2252 5383 2558 5439 defunctus.

2159 5454 2230 5529 (ᾳ)
2247 5455 2456 5529 Aquila,
2481 5456 2644 5529 vulgo
2667 5456 2879 5527 l’Aigle,
2904 5458 3168 5529 Oppidum
3184 5462 3589 5522 Northmanniae
3619 5465 3692 5522 ad

2087 5523 2324 5580 Riellum
2353 5525 2482 5584 ﬂuv.
2515 5523 2654 5585 inter
2679 5523 2999 5586 Mortania'm
3035 5537 3087 5586 et
3117 5531 3362 5603 Sagium.
