4044 6074
298 288 405 344 453

1398 274 1725 336 msronm
1751 270 2123 333 sovonun.
2155 224 2223 314 4—
2253 274 2378 330 us.
2411 267 2499 330 iv.

3500 279 3599 339 454

295 411 393 468 ille
446 408 620 467 sciens
670 422 883 465 versam
940 422 972 463 a
1001 420 1061 462 se
1102 402 1202 463 viri
1248 402 1567 459 sententiam
1605 397 1894 471 magniﬁce
1920 399 1976 459 A
2016 396 2254 453 hendere
2285 397 2581 453 audeataut
2610 396 2897 453 emendem
2927 395 3271 453 contendat?
3300 398 3365 454 Et
3385 399 3430 454 si
3451 402 3596 457 veri-

295 498 601 556 laetabatur.
631 495 877 567 Denique
905 510 1068 551 omne
1106 493 1310 548 malum
1359 490 1507 563 quod
1537 505 1658 545 eum
1692 503 1898 557 expec-

297 587 468 656 tabat,
526 600 716 642 averso
769 584 1046 641 Anselmo.
1106 582 1175 638 ab
1231 597 1295 637 eo
1361 595 1575 636 versum
1605 586 1656 633 et
1685 590 1898 632 reverso

299 674 358 731 in
385 673 678 731 amicitiam
706 674 826 745 ejus
880 671 1161 728 Anselmo.
1233 672 1424 740 Itaque
1462 675 1521 723 ut
1553 668 1717 722 homo
1746 663 1901 720 citius

297 764 357 820 in
410 764 789 835 episcopatum
820 778 976 818 suum
1009 761 1081 817 ad
1122 774 1346 815 suorum
1394 754 1809 812 exsultationem
1839 768 1902 808 ac

298 853 466 910 totius
523 851 717 922 patriai
782 849 1168 907 revelationem
1242 845 1463 914 rediret,
1522 842 1795 915 pollicitus
1822 848 1902 897 est

298 957 401 998 rex
456 940 533 996 ita
590 955 649 995 se
704 938 892 994 nuntio
948 953 1074 993 suos
1128 937 1339 993 Roman
1398 933 1783 989 destinaturum
1846 936 1905 985 ut

295 1030 356 1086 in
406 1029 659 1100 proxima
710 1026 1004 1084 Nativitate
1058 1024 1250 1080 Christi
1279 1022 1444 1080 curiae
1473 1038 1587 1076 suae
1617 1019 1905 1075 Anselmus

295 1119 356 1174 in
384 1117 589 1192 Anglia
608 1124 791 1188 posset
811 1116 1026 1171 adesse.
1049 1112 1394 1185 Missitsuper
1419 1112 1538 1167 haec
1566 1110 1622 1164 in
1650 1107 1903 1181 Angliam

296 1207 526 1276 litteras,
554 1205 877 1278 praecipiens
932 1212 991 1259 ut
1044 1218 1233 1259 omnes
1260 1216 1347 1257 res
1375 1203 1431 1255 et
1484 1198 1733 1255 homines
1787 1198 1902 1252 An-

300 1294 484 1362 selmi,
514 1293 822 1365 ubicunque
857 1298 1057 1360 essent,
1115 1290 1170 1346 in
1225 1304 1363 1361 pace
1408 1294 1589 1345 essent
1622 1295 1675 1343 et
1704 1285 1901 1357 quiete,

296 1400 403 1442 nec
446 1384 593 1441 ullus
646 1397 740 1439 eos
792 1387 1054 1455 gravaret
1107 1387 1199 1436 aut
1256 1377 1638 1450 implacitaret,
1687 1374 1802 1442 sed,
1835 1373 1904 1429 ab

296 1472 450 1530 omni
482 1471 669 1529 debito
696 1470 873 1540 liberi,
907 1485 1030 1540 qum
1075 1468 1331 1525 tenebant
1359 1482 1481 1522 cum
1508 1465 1717 1521 honore
1750 1471 1903 1519 tene-

299 1568 439 1631 rent,
474 1576 540 1618 ac
569 1560 626 1616 in
670 1559 877 1618 cunctis
905 1559 975 1613 ad
1005 1565 1195 1613 nutum
1226 1554 1469 1612 Anselmi
1493 1553 1905 1625 jussionemque

294 1651 626 1723 penderent.
655 1649 787 1704 Haec
823 1662 956 1721 ergo
996 1647 1125 1702 dum
1155 1644 1475 1701 hominibus
1529 1643 1598 1699 ad
1628 1639 1902 1711 archiepi-

297 1747 585 1812 scopatum
614 1736 1003 1808 pertinentibus
1030 1734 1422 1807 .innotuissent,
1466 1748 1597 1787 mox
1625 1730 1901 1803 quoddam
1931 1759 1984 1819 Β

304 1828 462 1901 quasi
493 1827 823 1899 insperatum
850 1824 1012 1895 jubar
1038 1823 1166 1879 solis
1194 1822 1273 1877 illi
1321 1821 1561 1889 emicuit,
1607 1820 1753 1890 quod
1781 1819 1905 1874 illos

298 1933 334 1973 a
371 1916 613 1987 pristinae
665 1913 1043 1986 oppressionis
1089 1909 1426 1967 immanitate
1454 1917 1507 1965 et
1536 1908 1771 1965 tenebris
1798 1922 1907 1963 non

299 2021 392 2062 mo
406 2005 590 2063 dicum
617 2003 795 2075 ejecit.

400 2121 537 2176 Cum
566 2119 792 2190 posthac
846 2116 1139 2174 Anselmus
1196 2117 1463 2172 Beccense
1489 2111 1821 2180 coenobium,
1854 2119 1905 2168 et

300 2224 399 2266 rex
425 2208 675 2281 Angliam
704 2212 1013 2272 remeasset,
1045 2205 1180 2260 ortis
1233 2202 1556 2275 quibusdam
1609 2199 1903 2258 occasiun-

298 2297 457 2367 culis,
489 2295 674 2370 legati,
698 2295 788 2367 qui
835 2295 1064 2351 Romam
1086 2293 1226 2348 mitti
1281 2290 1606 2360 debuerunt,
1648 2290 1741 2345 diu
1768 2290 1909 2345 ultra

297 2390 559 2443 statutum
618 2382 907 2441 terminum
961 2381 1156 2438 morati
1210 2383 1357 2436 sunt.
1415 2379 1572 2436 Unde
1609 2379 1908 2434 vehemens

298 2474 593 2533 admiratio
621 2473 921 2529 multorum
975 2471 1143 2527 corda
1198 2468 1488 2536 concussit,
1528 2466 1906 2523 arbitrantium

297 2571 509 2621 tantam
540 2563 610 2620 de
639 2561 819 2618 reditu
848 2559 953 2617 viri
983 2559 1297 2615 dilationem
1326 2555 1531 2612 diaboli
1560 2570 1679 2612 esse
1707 2555 1905 2612 seduc-

298 2653 523 2722 tionem,
555 2659 609 2707 et
636 2657 830 2721 aperte
860 2647 1167 2707 videntium
1221 2646 1519 2701 immanem
1550 2644 1711 2700 totius
1740 2643 1903 2699 Chri-

301 2740 596 2799 stianitatis
625 2738 680 2794 in
707 2737 905 2811 Anglia
960 2751 1081 2793 esse
1136 2734 1573 2791 destructionem.
1597 2731 1758 2802 Quod
1786 2748 1906 2789 me-

295 2831 421 2897 lius,
452 2837 511 2886 ut
566 2836 719 2901 puto,
771 2826 1016 2899 liquebit,
1047 2826 1092 2881 si
1139 2824 1389 2896 quaedam
1437 2823 1645 2894 scripta
1690 2821 1760 2877 de
1825 2823 1905 2878 his

304 2935 425 2990 quae
456 2918 529 2974 ad
544 2934 644 2974 nos
662 2916 716 2972 in
738 2917 839 2971 hac
861 2930 1016 2971 mora
1036 2929 1069 2970 a
1089 2913 1327 2986 quodam
1357 2927 1465 2969 non
1486 2910 1904 2968 contemnendas

294 3005 629 3064 auctoritatis
659 3004 779 3061 viro
807 3003 1126 3059 transmissa
1182 3010 1307 3057 sunt
1352 3000 1509 3058 brevi
1538 2999 1897 3055 subinferam.

295 3095 498 3154 Scribit
533 3094 714 3166 itaque
742 3093 884 3149 inter
911 3092 1018 3147 alia
1046 3093 1124 3147 sic
1167 3108 1179 3145 :

374 3235 397 3261 ι
426 3211 755 3268 Charissime
803 3209 961 3265 Pater
1020 3215 1079 3265 et
1107 3205 1347 3275 domine,
1407 3204 1653 3276 quamvis
1698 3203 1901 3274 optime

294 3300 482 3360 sciatis
510 3300 644 3373 quid
678 3298 857 3355 facere
897 3295 1145 3353 debeatis
1174 3304 1227 3351 et
1281 3294 1410 3367 quid
1466 3293 1668 3350 faceret
1701 3293 1900 3363 velitis,

300 3390 519 3449 videtur
548 3397 731 3445 tamen
761 3387 908 3443 omni
940 3386 1054 3442 fere
1081 3384 1287 3441 homini
1317 3397 1451 3439 sano
1480 3397 1643 3438 sensu
1671 3382 1903 3453 sapienti

299 3479 524 3536 omnino
554 3476 688 3533 nihil
718 3475 871 3531 aliud
900 3490 1022 3531 esse
1060 3472 1113 3528 id
1145 3471 1290 3543 quod
1320 3472 1460 3527 inter
1488 3486 1588 3526 vos
1614 3478 1664 3526 et
1713 3486 1901 3543 regem

288 3568 389 3624 sub
419 3576 531 3623 tam
564 3580 787 3621 morosa
815 3561 1222 3635 exspectatione
1255 3560 1436 3632 agitur
1463 3559 1566 3613 nisi
1611 3556 1900 3615 diabolicae

289 3655 510 3712 fraudis
543 3653 723 3711 illusio
754 3660 808 3708 et
862 3651 1096 3707 illudens
1125 3648 1334 3717 dilatio,
1374 3656 1449 3717 et,
1478 3655 1537 3702 ut
1564 3645 1901 3703 manifestius

294 3744 473 3800 dicam
508 3742 671 3800 totius
718 3739 1020 3813 Anglorum
1075 3737 1353 3805 Ecclesiae,
1410 3750 1474 3790 ac
1527 3734 1810 3808 religionis
1838 3750 1902 3792 ac

295 3832 436 3905 legis
499 3830 811 3887 Christianae
852 3825 1171 3901 quotidiana
1236 3823 1524 3880 diminutio
1580 3832 1632 3879 et
1687 3839 1900 3879 summa

300 3920 618 3978 destructio.
677 3915 1041 3974 Ecclesiarum
1097 3928 1330 3983 namque
1361 3927 1481 3983 quae
1509 3918 1622 3967 tam
1653 3911 1745 3967 diu
1773 3925 1898 3966 ma-

290 4017 420 4066 nent
449 4007 758 4080 pastoribus
797 4004 1041 4063 viduatae
1104 4000 1480 4074 possessiones
1539 3998 1886 4070 diripiuntur.

289 4097 439 4155 Ordo
469 4104 673 4153 sach
701 4092 983 4168 religionis
1012 4092 1067 4146 in
1099 4090 1179 4147 eis
1209 4087 1491 4161 neglectus
1542 4087 1893 4144 annihilatur.

285 4186 451 4260 Legis
496 4184 819 4242 Christianae
876 4189 1138 4249 rectores,
1178 4195 1286 4235 non
1337 4178 1447 4247 jam
1482 4184 1748 4243 rectores,
1795 4176 1896 4232 sed

285 4274 720 4350 precipitatores,
782 4287 843 4328 ac
860 4272 1021 4342 juxta
1049 4268 1217 4340 regiae
1265 4266 1559 4323 voluntatis
1615 4264 1893 4320 arbitrium

293 4374 345 4422 et
370 4379 531 4420 suum
587 4361 822 4430 libitum,
908 4374 1048 4432 pene
1094 4355 1275 4414 omnis
1324 4355 1545 4426 justitia)
1572 4361 1692 4409 sunt
1720 4353 1895 4409 eﬂ'ecti

1930 3105 1979 3170 C

2012 492 2178 541 tatem
2198 485 2357 542 vultis
2387 485 2593 555 audire,
2616 485 2796 541 fateor
2809 487 2992 541 omnia
3018 486 3139 542 haec
3170 487 3337 544 multo
3368 489 3602 548 deterius

2008 572 2124 629 ﬁeri
2183 590 2347 647 quam
2397 575 2605 647 possint
2660 574 2858 646 scripto
2906 574 3043 631 edici
3073 576 3125 630 in
3156 584 3359 632 tantum
3389 586 3447 633 ut
3487 579 3605 653 ipse

2010 661 2174 718 etiam
2227 680 2319 719 rex
2381 670 2599 720 testetur
2652 680 2927 735 nunquam
2956 671 3121 720 tanta:
3150 665 3476 723 fortitudinis
3504 684 3603 726 ne-

2008 751 2235 823 quitiam
2268 750 2322 806 in
2350 753 2526 823 patria
2578 752 2679 807 ista
2737 752 2935 819 fuisse,
2965 753 3104 807 sicut
3133 754 3297 809 modo
3328 763 3430 812 est.
3472 758 3603 816 Hm

2007 847 2187 894 autem
2218 838 2401 895 omnia
2428 839 2615 911 procul
2671 840 2839 895 dubio
2869 856 2970 896 vos
3009 841 3181 897 solum
3212 842 3499 915 respiciunt
3546 850 3603 903 et

2010 935 2202 983 vestra:
2239 927 2506 983 sanctitati
2537 928 2892 999 imputantur.
2957 929 3148 985 Videte
3177 929 3345 1002 igitur
3371 940 3423 987 et
3441 933 3609 990 inten-

2012 1014 2127 1071 dite
2156 1016 2305 1071 oneri
2332 1016 2486 1086 quod
2514 1016 2847 1087 suscepistis,
2880 1024 2932 1071 et
2961 1017 3045 1072 cui
3077 1034 3256 1073 curam
3289 1020 3407 1090 ejus
3436 1024 3607 1079 vestri

2010 1104 2131 1162 loco
2186 1104 2581 1176 disponendam
2629 1104 2976 1161 commisistis
3033 1107 3249 1177 quando
3278 1124 3374 1165 vos
3402 1111 3491 1182 qui
3523 1119 3609 1168 ta-

2011 1193 2155 1249 libus
2185 1193 2408 1250 obviare
2465 1193 2738 1250 constituti
2795 1193 2947 1263 estis,
3002 1208 3101 1265 pro
3157 1194 3328 1252 nihilo
3374 1206 3483 1254 tam
3514 1199 3609 1257 diu

2011 1297 2186 1354 regno
2233 1282 2289 1337 in
2345 1297 2454 1353 quo
2501 1287 2823 1338 exercentur
2859 1281 3436 1344 abestis.Considerate
3463 1303 3604 1362 quo-

2012 1387 2138 1443 que,
2168 1369 2213 1425 si
2247 1369 2398 1427 vobis
2452 1369 2633 1441 placet
2683 1369 2731 1425 si
2783 1385 2879 1426 cor
2929 1377 3167 1426 vestrum
3224 1371 3299 1428 ita
3351 1373 3451 1431 soli
3489 1376 3604 1435 Deo

2011 1466 2169 1516 vacat
2203 1466 2257 1515 et
2285 1458 2331 1514 si
2368 1459 2423 1513 in
2455 1465 2601 1514 tanta
2630 1457 2923 1516 securitate
2971 1459 3139 1514 vestri
3164 1460 3280 1531 jam
3311 1475 3607 1522 conserva-

2009 1548 2142 1604 mini
2196 1555 2255 1603 ut
2312 1547 2508 1603 talibus
2538 1546 2841 1604 animarum
2900 1547 3140 1602 miseriis
3194 1548 3300 1604 alia
3324 1550 3607 1623 vigilantia

2009 1636 2447 1693 condescendere
2474 1652 2583 1693 non
2608 1637 2871 1692 debeatis.
2932 1635 3059 1692 Scio
3107 1636 3357 1707 equidem
3387 1647 3440 1696 et
3466 1640 3609 1700 bene

2014 1726 2126 1782 scio
2156 1741 2256 1782 vos
2312 1725 2518 1797 Optime
2575 1725 2713 1780 scire
2779 1724 2913 1798 quid
2944 1724 3087 1797 quod
3120 1725 3312 1794 facitis,
3378 1730 3470 1785 sed
3514 1731 3605 1802 ip-

2014 1831 2134 1870 sum
2164 1814 2307 1870 scire
2341 1822 2581 1869 vestrum
2638 1829 2933 1884 perparum
2989 1813 3214 1885 prodest
3259 1816 3433 1873 nobis.
3465 1819 3608 1876 Fru-

2015 1911 2162 1960 ctum
2192 1903 2391 1958 etenim
2422 1903 2699 1958 communi
2729 1902 2959 1957 utilitate
2987 1918 3053 1958 ex
3084 1910 3191 1957 tam
3221 1903 3475 1963 diuturno
3504 1924 3606 1965 ne-

2012 1992 2164 2064 gotio
2192 1998 2371 2049 vestro
2402 1990 2607 2046 nullum
2638 1990 2814 2046 adhuc
2844 1991 3140 2061 procedere
3159 1992 3407 2051 videmus
3431 2015 3443 2061 ;
3465 1997 3610 2055 mala

2018 2089 2196 2136 autem
2254 2080 2422 2135 solius
2471 2079 2632 2135 vestri
2654 2079 2937 2135 occasione
2966 2079 3019 2134 in
3051 2080 3294 2136 Ecclesia
3325 2089 3376 2137 et
3403 2085 3608 2156 populo

2016 2167 2117 2223 Dei
2147 2167 2388 2237 undique
2455 2182 2797 2223 succrescere
2828 2166 2976 2221 omni
3024 2166 3113 2221 die
3141 2169 3522 2239 conspicimus.
3579 2195 3603 2222 ιι

2090 2255 2157 2311 Et
2211 2256 2333 2312 haec
2387 2255 2609 2328 quidem
2641 2254 2733 2311 ille
2760 2254 2845 2312 vir
2873 2262 2952 2310 tot
2978 2254 3124 2310 mala
3151 2272 3350 2312 exosus
3378 2258 3608 2332 scripsit,

2013 2348 2304 2400 autumans
2332 2344 2646 2401 Anselmum
2678 2359 2787 2399 non
2834 2343 2938 2398 nisi
2976 2343 3197 2415 propria
3223 2346 3502 2405 voluntate
3539 2349 3611 2405 ab

2012 2432 2260 2506 ingressu
2289 2432 2505 2505 Anglice
2534 2432 2824 2488 nemorari.
2858 2431 2967 2487 Sed
3002 2447 3192 2490 revera
3219 2449 3314 2489 rex
3352 2435 3611 2494 Henricus

2014 2521 2164 2577 nullo
2195 2537 2319 2577 eum
2349 2528 2512 2592 pacto
2552 2519 2771 2592 ingredi
2798 2519 3120 2591 patiebatur,
3153 2520 3256 2576 nisi
3285 2524 3605 2596 postposita,

2013 2618 2073 2665 ut
2100 2625 2267 2681 supra
2323 2609 2701 2677 meminimus,
2744 2608 3023 2664 obdientia
3049 2624 3234 2681 papae,
3265 2610 3532 2685 episcopis
3559 2621 3612 2671 et

2014 2697 2303 2754 abbatibus
2331 2697 2816 2755 excommunicatis
2848 2698 3295 2754 communicaret.
3356 2702 3611 2760 Attamen

2011 2786 2278 2843 Anselmo
2307 2787 2492 2843 Remis
2521 2786 2847 2843 consistente
2877 2785 3027 2852 (illuc
3055 2786 3199 2842 enim
3231 2787 3448 2845 obnixis
3474 2806 3611 2862 pre-

2014 2875 2168 2931 cibus
2198 2876 2461 2931 antistitis
2490 2881 2542 2931 et
2590 2874 2974 2931 canonicorum
3030 2875 3197 2947 ipsius
3224 2876 3328 2932 loci
3357 2877 3608 2937 devictus

2010 2962 2200 3033 iverat,
2234 2974 2306 3031 et,
2339 2963 2532 3033 majori
2573 2979 2732 3034 quam
2762 2962 2952 3018 litteris
2981 2970 3143 3035 queat
3166 2965 3386 3037 exponi,
3403 2968 3608 3025 honore

2009 3051 2315 3123 festivoque
2343 3067 2569 3109 occursu
2589 3054 2833 3108 omnium
2855 3052 2913 3107 id
2940 3051 3042 3107 loci
3063 3052 3375 3125 degentium
3422 3073 3608 3115 susce-

2008 3149 2154 3212 ptus,
2194 3143 2336 3198 circa
2379 3139 2695 3212 pontiﬁcem
2732 3141 3012 3196 Manassen
3053 3157 3255 3215 magna
3282 3150 3337 3200 et
3373 3144 3611 3204 ofﬁciosa

2008 3232 2269 3289 charitate
2299 3230 2567 3299 detentus,
2617 3245 2716 3302 per
2757 3228 2941 3301 plures
2986 3229 3102 3285 dies
3154 3229 3235 3285 ibi
3272 3233 3609 3307 morabatur)

2008 3318 2153 3375 misit
2172 3318 2221 3373 ei
2241 3317 2525 3390 epistolam
2563 3332 2729 3373 unam
2770 3317 2917 3373 idem
2936 3332 3052 3387 rex,
3094 3334 3257 3390 quam
3299 3335 3426 3379 ecce
3468 3340 3606 3396 sup-

2002 3424 2279 3479 ponimus.
2578 3448 2592 3457 .

2081 3518 2103 3546 (ι
2129 3495 2605 3553 Reverendissimo
2641 3498 2696 3551 et
2741 3493 3112 3551 amantissimo
3156 3495 3300 3554 Patri
3320 3498 3607 3573 Ancelmo,

2010 3585 2380 3641 Cantuariensi
2433 3583 2859 3656 archiepiscopo,
2908 3583 3206 3655 Henricus,
3256 3587 3356 3644 Dei
3410 3591 3605 3663 gratia,

2005 3690 2103 3730 rex
2142 3674 2465 3748 Anglorum,
2523 3672 2751 3729 salutem
2797 3680 2850 3729 et
2899 3671 3063 3729 totius
3105 3673 3265 3731 bonae
3318 3676 3606 3737 voluntatis

2006 3762 2278 3819 aﬂ‘ectum.

2076 3851 2418 3909 Venerabilis
2464 3852 2638 3920 Pater,
2692 3866 2801 3907 non
2837 3850 2933 3907 tibi
2989 3850 3273 3923 displiceat
3317 3856 3462 3927 quod
3508 3872 3598 3915 eo-

2001 3956 2124 3996 rum
2143 3939 2264 4008 iter,
2297 3954 2442 4011 quos
2468 3940 2699 3996 Romam
2727 3939 2798 3995 ad
2827 3938 3105 4012 negotium
3133 3957 3315 3998 meum
3337 3959 3601 4019 peragen~

2005 4028 2130 4084 dum
2184 4028 2419 4101 dirigere
2461 4027 2700 4096 decrevi,
2745 4026 2932 4083 tandiu
2963 4028 3207 4084 detinuit.
3247 4029 3406 4100 Quod
3447 4048 3598 4105 mox,

2002 4124 2061 4171 ut
2080 4116 2433 4172 Willhelmus
2462 4116 2531 4171 de
2558 4115 2887 4171 Warelwast
2921 4116 2993 4171 ad
3022 4124 3075 4173 te
3092 4121 3417 4189 pervenerit,
3441 4137 3601 4192 quem

2003 4204 2073 4259 ad
2103 4206 2206 4260 hoc
2249 4205 2537 4275 negotium
2586 4203 2962 4275 peragendum
2994 4245 3010 4272 ,
3060 4206 3198 4261 sicut
3224 4207 3600 4281 decrevimus,

2002 4294 2233 4348 Romam
2254 4292 2453 4365 dirigo,
2479 4291 2575 4346 tibi
2600 4292 2877 4362 expediet.
2921 4291 2997 4348 Te
3034 4294 3259 4365 supplex
3287 4296 3456 4369 igitur
3499 4299 3604 4356 de-

2002 4397 2199 4453 precor
2220 4417 2236 4445 ,
2257 4388 2311 4436 et
2330 4382 2559 4436 devotus
2588 4394 2774 4448 exoro,
2796 4379 2872 4434 uti
2903 4395 3022 4436 cum
3052 4381 3249 4438 eodem
3279 4384 3601 4444 Willhelmo

288 4452 672 4510 subversores.
748 4449 830 4505 De
867 4444 1083 4505 clericis
1112 4444 1242 4517 quid
1286 4444 1489 4512 dicam,
1540 4443 1631 4512 qui
1680 4441 1896 4498 circiter

2014 4441 2329 4525 Ralduinum
2378 4470 2446 4525 de
2476 4470 2711 4525 Tornaio
2740 4441 2969 4524 Romam
3013 4469 3218 4542 dirigas
3264 4473 3330 4527 ad
3364 4441 3607 4532 nostram

294 4556 484 4599 omnes
515 4538 745 4597 revoluti
773 4544 895 4593 sunt
915 4535 980 4591 ad
1012 4533 1349 4605 iniquitatem
1377 4531 1663 4602 pristinam
1692 4531 1721 4584 ‘I
1751 4528 1895 4598 Quid

291 4629 358 4687 de
388 4628 591 4685 laicis?
640 4626 748 4699 Ipsi
806 4626 1027 4698 quippe,
1087 4622 1186 4678 sed
1213 4620 1489 4692 principes
1517 4616 1771 4686 maxime,
1803 4618 1890 4673 vix

288 4717 390 4774 nisi
452 4733 522 4774 ex
550 4714 772 4788 propria
827 4711 1110 4785 parentela
1165 4708 1431 4781 conjuges
1468 4707 1568 4762 sibi
1600 4706 1890 4778 accipiunt,

286 4807 433 4864 clam
461 4806 814 4876 desponsant,
848 4801 1209 4872 desponsatas
1263 4805 1451 4853 contra
1505 4796 1683 4867 legem
1713 4795 1889 4850 eccle-

283 4894 563 4952 siasticam
591 4893 825 4949 scienter
849 4897 1036 4947 tenent
1090 4896 1143 4945 et
1194 4886 1297 4942 sibi
1326 4884 1644 4942 defendunt.
1674 4883 1757 4938 De
1781 4883 1890 4938 So-

277 4983 499 5043 domitis
547 4997 700 5053 vero,
759 4994 894 5052 quos
947 4979 1067 5050 ipse
1122 4976 1178 5032 in
1206 4990 1409 5047 magno
1439 4972 1673 5029 concilio
1703 4984 1875 5043 usque

287 5075 355 5130 ad
387 5070 767 5146 paenitentiam
816 5076 872 5125 et
916 5065 1320 5124 confessionem
1351 5059 1887 5128 excommunicastis,

275 5169 328 5218 et
360 5160 432 5217 de
488 5157 716 5226 crinitis,
747 5170 886 5229 quos
913 5155 971 5211 in
1000 5151 1245 5210 Paschali
1299 5148 1648 5221 postmodum
1694 5146 1890 5203 solem-

278 5248 448 5306 nitate
506 5245 809 5320 pontiﬁcali
865 5244 1007 5301 stola
1057 5239 1340 5298 redimitus
1396 5252 1582 5294 coram
1634 5234 1890 5292 universo

274 5335 479 5412 pepulo
513 5352 545 5393 a
574 5334 853 5391 liminibus
881 5339 1083 5389 sanctae
1103 5327 1370 5385 Ecclesiae
1398 5324 1726 5392 removistis,
1759 5322 1889 5395 quid

281 5426 594 5495 dicendum,
625 5439 772 5493 cum,
829 5430 889 5478 ut
942 5419 1233 5488 deberetis,
1291 5431 1400 5473 non
1442 5412 1758 5483 subvenitis,
1788 5426 1890 5470 nec

283 5515 370 5573 vel
399 5530 545 5571 unus
573 5514 629 5569 in
650 5519 761 5570 toto
778 5525 953 5585 regno
981 5509 1196 5574 existat,
1221 5505 1314 5578 qui
1342 5506 1461 5562 hinc
1479 5510 1534 5560 et
1561 5500 1669 5558 alia
1695 5500 1883 5569 multa,

282 5604 397 5664 Deo
424 5611 483 5662 et
510 5602 662 5660 omni
686 5615 848 5662 servo
879 5599 977 5657 Dei
1004 5596 1299 5666 contraria,
1335 5594 1451 5652 vice
1478 5599 1664 5651 nostra
1692 5605 1885 5663 repre-

2002 4575 2117 4614 rem
2141 4557 2498 4625 tractandam,
2530 4565 2582 4612 et
2603 4558 2719 4612 Deo
2747 4556 2964 4612 volente
3003 4556 3315 4615 ﬁniendam.
3377 4560 3528 4619 Vale.
3574 4588 3598 4615 υ

2071 4647 2151 4700 Ad
2172 4647 2314 4703 hanc
2346 4646 2559 4717 scripsit
2587 4644 2871 4701 Anselmus
2900 4644 3188 4715 epistolam
3218 4647 3368 4705 hanc
3399 4669 3411 4705 :

2078 4784 2099 4812 α
2135 4761 2246 4817 Suo
2276 4761 2597 4817 charissima
2616 4759 2838 4815 domino
2860 4759 3090 4817 Henrico
3110 4761 3348 4833 glorioso
3358 4765 3475 4836 regi
3496 4771 3600 4824 An-

1998 4851 2239 4923 glorum,
2270 4849 2567 4904 Anselmus
2598 4847 3035 4920 archiepiscopus
3081 4849 3403 4925 Cantuariae,
3443 4854 3604 4914 ﬁdele

1996 4938 2274 4997 servitium
2302 4953 2421 4993 cum
2443 4935 2800 4994 orationibus.

2075 5074 2098 5102 «
2143 5050 2303 5120 Quod
2341 5057 2527 5108 vestra
2555 5047 2874 5121 magnitudo
2897 5064 2985 5105 me
3026 5048 3083 5107 in
3111 5053 3222 5111 suis
3268 5056 3463 5115 litteris
3491 5062 3601 5117 tam

1996 5138 2294 5197 honorifice
2323 5147 2471 5195 tanto
2506 5138 2667 5194 honre
2713 5136 3006 5194 voluntatis
3070 5141 3264 5200 aﬂ'ectu
3325 5148 3599 5219 salutatat,

1994 5228 2203 5303 gratias
2222 5243 2451 5300 magnas
2481 5242 2607 5300 ago,
2656 5224 2799 5281 sicut
2836 5223 3030 5283 debeo.
3075 5228 3239 5299 Quod
3278 5243 3460 5292 autem
3489 5245 3600 5294 tam

1997 5316 2317 5389 suppliciter
2336 5332 2424 5373 me
2452 5313 2663 5390 rogatis
2705 5320 2767 5368 ut
2809 5328 2920 5369 non
2946 5316 3080 5372 mihi
3118 5319 3410 5392 displiceat
3455 5324 3599 5396 quod

1997 5407 2210 5480 legatus
2247 5412 2426 5463 vester
2477 5406 2707 5464 Romam
2754 5408 3048 5467 mittendus
3092 5416 3303 5467 tantum
3339 5421 3596 5483 moratur,

1995 5496 2184 5567 utique
2212 5502 2451 5551 vestram
2471 5508 2712 5567 precem,
2735 5506 2996 5568 quantum
3016 5498 3072 5553 in
3090 5514 3181 5555 me
3225 5507 3324 5570 est,
3345 5509 3595 5559 contem-

1996 5600 2129 5644 nere
2158 5600 2266 5643 non
2312 5585 2505 5658 debeo,
2557 5586 2654 5645 sed
2700 5602 2863 5645 causa
2918 5587 3099 5662 magis
3148 5588 3251 5647 Dei
3290 5598 3377 5650 est
3427 5605 3595 5666 quam
