4044 6074
497 249 600 303 455

1496 235 1812 294 EADMERI
1852 231 2414 293 CANTUARIENSIS
2454 233 2770 294 MONACHI

3699 245 3802 298 456

498 382 621 425 mea
652 385 664 431 ;
689 366 833 423 unde
855 363 1016 421 corde
1045 361 1190 420 ﬁdeli
1219 371 1271 420 et
1299 363 1536 434 benigno
1567 362 1746 416 animo
1775 358 1934 413 vobis
1964 358 2086 414 dico
2114 363 2170 425 Α
2201 377 2379 416 meum
2408 378 2530 417 cum
2576 363 2692 433 ejus
2739 361 2917 435 legato
2965 361 3179 420 mittere
3220 366 3493 436 volebam,
3555 386 3620 424 ne
3674 371 3802 426 mihi

498 457 644 530 quod
665 465 842 511 tacere
861 469 966 509 non
997 451 1188 507 debeo.
1222 451 1352 505 Mihi
1384 450 1604 521 quidem
1637 448 1842 518 aliquid
1901 445 2098 516 displi-

500 561 641 613 cere,
667 544 771 600 nisi
801 558 922 598 cum
955 547 1177 611 propter
1206 540 1377 594 Deum
1410 539 1688 607 displicet,
1718 552 1829 591 non
1860 543 1940 590 est
1977 550 2098 589 ma-

501 651 694 709 gnum,
716 631 814 687 sed
867 628 1152 698 displicere
1208 628 1321 682 Deo
1374 626 1597 699 aliquid,
1652 625 1966 679 nullatenus
2023 632 2102 678 est

498 719 976 781 contemnendum.
1016 717 1212 785 Utique
1240 731 1350 772 non
1407 731 1598 787 parum
1659 713 1906 782 displicet
1986 712 2100 766 Deo

498 812 810 882 episcopum
842 805 1068 875 spoliari
1098 804 1262 859 rebus
1308 804 1435 870 suis,
1468 802 1614 875 quod
1638 803 1750 870 jam
1796 800 1970 872 gratia
2001 798 2101 854 Dei

497 900 656 956 vobis
686 896 986 966 inspirante
1026 893 1337 949 correxistis
1369 907 1383 962 ;
1417 892 1511 946 sed
1563 891 1878 962 episcOpum
1908 904 2099 959 segre-

492 987 611 1060 gari
640 1003 672 1041 a
699 999 797 1040 suo
827 981 1004 1038 oﬁicio
1046 990 1094 1036 et
1123 981 1422 1036 Ecclesiam
1455 996 1486 1034 a
1521 995 1618 1034 suo
1659 977 1942 1047 episcOpo,
1983 975 2100 1030 sine

496 1090 656 1132 causa
690 1087 859 1145 quam
909 1071 1054 1124 Deus
1099 1069 1384 1139 approbet,
1445 1066 1604 1121 nimis
1655 1081 1821 1137 grave
1869 1063 2094 1133 judicat.

488 1161 726 1233 Expedit
753 1161 936 1232 itaque
963 1158 1165 1212 animae
1195 1165 1387 1212 vestrae
1416 1164 1679 1226 quatenus
1733 1152 1992 1224 satagatis
2039 1167 2098 1222 ut

491 1267 619 1324 ego,
649 1249 1038 1322 qualiscunque
1078 1246 1176 1299 sim
1220 1245 1529 1315 episcopus,
1586 1241 1876 1308 Ecclesiae,
1925 1254 2091 1311 quam

489 1341 635 1397 Deus
657 1337 823 1410 regiae
853 1340 1046 1392 vestrae
1075 1333 1322 1406 potestati
1351 1331 1761 1388 custodiendam
1808 1343 2093 1385 commen-

487 1428 658 1496 davit,
689 1434 742 1482 et
770 1439 941 1496 regno
970 1430 1151 1478 vestro
1172 1423 1227 1476 in
1257 1436 1393 1492 pace
1424 1429 1603 1476 vestra
1649 1417 1878 1475 celerius
1935 1416 2094 1471 resti-

483 1525 623 1582 tuar,
659 1523 712 1571 et
742 1513 873 1569 mihi
899 1511 1282 1582 opportunitas
1336 1509 1521 1565 utendi
1560 1507 1861 1564 secundum
1909 1504 2094 1576 possi-

484 1607 746 1666 bilitatem
788 1616 984 1666 meam,
1043 1599 1220 1655 cilicio
1279 1614 1378 1670 pro
1425 1612 1534 1670 quo
1586 1596 1659 1650 ibi
1709 1595 1918 1666 positus
1974 1609 2093 1648 sum

2211 450 2498 521 displiceat
2517 451 2642 520 quia
2671 468 2799 505 suus
2843 458 3048 506 tantum
3102 463 3361 523 moratur,
3417 457 3621 513 nullum
3671 460 3802 516 mihi

2210 540 2546 594 constituens
2575 539 2859 594 terminum
2884 541 3102 612 quando
3161 553 3412 598 venturus
3466 553 3570 600 est.
3650 548 3805 603 Unde

2209 627 2428 698 quidam
2451 627 2736 698 opinantur
2765 637 2816 682 et
2845 629 3029 683 dicunt
3065 633 3210 702 quod
3269 648 3361 686 rex
3414 649 3521 688 non
3579 635 3803 690 multum

2210 724 2362 770 Curat
2391 716 2650 771 festinare
2671 725 2728 771 ut
2757 733 2862 790 ego
2893 719 3112 773 redeam
3145 720 3198 773 in
3225 721 3503 792 Angliam,
3532 731 3585 777 et
3606 725 3801 780 Eccle-

2209 805 2289 858 sia
2319 804 2439 870 Dei,
2473 821 2629 877 quam
2664 807 2805 860 Deus
2835 806 2908 860 illi
2942 807 3362 863 custodiendam
3379 812 3798 882 commendavit,

2209 909 2328 964 quae
2352 893 2465 963 jam
2500 895 2612 948 fere
2631 910 2730 964 per
2758 903 2867 950 tres
2893 910 3063 950 annos
3089 897 3333 952 desolata
3385 908 3486 968 est,
3519 916 3618 955 suo
3674 901 3800 957 vivo

2206 988 2431 1050 pastore
2451 983 2567 1052 ejus
2591 982 2763 1037 reditu
2794 991 2844 1039 et
2906 985 3192 1054 prmsentia
3230 987 3556 1053 consoletur,
3614 998 3666 1044 et
3696 1005 3799 1060 pro

2207 1069 2435 1124 consilio
2461 1070 2654 1126 animae
2685 1087 2819 1138 sum,
2871 1088 2977 1143 quo
3032 1073 3123 1127 diu
3178 1074 3389 1144 privata
3447 1080 3552 1143 est,
3584 1077 3638 1132 in
3697 1079 3804 1133 illis

2208 1158 2297 1227 qui
2319 1158 2423 1214 hoc
2450 1167 2633 1213 amant
2663 1167 2716 1214 et
2756 1160 3068 1214 desiderant
3110 1161 3423 1218 laetiﬁcetur.
3465 1163 3806 1238 Quapmpter

2206 1240 2328 1296 dico
2355 1241 2508 1297 vobis
2537 1244 2662 1312 quia
2685 1243 2843 1298 valde
2874 1243 3037 1299 timeo
3059 1261 3125 1299 ne
3154 1246 3272 1316 ipse
3299 1263 3463 1318 super
3512 1265 3571 1303 se
3600 1266 3802 1320 provo-

2205 1337 2293 1384 cet
2321 1329 2456 1384 iram
2481 1331 2600 1397 Dei,
2632 1338 2685 1385 et
2715 1346 2880 1400 super
2907 1347 3004 1386 eos
3048 1349 3280 1403 quorum
3338 1334 3566 1392 consilio
3623 1338 3803 1397 diﬂ‘ert

2205 1423 2315 1473 tam
2346 1420 2666 1475 necessariae
2684 1421 2780 1486 rei,
2815 1430 2924 1475 tam
2952 1423 3254 1478 rationabili
3286 1439 3624 1493 succurrere,
3676 1443 3800 1484 cum

2204 1505 2273 1560 ad
2303 1507 2453 1562 illum
2484 1510 2586 1564 hoc
2614 1508 2884 1578 pertineat
2913 1517 2965 1564 et
2991 1508 3167 1566 facere
3207 1513 3354 1581 posit
3395 1521 3451 1568 ut
3482 1516 3613 1569 nihil
3665 1533 3798 1586 per-

2203 1593 2294 1648 dat
2327 1595 2392 1649 de
2424 1595 2491 1651 iis
2525 1613 2645 1666 quae
2674 1598 2970 1652 secundum
3014 1599 3186 1654 Deum
3243 1601 3310 1654 ad
3365 1603 3570 1674 regiam
3627 1607 3798 1675 perti-

484 1695 685 1753 diutius
707 1707 815 1747 non
843 1688 1186 1760 impediatur.
1221 1686 1388 1743 Valde
1431 1701 1647 1757 quoque
1695 1684 1827 1738 mihi
1885 1683 2084 1737 timen-
2113 1721 2166 1781 B
2201 1690 2329 1737 nent
2384 1692 2726 1756 potestatem.
2788 1686 2936 1743 Sicut
2993 1689 3222 1756 amicus,
3286 1699 3339 1744 et
3413 1693 3550 1746 sicut
3622 1697 3802 1751 archi-

481 1787 611 1842 dum
648 1789 726 1839 est
754 1796 823 1836 ne
853 1780 965 1834 Deo
983 1776 1267 1848 displiceat
1299 1783 1449 1830 etme
1466 1773 1756 1829 dominnus
1778 1787 1918 1843 papa
1936 1772 2084 1840 juste

479 1870 857 1945 reprehendat,
891 1866 1040 1938 quia,
1072 1873 1359 1936 postquam
1390 1879 1488 1918 vos
1515 1867 1568 1918 et
1599 1878 1705 1934 ego
1737 1860 1896 1915 simul
1940 1875 2076 1914 con-

482 1962 726 2019 venimus
755 1957 899 2029 apud
921 1962 1178 2018 castrum,
1213 1951 1356 2022 quod
1376 1959 1602 2007 vocatur
1631 1948 1858 2019 Aquila,
1891 1947 1944 2001 in
1978 1956 2084 2000 tam

478 2052 649 2122 longo
673 2057 912 2117 tempore
942 2059 1050 2098 non
1081 2043 1156 2096 illi
1202 2042 1321 2096 misi
1381 2041 1617 2111 legatum
1667 2047 1940 2104 nostrum,
1993 2051 2090 2106 per

482 2154 642 2211 quem
672 2135 798 2207 quid
847 2133 915 2187 de
945 2139 1092 2187 tanta
1131 2146 1188 2186 re
1240 2130 1380 2184 inter
1408 2145 1507 2184 nos
1559 2128 1769 2221 factum
1819 2133 1873 2180 et
1937 2125 2087 2221 “quid

483 2224 854 2301 peragendum
885 2221 951 2275 sit
980 2225 1352 2290 cognosceret,
1382 2225 1430 2272 et
1489 2231 1593 2288 ego
1624 2215 1743 2285 ejus
1800 2211 2085 2268 consilium

484 2323 538 2372 et
579 2313 887 2384 jussionem
945 2310 1273 2377 acciperem.
1325 2305 1670 2376 QuaprOpter
1722 2302 2086 2372 periculosum

484 2413 569 2466 est
615 2401 752 2460 mihi
799 2399 893 2454 diu
945 2403 1260 2466 exspectare
1309 2404 1542 2450 vestrum
1599 2393 1861 2463 legatum,
1928 2406 2087 2463 quem

476 2505 604 2554 ante
631 2490 936 2565 proximam
966 2486 1312 2541 Nativitatem
1345 2483 1588 2550 Domini,
1638 2482 1776 2535 sicut
1816 2480 1870 2534 in
1897 2479 2080 2534 verbis

475 2584 670 2643 vestris
697 2577 956 2644 intellexi,
989 2576 1218 2630 Romam
1262 2572 1565 2627 rediturum
1623 2569 1857 2640 speravi,
1926 2583 2074 2638 prae-

480 2671 662 2729 sertim
693 2683 815 2724 cum
847 2664 1030 2720 nescio
1060 2677 1166 2734 quo
1195 2659 1424 2716 consilio
1477 2673 1654 2729 quave
1700 2659 1913 2712 ratione
1966 2655 2083 2710 nul-

475 2762 588 2818 lum
620 2756 906 2813 terminum
936 2751 1102 2806 modo
1123 2749 1251 2804 mihi
1273 2747 1623 2804 constituitis.
1662 2744 1931 2813 Quoniam
1964 2743 2075 2814 igi-

476 2858 564 2906 tur
592 2848 712 2919 plus
740 2842 871 2899 mihi
901 2840 1064 2896 debet
1091 2853 1210 2894 esse
1241 2838 1308 2892 de
1339 2839 1443 2892 hoc
1487 2834 1632 2907 quod
1663 2849 1769 2907 ego
1819 2833 2076 2889 Ecclesiae

475 2936 608 2994 mihi
639 2931 944 2990 commissae
976 2942 1217 3000 praesens
1245 2940 1364 2981 esse
1403 2939 1614 2996 nequeo
1665 2939 1823 2995 quam
1874 2921 1942 2976 de
1973 2921 2080 2976 ulla

475 3036 689 3083 terrena
719 3018 1080 3093 possessione,
1112 3031 1306 3088 precor
1335 3022 1392 3068 ut
1421 3012 1554 3068 mihi
1597 3013 1832 3084 aliquem
1876 3010 2070 3083 proxi-

2196 1772 2503 1844 episcopus,
2537 1774 2925 1846 qualiscunque
2970 1776 3092 1843 sim,
3125 1777 3346 1832 consulo
3377 1779 3454 1834 illi
3501 1789 3550 1834 et
3599 1781 3665 1837 iis
3708 1786 3798 1854 qui

2196 1860 2513 1916 circaillum
2556 1872 2698 1931 sunt,
2734 1872 2788 1917 ut
2845 1879 2952 1918 non
3007 1864 3127 1934 plus
3182 1867 3432 1921 studeant
3485 1870 3798 1928 satisfacere

2195 1949 2459 2004 voluntati
2489 1967 2599 2006 suae
2625 1969 2797 2022 quam-
2826 1953 3085 2007 voluntati
3143 1955 3261 2021 Dei,
3312 1956 3438 2024 quia
3496 1959 3638 2012 Deus
3689 1963 3796 2015 ali-

2196 2038 2416 2108 quando
2443 2039 2740 2095 satisfaciet
2777 2042 3034 2095 voluntati
3080 2059 3192 2097 suae
3229 2052 3414 2098 contra
3469 2047 3796 2104 voluntatem

2191 2126 2415 2182 illorum
2447 2129 2535 2198 qui
2567 2130 2668 2184 hoc
2697 2129 2915 2184 faciunt.
2950 2132 3230 2186 Consulite
3261 2147 3396 2203 ergo
3428 2133 3502 2187 illi
3533 2143 3587 2189 et
3609 2138 3792 2204 vobis,

2195 2215 2506 2287 priusquam
2531 2218 2678 2271 Deus
2708 2218 2958 2272 ostendat
3006 2219 3141 2272 iram
3201 2236 3354 2275 suam
3411 2239 3572 2293 quam
3616 2226 3796 2282 adhuc

2194 2304 2495 2372 suspendit,
2536 2311 2864 2374 exspectans
2903 2313 2960 2360 ut
2978 2307 3340 2363 humiliemini
3360 2311 3430 2364 ad
3459 2313 3792 2368 voluntatem

2192 2406 2364 2446 suam.
2401 2393 2544 2446 Deus
2565 2393 2769 2464 dirigat
2790 2409 2911 2448 eum
2935 2403 2988 2448 et
3033 2397 3372 2453 consiliarios
3410 2401 3529 2469 ejus
3585 2402 3656 2456 ad
3707 2418 3796 2458 ve-

2191 2495 2310 2534 rum
2333 2482 2619 2549 honorem,
2652 2491 2706 2537 et
2733 2483 2804 2536 ad
2824 2499 3004 2538 veram
3028 2485 3306 2540 utilitatem
3329 2489 3462 2557 ejus.
3496 2513 3517 2536 ιι

2262 2569 2392 2625 Haec
2450 2571 2648 2626 idcirco
2706 2571 2780 2625 ita
2823 2571 3180 2627 describimus
3226 2583 3280 2628 ut
3337 2577 3643 2648 quicunque
3685 2580 3791 2635 ista

2190 2655 2322 2728 legit
2365 2658 2456 2714 vel
2490 2659 2636 2713 audit
2674 2659 2834 2728 plane
2882 2660 3149 2733 intelligat
3194 2662 3280 2717 cui
3330 2664 3494 2730 mala,
3563 2683 3683 2736 quae
3729 2669 3785 2722 in

2189 2747 2386 2818 Anglia
2450 2748 2728 2802 exsulante
2775 2749 3029 2805 Anselmo
3105 2751 3241 2806 facta
3309 2761 3450 2820 sunt,
3501 2770 3786 2813 moramve

2189 2837 2368 2891 exsilii
2394 2838 2514 2907 ejus
2543 2837 2887 2908 potissimum
2919 2839 3191 2895 ascribere
3223 2841 3438 2897 debeat.

2261 2926 2446 2995 Itaque
2477 2927 2702 2997 posthac
2730 2926 2876 2981 missi
2907 2935 3030 2982 sunt
3071 2928 3317 2996 Romam,
3361 2946 3432 2985 ex
3464 2939 3612 3001 parte
3651 2933 3779 3004 qui-

2187 3014 2314 3068 dem
2361 3014 2623 3081 Anselmi,
2692 3014 3002 3070 Baldwinus
3054 3019 3389 3087 monachus,
3457 3020 3540 3074 vir
3593 3021 3782 3093 utique

474 3074 964 3173 mu-m'wterrminum
1043 3074 1334 3160 nominatis
1400 3117 1497 3174 per
1576 3074 1788 3157 litteras
1862 3108 2069 3155 vestras
2095 3074 2145 3138 Ο
2176 3109 2374 3156 sanctae
2403 3101 2665 3156 libertatis
2693 3102 2956 3158 Ecclesiae
2985 3107 3041 3158 et
3081 3106 3260 3159 omnis
3321 3105 3451 3162 boni
3497 3124 3602 3162 non
3624 3074 3782 3165 ticius

473 3200 689 3277 quando
720 3196 924 3272 possim
952 3195 1194 3266 legatum
1212 3199 1451 3249 vestrum
1481 3191 1710 3246 Romam
1740 3189 1944 3245 iturum
1977 3204 2077 3243 ex-

469 3297 735 3366 spectare,
767 3285 894 3359 quia
923 3299 1027 3355 ego
1056 3297 1168 3339 non
1215 3280 1390 3337 audeo
1446 3278 1682 3346 differre,
1741 3286 1799 3335 ut
1846 3279 2070 3334 multum

466 3380 667 3446 dicam,
715 3376 858 3432 ultra
909 3372 1213 3445 proximam
1254 3369 1604 3428 Nativitatem
1636 3366 1873 3436 Domini,
1935 3368 2070 3439 quin

472 3483 656 3526 meum
671 3465 915 3538 legatum
945 3461 1176 3517 mittam.
1213 3482 1236 3507 ι

536 3554 769 3626 Scripsit
795 3566 1014 3624 quoque
1056 3565 1200 3619 saepe
1255 3554 1561 3604 memorato
1615 3547 1851 3604 Roberto
1892 3547 2075 3603 comiti

465 3647 537 3703 de
565 3645 822 3700 Mellento
853 3649 980 3695 tunc
1007 3637 1268 3709 temporis
1297 3636 1352 3691 in
1400 3638 1545 3692 hunc
1597 3636 1836 3702 modum,
1884 3645 2070 3708 utpote

463 3735 541 3791 illi
571 3734 725 3803 cujus
743 3728 969 3785 consilio
999 3733 1195 3783 cuncta
1241 3724 1459 3798 negotia
1506 3741 1604 3780 sua
1651 3741 1744 3780 rex
1791 3725 1909 3797 ipse
1952 3727 2071 3782 dis-

543 3821 726 3876 nebaL

507 3837 726 3878 oneoau

466 3840 504 3896 Ρ
537 3933 560 3960 α
592 3907 874 3964 Anselmus
901 3901 1360 3973 archiepiscopus,
1391 3899 1612 3956 domino
1644 3911 1700 3957 et
1730 3901 1923 3958 amico
1953 3902 2069 3959 Ro-

459 4000 616 4056 berto
643 3995 826 4054 comiti
856 3993 924 4048 de
946 3991 1222 4056 Mellento,
1247 3990 1497 4046 salutem.

536 4113 558 4136 α
594 4087 705 4143 Vos
731 4084 882 4140 scitis
910 4080 1286 4154 quia,quando
1317 4095 1416 4134 rex
1445 4085 1499 4134 et
1562 4095 1669 4152 ego
1711 4078 2068 4136 convenimus

458 4176 605 4251 apud
623 4182 855 4232 castrum
887 4169 1113 4241 Aquilae,
1147 4168 1350 4223 dictum
1380 4167 1487 4222 fuit
1519 4168 1662 4238 quod
1698 4185 1795 4222 rex
1826 4170 2066 4224 mitteret

456 4273 697 4341 legatum
721 4277 879 4318 suum
911 4260 1136 4314 Romam
1168 4271 1264 4327 pro
1293 4256 1364 4311 iis
1391 4257 1443 4310 in
1492 4257 1686 4326 quibus
1724 4257 2060 4313 concordare

456 4372 568 4414 non
595 4361 907 4426 poteramus
936 4349 1042 4404 nisi
1071 4363 1169 4420 per
1192 4346 1470 4402 dominum
1508 4362 1726 4417 papam.
1770 4346 1926 4414 Quod
1972 4346 2059 4400 in-

2178 3197 2427 3258 amator;
2486 3197 2539 3245 et
2583 3205 2650 3244 ex
2688 3191 2866 3263 regis,
2931 3191 3278 3248 Willhelmus
3327 3210 3473 3264 saepe
3522 3198 3783 3267 superius

2177 3286 2522 3348 memoratus,
2545 3293 2645 3350 pro
2675 3278 2918 3335 libertate
2949 3280 3209 3337 Ecclesiae
3229 3282 3365 3337 sicut
3417 3283 3626 3341 solebat
3679 3301 3780 3342 acp

2178 3374 2347 3422 turus.
2381 3368 2528 3436 Quas
2575 3382 2701 3424 vero
2741 3377 3039 3440 quantasve
3089 3371 3474 3440 Oppressiones
3494 3372 3634 3429 inter
3654 3375 3777 3430 haec

2176 3461 2283 3510 tota
2331 3455 2525 3529 Anglia
2588 3471 2850 3527 oppressa
2887 3457 2974 3526 sit,
3009 3456 3224 3513 diﬁicile
3276 3460 3420 3516 dictu
3461 3477 3584 3517 esse
3629 3465 3772 3521 scio.

2174 3543 2289 3599 Rex
2337 3543 2480 3600 enim
2520 3545 2636 3616 ipse
2667 3545 3114 3602 aNortbmannia
3153 3546 3454 3620 digressus,
3479 3549 3601 3620 quia
3647 3567 3771 3607 eam

2176 3641 2345 3688 totam
2403 3648 2468 3689 eo
2517 3648 2624 3704 quo
2681 3633 3076 3705 supradiximus
3130 3636 3295 3692 modo
3331 3636 3434 3691 sibi
3472 3639 3774 3712 subjugare

2174 3721 2513 3791 nequiverat,
2569 3737 2820 3778 reversus
2860 3723 2915 3777 in
2951 3723 3207 3795 Angliam
3259 3733 3360 3792 est,
3400 3729 3771 3798 utc0piosiori

2173 3810 2396 3880 pecunia
2423 3811 2593 3865 fretus
2633 3812 2868 3877 rediens,
2895 3812 3038 3884 quod
3078 3813 3352 3868 residuum
3391 3824 3526 3882 erat,
3577 3819 3769 3872 exliae-

2174 3899 2368 3954 redato
2393 3898 2554 3954 fratre
2576 3915 2696 3964 suo,
2730 3899 2834 3954 sibi
2881 3901 3201 3970 subjiceret.
3230 3903 3290 3956 In
3311 3905 3465 3973 cujus
3523 3906 3770 3975 pecuniae

2171 3987 2489 4044 collectione
2522 3988 2703 4043 nullus
2735 3989 2790 4042 in
2822 3988 3204 4045 collectoribus
3232 3991 3448 4061 pietatis
3477 4002 3568 4048 aut
3588 3993 3766 4049 mise-

2169 4077 2421 4133 ricordiae
2479 4085 2761 4147 respectus
2822 4077 2925 4132 fuit
2973 4079 3067 4132 sed
3098 4080 3331 4134 crudelis
3352 4081 3560 4136 exactio
3602 4097 3770 4154 super

2177 4181 2392 4225 omnes.
2437 4173 2494 4220 ut
2524 4166 2684 4220 nobis
2733 4165 2823 4238 qui
2892 4166 3015 4222 inde
3081 4168 3374 4224 veniebant
3420 4170 3768 4228 testabantur

2169 4254 2414 4310 desaevit.
2440 4255 2688 4325 Denique
2736 4255 2972 4323 videres,
3016 4255 3152 4310 sicut
3181 4256 3362 4312 aibant
3389 4273 3489 4313 eos
3535 4259 3756 4330 quidem

2169 4343 2259 4412 qui
2289 4357 2396 4398 non
2428 4341 2707 4398 habebant
2737 4343 2867 4414 quid
2917 4344 3126 4411 darent,
3170 4353 3262 4399 aut
3308 4359 3341 4400 a
3371 4347 3485 4401 suis
3512 4346 3752 4403 domun-

456 4443 640 4502 tellexi
670 4449 728 4497 ut
758 4442 830 4496 ita
858 4437 1009 4494 ﬁeret
1053 4444 1317 4507 quatenus
1373 4443 1499 4490 ante
1538 4434 1848 4504 proximam
1898 4434 2058 4488 Nati-
2087 4427 2140 4486 D
2165 4432 2301 4486 culis
2331 4431 2478 4503 pelli,
2521 4441 2613 4488 aut
2643 4431 2849 4486 avulsis
2912 4431 3304 4503 asportatisque
3372 4435 3525 4490 ostiis
3551 4434 3754 4492 domo-

456 4534 682 4592 vitatem
714 4527 934 4586 Domini
966 4525 1177 4598 legatus
1207 4523 1428 4579 rediret.
1476 4521 1682 4578 Videtis
1711 4531 1889 4576 autem
1921 4523 2049 4594 quia

451 4620 708 4678 dominus
735 4631 891 4673 meus
918 4630 1014 4670 rex
1030 4615 1132 4670 hoc
1161 4612 1308 4683 quod
1338 4619 1464 4667 tunc
1506 4610 1645 4664 dixit
1700 4609 1884 4667 facere
1921 4627 2046 4667 mo-

448 4716 622 4768 ratur.
680 4705 788 4762 Sed
843 4705 947 4760 hoc
988 4701 1166 4758 solum
1223 4701 1448 4757 mandat
1488 4699 1618 4754 mihi
1675 4699 1764 4771 qui
1796 4699 2039 4772 legatum

2156 4538 2274 4576 rum
2309 4523 2384 4592 (ιι)
2433 4521 2651 4592 penitus
2700 4520 3034 4591 diripiendos
3057 4520 3272 4591 exponi,
3318 4530 3408 4576 aut
3435 4523 3617 4579 ablata
3656 4525 3750 4580 vili

2153 4609 2570 4682 supellectilein
2607 4625 2872 4665 summam
2905 4609 3190 4680 penuriam
3235 4609 3429 4684 redigi,
3470 4619 3560 4667 aut
3602 4621 3750 4670 certe

2155 4699 2278 4756 aliis
2299 4698 2692 4755 miserabilibus
2707 4697 2901 4754 modus
2922 4697 3085 4771 afﬂigi
3110 4707 3161 4755 et
3191 4700 3438 4756 cruciari.
3474 4700 3546 4772 (b)
3569 4701 3630 4756 In
3652 4717 3748 4759 eos

1739 4983 2165 5045 HENSCHENII
2205 4985 2432 5045 ΝΟΤιΕ.

519 5203 602 5275 (α)
622 5200 810 5277 Simile
839 5197 968 5271 quid
999 5197 1129 5277 olim
1149 5197 1204 5277 i_n
1235 5187 1422 5277 Relgio
1468 5194 1780 5277 uSurpatum
1821 5193 2048 5277 testatur

481 5267 686 5332 raas'ens
711 5267 886 5328 adhuc
914 5286 1042 5324 usus
1063 5271 1117 5324 in
1156 5267 1434 5322 foederatis
1479 5267 1800 5337 provinciis,
1844 5274 1903 5320 ut
1952 5267 2042 5334 qui

445 5337 702 5403 indictam
733 5341 1021 5408 publicitus
1044 5337 1505 5394 contributionem
1552 5337 1900 5408 pecuniarum
1935 5351 2042 5390 non

444 5418 627 5476 statim
671 5408 913 5478 exhibet,
943 5410 1132 5466 saltem
1171 5408 1430 5479 monitus,
1471 5408 1592 5479 ejus
1620 5409 1816 5464 ostium
1839 5424 1889 5479 7a
1925 5421 2041 5463 car-

434 5487 654 5546 dinibus
666 5484 937 5554 revulsum
961 5480 1292 5554 apparitores
1309 5478 1578 5554 auferant,
1602 5493 1709 5540 nec
1746 5478 1853 5537 nisi
1875 5493 2041 5554 pecu.

431 5560 531 5622 nia
551 5557 639 5618 vel
658 5553 910 5615 cautione
927 5549 1174 5624 praestita
1209 5549 1542 5609 rutituatur.

2226 5195 2297 5265 (b)
2328 5193 2387 5248 Id
2408 5202 2524 5269 est,
2542 5194 2766 5269 crimina
2787 5190 3049 5262 enormia,
3073 5204 3127 5251 et
3145 5197 3297 5269 quasi
3311 5195 3446 5269 foris
3471 5212 3569 5269 eu
3588 5205 3744 5255 extra

2153 5280 2369 5339 omnem
2397 5265 2657 5336 justitiam
2678 5274 2765 5321 aut
2793 5265 3195 5339 excusationem
3218 5268 3378 5324 facta.
3403 5267 3576 5324 Gallis
3615 5271 3741 5339 for-

2151 5337 2392 5408 faitr:de
2421 5352 2535 5408 qua
2555 5351 2692 5393 voce
2711 5344 2766 5392 et
2803 5337 3126 5408 quibusdam
3169 5339 3294 5395 hinc
3339 5339 3514 5395 ductis
3569 5337 3740 5397 multa

2151 5406 2578 5477 Spelmannusin
2595 5406 2892 5474 Glossario,
2929 5416 2978 5463 et
3012 5409 3102 5462 alii

2145 5479 2412 5556 rationem
2440 5478 2885 5556 nullusattingit.
2911 5479 3030 5556 Mox
3076 5478 3214 5556 intra
3260 5481 3456 5536 dicitur
3497 5478 3736 5556 foris/a-

2143 5553 2332 5622 ctura,
2351 5549 2667 5626 pecuniaria
2691 5549 2863 5608 multa
2879 5565 2980 5624 pro
3000 5549 3284 5610 forisfacto
3302 5549 3517 5611 exacta)

3147 5409 3325 5482 plures
3350 5428 3361 5482 ς
3423 5411 3518 5465 sed
3573 5413 3736 5482 etymi
