4044 6074
292 277 397 341 457

1358 269 1687 336 HISTORIA
1719 271 2088 337 NOVORUM.
2138 311 2208 321 -—
2238 272 2375 336 LIB.
2426 281 2519 337 IV.

3500 254 3602 347 iss

291 418 471 466 autem
520 410 613 480 qui
640 406 968 464 videbantur
997 404 1203 478 aliquid
1239 404 1440 461 habere
1467 420 1612 460 nova
1641 413 1692 461 et
1717 421 1888 461 exco-
1914 405 1970 465 A
1999 405 2231 475 epistola
2285 408 2403 482 ipsa
2451 409 2827 468 subscribatur
2868 423 3031 480 quam
3072 408 3124 468 ei
3175 413 3453 470 miserunt.
3502 419 3599 474 Est

289 499 461 574 gitata
516 497 767 569 quaedam
822 495 955 551 foris
1013 495 1175 562 facta,
1244 493 1657 563 objiciebantur,
1710 502 1761 549 et
1815 492 1891 549 sic

290 604 413 642 cum
456 586 715 642 adversus
760 601 947 656 regem
996 591 1150 639 terrae
1188 582 1516 637 defendendi
1548 599 1605 638 se
1635 583 1893 654 placitum

289 676 499 750 ingredi
531 691 638 732 non
682 675 976 740 audebant,
1010 672 1206 728 ablatis
1250 672 1410 727 rebus
1437 671 1550 727 suis
1582 675 1634 726 in
1665 687 1893 744 gravem

286 781 591 821 aerumnam
622 763 1036 833 dejiciebantur.
1062 762 1171 818 Sed
1202 763 1320 817 haec
1348 761 1420 815 ab
1448 761 1722 833 aliquibus
1749 760 1894 816 levia

286 855 431 910 dictu
481 853 726 910 fortassis
775 851 1201 919 aestimabuntur,
1235 866 1299 906 eo
1340 850 1485 922 quod
1528 849 1628 905 ista
1659 866 1766 905 non
1797 866 1895 905 so-

286 943 401 1000 lum
448 943 552 998 sub
598 958 729 1014 rege
770 942 1021 1009 Henrico,
1058 940 1156 995 sed
1186 945 1241 996 et
1267 942 1465 995 horum
1494 938 1695 994 similia
1726 939 1897 994 multa

289 1032 433 1088 facta
484 1032 703 1087 fuerunt
749 1029 848 1085 sub
888 1030 1053 1085 fratre
1091 1028 1209 1099 ejus
1255 1036 1319 1085 ut
1358 1027 1425 1083 de
1472 1035 1627 1097 patre
1666 1034 1896 1112 taceam,

286 1136 423 1195 rege
449 1119 791 1177 Willhelmo.
840 1121 1093 1175 Attamen
1123 1117 1226 1173 ista
1255 1116 1363 1172 illis
1387 1117 1641 1190 graviora
1669 1125 1723 1173 et
1751 1117 1898 1173 into-

288 1209 602 1265 lerabiliora
647 1208 765 1263 visa
815 1215 958 1275 sunt,
1009 1206 1267 1278 quoniam
1308 1205 1479 1261 multo
1525 1205 1704 1261 minus
1741 1204 1900 1261 solito

289 1298 437 1370 quod
474 1298 590 1369 jam
637 1296 888 1368 spoliatis
930 1303 984 1351 et
1013 1294 1293 1351 exhaustis
1324 1294 1624 1349 auferretur
1650 1293 1898 1350 invenie-

286 1387 467 1443 batur.
533 1385 618 1441 Ad
654 1386 794 1441 haec.
845 1385 904 1440 In
958 1384 1190 1441 concilio
1238 1383 1603 1439 Lundoniensi
1662 1383 1899 1439 societas

287 1475 599 1544 mulierum,
659 1483 717 1529 ut
768 1473 824 1528 in
880 1473 1256 1544 superioribus
1319 1471 1574 1540 diximus,
1644 1471 1898 1527 omnibus

284 1564 614 1637 presbyteris
643 1571 695 1619 et
724 1562 1003 1619 canonicis
1047 1561 1266 1634 Anglice
1313 1560 1600 1617 interdicta
1640 1568 1772 1629 erat,
1804 1560 1895 1631 ip-

286 1669 517 1726 sumque
575 1651 947 1720 interdictum,
998 1650 1254 1706 Anselmo
1306 1648 1612 1718 exsulante,
1671 1648 1897 1704 retentis

2002 494 2167 566 igitur
2195 495 2315 554 haec
2349 516 2362 553 :

2078 604 2101 634 ι
2156 584 2300 640 Patri
2348 587 2697 645 dilectissimo
2747 588 3022 646 Anselmo.
3086 589 3454 651 Gantuariensi
3513 612 3601 653 ar-

2002 673 2373 747 chiepiscopo,
2425 677 2694 733 Gcrardus
2751 679 3115 736 Eboracensis
3144 682 3600 758 archiepiscopus,

2003 768 2055 816 et
2106 762 2370 818 Roberlus
2419 766 2741 831 Cestrencis,
2802 775 2856 822 et
2900 768 3165 826 Hebertus
3217 771 3601 845 Norwicensis,

2004 856 2054 904 et
2080 850 2397 921 Radulphus
2428 853 2801 923 Cieestrensis,
2861 863 2913 911 et
2944 855 3170 913 Samson
3202 859 3604 932 Wigorniensis

2005 938 2272 1008 episc0pi,
2303 948 2355 998 et
2400 942 2730 999 Wilhelmus
2757 942 3154 1002 Wintoniensis
3182 945 3410 1019 electus,
3450 950 3604 1008 salu-

2009 1037 2136 1086 tem.

2083 1143 2105 1168 υ
2158 1118 2519 1176 Sustinuimus
2574 1134 2787 1192 pacem,
2845 1130 2898 1177 et
2926 1121 3045 1192 ipsa
3099 1122 3316 1197 longius
3367 1130 3607 1198 recessit,

2010 1208 2362 1281 quaesivimus
2408 1208 2572 1277 bona,
2618 1217 2670 1264 et
2715 1208 2935 1265 invaluit
2981 1210 3238 1269 turbatio.
3313 1214 3427 1272 Via:
3466 1216 3609 1275 Sion

2010 1299 2203 1370 lugent
2235 1299 2464 1369 (Thren.
2488 1312 2526 1363 ι,
2540 1296 2593 1366 4,
2618 1296 2745 1369 quia
2767 1314 2860 1352 eas
2877 1300 3195 1356 conculcant
3218 1301 3600 1362 incircumcisi.

2006 1385 2290 1456 Templum
2336 1392 2548 1454 maeret,
2594 1385 2721 1456 quia
2778 1385 2915 1441 intra
2970 1388 3168 1444 Sancta
3211 1400 3517 1448 sanctorum
3558 1404 3613 1451 et

2006 1473 2075 1530 ad
2127 1474 2300 1546 ipsam
2349 1490 2500 1528 aram
2548 1473 2859 1545 irruperunt
2913 1474 3055 1532 laici.
3085 1477 3352 1551 Exsurge,
3384 1488 3439 1537 ut
3477 1483 3608 1539 olim

2005 1578 2167 1619 senex
2199 1562 2289 1618 ille
2317 1561 2640 1618 Mathathias
2670 1563 2716 1633 (1
2744 1564 2915 1620 Much.
2955 1580 3016 1633 η,
3044 1568 3118 1637 1).
3164 1567 3346 1625 Habes
3392 1570 3449 1624 in
3486 1569 3614 1628 ﬁliis

2007 1652 2116 1708 tuis
2144 1651 2389 1708 virtutem
2434 1650 2610 1719 Judae,
2653 1652 3021 1709 strenuitatem
3062 1654 3327 1725 Jonathse,
3368 1660 3611 1730 pruden-

288 1742 376 1799 vel
424 1749 570 1798 certe
611 1741 905 1811 resumptis
952 1738 1290 1808 mulieribus,
1323 1753 1355 1793 a
1411 1737 1658 1809 pluribus
1708 1753 1895 1793 eorum
1925 1755 1979 1818 Β
2009 1740 2137 1796 tiam
2192 1740 2431 1796 Simonis
2490 1739 2826 1811 (ibid.,3-5).
2885 1741 2950 1795 Hi
3010 1751 3187 1798 tecum
3228 1746 3619 1815 praeliabuntnr

288 1830 552 1887 violatum
582 1828 773 1884 fuerat.
806 1829 921 1884 Hoc
951 1843 1084 1900 ergo
1128 1833 1409 1899 peccatum
1449 1820 1545 1882 rex
1574 1824 1897 1896 impunitum

289 1936 410 1977 esse
440 1935 549 1975 non
580 1918 875 1987 sustinens,
907 1933 1035 1972 suos
1076 1916 1349 1971 ministros
1396 1931 1491 1970 eos
1540 1914 1896 1985 implacitare,

287 2019 342 2065 et
370 2008 628 2081 pecunias
656 2022 845 2062 eorum
875 2022 975 2077 pro
1004 2006 1166 2076 hujus
1193 2004 1398 2075 peccati
1421 2004 1731 2074 expiatione
1760 2019 1898 2073 pras-

290 2098 438 2169 cepit
460 2096 735 2167 accipere.
769 2094 876 2151 Sed
905 2094 997 2149 ubi
1015 2093 1302 2165 perplures
1323 2108 1505 2150 eorum
1526 2093 1595 2147 ab
1611 2093 1704 2148 illa
1726 2102 1899 2148 trans-

286 2186 594 2261 gresssione
645 2192 769 2240 sunt
815 2183 1085 2239 immunes
1112 2183 1330 2253 reperti,
1374 2181 1626 2253 pecunia,
1658 2198 1780 2252 qua}
1829 2182 1897 2236 ad

287 2291 426 2346 opus
452 2273 719 2346 principis
748 2272 1114 2345 quaerebatur,
1136 2272 1402 2327 minorem
1425 2287 1588 2343 quam
1619 2279 1898 2327 exactores

286 2380 509 2436 sperare
538 2370 784 2436 poterant
832 2361 1045 2434 copiam
1087 2359 1519 2416 administrabat.
1552 2357 1898 2431 Quapropter

285 2461 515 2521 mutata,
548 2452 659 2508 imo
688 2467 856 2523 super
885 2451 1206 2507 innocentes
1245 2465 1371 2505 cum
1401 2448 1722 2504 nocentibus
1766 2464 1896 2503 sen-

288 2543 454 2599 tentia
499 2555 679 2609 versa,
713 2555 907 2596 omnes
944 2539 1206 2595 Ecclesiae
1236 2553 1357 2608 quae
1397 2536 1690 2607 parochias
1719 2536 1896 2592 habe-

286 2632 418 2687 bant
446 2629 548 2686 sub
579 2628 761 2684 debito
807 2627 999 2698 positae
1033 2634 1179 2695 sunt,
1211 2629 1266 2681 et
1295 2641 1657 2697 unaquaeque,
1688 2624 1894 2681 indicta

282 2719 531 2794 pecuniae
573 2716 890 2787 quantitate,
936 2732 1036 2786 per
1078 2730 1372 2786 personam
1421 2730 1541 2786 quae
1584 2713 1638 2768 in
1675 2729 1740 2770 ea
1780 2714 1895 2770 Deo

286 2808 557 2865 serviebat
600 2805 795 2862 redimi
830 2805 987 2876 jussa
1045 2812 1143 2861 est.
1185 2804 1317 2859 Erat
1346 2818 1481 2875 ergo
1512 2801 1786 2857 miseriam
1819 2799 1894 2857 vi-

285 2899 441 2954 dere.
478 2897 615 2951 Cum
649 2894 793 2951 enim
825 2892 1123 2949 exactionis
1152 2892 1307 2948 istius
1330 2898 1625 2963 tempestas
1644 2889 1892 2957 ferveret,

286 2996 341 3044 et
367 2982 637 3051 nonnulli,
680 2981 811 3056 quid
855 2980 941 3038 vel
989 2982 1181 3037 darent
1226 2996 1332 3036 non
1369 2978 1632 3035 habentes
1659 2978 1745 3033 vel
1777 2993 1895 3033 rem

287 3075 587 3132 inauditam
617 3071 883 3128 exsecrati
915 3070 1047 3125 nihil
1111 3086 1214 3141 pro
1270 3069 1357 3125 tali
1414 3082 1577 3124 causa
1615 3067 1745 3122 dare
1790 3081 1895 3124 vo-

284 3164 478 3232 lentes,
550 3160 944 3219 contumeliose
998 3166 1332 3231 raperentur,
1401 3157 1884 3224 incarcerarentur,

285 3253 681 3319 cruciarentur,
713 3248 942 3321 contigit
981 3263 1167 3321 regem
1212 3246 1390 3318 ipsum
1422 3245 1761 3301 Lundoniam
1792 3259 1892 3299 ve-

285 3341 419 3396 nire.
470 3338 699 3396 Adunati
744 3353 900 3410 ergo,
949 3344 1007 3391 ut
1056 3336 1269 3403 dicitur,
1302 3334 1475 3390 ferme
1516 3333 1736 3389 ducenti
1765 3348 1891 3411 pre-

283 3429 505 3503 sbyteri,
546 3426 718 3483 induti
764 3425 903 3481 albis
928 3432 980 3481 et
1010 3423 1437 3480 sacerdotalibus
1466 3422 1640 3488 stolis,
1671 3412 1789 3493 regi
1821 3420 1891 3475 ad

280 3519 543 3591 palatium
597 3532 755 3571 suum
798 3514 948 3571 eunti
1006 3514 1163 3568 nudis
1225 3512 1460 3583 pedibus
1522 3515 1889 3576 occurrerunt,

280 3625 388 3665 una
416 3622 553 3665 voce
599 3603 840 3661 misereri
882 3603 1253 3673 implorantes.
1297 3602 1365 3656 At
1400 3599 1493 3655 ille
1524 3599 1686 3669 forte,
1718 3596 1880 3664 utﬁt,

282 3697 351 3753 ad
380 3696 552 3752 multa
581 3693 808 3761 divisus,
840 3691 988 3747 nulla
1008 3689 1078 3746 ad
1105 3704 1296 3761 preces
1326 3704 1511 3745 eorum
1542 3686 1889 3742 miseratione

281 3792 558 3858 permotus
585 3786 686 3851 est,
717 3780 803 3838 vel
834 3779 1022 3835 saltem
1055 3778 1248 3850 quavis
1295 3793 1408 3845 eos,
1455 3776 1593 3831 sicut
1640 3774 1889 3831 homines

281 3875 457 3933 omnis
491 3870 776 3944 religionis
807 3876 1079 3941 expertes,
1101 3865 1347 3938 responsi
1376 3867 1655 3921 honestate
1686 3864 1884 3936 digna-

281 3976 387 4033 tus,
419 3962 532 4019 suis
564 3958 844 4017 obtutibus
874 3957 1065 4013 festine
1094 3955 1269 4029 abigit
1302 3953 1568 4025 praecipit.
1602 3952 1704 4022 Qui
1744 3967 1885 4007 con-

280 4055 492 4110 fusione
521 4066 683 4122 super
723 4045 1098 4104 confusionem
1141 4044 1337 4112 induti,
1370 4042 1615 4116 reginam
1661 4040 1882 4107 adeunt,

279 4153 329 4202 et
383 4137 821 4198 interventricem
868 4134 1135 4207 ﬂagitant.
1194 4132 1290 4187 Illa
1344 4139 1401 4186 ut
1448 4130 1631 4199 fertur,
1680 4128 1881 4200 pietate

277 4241 424 4289 mota
470 4230 529 4284 in
574 4227 836 4284 lacrimas
883 4222 1129 4292 solvitur,
1175 4221 1294 4290 sed,
1328 4220 1518 4275 timore
1566 4218 1878 4285 constricta,

275 4320 343 4378 ab
389 4316 786 4375 interventione
841 4317 1072 4368 arcetur.
1133 4308 1463 4366 Ferebantur
1518 4323 1583 4363 eo
1644 4313 1883 4377 tempore

271 4409 430 4480 plura
469 4405 553 4462 his
596 4404 651 4459 in
698 4400 1012 4472 hujusmodi
1062 4414 1164 4470 per
1192 4397 1444 4470 Angliam
1474 4403 1614 4451 acta.
1647 4393 1753 4450 Sed
1786 4406 1885 4449 nos

1925 3115 1974 3180 C

2004 1828 2251 1901 praelium
2282 1828 2522 1897 Domini,
2575 1837 2646 1898 et,
2680 1829 2729 1883 si
2769 1838 2893 1885 ante
2919 1848 3018 1887 nos
3044 1833 3322 1905 appositus
3351 1835 3515 1892 fueris
3543 1836 3613 1894 ad

2005 1925 2185 1990 patres
2214 1926 2354 1987 tuos,
2404 1917 2472 1973 de
2510 1933 2671 1972 manu
2714 1925 2805 1973 tua
2844 1920 3201 1991 suscipiemus
3247 1923 3611 1981 hereditatem

2006 2006 2208 2063 laboris
2253 2006 2348 2061 tui.
2398 2006 2505 2062 Sed
2546 2006 2666 2076 jam
2714 2023 2819 2062 non
2870 2015 2948 2063 est
2999 2009 3092 2063 tibi
3123 2010 3511 2083 pigritandum.
3546 2015 3617 2071 Ut

2007 2095 2137 2168 quid
2195 2094 2337 2150 enim
2387 2095 2773 2167 peregrinaris,
2808 2104 2860 2151 et
2901 2112 3037 2152 oves
3087 2106 3187 2155 tuae
3236 2101 3350 2156 sine
3396 2111 3618 2172 pastore

2004 2192 2233 2253 pereunt
2253 2184 2280 2236 εἰ
2308 2184 2427 2238 Jam
2459 2181 2602 2254 apud
2632 2184 2806 2239 Deum
2855 2185 3005 2241 nulla
3034 2186 3129 2243 tibi
3160 2199 3405 2245 remanet
3434 2206 3609 2248 excu-

2005 2274 2165 2328 satio.
2199 2273 2273 2327 Te
2322 2271 2469 2328 enim
2514 2288 2623 2329 non
2670 2272 2847 2329 solum
2894 2275 3166 2346 subsequi,
3201 2276 3295 2333 sed
3325 2286 3378 2335 et
3401 2280 3612 2351 praeire,

2005 2360 2051 2415 si
2097 2361 2347 2432 jusseris,
2376 2361 2552 2433 parati
2606 2379 2814 2417 sumus.
2856 2362 2994 2418 Veni
3048 2381 3182 2437 ergo
3236 2366 3305 2422 ad
3335 2383 3458 2437 nos,
3490 2370 3612 2426 veni

2003 2449 2131 2516 cito,
2164 2450 2249 2505 vel
2279 2466 2378 2506 nos
2407 2459 2500 2506 aut
2528 2466 2595 2506 ex
2629 2450 2787 2506 nobis
2817 2451 3029 2524 aliquos
3058 2452 3127 2507 ad
3168 2459 3219 2509 te
3247 2454 3430 2512 venire
3458 2457 3611 2528 jube,

2007 2553 2073 2593 ne
2123 2538 2254 2594 dum
2296 2538 2521 2609 sejuncti
2564 2547 2675 2594 ate
2717 2556 2900 2595 samus
2942 2542 2999 2595 in
3027 2540 3298 2600 sinistram
3328 2552 3378 2600 te
3405 2554 3615 2617 partem

2004 2626 2266 2683 inclinent
2295 2644 2482 2684 eorum
2512 2627 2737 2684 consilia
2770 2628 2859 2699 qui
2889 2645 2983 2684 sua
3014 2639 3281 2701 quaerunt.
3323 2633 3435 2689 Nos
3463 2635 3610 2690 enim

1997 2714 2115 2785 jam
2145 2716 2201 2771 in
2226 2717 2325 2774 hac
2353 2732 2517 2773 causa
2550 2732 2657 2771 non
2687 2732 2807 2787 quae
2837 2725 3046 2786 nostra,
3080 2718 3175 2775 sed
3206 2736 3328 2793 quae
3366 2722 3464 2778 Dei
3494 2732 3615 2780 sunt

2002 2819 2311 2873 quammus.
2343 2829 2364 2854 υ

2071 2895 2413 2964 Rescriptum
2442 2894 2682 2951 Anselmi
2713 2894 2781 2951 ad
2811 2911 2904 2952 eos
2938 2914 2951 2951 :

2077 3003 2099 3028 α
2145 2979 2432 3035 Anselmus
2476 2979 2921 3050 archiepiscopus
2965 2980 3388 3053 Cantuariensis,
3420 2984 3615 3044 amicis

2002 3068 2113 3123 suis
2140 3074 2191 3125 et
2243 3066 2585 3140 coepiscOpis
2634 3082 2863 3138 quorum
2913 3068 3122 3125 litteras
3163 3072 3427 3143 suscepit,
3461 3074 3613 3130 salu-

2006 3164 2134 3213 tem.

2077 3269 2098 3293 u
2146 3243 2423 3301 Condoleo
2480 3250 2537 3300 et
2593 3254 2774 3301 mente
2820 3247 3124 3318 compatior
3180 3248 3616 3308 tribulationibus

2003 3350 2135 3405 quas
2165 3350 2263 3390 vos
2292 3342 2345 3389 et
2385 3332 2627 3389 Ecclesia
2657 3334 2875 3407 Anglia:
2906 3335 3195 3404 sustinetis,
3228 3337 3325 3393 sed
3364 3339 3434 3393 ad
3462 3357 3612 3410 prm-

2001 3438 2143 3491 sens,
2194 3421 2493 3487 secundum
2533 3438 2711 3477 meam
2754 3430 2807 3478 et
2835 3430 3070 3479 vestram
3106 3423 3451 3496 voluntatem,
3475 3426 3613 3483 sub-

2002 3511 2189 3566 venire
2219 3526 2451 3582 nequeo,
2485 3510 2611 3581 quia
2645 3510 2887 3567 nondum
2916 3511 3068 3584 quid,
3101 3514 3152 3568 et
3185 3521 3445 3583 quantum
3472 3530 3611 3572 con-

2002 3598 2171 3655 ﬁdere
2198 3597 2405 3670 possim
2436 3614 2553 3654 sum
2586 3606 2779 3669 certus,
2812 3599 2985 3656 donec
3013 3616 3114 3672 per
3135 3599 3346 3674 legatos
3372 3610 3606 3674 nostros,

2002 3703 2137 3759 quos
2182 3688 2235 3742 in
2284 3686 2564 3758 proximos
2611 3688 2784 3744 Roma
2832 3688 3099 3745 redituros
3150 3698 3426 3762 exspecto,
3468 3692 3604 3764 quid

1999 3776 2143 3848 apud
2176 3776 2455 3833 dominum
2495 3791 2693 3848 papam
2724 3775 2999 3834 eli‘ecerint
3022 3793 3375 3850 cognoscam.
3399 3780 3605 3838 Bonum

2000 3874 2176 3921 tamen
2217 3873 2301 3922 est
2346 3873 2398 3922 et
2443 3874 2657 3939 gratum
2699 3865 2830 3923 mihi
2860 3867 2987 3937 quia
3020 3867 3236 3924 tandem
3267 3869 3596 3942 cognoscitis

1994 3953 2063 4009 ad
2110 3954 2239 4025 quid
2284 3970 2384 4011 vos
2430 3954 2702 4024 perduxit,
2730 3962 2787 4010 ut
2827 3956 3010 4011 mitius
3037 3956 3237 4025 dicam,
3291 3967 3468 4014 vestra
3496 3976 3602 4032 pa-

1997 4041 2203 4111 tientia,
2235 4050 2287 4097 et
2327 4042 2455 4114 quia
2495 4042 2807 4112 promittitis
2852 4044 2983 4099 mihi
3031 4046 3293 4100 auxilium
3340 4047 3600 4104 vestrumi

1994 4146 2100 4187 non
2131 4131 2185 4185 in
2214 4147 2357 4196 mea,
2388 4130 2485 4185 sed
2527 4130 2581 4184 in
2622 4130 2720 4185 Dei
2762 4146 2945 4197 causa,
2983 4139 3036 4188 et
3068 4131 3310 4189 invitatis
3357 4150 3445 4190 me
3492 4150 3600 4192 non

1993 4219 2224 4292 pigriter
2250 4217 2435 4274 venire
2466 4216 2533 4273 ad
2563 4233 2678 4273 vos.
2708 4216 2969 4288 Quamvis
3004 4221 3149 4275 enim
3179 4219 3285 4277 hoc
3312 4222 3478 4279 modo
3510 4224 3598 4280 fa-

1992 4323 2112 4363 cere
2142 4323 2250 4363 non
2278 4309 2505 4378 possim,
2532 4305 2624 4379 qui
2654 4322 2748 4361 rex
2777 4321 2887 4363 non
2917 4306 3028 4363 vult
3058 4324 3146 4364 me
3177 4324 3295 4366 esse
3322 4309 3378 4365 in
3397 4310 3599 4386 Anglia

1992 4396 2189 4466 adhuc,
2229 4395 2333 4451 nisi
2364 4394 2671 4452 discordem
2701 4410 2732 4449 a
2754 4394 2994 4465 iussione
3020 4411 3179 4469 papa
3216 4406 3270 4454 et
3306 4398 3426 4470 ejus
3456 4415 3594 4457 con-

270 4468 525 4554 brevitati
567 4468 867 4559 studentes,
898 4468 1082 4560 pauca
1120 4502 1244 4560 qua
1283 4468 1432 4540 dicta
1468 4492 1597 4539 sunt
1634 4499 1734 4554 pro
1783 4481 1871 4537 in-
1897 4468 1955 4533 D
1986 4484 2204 4540 cordem
2253 4483 2530 4553 voluntati,
2563 4491 2616 4540 et
2647 4500 2764 4556 'ego
2810 4484 3051 4540 nondum
3093 4468 3271 4542 certus
3313 4468 3413 4542 sim
3460 4488 3594 4562 quid

269 4585 512 4643 tentione
561 4579 850 4653 praesentis
907 4575 1158 4649 opusculi
1215 4572 1465 4632 sufﬁcere
1509 4587 1671 4644 posse
1712 4579 1877 4643 puta-

270 4691 411 4731 mus.

335 4764 599 4819 Attamen
626 4753 919 4813 dicendum
948 4752 1093 4826 quod
1123 4767 1189 4809 eo
1218 4766 1391 4823 usque
1421 4749 1568 4805 mala
1596 4763 1760 4819 super
1775 4748 1882 4801 An-

271 4848 437 4924 gliam
468 4847 602 4918 ipsis
628 4844 826 4901 diebus
852 4842 1251 4899 inundaverunt
1280 4847 1335 4894 ut
1363 4838 1469 4909 ipsi
1501 4831 1879 4924 episcopi,qui

273 4922 491 5010 semper
533 4935 843 4990 libertatem
886 4927 1145 4988 Ecclesiae
1190 4934 1246 4985 et
1286 4927 1601 4983 Anselmum
1630 4922 1880 4981 eamdem

272 5027 583 5083 libertatem
611 5022 902 5079 sublevare
932 5018 1175 5090 tuerique
1201 5017 1481 5085 nitentem,
1510 5023 1569 5070 ut
1597 5028 1666 5070 ex
1703 5027 1881 5085 supe-

272 5113 508 5172 rioribus
564 5110 795 5183 intelligi
850 5115 1048 5180 potest,
1107 5122 1232 5164 cum
1286 5104 1535 5179 principe
1579 5100 1883 5174 deprimere

269 5203 374 5259 nisi
403 5208 557 5269 sunt,
586 5206 867 5255 tantorum
896 5196 1169 5252 malorum
1199 5192 1565 5249 immensitate
1594 5187 1882 5260 compulsi,

268 5291 531 5349 mandata
557 5287 816 5344 Anselmo
847 5300 974 5343 cum
1018 5279 1251 5357 epistola
1281 5279 1602 5353 dirigerent,
1639 5286 1691 5335 et
1720 5293 1882 5349 opem

272 5376 661 5438 subventionis
689 5376 813 5447 ejus
856 5373 1092 5446 praponi
1130 5372 1509 5443 deposcerent,
1539 5383 1705 5441 seque
1732 5366 1885 5423 illum

269 5467 480 5527 amodo
524 5472 803 5524 secuturos
849 5465 906 5519 in
947 5461 1052 5520 Dei
1081 5461 1262 5527 rebus,
1295 5466 1353 5514 ut
1383 5459 1618 5527 Patrem,
1649 5456 1883 5528 promit-

267 5566 470 5617 terent.
508 5555 619 5613 Sed
666 5556 804 5623 haec,
853 5559 909 5608 ut
964 5552 1183 5624 opinor,
1231 5548 1444 5605 medius
1489 5545 1791 5621 liquebunt,
1835 5544 1880 5602 si

485 5708 734 5769 Panos.
772 5704 1011 5765 CLIX»

1984 4574 2208 4646 possim,
2255 4573 2392 4629 sicut
2438 4572 2571 4642 dixi,
2602 4581 2784 4629 tamen
2830 4573 3045 4646 gaudeo
3086 4590 3190 4645 pro
3235 4584 3419 4634 vestra
3447 4578 3594 4635 bona

1986 4662 2283 4730 voluntate,
2315 4669 2368 4717 et
2386 4661 2682 4732 episcopali
2714 4662 3011 4718 constantia
3044 4678 3207 4734 quam
3255 4667 3590 4737 promittitis,

1988 4755 2044 4807 et
2072 4749 2441 4806 exhortatione
2484 4766 2646 4822 quam
2677 4750 2809 4804 mihi
2839 4749 3030 4807 facitis.
3063 4752 3133 4809 Ut
3168 4762 3352 4811 autem
3382 4756 3596 4829 aliquos

1989 4854 2062 4895 ex
2109 4838 2264 4894 vobis
2310 4838 2381 4893 ad
2427 4853 2515 4894 me
2555 4838 2740 4895 venire
2789 4838 3007 4908 faciam,
3040 4840 3178 4899 sicut
3222 4843 3469 4916 poscitis,
3501 4862 3592 4915 ne,

1989 4929 2116 4984 dum
2164 4926 2391 4998 sejuncti
2437 4942 2622 4982 sumus
2669 4927 2742 4982 ab
2779 4927 3039 4998 invicem,
3072 4940 3379 5002 pervertant
3405 4936 3596 4992 consi-

1988 5016 2121 5072 lium
2152 5032 2332 5072 meum
2360 5014 2450 5087 qui
2472 5031 2573 5071 sua
2592 5022 2867 5084 quaerunt,
2897 5017 2969 5072 ad
3000 5034 3236 5089 praesens
3262 5038 3371 5079 non
3400 5024 3597 5097 opinor

1990 5113 2258 5178 oportere.
2287 5102 2460 5175 Spero
2497 5102 2629 5158 inim
2678 5103 2735 5159 in
2764 5104 2882 5160 Deo
2911 5106 3039 5176 quia
3066 5107 3249 5165 nullus
3292 5127 3388 5170 cor
3413 5130 3597 5171 meum

1991 5210 2023 5250 a
2054 5193 2303 5264 veritate,
2338 5192 2392 5246 in
2422 5200 2681 5265 quantum
2712 5208 3063 5266 cognoscam,
3095 5198 3295 5268 poterit
3330 5211 3595 5272 avertere,

1991 5290 2044 5338 et
2085 5282 2212 5354 quia
2257 5281 2311 5335 in
2358 5280 2605 5352 proximo
2658 5281 2806 5338 Deus
2848 5281 2984 5338 mihi
3037 5285 3168 5355 quid
3214 5285 3394 5345 facere
3434 5307 3597 5361 quem

1992 5369 2257 5437 Ostendet,
2280 5377 2334 5424 et
2362 5384 2468 5442 ego
2493 5384 2656 5440 quam
2685 5368 2847 5427 cirius
2873 5380 3064 5443 potero
3091 5374 3250 5431 vobis
3278 5375 3592 5436 notiﬁcabo.

1993 5458 2137 5530 Quid
2164 5464 2343 5515 autem
2372 5457 2528 5514 vobis
2563 5455 2781 5515 interim
2831 5459 3142 5519 faciendum
3190 5463 3280 5532 sit,
3312 5465 3598 5537 prudentia

1992 5554 2172 5606 vestra
2199 5546 2329 5604 satis
2376 5545 2646 5624 intelligit,
2679 5548 2774 5605 sed
2816 5555 3001 5608 tamen
3045 5551 3168 5610 dico
3214 5552 3340 5628 quia
3381 5569 3511 5631 ego,
3541 5554 3600 5616 in

3248 5702 3316 5764 15
