3996 6084
532 306 639 361 459

1526 291 1843 352 EADMERI
1882 287 2449 349 CANTUARIENSIS
2489 286 2805 348 MONACHI
3723 295 3810 357 460

538 444 801 508 quantum
830 429 1097 504 sperando
1140 426 1195 481 in
1229 426 1341 481 Deo
1372 421 1757 481 conscientiam
1786 432 1965 474 meam
2003 432 2138 471 sen-
2165 416 2221 477 A
2250 434 2371 472 sum
2400 419 2686 489 episcopus
2714 434 2812 489 pro
2857 417 3086 489 spiritali
3132 435 3262 474 cura
3305 434 3461 490 quam
3499 437 3595 492 pro
3625 431 3807 481 terrena

458 572 471 583 .
533 525 630 591 tio,
663 538 763 595 pro
792 516 1118 577 redimenda
1156 516 1261 570 vita
1293 528 1415 568 mea
1460 527 1565 566 non
1602 509 1906 579 praeberem
1943 521 2134 595 assen-

535 594 679 679 sum,
714 625 886 682 neque
919 607 1217 660 ministrum
1249 611 1338 658 aut
1369 608 1734 656 exsecutorem
1757 597 1870 666 ejus
1890 594 2015 648 mali
2048 610 2135 649 me

531 704 764 758 iacerem
818 696 963 767 quod
1020 694 1182 748 audio
1224 691 1437 745 noviter
1494 704 1660 759 super
1716 685 1988 742 Ecclesias
2016 685 2132 737 An-

534 791 662 863 glize
691 783 1054 859 promulgari.
1094 782 1301 836 Valete.
1331 802 1351 828 υ

604 880 749 932 Inter
776 877 892 930 haec
932 872 1135 929 crebris
1179 871 1246 925 de
1291 867 1491 941 Anglia
1537 866 1737 921 nuntiis
1792 865 2129 919 Northman-

529 969 679 1021 niam
726 961 1085 1027 venientibus,
1131 959 1184 1013 id
1235 959 1380 1028 quod
1425 957 1490 1011 de
1546 954 1872 1026 presbyteris
1921 952 2130 1021 Anglia:

524 1071 624 1112 rex
665 1052 901 1109 faciebat
943 1049 1105 1103 nimis
1141 1046 1542 1119 divulgabatur,
1577 1052 1630 1099 et
1666 1059 1776 1098 non
1817 1042 1990 1096 solum
2030 1041 2130 1095 hes

530 1143 620 1215 qui
649 1141 875 1197 infamia
906 1139 1043 1209 ejus,
1066 1152 1251 1194 verum
1284 1144 1337 1190 et
1366 1151 1460 1188 eos
1483 1134 1573 1205 qui
1596 1131 1924 1187 laudeillius
1943 1146 2130 1200 pasce.

528 1233 741 1299 bantur,
775 1230 829 1283 in
859 1227 1043 1284 odium
1090 1234 1143 1280 et
1184 1223 1505 1295 vituperium
1556 1222 1675 1291 ejus
1715 1219 2031 1275 adducebat.
2066 1220 2130 1273 At

524 1319 835 1385 Anselmus,
872 1324 979 1371 tam
1022 1313 1221 1368 malam
1265 1312 1467 1366 famam
1516 1312 1584 1366 de
1628 1325 1756 1380 rege
1801 1324 1909 1364 non
1948 1307 2127 1363 ferens

522 1424 755 1478 eumque
785 1423 816 1461 a
863 1412 1009 1460 tanta
1039 1402 1230 1473 injuria
1259 1417 1510 1458 revocare
1542 1399 1876 1465 desiderans,
1910 1396 2128 1466 scripsit

528 1500 577 1554 ei
624 1498 692 1551 de
741 1494 961 1566 negotio
1005 1490 1171 1548 semel
1210 1498 1262 1545 et
1309 1491 1530 1558 iterum,
1571 1488 1834 1557 totiesque
1876 1484 2123 1556 rCSponsi

524 1588 646 1659 ejus
676 1584 873 1655 scripta
899 1581 1125 1652 recepit.
1159 1578 1291 1648 Quae
1334 1578 1533 1648 scripta
1562 1593 1625 1632 eo
1666 1591 1771 1646 quo
1809 1575 1975 1629 missa
2002 1583 2125 1628 sunt

520 1675 710 1732 ordine
754 1672 941 1727 subter
988 1668 1297 1725 adnotanda
1342 1666 1573 1737 putavit,
1623 1674 1765 1719 ratus
1823 1680 1887 1718 ca
1933 1663 2124 1717 futuris

2243 508 2607 575 possessione.
2662 506 3021 577 Omnipotens
3068 508 3214 562 Deus
3253 509 3332 565 sic
3370 518 3420 564 et
3447 510 3501 564 in
3528 512 3641 580 hoc,
3691 516 3808 570 etin

2241 594 2362 649 aliis
2407 596 2620 651 actibus
2676 594 2867 650 vestris
2896 595 3095 667 dirigat
3133 612 3229 651 cor
3269 605 3501 653 vestrum
3543 603 3805 657 secundum

2240 685 2569 739 voluntatem
2608 701 2781 752 suam,
2825 691 2882 737 ut
2924 692 3049 755 post
3079 686 3217 741 hanc
3256 685 3420 742 vitam
3457 689 3699 757 perducat
3727 708 3807 748 vos

2238 772 2309 825 ad
2338 773 2575 844 gloriam
2606 789 2787 827 suam.
2826 774 3024 828 Amen.
3067 797 3087 820 η

2315 884 2335 909 ‹‹
2369 861 2653 929 Henricus,
2699 861 2797 916 Dei
2835 861 3037 933 gracia,
3080 879 3177 916 rex
3220 863 3536 935 Anglorum,
3582 866 3805 923 Anselmo

2238 951 2645 1022 archiepiscopo
2677 951 3004 1016 Cantuariae,
3037 952 3285 1007 salutem.

2314 1062 2335 1089 ε
2371 1041 2429 1093 In
2459 1039 2549 1094 die
2578 1039 2749 1094 sancti
2780 1040 3015 1112 Grogori
3047 1040 3189 1109 apud
3207 1041 3547 1114 Tenebrigge
3569 1043 3687 1098 mihi
3709 1045 3806 1101 fue-

2234 1135 2359 1182 runt
2386 1128 2581 1184 delatae
2612 1127 2807 1184 littera:
2837 1135 3068 1197 reposta
3094 1128 3146 1182 in
3180 1137 3267 1185 tuo
3297 1130 3495 1202 sigillo.
3529 1132 3590 1186 Et
3617 1148 3705 1204 per
3731 1150 3806 1189 eas

2236 1216 2365 1270 mihi
2398 1216 2665 1271 mandasti
2699 1216 2823 1271 talia
2858 1216 3001 1272 unde
3049 1217 3275 1272 multum
3329 1218 3494 1275 miror
3533 1220 3650 1291 quia
3684 1224 3801 1291 quod

2237 1305 2339 1361 feci
2371 1306 2537 1361 credo
2568 1322 2655 1360 me
2682 1322 2782 1376 per
2820 1314 2870 1361 te
2909 1305 3117 1361 fecisse.
3160 1306 3229 1362 Et
3265 1307 3319 1361 in
3358 1308 3445 1363 die
3484 1309 3806 1366 Ascensionis

2234 1394 2451 1450 Domini
2490 1394 2702 1449 habebo
2742 1410 2931 1450 omnes
2972 1394 3207 1450 barones
3247 1411 3399 1451 meos
3452 1413 3657 1453 mecum
3690 1414 3805 1453 con-

2233 1490 2508 1555 gregatos,
2547 1491 2599 1538 et
2651 1498 2748 1554 per
2776 1483 3057 1539 consilium
3099 1499 3287 1539 eorum
3328 1485 3404 1539 ita
3458 1486 3806 1543 convenienter

2237 1572 2330 1625 tibi
2369 1572 2714 1641 respondebo
2745 1571 2910 1643 quod,
2943 1588 3065 1627 cum
3098 1579 3276 1628 tecum
3304 1573 3515 1645 loquar,
3547 1590 3644 1630 non
3666 1575 3803 1631 credo

2235 1668 2282 1713 te
2326 1676 2413 1714 me
2456 1661 2581 1715 inde
2630 1660 3128 1732 blasphematurnm
3161 1662 3259 1732 (a).
3304 1662 3373 1717 Et
3430 1662 3681 1735 quidquid
3728 1664 3804 1721 ﬁat

518 1761 877 1834 temporibus,
912 1756 1145 1829 exempli
1169 1757 1366 1830 gratia,
1396 1756 1694 1825 profutura,
1718 1753 1760 1807 si
1792 1751 1967 1807 altiori
1997 1768 2121 1806 con-
2149 1773 2203 1833 B
2234 1749 2393 1819 alias,
2425 1749 2558 1803 scito
2615 1749 2759 1819 quod
2818 1750 2913 1816 tui,
2962 1749 3224 1822 quidquid
3283 1750 3388 1820 ipsi
3442 1750 3676 1822 fecerint,
3725 1769 3803 1824 per

509 1852 635 1909 silio
681 1853 825 1906 Deus
860 1865 967 1904 non
1014 1846 1285 1902 sedaverit
1340 1846 1395 1899 in
1438 1858 1606 1916 regno
1649 1843 1947 1914 Anglorum
1992 1857 2113 1913 quas

507 1942 604 1996 sub
636 1939 807 1995 oculis
837 1939 953 2006 ejus
980 1936 1145 1990 hodie
1172 1933 1569 1989 ﬁuntmaxima
1602 1931 1770 1986 mala.
1810 1929 1872 1983 In
1903 1945 2007 2000 quo
2039 1937 2113 1985 ta-

511 2046 636 2085 men
690 2028 760 2083 ab
803 2027 867 2081 iis
914 2026 1003 2095 qui
1054 2024 1154 2078 ista
1187 2024 1372 2094 legunt
1411 2022 1496 2078 vel
1545 2020 1765 2074 audiunt
1790 2020 2016 2088 petitum
2048 2019 2112 2072 iri

521 2126 793 2189 optamus,
827 2131 895 2170 ne
926 2113 1083 2168 nobis
1128 2114 1483 2167 succenseant
1512 2110 1653 2179 quod
1672 2108 1971 2163 scribendis
2000 2108 2111 2177 cpi-

503 2206 656 2262 stolis
702 2212 907 2260 tantum
938 2217 1287 2272 occupamur.
1322 2199 1537 2271 Ncgotii
1574 2198 1739 2265 enim,
1773 2197 1916 2266 quod
1947 2212 2110 2251 manu

502 2310 799 2362 versamus,
833 2292 1087 2365 qumdam
1132 2298 1184 2344 et
1224 2305 1424 2360 magna
1469 2303 1598 2357 pars
1647 2294 1747 2353 est,
1792 2301 1897 2340 noc
1941 2293 2109 2339 totum

501 2383 735 2453 alicujus
764 2382 867 2449 rei,
901 2379 1101 2453 ignotis
1123 2379 1365 2450 partibus
1396 2377 1528 2446 ejus,
1562 2376 1683 2431 sciri
1721 2381 1920 2445 potest.
1953 2374 2108 2445 Ipsa-

499 2489 622 2529 rum
654 2472 820 2543 igitur
849 2468 1201 2540 epistolarum
1236 2474 1410 2521 textus
1439 2466 1526 2520 hic
1553 2473 1633 2520 est
1667 2484 1678 2519 :

576 2584 599 2609 α
628 2559 864 2616 Henrico
895 2572 993 2611 suo
1022 2556 1340 2612 charissimo
1372 2554 1613 2621 domino,
1642 2553 1815 2623 gratia
1846 2552 1968 2621 Dei,
1991 2551 2109 2622 regi

508 2649 823 2721 Anglorum,
855 2646 1142 2701 Auselmus
1191 2643 1631 2713 archiepiscopus
1681 2640 2005 2710 Cantuariar,
2036 2639 2106 2694 ﬁ-

508 2737 661 2793 deles
691 2735 962 2792 orationes
991 2750 1112 2788 cum
1144 2731 1288 2787 ﬁdeli
1317 2731 1557 2787 servitio.

577 2848 599 2873 ιι
639 2824 720 2880 Ad
764 2839 853 2878 me
895 2822 1145 2894 pertinet,
1180 2819 1224 2874 si
1265 2819 1425 2874 audio
1472 2818 1618 2890 quod
1658 2817 1871 2873 faciatis
1900 2817 2105 2888 aliquid

507 2913 653 2985 quod
683 2911 880 2968 animae
908 2917 1101 2966 vestrae
1131 2924 1238 2963 non
1281 2906 1559 2977 eXpediat,
1594 2913 1649 2961 ut
1680 2908 1785 2963 hoc
1813 2907 1969 2962 vobis
1998 2922 2106 2961 non

501 3012 733 3068 taceam,
766 3016 855 3068 ne,
897 2998 1045 3071 quod
1085 3004 1311 3065 avertat,
1359 2997 1504 3051 Deus
1534 2996 1799 3051 irascatur
1835 3003 1889 3050 et
1927 2996 2098 3064 vobis,

498 3092 542 3146 si
574 3089 747 3145 facitis
775 3087 923 3160 quod
953 3085 1030 3141 illi
1060 3101 1169 3141 non
1196 3084 1427 3155 placeat,
1461 3094 1513 3139 et
1556 3084 1685 3138 mihi
1734 3100 1835 3155 pro
1877 3084 2096 3138 tacitur—
2130 3128 2179 3192 Ο

493 3181 660 3235 nitate
698 3193 845 3233 mea.
905 3176 1085 3231 Audio
1133 3173 1278 3246 quod
1321 3182 1499 3229 vestra
1547 3174 1867 3229 excellentia
1920 3174 2100 3229 vindi-

499 3278 641 3324 ctam
682 3273 902 3323 exercet
943 3279 1106 3335 super
1140 3262 1479 3335 presbyteros
1516 3262 1727 3334 Angliae
1758 3270 1810 3318 et
1855 3262 1983 3317 foris
2014 3263 2100 3318 fa-

495 3365 703 3413 cturam
736 3353 904 3427 exigit
932 3353 1000 3409 ab
1030 3352 1108 3409 eis
1139 3353 1228 3422 qui
1256 3355 1363 3407 non
1394 3359 1742 3408 servaverunt
1772 3360 2101 3423 praeceptum

494 3446 732 3513 concilii,
786 3443 932 3515 quod
988 3458 1092 3515 ego
1140 3457 1259 3497 cum
1309 3450 1485 3497 vesu'o
1530 3441 1718 3496 favore
1766 3441 1911 3496 tenui
1956 3441 2111 3521 apud

495 3534 841 3591 Lundoniam
886 3548 1012 3587 cum
1059 3529 1179 3585 aliis
1222 3529 1491 3601 episcopis
1522 3536 1573 3585 et
1600 3529 1876 3602 religiosis
1906 3546 2101 3599 perso—

503 3623 609 3679 nis.
643 3620 805 3689 Quod
848 3621 1108 3674 bactenus
1144 3618 1446 3672 inauditum
1495 3626 1548 3673 et
1589 3618 1900 3672 inusitatum
1939 3627 2017 3674 est
2047 3618 2101 3672 in

496 3708 743 3767 Ecclesia
765 3707 865 3761 Dei
898 3706 965 3761 de
994 3706 1107 3760 ullo
1138 3722 1269 3777 rege
1298 3715 1349 3760 et
1374 3707 1442 3761 de
1472 3705 1653 3775 aliquo
1682 3706 1960 3779 principe.
1982 3708 2105 3762 Non

500 3798 644 3855 enim
675 3795 926 3866 pertinet,
962 3794 1258 3849 secundum
1287 3793 1468 3866 legem
1500 3795 1619 3859 Dei,
1652 3794 1965 3865 hujusmodi
1987 3797 2103 3851 cul-

500 3902 627 3959 pam
663 3882 960 3951 vindicare,
992 3881 1093 3935 nisi
1135 3882 1204 3937 ad
1242 3882 1488 3954 singulos
1530 3882 1819 3952 episcopos
1856 3900 1954 3953 per
1981 3901 2104 3948 suas

510 3973 832 4048 parochias;
864 3978 973 4038 aut,
990 3970 1035 4025 si
1064 3979 1117 4026 et
1148 3970 1251 4041 ipsi
1280 3969 1524 4041 episcopi
1553 3970 1608 4025 in
1640 3972 1741 4026 hoc
1769 3972 2108 4045 negligentes

500 4064 723 4130 fuerint,
779 4062 847 4118 ad
903 4060 1367 4132 archiepiscOpum
1418 4067 1470 4115 et
1531 4060 1840 4130 primatem.
1899 4062 2105 4120 Precor

497 4154 663 4226 igitur
704 4168 804 4210 vos
849 4150 984 4207 sicut
1022 4149 1399 4204 charissimum
1448 4149 1725 4205 dominum
1774 4151 1929 4222 cujus
1978 4152 2103 4207 ani-

495 4258 644 4299 mam
675 4239 845 4313 diligo
875 4239 996 4311 plus
1010 4255 1171 4310 quam
1188 4246 1509 4309 praesentem
1526 4238 1697 4294 vitam
1717 4241 1957 4310 corporis
1972 4239 2102 4310 mei,

496 4341 550 4388 et
577 4328 801 4389 consulo
832 4329 969 4385 sicut
996 4343 1125 4385 vere
1154 4326 1331 4382 ﬁdelis
1361 4327 1573 4399 corpori
1596 4334 1647 4382 et
1668 4328 1865 4384 anima:
1886 4337 2099 4398 vestrae,

501 4436 570 4478 ne
596 4435 696 4476 vos
727 4425 914 4475 contra
955 4416 1375 4473 ecclesiasticam
1419 4415 1867 4472 consuetudinem
1898 4417 1951 4471 in
1993 4426 2100 4474 tam

496 4524 664 4583 grave
693 4515 975 4580 peccatum
1005 4504 1248 4575 mittatis,
1272 4509 1346 4575 et,
1370 4505 1412 4559 si
1439 4505 1556 4575 jam
1584 4504 1901 4576 incoepistis,
1920 4513 2104 4563 utom-
2133 4486 2185 4546 Ῑ)
2216 4499 2359 4571 apud
2389 4499 2671 4555 dominum
2699 4514 2902 4571 papam
2921 4500 3208 4557 Ansclmus
3223 4486 3664 4576 archiepiscopus
3684 4503 3804 4558 Can‘

497 4594 626 4649 nino
658 4592 947 4648 desistatis.
981 4591 1117 4647 Dico
1150 4590 1294 4646 enim
1325 4589 1485 4646 vobis
1524 4590 1668 4662 quod
1712 4590 1869 4646 valde
1915 4591 2103 4649 timere

496 4677 709 4734 debetis
740 4678 886 4748 quod
915 4674 1145 4747 pecunia
1173 4674 1352 4730 taliter
1370 4682 1687 4746 accepta,ut
1705 4682 1913 4731 taceam
1936 4692 2103 4747 quan-

497 4778 607 4833 tum
667 4768 861 4816 noceat
911 4761 1126 4829 animae,
1167 4775 1277 4815 non
1337 4767 1538 4828 tamen,
1583 4775 1707 4814 cum
1763 4769 2099 4831 expentetur,

499 4848 779 4919 adjuvavit
801 4856 1012 4904 terrena
1029 4848 1247 4919 negotia
1264 4856 1523 4919 quantum
1538 4855 1730 4919 postea
1743 4848 2099 4919 perturbabit.

498 4936 748 5008 Denique
777 4952 879 4992 vos
909 4935 1060 4991 scitis
1088 4936 1215 5009 quia
1239 4951 1327 4991 me
1349 4936 1404 4990 in
1425 4937 1818 4992 Northmannia
1840 4937 1895 4991 in
1910 4954 2101 5009 pacem

496 5032 741 5085 vestram
790 5024 1123 5097 suscepistis,
1166 5032 1217 5079 et
1255 5024 1322 5079 de
1360 5025 1831 5096 archiepiscopatu
1860 5042 1983 5082 meo
2013 5042 2101 5084 me

494 5112 804 5183 resaisistis,
863 5121 915 5168 et
967 5113 1109 5185 quod
1166 5127 1299 5169 cura
1342 5118 1396 5169 et
1440 5114 1680 5171 vindicta
1724 5115 1842 5170 talis
1882 5115 2102 5173 oﬂensaa

497 5202 737 5263 maxime
766 5202 1000 5276 pertinet
1024 5202 1095 5259 ad
1125 5201 1673 5276 archiepiscOpatum,
1704 5205 1957 5276 quoniam
1978 5207 2102 5277 plus

2232 1853 2422 1893 omnes
2452 1846 2619 1891 terras
2650 1846 2768 1893 tuas
2796 1837 2849 1892 in
2881 1854 3010 1910 pace
3042 1840 3466 1908 permanserint.
3506 1865 3526 1888 υ

2301 1947 2329 1974 α
2362 1925 2472 1980 Suo
2503 1924 2823 1980 charissimo
2854 1926 3078 1980 domino
3109 1926 3363 1995 Henrico,
3390 1927 3567 1999 gratia
3587 1929 3798 2001 Dei,regi

2221 2014 2552 2085 Anglorum,
2585 2014 2871 2069 Anselmus
2909 2015 3353 2086 archiepiscopus
3404 2018 3794 2085 Cantuariensis,

2218 2101 2379 2157 fidele
2407 2103 2682 2158 servitium
2715 2112 2765 2157 et
2796 2102 2982 2158 ﬁdeles
3013 2104 3306 2160 orationes.

2292 2214 2312 2240 (ι
2337 2191 2559 2247 Gracias
2589 2207 2694 2264 ago
2725 2193 2927 2260 Deo,ct
2953 2192 3259 2264 dignationi
3291 2203 3485 2250 vestrae
3512 2212 3626 2266 quae
3652 2197 3699 2248 in
3715 2195 3792 2250 lit-

2218 2280 2345 2335 teris
2376 2281 2487 2335 suis
2517 2281 2765 2352 promisit
2788 2297 2845 2335 se
2877 2282 3258 2337 convenienter
3275 2299 3657 2353 responsuram
3682 2284 3792 2337 mihi

2216 2370 2283 2424 de
2313 2371 2415 2425 hoc
2444 2370 2588 2424 unde
2616 2377 2869 2439 precatus
2900 2386 3021 2426 eam
3053 2371 3258 2425 fueram
3288 2373 3346 2426 in
3370 2373 3565 2428 litteris
3593 2374 3715 2428 meis
3737 2373 3793 2427 de

2214 2459 2592 2515 sacerdotibus
2621 2458 2857 2530 Anglire,
2891 2468 2943 2514 et
2978 2476 3075 2515 oro
3116 2460 3436 2530 Dominum,
3466 2463 3614 2532 cujus
3640 2462 3793 2517 consi-

2213 2546 2349 2601 lium
2381 2554 2567 2603 manet
2594 2547 2651 2601 in
2682 2556 2963 2616 aeternum,
2996 2556 3054 2603 ut
3094 2549 3210 2620 ipse
3253 2549 3415 2605 vobis
3455 2550 3691 2607 consulat
3717 2566 3792 2605 re-

2213 2637 2477 2707 spondere
2509 2644 2559 2693 et
2599 2635 2773 2692 facere
2809 2638 2957 2707 quod
3005 2638 3079 2691 illi
3122 2638 3347 2708 placeat,
3382 2648 3439 2695 et
3466 2641 3605 2695 unde
3632 2638 3795 2695 ﬁdeles

2212 2724 2500 2780 dilectores
2545 2725 2743 2779 animae
2785 2733 2983 2781 vestrae
3024 2726 3313 2797 gaudeant.
3362 2728 3444 2783 De
3488 2730 3592 2785 hoc
3638 2735 3793 2783 autem

2214 2814 2358 2883 quod
2388 2813 2497 2885 legi
2546 2812 2599 2867 in
2645 2813 2834 2869 litteris
2863 2815 3062 2870 vestris
3092 2814 3238 2887 quod
3263 2816 3488 2872 creditis
3519 2832 3612 2872 vos
3637 2817 3788 2871 facere

2209 2917 2311 2971 per
2340 2918 2427 2957 me
2468 2902 2612 2972 quod
2652 2902 2845 2969 facitis,
2887 2919 2986 2973 pro
3036 2911 3181 2958 certo
3221 2903 3434 2975 scitote,
3470 2906 3543 2960 mi
3579 2906 3790 2988 domine,

2211 2991 2354 3062 quod
2395 3006 2504 3046 non
2546 2998 2630 3047 est
2661 3007 2761 3063 per
2789 3007 2897 3059 me,
2934 2991 3191 3063 quoniam
3233 3000 3426 3049 contra
3464 2995 3629 3050 Deum
3658 2993 3789 3049 face-

2207 3094 2341 3146 rem,
2402 3078 2447 3133 si
2502 3095 2599 3150 per
2654 3095 2739 3134 me
2796 3087 2958 3135 esset.
2994 3078 3337 3152 Quapropter
3394 3081 3574 3137 adhuc
3624 3095 3794 3154 precor

2210 3182 2408 3239 magno
2439 3176 2492 3223 et
2519 3167 2667 3223 ﬂdeli
2710 3165 2905 3224 affectu
2937 3175 3201 3239 quatenus
3228 3168 3286 3223 in
3320 3169 3417 3225 tali
3450 3171 3660 3242 incepto
3686 3168 3790 3225 nul-

2214 3255 2319 3311 lius
2345 3256 2571 3313 consilio
2600 3255 2927 3326 persistatis.
2964 3257 3171 3314 Valete.
3209 3282 3231 3306 η

2286 3368 2305 3392 ‹‹
2340 3344 2601 3400 Henricus
2638 3361 2726 3400 rex
2758 3344 3078 3417 Anglorum,
3110 3347 3366 3403 Anselmo
3408 3348 3791 3419 archiepiscopo

2211 3432 2537 3499 Cantuarite,
2571 3433 2801 3489 salutem
2835 3442 2887 3489 et
2916 3434 3230 3491 amicitiam.

2287 3546 2307 3571 α
2342 3522 2422 3577 De
2471 3523 2577 3579 hoc
2629 3522 2772 3593 quod
2818 3523 2950 3577 mihi
2997 3525 3267 3581 mandasti
3317 3526 3386 3581 de
3430 3526 3791 3590 sacerdotibus,

2209 3610 2352 3667 scias
2390 3612 2534 3681 quod
2577 3612 2648 3665 ita
2698 3612 2954 3668 decenter
3001 3611 3126 3679 feci,
3158 3622 3217 3669 ut
3256 3614 3496 3686 epinior,
3531 3615 3795 3672 secundum

2211 3700 2355 3769 quod
2402 3700 2579 3755 facere
2637 3699 2819 3755 debui.
2881 3701 2995 3756 Nec
3042 3700 3136 3757 tibi
3174 3702 3241 3758 sit
3290 3704 3625 3778 incognitum
3667 3701 3797 3758 brevi

2209 3788 2494 3845 intervallo
2532 3789 2793 3860 temporis
2833 3806 2921 3846 me
2961 3790 3458 3848 transfretaturum.
3510 3795 3577 3850 Et
3611 3810 3673 3849 ex
3707 3806 3798 3864 quo

2211 3885 2387 3933 tecum
2444 3877 2653 3932 locutus
2684 3876 2857 3945 fuero,
2904 3878 2948 3933 si
2992 3895 3096 3949 qua
3138 3880 3389 3936 commisi
3421 3882 3476 3936 in
3516 3882 3618 3951 his,
3647 3879 3798 3937 omni-

2210 3965 2444 4038 potentis
2486 3965 2606 4035 Dei,
2638 3974 2690 4021 et
2735 3974 2826 4021 tuo
2866 3967 3093 4023 consilio
3136 3968 3429 4041 corrigam.
3475 3972 3630 4027 Teste
3666 3967 3800 4025 Wal-

2212 4054 2365 4110 drico
2395 4053 2726 4111 cancellario
2755 4056 2902 4125 apud
2941 4056 3361 4131 Merlebergam.
3403 4082 3424 4108 ι»

2283 4143 2423 4198 Dum
2462 4145 2577 4198 haec
2619 4141 2694 4198 ita
2732 4141 2882 4211 fiunt,
2938 4159 3062 4200 ecce
3111 4145 3201 4217 qui
3256 4147 3468 4203 Roman
3517 4147 3664 4204 missi
3700 4145 3800 4202 fue-

2208 4240 2328 4287 rant
2353 4232 2597 4288 redeunt.
2632 4232 2931 4304 Suspensus
2958 4242 3133 4288 autem
3164 4235 3341 4291 fuerat
3382 4235 3456 4292 ab
3495 4236 3672 4293 officio
3698 4235 3799 4307 cpi.

2208 4321 2408 4392 scopali
2432 4321 2549 4391 jam
2579 4320 2709 4377 olim
2751 4321 3081 4378 Wilhelmus
3124 4324 3566 4396 archiepiscOpus
3614 4323 3802 4381 Rotho-

2209 4411 2502 4482 magensis,
2535 4417 2587 4465 et
2632 4426 2734 4481 per
2776 4410 2880 4467 hos
2924 4413 3139 4468 nuntios
3181 4413 3565 4471 intercesserat
3608 4429 3701 4487 pro
3745 4426 3801 4468 eo

2215 4586 2518 4643 tuariensis.
2565 4587 2840 4644 Mandavit
2887 4588 3067 4660 itaque
3110 4589 3165 4645 ei
3204 4590 3457 4647 dominus
3497 4606 3637 4664 papa
3664 4597 3718 4645 ut
3742 4588 3802 4643 de

2209 4691 2371 4733 causa
2399 4676 2519 4747 ipsa
2548 4676 2693 4749 quod
2738 4676 3043 4733 faciendum
3082 4678 3409 4752 intelligeret
3439 4696 3542 4736 sua
3579 4680 3694 4735 vice
3721 4677 3800 4731 fa-

2215 4772 2383 4833 ceret,
2416 4765 2592 4821 sciens
2620 4780 2744 4820 eum
2775 4780 2806 4821 a
2831 4765 3053 4837 justitiae
3075 4768 3290 4823 semitis
3319 4768 3521 4824 nullius
3551 4768 3625 4824 rei
3654 4767 3801 4822 inter-

2209 4862 2375 4914 ventu
2413 4854 2651 4911 scienter
2677 4854 2818 4910 ﬂecti
2857 4869 3039 4925 posse.
3081 4856 3183 4913 Ivit
3223 4872 3354 4928 ergo
3392 4858 3798 4927 Rothomagum,

2210 4951 2264 4999 et
2318 4942 2374 4997 in
2429 4942 2638 5016 synodo
2691 4943 3034 5011 clericorum,
3076 4960 3198 5016 quae
3240 4953 3364 5001 tunc
3402 4951 3520 5001 erat
3562 4945 3796 5008 adaucta,

2212 5032 2475 5089 adventus
2505 5032 2590 5088 sui
2622 5047 2840 5088 causam
2871 5032 3142 5104 exposuit.
3177 5033 3391 5089 Profert
3418 5033 3626 5089 litteras
3642 5030 3801 5087 Will-

2209 5120 2423 5177 helmus
2451 5121 2665 5194 legatus
2693 5121 2839 5194 regis
2870 5137 3023 5192 quas,
3045 5137 3113 5177 ex
3141 5131 3296 5193 parte
3324 5120 3629 5194 apostolici,
3657 5119 3721 5177 de
3747 5132 3801 5175 re

2206 5211 2381 5267 Roma
2409 5210 2691 5280 detulerat,
2732 5217 2785 5267 et
2830 5225 3015 5267 coram
3069 5211 3319 5268 omnibus
3346 5210 3639 5268 recitantur
3680 5209 3796 5266 sic:

1795 5329 2229 5392 HENSCHENII
2268 5335 2497 5394 NOTAE.

556 5429 631 5504 (ε)
647 5427 1047 5504 Blasphemare
1064 5427 1488 5504 proincrepare,
1502 5429 1923 5504 reprehendere,
1938 5432 2104 5488 detra-

491 5499 625 5559 here
657 5499 806 5575 saepe
846 5501 1049 5557 dictum
1086 5499 1349 5575 invenias
1373 5502 1518 5573 apud
1549 5502 1711 5557 medii
1741 5504 1842 5559 aevi
1880 5499 2104 5575 scripto-

490 5587 578 5645 [es
607 5591 621 5631 :
656 5570 784 5632 hinc
810 5588 913 5645 per
939 5570 1391 5641 contractionem,
1407 5570 1539 5645 quas
1566 5588 1757 5629 vocem
1783 5575 1945 5640 hanc,
1970 5570 2105 5633 alias

490 5643 669 5703 Deum
698 5643 973 5723 divosque
1001 5650 1361 5720 spectantem,
1391 5643 1464 5704 ad
1507 5644 1772 5703 humanas
1816 5655 2103 5706 continue.

2214 5434 2315 5509 lias
2370 5431 3087 5509 signiﬁcandasrestrlngit,
3118 5432 3319 5509 dicitur
3358 5426 3799 5509 lingua_Franc_ia

2215 5507 2396 5563 blame
2425 5500 2488 5563 Et
2512 5508 2727 5563 bldmer
2745 5500 3098 5578 vituperium',
3116 5500 3604 5578 vituperarefunde
3622 5500 3799 5561 North-

2213 5578 2423 5649 manui,
2451 5593 2520 5637 ex
2550 5577 2707 5638 Galia
2734 5577 2790 5635 in
2815 5575 3067 5652 Angliam
3085 5575 3352 5649 traducti,
3381 5590 3664 5649 accepere.
