4044 6074
291 335 391 395 461

1369 332 1694 398 HISTORIA
1721 328 2086 395 NOVORUM.
2117 369 2188 379 --
2218 338 2346 396 LIB.
2381 335 2470 399 IV.

3476 347 3585 403 L62

358 492 379 515 α
419 467 692 524 Paschalis
720 467 1026 540 episcopus,
1061 484 1255 523 servus
1286 485 1571 524 servorum
1608 468 1725 535 Dei,
1789 481 1882 521 ve-
1913 462 1967 522 A
1998 466 2232 523 archivis
2265 468 2520 524 Ecclesiae
2553 468 2638 525 cui
2670 467 2999 540 praesidebat
3028 470 3413 540 servabantur,
3447 474 3587 529 sicut

284 556 514 613 nerabili
546 556 698 612 fratri
731 557 1056 614 Willhelmo
1116 557 1548 629 Rothomagensi
1600 557 1883 627 episcOpo,

287 644 522 701 salutem
554 653 606 700 et
637 646 996 715 apostolicam
1026 645 1482 701 benedictionem.

356 757 377 783 π
411 733 555 789 Licet
594 741 899 790 causatua:
948 735 1200 804 qualitas,
1257 756 1278 783 η
1333 742 1442 790 etc.
1510 733 1634 792 Vide
1672 736 1736 791 in
1778 736 1889 789 Pa-

287 821 473 878 schali
498 823 571 878 II.

361 912 505 966 Misit
532 927 747 984 quoque
775 912 1033 967 dominus
1064 927 1205 985 papa
1238 912 1525 985 epistolam
1581 913 1720 967 hanc
1779 913 1893 965 An-

289 1001 466 1057 selmo
502 1018 515 1054 :

366 1114 392 1136 σι
428 1090 716 1147 Paschalis
749 1092 1062 1165 episcOpus,
1086 1108 1278 1147 servus
1309 1106 1589 1146 servorum
1629 1088 1748 1158 Dei,
1806 1104 1894 1143 ve-

290 1178 525 1235 nerabili
554 1179 702 1234 fratri
734 1182 995 1237 Anselmo
1026 1180 1397 1237 Cantuariensi
1418 1180 1695 1251 episcopo,
1747 1177 1895 1234 salu-

292 1276 399 1324 tem
431 1276 483 1324 et
506 1269 856 1340 apostolicam
886 1270 1347 1327 benedictionem.

370 1380 391 1405 «
430 1355 590 1427 Quod
620 1358 840 1431 Anglici
872 1359 1019 1430 regis
1048 1375 1161 1428 cor,
1194 1380 1222 1408 η
1255 1365 1359 1413 etc.
1404 1356 1541 1414 Vide
1561 1357 1694 1414 ibid.

360 1446 458 1501 His
511 1445 703 1505 diebus
756 1448 903 1503 venit
959 1448 1359 1520 Bothomagum
1414 1445 1766 1503 Boemundus
1799 1444 1895 1515 (a),

285 1551 430 1591 unus
461 1536 530 1591 de
560 1536 1005 1592 nominatissimis
1032 1535 1539 1608 Hierosolymitanse
1571 1536 1669 1592 viae
1689 1534 1900 1605 princi-

1998 556 2568 629 astrucbat,scriptum
2603 559 2821 629 reperit.
2873 582 2895 608 n
2952 561 3015 614 Et
3072 560 3189 617 haec
3236 559 3353 617 ille.
3419 562 3599 633 Super

1999 645 2196 715 quibus
2227 648 2514 702 Anselmus
2562 649 2855 704 admodum
2888 649 3239 717 exhilaratus,
3290 650 3423 706 actis
3472 666 3597 706 cum

1999 734 2249 804 pontifice
2279 735 2713 809 Rothomagensi
2735 745 2787 792 et
2815 738 3127 793 Boemundo
3177 754 3243 792 ac
3288 739 3598 811 Hierosoly-

1999 823 2216 877 mitanis
2246 839 2369 895 quae
2398 824 2722 880 videbantur
2751 827 2985 899 agenda,
3015 828 3247 883 Beccum
3290 828 3599 885 revertitur.

2002 914 2076 966 Ac
2105 911 2303 978 crines,
2331 912 2400 967 de
2413 913 2607 984 quibus
2636 915 2921 984 praedictus
2939 914 3097 970 miles
3120 915 3330 971 locutus
3388 911 3591 985 fuerat,

2004 1000 2255 1071 quoniam
2279 1002 2515 1070 Carnoti,
2548 1002 2639 1056 ubi
2676 1002 2875 1057 familia
2904 1011 2954 1058 et
2984 1018 3122 1075 pene
3180 1011 3294 1059 tota
3345 1004 3597 1075 supellex

2006 1089 2301 1144 Boemundi
2347 1090 2579 1144 reditum
2610 1093 2725 1161 ejus
2756 1092 3188 1163 prmstolabatur,
3207 1102 3599 1164 remanserant,

2006 1177 2151 1231 missi
2211 1178 2280 1232 ab
2333 1178 2741 1251 archiepiscopo
2798 1181 3243 1253 Rothomagensi,
3302 1190 3353 1238 et
3409 1183 3606 1240 abbate

2006 1266 2260 1323 Beccensi
2282 1268 2352 1339 (f)
2374 1268 2615 1340 religiosi
2648 1268 2853 1323 ordinis
2883 1269 2984 1324 viri
3010 1280 3138 1325 sunt
3159 1270 3250 1341 qui
3269 1271 3392 1327 illos
3419 1271 3605 1328 defer-

2007 1364 2143 1410 rent.
2191 1356 2259 1410 Et
2312 1356 2509 1412 factum
2556 1365 2652 1411 est.
2714 1357 3293 1430 ApprOpinquantihus
3343 1359 3424 1416 eis
3503 1362 3594 1433 qui

2009 1459 2144 1515 quos
2161 1445 2537 1519 Rothomagus
2566 1446 2767 1503 habere
2819 1447 3051 1503 debebat
3105 1450 3467 1519 apportabunt
3501 1450 3608 1523 ipsi

2009 1533 2212 1589 civitati
2266 1534 2530 1604 adjunctis
2555 1535 2658 1589 sibi
2687 1535 2957 1591 canonicis
2987 1544 3038 1591 et
3064 1536 3211 1591 omni
3241 1535 3385 1593 clero
3406 1538 3605 1595 civita-

285 1624 467 1696 pibus,
500 1623 708 1680 habens
738 1624 793 1679 in
837 1625 1092 1682 comitatu
1145 1642 1243 1680 suo
1289 1605 1580 1695 quemdam
1628 1624 1886 1679 Romanae
1911 1605 1966 1666 Β
1996 1622 2083 1690 tis,
2115 1637 2235 1678 cum
2265 1623 2548 1679 monachis
2578 1625 2759 1680 Sancti
2791 1624 3057 1693 Audoeni,
3089 1640 3151 1679 ac
3182 1625 3341 1680 totius
3391 1628 3584 1699 populi

288 1712 551 1769 Ecclesia:
581 1713 940 1783 cardinalem,
972 1714 1190 1770 nomine
1246 1714 1552 1769 Brunonem
1609 1713 1703 1784 (b).
1755 1712 1893 1768 Huic

286 1810 401 1857 erat
414 1802 674 1874 magister
692 1803 941 1872 militum,
962 1801 1250 1875 llgyrus(c)
1264 1801 1503 1870 nomine,
1520 1802 1604 1856 vir
1618 1809 1891 1869 strenuus,

288 1899 343 1947 et
371 1907 478 1946 non
512 1892 769 1964 ignobilis
787 1892 940 1948 fama:
958 1893 1099 1947 inter
1117 1906 1264 1947 suos.
1288 1890 1492 1955 Ilic,ab
1518 1890 1895 1946 adolescentia

289 1996 387 2035 sua
416 1988 575 2035 notus
596 1982 877 2049 Anselmo,
903 1981 1070 2035 multa
1102 1980 1274 2036 fuerat
1298 1980 1412 2049 ejus
1442 1979 1700 2035 beneﬁcia
1756 1995 1894 2036 con-

292 2077 541 2125 secutus.
573 2068 1128 2139 Familiariteritaque
1149 2085 1272 2123 cum
1295 2083 1358 2121 eo
1387 2084 1559 2140 agens
1579 2067 1718 2123 inter
1764 2068 1892 2139 plu-

299 2157 435 2212 rima
466 2174 587 2228 quae
609 2158 714 2231 ipsi
747 2158 813 2213 de
846 2158 1113 2230 superatis
1142 2156 1317 2225 bellis,
1350 2157 1417 2211 de
1437 2156 1659 2211 urbibus
1697 2157 1889 2227 captis,

290 2246 361 2302 de
386 2247 492 2301 situ
523 2248 771 2303 locorum
801 2247 1030 2318 aliisque
1052 2246 1325 2301 nonnullis
1382 2261 1504 2316 quae
1560 2245 1613 2299 in
1661 2245 1894 2316 expedi-

288 2336 446 2391 tione
476 2335 967 2406 Hierosolymitana
988 2339 1274 2407 acceperat
1304 2333 1618 2389 delectabili
1675 2334 1894 2389 allocu-

294 2423 443 2481 tione
473 2424 751 2480 disseruit.
777 2423 935 2493 Quod
966 2424 1164 2478 multas
1185 2430 1494 2478 sanctorum
1521 2421 1782 2494 reliquias
1800 2423 1897 2478 ba-

286 2512 463 2578 beret,
489 2528 704 2585 quoque
734 2513 899 2569 modo
929 2528 1021 2569 cas
1052 2513 1281 2584 adeptus
1334 2511 1496 2566 fuerit
1546 2510 1777 2582 aperuit.
1835 2515 1898 2566 In

289 2601 509 2672 quibus,
540 2601 652 2657 imo
680 2618 849 2673 super
875 2601 1125 2657 omnibus
1155 2605 1296 2671 quas’
1338 2600 1589 2668 habebat,
1617 2602 1899 2673 pramipue

287 2690 559 2763 gloriatus
593 2691 752 2746 estde
776 2690 990 2761 capillis
1020 2690 1194 2745 beatas
1218 2689 1404 2745 matris
1425 2689 1523 2744 Dei
1544 2690 1745 2758 Mariae,
1771 2706 1898 2762 quo-

283 2795 408 2834 rum
439 2779 649 2850 aliquos
679 2778 782 2833 sibi
813 2780 971 2834 datos
1002 2778 1209 2834 ferebat
1260 2795 1291 2833 a
1346 2779 1660 2848 patriarcha
1700 2780 1894 2837 Antio-

284 2868 591 2939 cheno(d),
623 2867 715 2922 ubi
740 2866 1121 2940 magistratum
1152 2866 1381 2922 militum
1440 2867 1553 2937 ipse
1604 2867 1705 2923 sub
1760 2869 1894 2923 Boe-

2002 1711 2289 1767 innumera
2318 1712 2684 1781 multitudine,
2734 1713 2975 1784 pontifex
3034 1713 3197 1785 longa
3252 1715 3602 1784 processione

2004 1800 2236 1856 devotus
2267 1802 2516 1871 occurrit,
2541 1810 2592 1856 et
2623 1811 2821 1873 quanto
2845 1802 3016 1874 potuit
3042 1804 3247 1858 honore
3302 1812 3589 1875 susceptos

2009 1890 2064 1944 in
2095 1891 2377 1946 ecclesiam
2408 1892 2598 1947 detulit
2628 1894 2681 1946 et
2701 1891 2977 1947 sacratiori
3006 1892 3128 1948 loco
3157 1893 3415 1963 reposuit.
3450 1892 3605 1962 Qua-

2007 1987 2129 2035 tuor
2147 1989 2324 2035 autem
2348 1996 2415 2035 ex
2445 1980 2549 2034 illis
2579 1981 2805 2035 Beccum
2839 1980 3002 2035 delati
3032 1989 3173 2045 sunt,
3198 1997 3428 2051 quorum
3476 1982 3612 2039 duos

2007 2069 2107 2139 ipsi
2140 2069 2261 2125 loco
2292 2068 2535 2125 residuos
2552 2069 2835 2124 Anselmus
2864 2077 3168 2125 reverenter
3206 2069 3308 2124 sibi
3364 2072 3601 2143 excepit.

2008 2158 2267 2230 Mihique,
2326 2165 2511 2228 utpote
2566 2159 2656 2228 qui
2711 2158 2936 2229 capellae
2988 2158 3133 2213 illius
3187 2167 3368 2214 custos
3451 2175 3603 2216 eram

2008 2254 2168 2315 atque
2198 2246 2513 2316 dispositor,
2546 2246 2935 2302 custodiendos
2987 2247 3410 2314 commendavit,
3464 2247 3612 2318 quod

2003 2351 2172 2404 usque
2203 2332 2361 2389 hodie
2419 2333 2579 2389 facio.
2642 2332 2785 2402 Quid
2842 2334 3025 2406 itaque
3085 2334 3154 2389 de
3203 2335 3317 2390 istis
3366 2336 3600 2392 aliorum

2005 2439 2192 2477 sensus
2221 2422 2420 2477 habeat
2460 2421 2666 2478 nescio.
2726 2422 2844 2494 Ego
2902 2430 3082 2478 tamen
3137 2422 3436 2480 certissime
3492 2425 3607 2482 scio

2007 2511 2289 2568 dominum
2321 2519 2372 2566 et
2397 2510 2755 2566 reverendum
2787 2512 3003 2567 Patrem
3049 2512 3365 2568 Anselmum
3415 2529 3511 2570 eos
3547 2514 3607 2568 in

2007 2617 2205 2673 magna
2232 2616 2446 2672 semper
2492 2598 2843 2656 veneratione
2899 2600 3173 2669 habuisse,
3233 2609 3287 2657 et
3339 2602 3609 2672 meipsum

2003 2706 2161 2746 sacro
2192 2696 2244 2745 et
2273 2690 2467 2763 grandi
2498 2688 2867 2760 experimento
2894 2688 3129 2745 sensisse
3156 2704 3418 2762 magnum
3472 2691 3605 2761 quid

2003 2788 2056 2836 et
2103 2779 2305 2834 mundo
2362 2779 2807 2849 amplectendum
2841 2778 3061 2852 insigne
3103 2779 3403 2836 sanctitatis
3492 2780 3599 2835 illis

2007 2869 2205 2923 inesse.
2240 2868 2320 2921 De
2353 2866 2434 2921 his
2466 2866 2560 2922 ita.

289 2956 497 3012 mundo
527 2956 743 3029 agebat.
767 2955 833 3011 Et
852 2956 1053 3012 adhaec
1072 2955 1248 3011 intulit
1273 2973 1286 3009 :
1316 2979 1336 3005 α
1372 2957 1482 3011 Hos
1517 2956 1762 3028 capillos,
1814 2956 1889 3012 fa-
1915 2958 1963 3023 C
2064 2959 2248 3027 Itaque
2274 2954 2584 3012 Willelmus
2604 2955 2702 3028 (g),
2732 2955 2821 3011 ubi
2853 2957 2922 3011 ad
2951 2973 3137 3029 regem
3168 2957 3223 3011 in
3249 2957 3450 3030 Anglia
3498 2974 3593 3016 ve-

288 3054 426 3115 teor,
452 3045 728 3116 suscipere
745 3060 906 3099 ausus
925 3060 1035 3100 non
1056 3043 1298 3114 fuissem,
1314 3045 1356 3099 si
1388 3062 1475 3099 me
1498 3059 1653 3100 amor
1703 3044 1891 3115 patriae

288 3135 447 3191 istius
474 3134 528 3188 in
556 3150 661 3205 qua
680 3141 837 3188 natus
866 3133 944 3188 fui
972 3141 1025 3188 et
1054 3133 1311 3188 educatus
1342 3133 1411 3188 ad
1459 3134 1562 3188 hoc
1614 3149 1722 3189 non
1776 3134 1888 3188 ani-

290 3230 515 3279 masset.
537 3223 841 3295 Sperabam
863 3222 1005 3277 enim
1038 3238 1126 3277 me
1154 3222 1262 3278 huc
1291 3223 1616 3294 quandoque
1659 3238 1891 3292 perven-

293 3320 491 3381 turum,
515 3318 568 3368 et
607 3311 737 3383 ipsis
786 3312 924 3365 hanc
971 3325 1148 3365 meam
1197 3311 1425 3378 patriam
1462 3311 1888 3366 sublimaturum.

290 3399 559 3470 Quoniam
572 3400 737 3473 igitur
753 3400 843 3454 illa
856 3416 970 3471 spe,
991 3406 1314 3472 protegente
1331 3398 1584 3467 Domino,
1603 3398 1893 3455 fraudatus

287 3506 399 3547 non
417 3506 560 3560 sum,
584 3490 721 3545 duos
735 3505 801 3545 ex
821 3488 954 3559 ipsis
972 3489 1096 3543 huic
1115 3487 1375 3543 Ecclesia:
1392 3502 1511 3557 quae
1524 3488 1685 3543 totius
1695 3488 1893 3544 North-

287 3578 522 3635 mannia:
544 3578 906 3649 principatum
926 3576 1132 3633 obtinet
1161 3576 1596 3644 Christianitatis,
1622 3577 1750 3631 dare
1772 3577 1893 3631 dis-

285 3669 479 3741 posui;
504 3668 640 3723 duos
654 3666 893 3722 abbatiae
921 3665 1065 3721 Beati
1088 3666 1252 3734 Petri,
1274 3672 1326 3720 ct
1382 3665 1564 3720 Sancti
1604 3665 1878 3736 Audoeni,

285 3757 423 3814 duos
444 3755 777 3813 monasterio
810 3754 1056 3827 ejusdem
1089 3753 1323 3825 Virginis
1354 3754 1652 3826 virginum,
1686 3755 1742 3810 in
1774 3773 1882 3828 quo

287 3846 385 3902 sub
411 3854 499 3902 tuo
522 3844 827 3918 patrocinio
858 3843 927 3898 ad
957 3850 1171 3899 aetatem
1193 3842 1425 3899 hominis
1438 3852 1722 3914 provectus
1739 3863 1881 3913 sum,

287 3944 337 3993 et
364 3935 503 3991 duos
525 3935 642 3990 tibi.
675 3931 980 3988 Duodecim
1011 3933 1155 3988 enim
1209 3947 1436 3987 numero
1495 3932 1561 3987 de
1611 3932 1719 3988 illis
1749 3936 1884 3989 mihi

286 4021 546 4095 praefatus
575 4019 867 4090 episcopus
883 4017 1051 4087 dedit,
1095 4025 1407 4074 contestans
1450 4016 1591 4086 illos,
1648 4018 1717 4073 ab
1771 4020 1888 4089 ipsa

288 4110 510 4167 domina
538 4108 756 4164 sibimet
784 4106 1002 4163 avulsos
1023 4107 1116 4176 (c),
1149 4121 1273 4161 cum
1296 4107 1453 4177 juxta
1509 4121 1723 4164 crucem
1768 4108 1889 4163 Filii

287 4199 371 4255 sui
400 4206 547 4253 stans
565 4197 779 4271 gladius
807 4197 1042 4251 animam
1103 4195 1224 4266 ejus
1276 4196 1634 4267 pertransivit,
1692 4213 1891 4254 secun-

2002 3047 2097 3113 nit,
2131 3052 2184 3100 et
2214 3045 2263 3100 ei
2294 3061 2415 3115 quae
2444 3044 2510 3099 de
2538 3043 2759 3116 negotio
2781 3045 2898 3115 ejus
2925 3045 2995 3101 ad
3027 3046 3326 3101 Romanum
3384 3047 3596 3117 pontifi-

2002 3150 2119 3191 cem
2142 3140 2263 3189 acta
2292 3132 2502 3188 fuerant
2530 3133 2990 3202 enarravit,laetus
3019 3133 3113 3189 ille
3143 3133 3211 3189 ad
3231 3135 3432 3203 audita,
3457 3136 3603 3193 illico

2000 3222 2318 3278 Anselmum
2349 3222 2413 3276 ad
2448 3223 2743 3278 Ecclesiam
2773 3238 2927 3276 suam
2972 3222 3145 3277 redire
3200 3238 3300 3294 per
3345 3226 3600 3281 eumdem

2000 3311 2377 3366 Willhelmum
2405 3310 2701 3381 postulavit
2733 3310 2856 3380 ;qui
2882 3309 3333 3378 Willhelmus,ad
3355 3327 3452 3367 nos
3480 3322 3604 3385 post

2000 3415 2203 3473 paucos
2233 3399 2347 3453 dies
2365 3414 2636 3467 reversus,
2684 3399 3003 3453 Anselmum
3058 3396 3327 3453 inﬁrmum
3376 3400 3598 3470 invenit,

2002 3499 2053 3545 et
2081 3488 2239 3544 valde
2268 3487 2621 3544 conturbatus
2666 3493 2766 3543 est.
2807 3487 2939 3541 Erat
2985 3486 3130 3541 enim
3186 3494 3313 3543 tunc
3351 3488 3468 3557 jam
3520 3491 3593 3545 ad

2000 3578 2304 3633 libertatem
2328 3574 2582 3631 Ecclesia)
2603 3576 2701 3631 Dei
2732 3591 2831 3631 cor
2854 3575 3086 3641 habens,
3110 3583 3183 3645 et,
3224 3574 3280 3630 in
3330 3584 3598 3649 quantum

1998 3675 2229 3740 poterat,
2260 3666 2493 3722 sollicite
2511 3680 2734 3736 cperam
2765 3665 2902 3721 dans
2926 3672 2981 3720 ut
3006 3665 3305 3720 Anselmus
3333 3682 3447 3722 sua:
3472 3667 3591 3723 sedi

1992 3758 2046 3812 in
2075 3772 2212 3829 pace
2259 3763 2311 3810 et
2361 3757 2565 3810 honore
2613 3754 3003 3810 restitueretur.
3063 3755 3286 3810 Timeus
3336 3770 3471 3827 ergo
3525 3773 3594 3813 ne

1992 3846 2177 3901 virum
2211 3844 2312 3901 loci
2344 3860 2406 3900 ac
2436 3844 2660 3898 fratrum
2682 3859 2840 3899 amor
2866 3859 2975 3900 non
3005 3843 3183 3899 minus
3212 3859 3373 3916 quam
3402 3860 3468 3901 ea
3485 3863 3593 3918 qua

1994 3935 2322 4009 gravabatur
2374 3933 2621 4005 corporis
2667 3932 2976 3989 invaletudo
3016 3933 3085 3987 ab
3139 3932 3327 3988 itinere
3382 3935 3595 4007 Anglia?

1996 4023 2337 4095 priepediret,
2357 4021 2534 4077 modis
2561 4021 2758 4091 quibus
2787 4029 3014 4093 poterat,
3037 4028 3144 4076 tam
3173 4038 3270 4093 per
3316 4038 3372 4078 se
3431 4039 3594 4093 quam

1998 4120 2049 4169 et
2071 4128 2168 4183 per
2194 4126 2298 4166 nos
2329 4110 2417 4183 qui
2448 4126 2631 4166 secum
2660 4125 2897 4177 eramus,
2925 4126 3087 4181 agere
3116 4111 3298 4181 coepit,
3357 4112 3589 4182 qualiter

1997 4201 2172 4257 virum
2202 4198 2322 4256 loco
2369 4198 2644 4265 evelleret,
2695 4204 2747 4252 et
2793 4198 2849 4252 in
2904 4197 3006 4254 iter
3043 4198 3188 4269 quod
3237 4198 3591 4257 desiderabat

292 4287 421 4344 dum
450 4287 595 4359 quod
624 4285 678 4342 in
692 4286 1038 4356 antiquarum
1061 4284 1425 4341 monumentis
1445 4284 1741 4341 litterarum
1766 4306 1890 4359 quae
1914 4317 1965 4381 D
2003 4295 2360 4363 promoveret.
2387 4285 2688 4342 Praemissis
2717 4286 2883 4358 igitur
2936 4285 3189 4358 precibus
3223 4286 3419 4359 quibus
3458 4303 3582 4346 eum

286 4392 503 4451 magnae
551 4374 887 4434 auctoritatis
942 4373 1087 4448 apud
1141 4374 1264 4431 illos
1315 4373 1671 4445 habebantur,
1722 4384 1774 4432 et
1830 4379 1884 4435 in

1993 4397 2059 4437 ex
2077 4384 2227 4451 parte
2279 4375 2487 4433 domini
2527 4374 2608 4430 sui
2654 4374 2805 4446 regis
2862 4373 3164 4448 Anglorum
3213 4374 3576 4447 interpellavit

1580 4555 2003 4615 HENSCHENII
2030 4555 2258 4615 NOTzE.

352 4734 429 4806 (a)
459 4730 836 4799 Boemundus,
867 4727 1496 4806 princeps__dntiochiae,
1528 4730 1697 4806 duxit
1749 4732 1884 4806 Car-

273 4800 387 4862 noti
410 4800 561 4860 anno
591 4806 729 4859 1106
759 4800 886 4877 post
896 4800 1096 4877 Pascha
1115 4800 1281 4857 ﬁliam
1311 4800 1540 4874 Philippi
1558 4804 1704 4877 regis
1720 4803 1884 4861 Fran-

274 4893 482 4949 corum,
506 4873 874 4949 Constantiam
929 4873 1154 4942 dictam,
1204 4881 1328 4929 ante
1384 4873 1884 4949 nuptam‘Hugoni

274 4948 463 5007 comiti
492 4946 769 5003 Trecensi.

348 5019 418 5088 (b)
453 5019 561 5074 Hic
588 5025 673 5073 est
701 5016 760 5071 S.
784 5015 981 5088 Bruno,
1013 5015 1303 5088 episcopus
1329 5015 1628 5088 Signimus,
1681 5018 1881 5075 colitur

274 5086 515 5162 18_'J'ulii,
547 5088 645 5144 sed
672 5103 780 5144 non
812 5086 1025 5162 videtur
1050 5086 1352 5162 ’cardinalis
1382 5086 1574 5159 fuisse,
1606 5090 1695 5147 vel
1738 5090 1877 5162 ipse,

270 5159 358 5217 vel
385 5159 525 5216 alius
554 5174 619 5215 eo
647 5165 892 5228 tempore
922 5159 1099 5213 Bruno
1145 5158 1342 5215 dictus.

342 5233 415 5303 (c)
443 5230 869 5303 Nomentamen
894 5229 983 5285 hic
1036 5228 1250 5303 ilgyrus
1299 5244 1407 5286 non
1472 5228 1657 5300 habet,
1732 5231 1877 5302 quod

270 5300 458 5371 sciam,
492 5302 546 5356 in
576 5300 840 5357 Orientali
867 5300 1118 5356 historia.

342 5373 420 5443 (ἀ)
454 5373 627 5445 Capta
655 5387 800 5427 anno
826 5373 965 5445 1098
983 5370 1287 5445 Antiochia,
1311 5370 1536 5445 relictus
1556 5379 1649 5445 est
1669 5371 1723 5427 in
1781 5389 1879 5429 sua

267 5442 812 5526 dignitate'Joannes‘
827 5443 1158 5526 patriarcha,
1178 5442 1430 5525 egregius
1458 5442 1559 5526 sub
1617 5443 1878 5526 Sarrace-

266 5512 951 5573 misconfessorzsedhoc
978 5513 1118 5570 intra
1146 5512 1424 5568 biennium
1454 5514 1596 5571 ultro
1626 5516 1874 5581 cedente,

268 5587 417 5660 quod
435 5602 495 5643 se
527 5586 801 5660 hominem
830 5586 1097 5660 Graecum
1152 5585 1365 5660 videret
1390 5601 1557 5660 _nonA
1587 5587 1878 5660 ccmmode

266 5655 510 5735 praeesse
540 5658 765 5731 Latinis,
798 5655 1001 5716 electus
1044 5662 1124 5714 est
1170 5656 1494 5729 Bemardus,
1542 5656 1709 5733 legati
1746 5673 1878 5733 apo-

1988 4729 2164 4807 stolici
2189 4731 2524 4807 capellanus,
2554 4730 2867 4807 Valentinas
2896 4727 3148 4801 Francus,
3180 4739 3239 4789 ut
3285 4738 3389 4807 est
3408 4730 3567 4807 apud

1990 4805 2212 4931 'fl‘yriutp
2242 4804 2298 4862 in
2320 4805 2425 4863 ﬁne
2454 4804 2546 4861 lib.
2576 4820 2651 4860 vi.
2672 4805 2752 4859 Ab
2777 4805 3030 4861 alterutro
3053 4812 3291 4878 accepta:
3321 4804 3565 4880 reliquiae

2017 4892 2183 4931 ueren
2211 4916 2224 4931 .

2017 4884 2224 4933 'uerent.

2060 4948 2139 5021 (a)
2166 4948 2431 5021 Beccense
2458 4947 2850 5021 monasterium
2880 4945 3160 5021 intelligit,
3218 4955 3277 5002 ut
3321 4946 3464 5003 infra
3484 4946 3560 5003 li-

1990 5018 2137 5094 quet,
2160 5019 2225 5094 in
2253 5034 2360 5094 quo
2388 5019 2623 5094 priorem
2647 5018 2903 5094 abbatem
2934 5018 3448 5094 Anselmusegerat.

2056 5088 2129 5162 (ﬂ
2156 5088 2303 5145 Licet
2331 5088 2433 5162 hoc
2463 5092 2520 5144 ut
2544 5104 2577 5143 a
2605 5089 2725 5143 rudi
2749 5088 3060 5162 posteritate
3106 5088 3418 5158 conﬁcium,
3449 5106 3560 5162 non

1985 5160 2266 5218 credamus
2297 5175 2313 5230 ;
2344 5160 2490 5231 ipsos
2518 5164 2700 5216 tamen
2726 5160 2954 5231 capillos
2974 5175 3096 5216 cum
3129 5162 3442 5217 reverentia
3458 5161 3557 5219 ho-

1985 5247 2242 5286 noramus
2254 5271 2268 5284 .

2023 5247 2500 5384 (igrhlgillielmus
2524 5300 2592 5356 de
2614 5300 2920 5384 Monteforti
3065 5299 3164 5357 fuit
3214 5302 3434 5384 Doberti
3482 5318 3568 5384 co_-

1986 5372 2130 5428 mitis
2158 5373 2224 5427 de
2248 5372 2502 5444 mellento
2542 5388 2691 5444 saepe
2737 5372 3000 5429 nominati
3053 5374 3433 5442 consobrinus,
3486 5375 3558 5431 ad

1987 5444 2108 5515 ipso
2169 5442 2430 5515 Anselmo
2482 5459 2580 5515 per
2622 5442 2836 5500 litteras
2889 5443 3248 5500 Beccensihus
3280 5446 3560 5502 monachis

1988 5514 2506 5588 commendatus,_ut
2534 5514 2583 5571 ei
2626 5514 2946 5588 pmlationi‘
2983 5516 3296 5588 aptissimus
3337 5534 3357 5588 κς
3386 5530 3556 5588 quam

1988 5586 2156 5643 tenuit
2174 5601 2348 5658 usque
2376 5585 2442 5640 ad
2470 5585 2671 5642 annum
2700 5587 2859 5645 1124.
2892 5585 3048 5644 Plera
3077 5586 3203 5646 vide
3223 5588 3277 5644 in
3296 5585 3553 5647 Neustria

1986 5659 2079 5734 pia
2106 5656 2291 5716 Arturi
2319 5656 2390 5715 du
2418 5658 2695 5718 Monstier.
