4044 6074
521 334 624 389 463

1510 309 1820 370 EADMERI
1861 302 2412 361 CANTUARIENSIS
2445 299 2760 360 MONACHI

3714 300 3818 359 464

511 464 780 532 quatenas
807 449 1078 522 Angliam,
1109 446 1231 516 ejus
1262 442 1512 498 absentia
1553 438 1877 501 desolatam,
1938 434 2104 487 citato
2132 432 2185 489 A
2218 431 2650 532 Anselrno,‘suq.
2655 428 2809 497 jussu
2839 433 3062 496 accepta
3094 426 3309 482 fuerant
3343 442 3415 532 ‘se
3464 428 3808 532 redditurum

517 522 690 604 reditu
714 541 968 606 visitaret,
1003 533 1324 598 affirmabat,
1358 538 1408 585 et
1437 526 1762 583 afﬁrmando
1816 522 2105 594 promitte-

517 637 605 692 bat
637 647 822 705 regem
853 629 1028 699 ipsum
1060 622 1274 693 penitus
1312 620 1379 676 ad
1439 619 1790 705 voluntatem
1829 611 1995 682 ipsius
2051 611 2103 663 in

517 739 678 782 omne
699 702 845 790 quod
869 716 1124 782 deinceps
1139 711 1455 781 praeciperet
1476 702 1937 777 promptissimam
1958 715 2106 790 men-

515 823 620 869 tem
643 787 865 871 habere,
898 819 998 858 nec
1030 801 1254 854 ulterius
1285 816 1315 853 a
1363 799 1613 852 Romana
1670 790 1907 846 Ecclesia
1963 787 2104 845 velle

512 897 818 957 dissentire.
854 894 921 948 Et
949 891 1304 960 subjungens,
1335 887 1410 941 ait
1445 901 1456 939 :
1497 907 1516 931 α
1557 885 1847 952 Propterea
1876 878 2102 933 obsecro

510 999 567 1044 ut
598 1000 817 1043 omnem
849 995 1058 1036 moram
1090 974 1351 1046 rumpatis
1389 973 1442 1027 in
1500 970 1788 1034 veniendo,
1850 982 1918 1022 ne
1967 966 2102 1020 forte

509 1097 574 1136 ex
603 1077 832 1132 adverso
864 1069 1047 1140 aliqua
1080 1063 1356 1120 saecularis
1401 1077 1537 1116 aura
1593 1064 1924 1130 prorumpat,
1982 1070 2102 1124 quas

504 1183 629 1224 eum
659 1165 727 1220 ab
757 1161 872 1215 istis
901 1158 1198 1212 subvertet.
1239 1178 1260 1202 υ
1297 1153 1426 1207 Haec
1447 1151 1537 1205 ille
1563 1149 1788 1203 audiens
1808 1147 1922 1200 Deo
1936 1159 2102 1212 super

507 1250 821 1314 admirabili
851 1248 994 1302 dono
1024 1245 1138 1313 ejus
1167 1242 1375 1313 gratias
1402 1241 1532 1311 egit,
1566 1245 1897 1307 acceptaque
1928 1234 2099 1288 licen-

508 1347 578 1401 tia
603 1359 636 1399 a
665 1337 921 1395 fratribus
952 1335 1090 1388 inter
1120 1347 1256 1403 quos
1280 1329 1486 1400 jamdiu
1516 1342 1715 1398 magno
1746 1340 1865 1379 cum
1911 1337 2101 1376 amore

505 1443 559 1490 et
584 1423 974 1488 honorehabiti
1004 1423 1300 1488 fueramus,
1333 1419 1386 1472 in
1416 1417 1668 1488 Angliam
1698 1415 1865 1468 iturus
1893 1411 2099 1465 Geme-

511 1524 673 1578 ticum
698 1518 774 1586 (a)
808 1513 974 1570 venit.
1009 1510 1117 1565 Ubi
1150 1513 1404 1563 renovata
1435 1505 1742 1559 inﬁrmitate
1772 1518 1896 1572 qua,
1929 1508 1984 1553 ut
2014 1515 2099 1553 me

504 1607 855 1671 moravimus,
888 1600 1044 1657 Becci
1074 1605 1340 1670 gravatus
1375 1594 1562 1661 fuerat,
1592 1609 1622 1647 a
1665 1593 1786 1647 loco
1835 1587 2100 1661 progredi

508 1709 848 1771 nequaquam
879 1689 1072 1760 potuit.
1107 1687 1446 1757 Quapropter
1501 1682 1708 1771 missis,
1740 1680 1793 1734 in
1849 1678 2099 1771 {\ngliam

507 1767 726 1852 nuntiis,
761 1777 1028 1837 intimavit
1053 1776 1170 1847 regi
1196 1773 1323 1844 quid
1351 1771 1453 1827 sibi
1485 1788 1553 1826 ne
1597 1770 1802 1825 rediret
1823 1767 2094 1855 obstabat.
2128 1796 2180 1855 Β

502 1877 770 1932 Turbatur
798 1869 889 1924 ille
919 1867 986 1922 ad
1009 1864 1187 1920 audita
1218 1872 1268 1916 et
1298 1863 1648 1917 vehementer
1700 1856 1946 1921 indoluit,
2001 1853 2097 1926 ju-

508 1982 654 2032 rans,
687 1977 783 2033 per
803 1957 1028 2014 verbum
1059 1955 1177 2021 Dei,
1212 1951 1417 2007 scilicet
1447 1948 1628 2004 omnia
1657 1948 1856 2001 damna
1912 1959 2104 2014 siqua-

509 2054 702 2110 nimius
722 2049 1068 2104 toleraturum
1101 2057 1262 2114 quam
1286 2037 1522 2093 Ansclmi
1552 2037 1854 2091 decessum.
1886 2033 2106 2088 Remis-

483 2121 584 2200 isis
614 2155 745 2212 ergo
767 2133 1048 2194 celerrime
1079 2129 1301 2197 nuntiis,
1335 2135 1452 2182 orat
1478 2127 1653 2180 virum
1687 2123 1788 2177 sibi
1819 2123 1920 2193 ipsi
1967 2137 2100 2190 par-

508 2248 630 2290 cere
659 2211 720 2284 aic
740 2222 1073 2283 omnimodis
1090 2217 1369 2288 indulgere
1390 2215 1579 2286 quieti.
1603 2211 1868 2281 Praecepit
1890 2225 2104 2282 quoque

513 2332 572 2377 ut
605 2320 674 2374 de
705 2318 769 2371 iis
798 2330 918 2385 qua:
951 2310 1030 2366 sui
1057 2308 1198 2378 juris
1254 2307 1307 2359 in
1353 2303 1749 2359 Northmannia
1807 2307 1958 2355 erant
2003 2313 2102 2368 pro

507 2419 632 2471 voto
655 2406 943 2476 acciperet,
977 2407 1031 2454 et
1069 2397 1169 2452 sibi
1202 2410 1265 2451 ac
1295 2394 1405 2448 suis
1433 2388 1931 2447 exindeministrari
1952 2387 2104 2441 sufﬁ-

506 2495 973 2564 cienterjuberet,
1005 2502 1170 2557 seque
1217 2485 1273 2538 in
1331 2482 1577 2552 proximo
1637 2479 2104 2534 translretaturum

511 2591 895 2659 exspectaret;
931 2593 1043 2647 quo
1087 2575 1204 2644 ipse
1261 2571 1506 2643 gratiose
1563 2575 1806 2638 accepto,
1891 2565 2110 2621 circiter

513 2656 700 2733 mense
726 2685 834 2726 uno
859 2667 932 2721 ibi
965 2663 1238 2720 remansit.
1288 2659 1535 2729 Mitigato
1592 2657 1785 2710 deinde
1850 2656 2111 2725 languore

518 2768 753 2822 Beccum
785 2755 968 2823 rediit,
1002 2760 1153 2807 ratus
1181 2749 1284 2802 sibi
1315 2745 1672 2817 opportunius
1730 2752 1782 2798 et
1825 2743 2112 2798 honestius

513 2856 627 2912 fore
652 2849 766 2904 illic
793 2860 954 2916 quam
1009 2840 1142 2894 alias
1179 2836 1386 2908 regium
1443 2832 1736 2904 praestolari
1795 2832 2108 2886 adventum.

513 2942 617 2999 Ubi
649 2935 899 2996 omnibus
926 2930 1062 2985 mira
1087 2925 1368 2982 alacritate
1401 2923 1468 2978 de
1495 2922 1673 2976 reditu
1704 2921 1825 2992 ejus
1847 2920 2111 2974 exsultan-

509 3031 678 3098 tibus,
710 3040 840 3082 ecce
868 3015 1219 3089 lacrymabile
1247 3013 1448 3067 malum
1471 3010 1746 3067 concussit
1767 3015 1925 3098 atque
1972 3007 2109 3098 sub-

513 3119 671 3178 vertit
699 3112 958 3189 gaudium
999 3109 1212 3176 ipsum.
1277 3103 1416 3156 Nam
1440 3108 1549 3154 tam
1581 3098 1765 3170 gravis
1821 3097 2108 3151 infirmitas

519 3213 709 3266 iterum
738 3201 939 3258 invasit
967 3195 1280 3252 Anselmum
1311 3198 1368 3245 ut
1399 3191 1467 3244 de
1516 3204 1582 3243 eo
1638 3196 1834 3257 praeter
1876 3193 2110 3240 mortem

517 3297 651 3356 nihil
677 3298 1130 3363 exspectaremus.
1164 3280 1449 3337 Conﬂuunt
1482 3277 1728 3348 episcopi
1785 3284 1837 3330 et
1885 3275 2114 3329 abbates

520 3400 682 3445 terra:
713 3381 880 3447 illius,
911 3392 975 3432 ac
995 3375 1060 3429 de
1095 3374 1282 3427 lunere
1340 3369 1458 3438 ejus
1505 3367 1701 3437 quique
1761 3371 2111 3435 pertractant.

519 3477 632 3534 Sed
661 3471 1004 3541 omnipotens
1038 3463 1203 3527 Deus,
1234 3474 1330 3513 sua
1359 3457 1552 3528 pietate
1580 3455 1754 3525 ipsum
1777 3461 1962 3509 contra
1991 3467 2116 3506 om-

527 3569 679 3624 nium
710 3559 1021 3631 opinionem
1047 3550 1262 3605 sanitati
1293 3545 1540 3611 restituit,
1563 3553 1614 3599 et
1663 3544 1861 3598 multos
1918 3555 2118 3613 magno

529 3653 726 3712 exinde
747 3646 949 3720 gaudio
977 3637 1286 3696 laetiﬁcavit.

598 3741 767 3813 Igitur
799 3736 854 3789 in
881 3728 1258 3798 Assumptione
1279 3725 1456 3778 beata:
1506 3722 1688 3777 Maria:
1739 3737 1831 3776 rex
1890 3721 2119 3813 Beccum

524 3807 1091 3899 venit,celebratoque
1121 3815 1190 3870 ab
1215 3812 1470 3868 Anselmo
1487 3810 1712 3866 solemni
1771 3809 1954 3863 missae
2006 3807 2121 3862 otii-

534 3923 639 3988 eio,
672 3929 781 3970 una
812 3927 906 3966 rex
929 3907 1133 3962 scilicet
1190 3910 1242 3958 et
1294 3902 1412 3971 ipse
1469 3901 1862 3964 convenerunt,
1911 3905 1961 3950 et
2005 3905 2124 3950 tan-

525 4011 648 4066 dem
677 4001 868 4062 omnia
887 4012 1007 4068 quae
1037 3995 1158 4048 illos
1184 3993 1238 4046 in
1267 3989 1479 4043 diversa
1508 3994 1779 4042 traxerant
1824 4001 2016 4055 pacem
2073 3991 2125 4038 et

537 4092 880 4156 concordiam
911 4088 1250 4140 invenerunt.
1286 4077 1565 4148 Siquidem
1599 4075 1868 4131 Ecclesias
1916 4072 2126 4144 Anglia:

529 4202 664 4262 quas
692 4177 1025 4236 Wilhelmus
1054 4187 1148 4226 rex
1183 4171 1368 4224 fratrer
1400 4166 1548 4237 regis
1577 4164 1797 4262 Ileitrici
1846 4163 1946 4262 sub
2001 4178 2124 4216 cen-

532 4252 670 4338 sum,
705 4278 765 4326 ut
811 4268 977 4336 longe
1034 4258 1281 4330 superius
1328 4255 1506 4322 retuli,
1565 4253 1770 4324 primus
1817 4252 2122 4322 redegerat,

534 4366 733 4422 liberas
764 4355 832 4412 ab
862 4353 1056 4410 eadem
1089 4346 1489 4403 exactionerex
1538 4345 1592 4395 in
1650 4357 1841 4395 manus
1886 4340 2122 4394 Anselmi

527 4451 788 4516 reddidit,
820 4448 874 4501 et
905 4459 962 4496 se
993 4441 1060 4494 de
1090 4435 1244 4507 ipsis,
1280 4433 1404 4487 dum
1439 4432 1660 4498 viveret,
1695 4429 1824 4482 nihil
1863 4437 2121 4499 acceptu-

2214 537 2334 576 cum
2384 520 2438 573 in
2496 517 2748 588 Angliam
2797 522 2940 570 esset
2992 530 3270 585 reversus,
3325 515 3452 572 dato
3509 517 3819 573 vadimonio

2216 608 2484 680 pollicitus
2516 614 2613 660 est.

2286 696 2385 752 llis
2406 703 2458 752 et
2489 694 2607 761 aliis
2639 709 2758 764 quae
2793 709 2876 747 res
2898 692 3186 763 expetebat
3231 693 3369 748 inter
3399 693 3544 749 viros
3585 709 3817 762 compo-

2215 786 2356 855 sitis,
2380 785 2666 839 Anselmus
2690 783 2791 836 iter
2819 783 3069 854 Angliam
3101 782 3376 837 remeandi
3395 783 3674 854 ingressus
3706 791 3810 851 est,

2217 883 2287 943 et,
2321 874 2506 929 divino
2537 872 2794 927 tutamine
2823 871 3008 939 fretus,
3041 887 3205 925 sanus
3227 880 3278 925 et
3307 872 3487 926 alacer
3524 889 3642 926 cum
3701 872 3820 927 suis

2215 964 2468 1019 omnibus
2497 961 2680 1016 Dofris
2709 968 2788 1016 est
2817 960 3094 1030 appulsus.
3129 959 3250 1028 Qua
3268 976 3399 1016 vero
3430 960 3814 1028 exsultatione,

2217 1065 2320 1118 qua
2345 1046 2704 1118 jucunditate,
2726 1061 2832 1117 qua
2864 1062 2959 1116 spe
2990 1044 3120 1100 boni
3167 1047 3225 1099 in
3283 1045 3538 1118 Angliam
3591 1045 3815 1103 veniens

2214 1145 2496 1208 susceptus
2517 1136 2605 1202 sit,
2638 1150 2782 1203 reor,
2806 1151 2873 1189 ex
2905 1134 3348 1190 consideratione
3380 1133 3646 1189 malorum
3689 1152 3810 1205 qua:

2213 1226 2401 1296 paucis
2427 1225 2704 1295 tetigimus
2737 1223 2845 1278 illic
2875 1230 2996 1277 ante
3025 1222 3253 1277 reditum
3299 1222 3418 1292 ejus
3472 1225 3810 1293 provenisse,

2211 1313 2602 1384 aliquantulum
2636 1311 2971 1383 subintelligi
3012 1327 3176 1382 posse
3210 1327 3224 1381 ;
3257 1311 3418 1380 unde,
3481 1320 3534 1366 ut
3582 1313 3812 1369 diversae

2211 1403 2385 1458 zetatis
2414 1411 2464 1456 et
2499 1401 2707 1456 ordinis
2737 1401 3015 1455 hominum
3058 1401 3258 1472 gaudia
3314 1400 3528 1470 sileam,
3577 1400 3646 1456 de
3687 1402 3810 1473 ipsa

2211 1491 2401 1563 regina
2432 1493 2536 1546 hoc
2565 1488 2800 1545 breviter
2825 1489 3050 1544 dixerim
3081 1489 3227 1560 quod
3259 1505 3358 1545 nec
3393 1498 3601 1544 terrena
3631 1506 3807 1562 nego—

2211 1579 2302 1646 tia,
2338 1595 2439 1635 nec
2455 1595 2654 1650 pompa
2686 1577 2966 1632 smcularis
2989 1577 3178 1648 gloriae
3235 1577 3344 1632 ulla
3388 1587 3638 1649 poterant
3687 1595 3810 1634 eam

2211 1669 2456 1723 detinere
2479 1668 2606 1738 quin
2636 1668 2808 1722 virum
2841 1666 2963 1723 loca
2983 1667 3194 1722 diversa
3249 1667 3535 1722 adeuntem
3591 1684 3810 1739 praece-

2209 1757 2382 1825 deret,
2434 1765 2505 1824 et,
2565 1756 2848 1813 monachis
2903 1773 2998 1811 seu
3055 1756 3333 1812 canonicis
3389 1757 3439 1811 ei
3497 1773 3594 1827 pro
3652 1773 3812 1813 more

2211 1848 2427 1902 obviam
2458 1846 2894 1916 procedentibus,
2927 1845 3038 1916 ipsa
3069 1844 3416 1914 procederet,
3466 1845 3810 1917 hospitiaque

2211 1936 2350 2005 ejus,
2409 1950 2505 1990 sua
2555 1934 2912 2005 providentia,
2975 1934 3154 2005 dignis
3221 1933 3567 2003 apparatibus
3649 1935 3811 1990 ador-

2210 2031 2382 2077 naret.
2971 2027 2974 2029 ’

2282 2113 2466 2181 Itaque
2495 2120 2613 2182 post
2643 2113 2778 2179 haec,
2812 2110 2847 2164 ii
2905 2110 2996 2180 qui
3054 2109 3291 2165 ecclesiis
3346 2123 3411 2166 ac
3467 2112 3810 2167 monasteriis

2211 2217 2309 2273 pro
2343 2201 2607 2272 exigenda
2635 2200 2788 2271 regia
2818 2200 3047 2270 pecunia
3079 2199 3290 2254 fuerant
3317 2199 3627 2268 intromissi,
3647 2202 3806 2271 ejecti

2214 2298 2354 2358 sunt,
2388 2298 2438 2343 et
2466 2289 2714 2361 personis
2743 2290 3005 2358 cujusque
3036 2288 3277 2343 ecclesiae
3306 2305 3391 2342 res
3417 2288 3561 2343 intus
3590 2299 3642 2344 et
3663 2301 3814 2345 extta

2215 2379 2284 2432 ad
2315 2394 2656 2433 communem
2699 2379 2982 2432 utilitatem
3014 2378 3429 2432 commendatae.
3457 2378 3813 2448 Presbytero-

2215 2484 2334 2522 rum
2366 2467 2528 2521 etiam
2551 2482 2750 2532 causae,
2777 2466 2917 2522 sicut
2946 2481 3134 2538 regem
3181 2466 3443 2521 Anselmo
3502 2467 3819 2538 promisiSSe

2216 2556 2470 2623 diximus,
2496 2555 2772 2627 disposita
2798 2564 2942 2621 sunt,
2967 2562 3126 2626 atque
3157 2554 3210 2608 id
3256 2555 3430 2626 ipsum
3489 2573 3590 2627 per
3644 2564 3814 2611 totum

2218 2661 2444 2716 regnum
2477 2645 2835 2717 divulgatum.

2289 2734 2402 2787 Rex
2423 2734 2541 2804 ipse
2572 2733 2716 2788 inter
2746 2734 2865 2788 haec
2889 2733 3343 2790 Northmanniam
3374 2732 3475 2788 sibi
3510 2733 3653 2788 bello
3685 2733 3811 2788 sub-

2219 2823 2332 2894 egit
2359 2823 2457 2892 (b),
2491 2825 2544 2876 et
2571 2821 2626 2876 id
2657 2822 2909 2877 Anselmo
2950 2839 3049 2892 per
3105 2822 3414 2894 epistolam,
3475 2838 3635 2892 quam
3687 2837 3820 2878 ecce

2217 2909 2628 2976 subscribimus,
2660 2909 2998 2981 signiﬁcavit.

2297 3020 2318 3047 (ι
2374 2998 2642 3052 Henricus
2695 3015 2784 3053 rex
2854 3001 3174 3072 Anglorum,
3227 2998 3489 3054 Auselmo
3573 2999 3813 3054 Cantua-

2223 3086 2390 3142 riensi
2419 3086 2844 3158 archiepiscopo,
2879 3089 3108 3143 salutem
3139 3096 3192 3143 et
3221 3087 3534 3142 amicitiam.

2297 3200 2316 3223 υ
2351 3176 2656 3230 Paternitati
2689 3185 2742 3230 et
2773 3178 3040 3231 sanctitati
3062 3185 3252 3233 vestrae
3281 3175 3651 3249 signiﬁcamus
3705 3177 3821 3233 Ro-

2221 3265 2431 3320 bertum
2453 3265 2708 3320 comitem
2740 3267 3162 3332 Northmanniaa,
3196 3282 3316 3320 cum
3348 3266 3600 3320 omnibus
3648 3266 3826 3337 cepiis

2225 3354 2449 3407 militum
2483 3354 2795 3424 etpeditum
2847 3371 2983 3426 quos
3033 3370 3190 3424 prece
3239 3363 3293 3409 et
3349 3355 3520 3424 pretio
3579 3355 3828 3409 adunare

2223 3443 2416 3512 potuit,
2450 3442 2539 3497 die
2570 3443 2846 3497 nominata
2893 3451 2944 3498 et
3001 3443 3356 3498 determinata
3409 3458 3619 3498 mecum
3700 3451 3831 3498 ante

2226 3530 2709 3586 Tenerchebraium
2741 3533 2940 3586 acriter
2965 3548 3239 3602 pugnasse
3272 3532 3364 3601 (c),
3397 3541 3447 3586 et
3478 3532 3692 3586 tandem
3725 3531 3830 3586 sub

2228 3619 2597 3675 misericordia
2623 3621 2716 3675 Dei
2752 3621 2994 3688 vicimus,
3027 3629 3079 3676 et
3109 3621 3227 3675 sine
3255 3621 3420 3674 multa
3450 3620 3597 3674 caede
3615 3629 3830 3674 nostro-

2227 3724 2374 3763 rum.
2433 3708 2578 3776 Quid
2634 3708 2843 3777 plura?
2913 3709 3108 3763 Divina
3177 3708 3558 3764 misericordia
3629 3707 3827 3764 ducem

2228 3796 2637 3851 Northmanniae
2667 3805 2719 3850 et
2749 3799 3003 3852 comitem
3032 3796 3318 3863 Moritonii,
3354 3804 3406 3850 et
3452 3795 3831 3850 Willhelmum

2230 3885 2556 3956 Crispinum,
2591 3893 2642 3940 et
2672 3885 3047 3940 Willhelmum
3079 3885 3147 3939 de
3168 3885 3428 3950 Ferreris,
3454 3894 3507 3940 et
3529 3884 3833 3940 Robertum

2231 3973 2298 4028 de
2329 3973 2606 4029 Stuteville
2633 3989 2838 4041 senem,
2871 3975 3074 4028 etalios
3113 3990 3283 4044 usque
3330 3975 3398 4027 ad
3457 3973 3835 4045 quadringen-

2233 4069 2315 4118 tos
2345 4061 2562 4130 milites,
2597 4071 2648 4117 et
2677 4063 2867 4118 decem
2897 4062 3064 4115 millia
3096 4062 3335 4132 peditum
3367 4062 3422 4115 in
3453 4076 3650 4116 manus
3695 4076 3830 4116 nos-

2233 4158 2362 4219 tras,
2396 4151 2906 4206 etNorthmanniam
2926 4151 3092 4206 dedit.
3126 4151 3206 4205 De
3237 4151 3344 4205 illis
3366 4159 3543 4206 autem
3567 4151 3834 4222 quosgla-

2233 4238 2354 4293 dius
2384 4240 2632 4310 peremit,
2664 4257 2770 4294 non
2801 4248 2885 4295 est
2913 4256 3188 4294 numerus.
3217 4240 3330 4294 Hoc
3360 4248 3672 4293 autemnon
3719 4239 3832 4293 ela-

2233 4327 2365 4383 tioni
2401 4329 2484 4383 vel
2519 4328 2860 4399 arrogantiae,
2895 4344 2992 4382 nec
3025 4327 3230 4383 viribus
3283 4328 3420 4382 meis
3477 4327 3677 4397 tribuo,
3736 4328 3835 4382 sed

2235 4417 2380 4471 dono
2413 4416 2611 4472 divinae
2641 4417 3015 4487 dispositionis
3050 4415 3306 4481 attribuo,
3347 4417 3617 4486 quocirca,
3669 4417 3834 4471 Pater

524 4497 914 4610 gggﬁghaiu
944 4497 1128 4586 essent
1157 4497 1277 4578 sine
1308 4529 1541 4592 pastore,
1573 4518 1839 4589 promiSit.
1876 4497 2114 4588 Prope-
2148 4497 2199 4558 Ι)
2229 4507 2540 4610 reverenda,
2574 4507 2762 4577 suplex
2811 4514 2870 4610 et
2924 4506 3150 4560 devotus
3195 4505 3424 4576 genibus
3471 4513 3579 4605 tum
3634 4505 3838 4610 sancti-

525 4607 896 4692 cunia—autem
931 4632 1094 4690 quam
1123 4629 1152 4670 a
1184 4611 1542 4684 presbyteris,
1575 4616 1632 4662 ut
1661 4607 1871 4676 praefati
1917 4622 2118 4675 sumus,

524 4722 826 4791 acceperat,
858 4724 978 4766 eam
991 4701 1428 4762 emendationem
1442 4696 1734 4769 spopondit
1749 4703 1816 4791 ut.
1832 4694 1970 4791 ii-qu-i
1988 4710 2120 4750 non-

528 4783 808 4868 dum-inde
831 4797 959 4870 quid
979 4787 1394 4849 dederantnihil
1413 4788 1626 4854 darent,
1655 4793 1707 4840 et
1727 4784 1818 4856 qui
1856 4783 2119 4838 dederant

526 4901 696 4959 tribus
715 4890 870 4948 annis
891 4903 984 4942 sua
1007 4881 1188 4938 omnia
1210 4879 1264 4932 in
1286 4891 1416 4948 pace
1447 4884 1497 4931 et
1527 4874 1705 4944 quiete
1735 4873 1906 4928 libera
1934 4873 2116 4943 possi-

524 4991 731 5047 derent.
746 4981 952 5038 Cuncta
966 4987 1098 5030 vero
1111 4981 1234 5041 qua
1253 4966 1319 5022 de
1339 4961 2117 5036 archiepiscopatu,exsulante

2232 4594 2355 4649 tatis
2385 4594 2670 4650 advolutus
2694 4603 2746 4650 te
2792 4595 3058 4665 deprecor
3107 4601 3166 4648 ut
3221 4609 3513 4663 supernum
3561 4592 3832 4663 judicem,

2229 4683 2387 4753 cujus
2417 4684 2640 4739 arbitrio
2669 4691 2722 4738 et
2744 4683 3018 4738 voluntate
3049 4682 3350 4753 triumphus
3399 4682 3498 4737 iste
3553 4686 3662 4736 tam
3712 4682 3836 4754 glo-

2227 4773 2399 4827 riosus
2429 4781 2483 4827 et
2513 4772 2654 4826 utilis
2681 4772 2812 4826 mihi
2841 4771 3090 4843 contigit,
3139 4771 3447 4842 depreceris
3494 4778 3552 4826 ut
3605 4787 3713 4826 non
3756 4772 3835 4827 sit

2227 4860 2358 4916 mihi
2370 4860 2439 4915 ad
2455 4860 2712 4916 damnum
2728 4869 2782 4916 et
2797 4860 3200 4928 detrimentum,
3225 4859 3323 4914 sed
3345 4861 3413 4915 ad
3431 4859 3640 4914 initium
3658 4859 3834 4916 bono-

2224 4967 2341 5005 rum
2356 4966 2586 5022 operum
2601 4957 2653 5006 et
2665 4949 2868 5008 servitii
2883 4948 3060 5016 Dei,et
3071 4956 3270 5005 sanctae
3282 4948 3381 5004 Dei
3397 4947 3654 5006 Ecclesiae
3664 4957 3833 5011 statu.

1833 5109 2261 5168 HENSCHENII
2300 5103 2525 5163 ΝΟΤΕ.

593 5298 669 5367 (α)
700 5289 1120 5367 δειυωειίεμιην
1140 5281 1304 5367 vute?
1325 5271 2124 5367 ’"mt'éﬂ‘-i".(‘?§..§°fl‘9f¥§i

521 5346 667 5448 καὶ.ῐῖ
689 5346 1119 5423 εἰῖιδιᾶὲιέιετίυπὶ
1147 5346 1406 5448 amplum,
1428 5346 1529 5429 ubi
1532 5362 1663 5431 vero
1681 5346 1850 5448 s'imiliA
1851 5354 1928 5401 ter
1942 5346 2123 5448 nlavim

522 5417 916 5503 aliasalias
936 5431 1129 5503 eratin
1158 5417 1773 5503 angustae-ejiciendus
1795 5417 2122 5503 ‘Anfselgnus.

593 5486 686 5588 ("133'
683 5486 756 5588 1}?
757 5486 1012 5588 Ξῇἱιῖἕηὶλρ
1027 5486 1272 5588 ejusdem
1291 5493 1456 5588 sunt;
1470 5486 1590 5588 Ψέέ
1604 5486 2124 5588 9931111959351.

519 5560 912 5647 camilli-talem,
930 5560 1000 5636 ad
1029 5560 1228 5632 dictum
1245 5581 1478 5638 annum,
1491 5561 1584 5620 ubi
1602 5560 1762 5620 etiam
1783 5560 2033 5634 captivos
2047 5573 2126 5614 re-

2233 5263 2543 5343 censet,_uti
2574 5260 2838 5343 et__Simon
2868 5259 3248 5343 Dunelmensis
3277 5259 3482 5343 aliique
3511 5259 3830 5343 scriptores.

2305 5342 2380 5412 (ο)
2407 5333 2673 5394 Moritonii
2701 5334 2909 5390 comitis
2931 5336 3313 5412 castrumhoc
3340 5333 3438 5412 fuit
3481 5333 3838 5412 quodnobsi-

2234 5404 2445 5467 (lentem
2480 5423 2663 5478 regem
2695 5406 2944 5478 aggressi
2973 5405 3151 5478 hostes
3180 5405 3234 5459 in
3266 5404 3449 5476 vigilia
3477 5405 3547 5478 S.
3592 5404 3838 5461 Michae-

2234 5483 2320 5548 lis,
2352 5482 2512 5559 istam
2543 5475 2697 5559 defe
2727 5475 3009 5559 victoriam
3046 5475 3272 5547 dedere,
3302 5475 3359 5534 ut
3388 5476 3579 5534 scribit
3599 5479 3710 5549 jam
3742 5477 3834 5535 cio

2235 5563 2374 5612 tatus
2401 5553 2591 5610 Simon
2618 5549 3015 5607 Dunelmensis.
