4044 6074
231 308 340 367 ιδε

1286 360 1290 365 .
1336 300 1663 360 HISTORIA
1689 299 2291 359 πωπω-ιω.
2323 299 2418 357 IV.

3442 300 3546 356 L66

244 440 361 489 tum
405 430 688 503 tranquilla
734 445 872 503 pace
920 428 1209 488 tenendum
1256 434 1309 485 et
1355 427 1837 495 corroborandum,
1870 426 1927 489 A
1955 425 2255 497 quamlibet
2308 426 2509 484 laicam
2556 441 2774 482 manum
2830 425 3174 484 investiretur
3218 425 3273 483 in
3322 426 3540 503 Anglia,

246 528 311 578 ut
338 522 537 578 amodo
581 519 756 578 libera
785 522 948 590 vivat,
981 527 1034 576 et
1060 519 1209 576 nulla
1254 517 1592 576 concutiatur
1635 524 1846 586 tempe-

246 619 388 667 state
414 610 706 667 bellorum.
746 635 768 659 η

330 700 505 772 Igitur
532 700 604 756 ob
630 715 822 771 pacem
864 714 1025 770 quam
1071 713 1165 754 rex
1212 698 1413 754 fecerat
1439 712 1561 753 cum
1590 694 1848 752 Anselmo

253 788 365 846 hac
394 789 626 845 victoria
656 805 780 844 eum
809 789 1039 859 potitum
1069 787 1222 842 multi
1257 785 1429 842 testati
1457 794 1600 842 sunt.

323 877 726 935 Northmannia
778 892 910 949 ergo
958 876 1059 931 sub
1102 876 1255 948 regia
1294 891 1428 947 pace
1476 874 1761 945 disposita,
1793 877 1850 929 ct

252 966 396 1023 duce
429 966 665 1023 Roberto
695 981 818 1022 cum
850 966 1045 1021 comite
1074 964 1347 1019 Moritonii
1372 966 1430 1018 in
1453 963 1720 1036 Angliam
1749 963 1849 1018 sub

253 1055 508 1127 captione
537 1055 857 1127 pramissis,
880 1070 974 1110 rex
1004 1052 1119 1124 ipse
1146 1053 1200 1107 in
1230 1068 1454 1125 regnum
1486 1069 1639 1108 suum
1673 1068 1850 1109 rever-

252 1161 348 1199 sus
378 1153 479 1200 est.
514 1136 780 1200 Adunatis
828 1150 1006 1199 autem
1055 1142 1124 1197 ad
1172 1142 1376 1198 curiam
1407 1142 1525 1213 ejus
1554 1142 1609 1196 in
1638 1142 1851 1199 Pascha

257 1241 423 1289 terrae
454 1233 813 1306 principibus,
845 1231 1008 1287 dilata
1056 1238 1140 1286 est
1182 1230 1535 1287 ecclesiarum
1577 1232 1849 1287 ordinatio

258 1338 421 1393 quam
453 1339 549 1378 rex
572 1338 632 1377 se
660 1321 929 1376 facturum
958 1320 1315 1390 disposuerat,
1336 1336 1403 1376 eo
1433 1321 1577 1391 quod
1606 1336 1852 1376 summus

257 1412 410 1466 sedis
439 1410 754 1482 apostolica
780 1408 1026 1481 pontifex
1058 1409 1338 1465 Paschalis
1370 1410 1651 1465 Franciam
1681 1426 1852 1465 vene-

249 1509 335 1555 rat
366 1501 467 1571 (a),
505 1507 559 1555 et
603 1498 710 1554 sibi
750 1499 819 1553 ad
860 1498 1149 1556 concilium
1196 1497 1272 1571 (b)
1323 1498 1466 1570 quod
1512 1498 1695 1555 Trecis
1739 1507 1855 1555 erat

256 1589 655 1657 celebraturus,
690 1604 721 1643 a
748 1603 878 1662 rege
906 1587 1142 1644 Henrico
1173 1595 1226 1643 et
1254 1588 1323 1643 ab
1345 1589 1604 1644 Anselmo
1634 1588 1853 1645 archie-

256 1679 511 1750 piscopo,
544 1693 692 1749 sape
721 1692 881 1748 supra
919 1685 1251 1733 memoratos
1274 1677 1442 1744 viros,
1473 1677 1856 1734 Willhelmum

1956 516 2287 571 concedente
2316 532 2529 588 quoque
2560 516 2818 574 Anselmo
2847 524 2904 572 ut
2943 518 3123 572 nullus
3170 516 3226 571 in
3272 515 3548 588 pralatio-

1957 619 2082 659 nem
2110 604 2313 660 electus
2339 622 2438 676 pro
2468 605 2729 675 hominio,
2762 606 2907 678 quod
2936 605 3057 679 regi
3088 606 3308 674 faceret,
3343 620 3542 661 conse-

1956 692 2195 749 cratione
2250 694 2487 765 suscepti
2541 694 2764 751 honoris
2817 696 3146 766 privaretur.
3213 694 3422 765 Quibus
3471 693 3548 748 ita

1955 780 2252 852 dispositis,
2275 799 2413 854 pene
2441 783 2696 839 omnibus
2717 784 2980 840 Ecclesiis
3001 783 3242 856 Anglia,
3276 800 3400 855 quae
3430 782 3545 838 suis

1956 877 2106 927 erant
2134 871 2443 942 pastoribus
2472 872 2565 928 diu
2593 873 2848 942 viduata,
2872 889 2970 943 per
2997 872 3282 929 consilium
3307 870 3543 928 Anselmi

1956 975 2022 1017 ac
2050 976 2334 1033 procerum
2364 961 2537 1034 regni,
2570 962 2685 1019 sine
2713 963 2861 1018 omni
2908 963 3079 1034 virga
3126 962 3416 1033 pastoralis
3454 970 3548 1017 aut

1957 1050 2143 1105 annuli
2176 1051 2493 1107 investitura
2521 1052 2718 1105 Patres
2737 1067 2768 1105 a
2800 1067 2931 1123 rege
2960 1059 3084 1105 sunt
3105 1051 3353 1106 instituti.
3387 1052 3546 1107 Iusti-

1959 1140 2056 1195 tuti
2086 1157 2303 1213 quoque
2333 1148 2456 1196 sunt
2486 1141 2689 1195 ibidem
2738 1144 2792 1195 et
2833 1140 3026 1195 eodem
3056 1147 3300 1211 tempore
3331 1141 3400 1194 ab
3429 1141 3545 1211 ipso

1960 1245 2089 1303 rege
2118 1230 2338 1302 quidam
2382 1230 2457 1284 ad
2502 1229 2744 1301 regimen
2791 1228 3143 1300 quarumdam
3188 1227 3546 1284 Ecclesiarum

1959 1318 2390 1387 Northmannia,
2424 1334 2544 1389 qua
2573 1318 2820 1374 similiter
2842 1317 2955 1372 suis
2983 1324 3136 1372 erant
3164 1316 3423 1372 Patribus
3449 1317 3549 1372 de-

1959 1408 2178 1465 stituta.

2033 1502 2178 1556 Inter
2206 1501 2307 1556 ista
2338 1502 2502 1571 coepit
2541 1498 2831 1554 Anselmus
2876 1511 3061 1553 coram
3111 1511 3241 1569 rege
3286 1496 3553 1570 regnique

1961 1590 2230 1662 episcopis
2259 1597 2418 1660 atque
2447 1587 2788 1660 principibus
2809 1586 3029 1658 exigere
3051 1600 3083 1641 a
3103 1584 3347 1642 Gerardo
3377 1586 3554 1641 archi-

1963 1679 2221 1751 episcopo
2240 1678 2591 1743 Eboracensi,
2613 1675 3009 1747 professionem
3030 1675 3099 1731 de
3120 1691 3220 1730 sua
3239 1674 3555 1731 obedientia

255 1776 308 1822 et
341 1766 680 1822 Baldvvinum
709 1765 849 1822 mitti
891 1767 1265 1823 mandaverat.
1316 1768 1485 1824 Ratus
1530 1767 1713 1839 itaque
1759 1783 1858 1823 rex
1888 1790 1941 1853 Β
1966 1776 2017 1823 et
2045 1768 2401 1839 subjectione,
2425 1782 2587 1839 quam
2618 1781 2729 1821 non
2750 1765 2954 1821 fecerat
2981 1779 3049 1819 ex
3080 1780 3186 1836 quo
3218 1766 3286 1820 de
3315 1764 3557 1836 espisco-

261 1857 471 1927 aliquid
501 1855 628 1911 novi
658 1871 717 1910 se
745 1855 800 1910 in
828 1856 1001 1911 reditu
1022 1856 1236 1911 illorum
1260 1864 1632 1928 accepturum,
1657 1856 1709 1911 in
1733 1857 1859 1911 sub-

265 1960 505 2015 sequens
539 1945 736 1999 festum
758 1945 1098 2000 Pentecostes
1117 1945 1300 2000 omnia
1321 1945 1548 2015 distulit,
1569 1952 1857 2016 quatenus,

263 2033 342 2089 eis
373 2031 618 2100 reversis,
653 2033 894 2088 securius
922 2049 1169 2106 quaque,
1218 2033 1401 2106 agnita
1445 2033 1724 2105 pontiﬁcis
1753 2049 1856 2090 vo-

264 2121 491 2192 luntate,
523 2121 863 2194 disponeret.

330 2211 520 2268 Soluta
549 2210 717 2284 igitur
742 2211 897 2269 curia
923 2211 1209 2269 Anselmus
1257 2211 1328 2266 ad
1373 2210 1649 2267 abbatlam
1686 2211 1857 2267 sancti

256 2301 569 2357 Eadmundi
598 2301 753 2356 vadit
780 2315 998 2356 crucem
1029 2315 1283 2372 magnam
1314 2299 1388 2355 ibi
1418 2309 1846 2369 consecraturus,

261 2397 314 2447 et
342 2389 446 2445 alia
477 2390 727 2460 quadam
767 2389 1099 2461 episcopalis
1142 2388 1317 2445 ofﬁcia
1360 2389 1847 2446 administraturus.

261 2477 472 2548 Quibus
501 2477 750 2550 expletis,
775 2493 897 2533 cum
915 2477 1031 2548 jam
1056 2477 1350 2534 rediturum
1371 2494 1433 2535 se
1455 2486 1665 2550 putaret
1693 2476 1850 2551 gravi

268 2566 509 2639 corporis
573 2565 885 2623 inﬁrmitate
949 2566 1261 2638 corripitur,
1328 2575 1382 2623 et
1445 2567 1856 2639 ingravescente

269 2657 532 2729 languore
561 2656 631 2711 ad
662 2660 907 2711 extrema
932 2656 1044 2711 fere
1075 2656 1417 2727 perducitur.
1466 2658 1726 2713 Detentus
1755 2673 1857 2712 au-

267 2754 375 2800 tem
414 2751 495 2800 est
539 2743 617 2799 ibi
663 2751 889 2816 propter
928 2745 1109 2816 ipsam
1153 2743 1521 2801 inﬁrmitatem
1568 2761 1740 2816 usque
1789 2744 1856 2800 ad

264 2841 487 2889 octavas
515 2832 888 2904 Pentecostes,
922 2840 976 2888 et
1005 2833 1293 2889 concilium
1323 2834 1488 2906 quod,
1526 2834 1665 2891 sicut
1708 2833 1856 2889 dixi-

263 2938 405 2991 mus,
438 2922 663 2976 dilatum
690 2930 822 2993 crat,
854 2936 1021 2978 causa
1050 2920 1375 2978 inﬁrmitatis
1419 2922 1563 2995 ejus,
1612 2922 1857 2981 inducias

264 3008 324 3061 in
356 3007 591 3062 Kalend.
622 3007 849 3079 Augusti
878 3007 1108 3078 accepit.

338 3097 481 3152 inter
508 3096 648 3164 hac,
679 3110 745 3151 ex
774 3104 934 3167 parte
976 3096 1259 3166 apostolici
1295 3096 1456 3153 allata
1486 3104 1568 3153 est
1594 3099 1853 3155 Anselmo

252 3184 482 3257 epistola
513 3184 614 3239 ista
648 3202 662 3239 :

334 3296 355 3321 οι
394 3272 672 3328 Paschalis
695 3272 1013 3345 episcopus,
1035 3289 1232 3331 servus
1253 3289 1532 3331 servorum
1549 3276 1671 3345 Dei,
1695 3293 1852 3333 vene-

256 3362 414 3418 rabili
445 3361 599 3417 fratri
620 3363 896 3430 Anselmo,
920 3362 1289 3419 Cantuariensi
1319 3365 1598 3437 episcOpo,
1621 3366 1849 3423 salutem

257 3460 306 3507 et
339 3449 699 3521 apostolicam
730 3450 1187 3507 benedictionem.

332 3563 354 3589 α
394 3539 479 3596 De
536 3539 969 3612 presbyterorum
1018 3539 1175 3608 ﬁliis,

252 3629 432 3686 schali
464 3628 538 3683 II.

325 3720 386 3773 In
407 3716 674 3773 Kalendis
696 3732 832 3790 ergo
854 3719 1108 3790 Augusti,
1126 3728 1424 3777 conventus
1442 3723 1841 3794 episcoporum,

252 3806 546 3875 abbatum,
598 3820 885 3877 procerum
934 3807 1089 3879 regni
1136 3808 1437 3865 Lundonia
1484 3811 1538 3866 in
1587 3813 1845 3884 palatium

253 3894 405 3967 regis
436 3894 616 3950 factus
646 3902 748 3949 est.
782 3896 849 3950 Et
876 3911 975 3967 per
1003 3907 1115 3952 tres
1143 3897 1435 3955 continuos
1463 3900 1601 3970 dies,
1624 3902 1845 3958 absente

258 3984 510 4039 Anselmo
557 3983 698 4039 inter
742 3999 931 4057 regem
979 3989 1033 4040 et
1080 3985 1367 4057 episcopos
1403 3990 1733 4045 satisfactum
1776 3991 1846 4047 de

256 4071 621 4127 Ecclesiarum
652 4071 1007 4139 investituris,
1042 4074 1364 4144 quibusdam
1412 4078 1480 4132 ad
1529 4080 1631 4134 hoc
1659 4079 1841 4134 niten-

258 4160 396 4215 tibus
424 4167 483 4215 ut
510 4175 608 4215 rex
637 4175 734 4216 eas
763 4159 966 4217 faceret
994 4177 1145 4219 more
1190 4165 1360 4235 patris
1403 4182 1465 4221 ac
1513 4167 1693 4222 fratris
1737 4168 1838 4235 sui,

255 4264 357 4304 non
376 4249 532 4318 juxta
555 4257 884 4321 praceptum
907 4258 958 4305 et
978 4251 1349 4308 obedientiam
1372 4256 1677 4326 apostolici.
1699 4257 1839 4313 Nam

255 4353 416 4409 papa,
449 4338 505 4392 in
534 4340 798 4394 sententia
846 4356 968 4411 qua
1016 4340 1214 4396 exinde
1259 4345 1604 4416 promulgata
1644 4346 1835 4414 fuerat,

254 4425 433 4481 minus
488 4435 679 4495 stans,
732 4437 1083 4484 concesserat
1135 4430 1374 4486 hominis
1422 4450 1543 4502 qua
1591 4433 1840 4490 Urbanus

1234 3566 1256 3591 υ
1298 3552 1404 3600 etc.
1462 3546 1587 3602 Vide
1630 3549 1693 3603 in
1736 3549 1847 3603 Pa-

1882 3149 1932 3212 C

1965 1863 2095 1928 patu
2142 1855 2525 1912 Herefordensi
2571 1854 2624 1908 in
2669 1853 3196 1925 archiepiscopatum
3234 1853 3556 1910 Eboracen-

1966 1962 2103 2014 sem,
2152 1953 2207 2001 ut
2250 1959 2413 2017 supra
2442 1943 2812 2012 meminimus,
2863 1942 3178 1997 translatum
3228 1941 3422 1998 fuerat.
3473 1942 3557 1997 Ad

1967 2051 2086 2107 qua
2114 2049 2240 2091 cum
2269 2050 2367 2089 rex
2396 2033 2510 2106 ipse
2560 2032 2767 2088 diceret
2811 2031 2917 2087 sibi
2965 2030 3183 2104 quidem
3229 2045 3340 2086 non
3388 2028 3560 2086 videri

1966 2139 2192 2180 necesse
2221 2139 2339 2179 esse
2377 2131 2435 2178 ut
2466 2121 2787 2194 professioni
2836 2136 2995 2192 quam
3043 2118 3398 2176 ordinationis
3446 2134 3559 2174 sua

1969 2220 2209 2284 tempore
2239 2211 2517 2269 Gerardus
2548 2211 2753 2266 fecerat
2781 2210 2944 2266 aliam
2977 2208 3392 2280 superadderet,
3425 2223 3561 2281 pra-

1965 2304 2173 2369 sertim,
2202 2318 2325 2357 cum
2356 2302 2485 2356 licet
2513 2299 2813 2356 Ecclesium
2844 2298 3150 2363 mutaverit,
3182 2297 3330 2353 idem
3379 2306 3560 2355 tamen

1970 2392 2060 2463 qui
2111 2391 2284 2446 fuerat
2332 2390 2387 2444 in
2439 2404 2671 2461 persona
2716 2386 3105 2459 permanserit,
3158 2401 3261 2443 nec
3304 2401 3338 2442 a
3382 2388 3563 2460 prima

1965 2480 2318 2551 professione
2349 2478 2633 2534 absolutus
2665 2475 2951 2542 exstiterit,
2985 2474 3297 2543 Anselmus,
3326 2483 3385 2531 ut
3412 2492 3558 2549 pra-

1965 2568 2130 2625 sentis
2161 2568 2382 2640 quidem
2412 2566 2565 2640 regis
2595 2565 2777 2621 verbis
2824 2564 3095 2636 acquievit
3137 2582 3202 2621 ea
3250 2566 3561 2623 conditione

1963 2666 2022 2713 ut
2051 2657 2324 2714 Gerardus
2352 2655 2406 2710 in
2437 2671 2657 2710 manum
2686 2653 2789 2709 sibi
2820 2655 2977 2709 daret
3023 2671 3079 2710 se
3126 2654 3377 2711 eamdem
3422 2655 3559 2710 sub-

1959 2746 2251 2819 jectionem
2294 2744 2349 2799 in
2394 2743 2869 2816 archiepiscopatu
2919 2744 2969 2798 ei
3013 2750 3353 2799 servaturum
3391 2759 3556 2816 quam

1962 2836 2019 2891 in
2048 2835 2366 2908 episcopatu
2396 2834 2679 2905 professus
2717 2832 2917 2888 fuerat.
2950 2831 3152 2888 Annuit
3176 2832 3472 2902 Gerardus,
3506 2839 3560 2889 et

1962 2941 2064 2983 sua
2111 2941 2277 2980 manu
2324 2922 2578 2995 imposita
2609 2921 2791 2977 manui
2820 2921 3075 2988 Anselmi,
3108 2921 3423 2993 interposita
3451 2920 3557 2977 fide

1960 3031 2077 3084 sua,
2112 3012 2384 3086 pollicitus
2410 3017 2495 3068 est
2518 3027 2576 3068 se
2608 3011 2855 3068 eamdem
2884 3010 3277 3082 subjectionem
3323 3019 3374 3067 et
3418 3011 3554 3067 obe-

1962 3103 2215 3159 dientiam
2243 3102 2345 3173 ipsi
2393 3109 2446 3158 et
2493 3101 2892 3158 successoribus
2919 3101 3034 3156 suis
3082 3101 3138 3155 in
3185 3100 3553 3171 archiepisco-

1960 3200 2091 3264 patu
2122 3192 2481 3249 exhibiturum
2528 3206 2690 3262 quam
2739 3190 3126 3246 Herefordensi
3174 3189 3434 3247 Ecclesia
3481 3189 3552 3246 ab

1960 3298 2026 3339 eo
2056 3281 2351 3338 sacrandus
2379 3280 2602 3336 antistes
2631 3279 2969 3352 promiserat.

2034 3369 2172 3426 Exin
2201 3376 2451 3425 statutum
2482 3376 2565 3424 est
2610 3376 2667 3423 ut
2715 3368 2806 3440 qui
2855 3367 2923 3422 ad
2966 3367 3342 3439 episcopatum
3389 3367 3549 3424 electi

1957 3467 2111 3516 erant
2167 3458 2511 3513 Cantuariam
2570 3457 2737 3524 irent,
2798 3462 2849 3512 et
2904 3455 2977 3510 ibi
3035 3455 3320 3527 dignitatis
3374 3454 3549 3526 ipsius

1957 3547 2393 3604 benedictionem
2449 3561 2518 3602 ex
2573 3560 2738 3600 more
2786 3544 3147 3616 susciperent.
3195 3543 3548 3600 Willhelmus

1954 3637 2135 3708 itaque
2164 3633 2580 3703 Wiutoniensis,
2631 3640 2683 3688 et
2730 3633 3001 3706 Rogerius
3047 3632 3433 3701 Serberiensis,
3482 3649 3549 3690 ac

1954 3725 2268 3784 Reinelmus
2300 3732 2427 3780 tunc
2453 3738 2629 3795 nuper
2646 3721 2905 3779 Ecclesia
2925 3722 3310 3779 Herefordensi
3328 3722 3542 3779 restitu-

1924 3822 2037 3870 'tus
2064 3814 2381 3885 episcopus,
2411 3828 2643 3886 quorum
2687 3828 2850 3883 supra
2892 3812 3263 3883 meminimus,
3296 3828 3397 3870 nec
3432 3827 3543 3869 non

1952 3903 2301 3958 Willhelmus
2331 3902 2422 3972 qui
2453 3900 2727 3974 legatione
2755 3900 2901 3974 regis
2948 3901 3102 3974 fungi
3151 3901 3380 3970 solebat,
3414 3908 3542 3959 tunc

1949 3999 2130 4049 autem
2190 3990 2564 4046 Execestrensi
2633 3989 2896 4045 Ecclesia
2963 3989 3163 4045 electus
3232 3990 3536 4062 episcopus,

1949 4081 2203 4139 Urbanus
2234 4094 2453 4150 quoque
2470 4077 2904 4149 Glamorgatensi
2925 4078 3187 4134 Ecclesia
3206 4079 3302 4150 (ο),
3335 4095 3456 4149 qua
3484 4078 3540 4135 in

1950 4168 2136 4227 Gualis
2166 4176 2265 4235 est,
2297 4165 2545 4223 similiter
2587 4166 2785 4222 electus
2835 4164 3141 4237 cpiscopus,
3185 4166 3347 4222 simul
3394 4167 3537 4223 Can-

1949 4259 2176 4314 tuariam
2207 4263 2490 4321 venerunt,
2523 4264 2574 4311 et
2604 4254 2659 4308 in
2686 4254 2973 4310 Dominica
3001 4254 3108 4324 die,
3139 4272 3263 4328 quae
3294 4256 3395 4313 fuit
3423 4265 3533 4313 ter-

1948 4348 2019 4404 tio
2051 4349 2184 4402 Idus
2215 4344 2444 4418 Augusti
2476 4344 2551 4414 (d)
2584 4344 2786 4416 pariter
2815 4343 2884 4398 ab
2912 4345 3171 4399 Anselmo
3227 4347 3534 4402 consecrati

1946 4444 2085 4504 sunt,
2134 4433 2565 4491 ministrantibus
2610 4440 2664 4488 et
2706 4431 3127 4503 cooperantibus
3173 4433 3280 4488 sibi
3329 4434 3385 4490 in
3431 4435 3537 4491 hoc

251 4528 396 4585 papa
425 4530 582 4588 aque
609 4522 667 4570 ut
697 4515 1041 4572 investituras
1072 4518 1442 4590 interdixerat,
1483 4536 1546 4578 ac
1592 4538 1690 4592 per
1733 4525 1837 4579 hoc
1863 4514 1917 4574 D
1947 4524 2122 4581 otiicio
2165 4522 2528 4596 suﬂ‘raganeis
2571 4521 2739 4593 ipsius
2783 4521 2948 4591 sedis,
2999 4521 3240 4577 Gerardo
3282 4522 3537 4581 videlicet

251 4619 437 4676 regem
469 4603 575 4658 sibi
602 4604 672 4659 de
701 4604 1030 4663 investituris
1068 4615 1490 4664 consentaneum
1534 4611 1753 4680 fecerat,
1784 4620 1843 4668 ut

250 4708 317 4747 ex
347 4691 575 4764 epistola
605 4708 767 4764 quam
799 4709 965 4766 supra
994 4695 1377 4767 descripsimus
1415 4699 1602 4771 colligi
1631 4708 1831 4771 potest.

246 4780 490 4850 Dehinc,
542 4790 817 4852 prasente
873 4783 1155 4852 Anselmo,
1214 4793 1424 4842 astante
1476 4789 1837 4859 multitudine,

247 4869 435 4925 annuit
482 4886 578 4926 rex
608 4878 662 4927 et
690 4871 876 4927 statuit
904 4879 960 4927 ut
989 4873 1058 4928 ab
1085 4889 1150 4929 eo
1180 4881 1423 4947 tempore
1470 4877 1525 4932 in
1570 4878 1841 4952 reliquum

245 4973 524 5029 nunquam
555 4975 654 5031 per
684 4960 962 5018 dationem
998 4961 1178 5019 baculi
1224 4966 1511 5035 pastoralis
1539 4967 1624 5023 vel
1655 4968 1841 5025 annuli

246 5047 534 5119 quisquam
599 5049 913 5123 episcopatu
961 5050 1046 5108 vel
1092 5051 1316 5109 abbatia
1360 5070 1460 5125 per
1503 5071 1689 5129 regem
1754 5057 1842 5117 vel

1947 4613 2368 4684 archiepiscopo
2399 4611 2751 4680 Eboracensi,
2779 4611 3013 4666 Roberto
3042 4610 3365 4667 Lincoliensi
3412 4614 3536 4686 epi-

1949 4718 2140 4773 scopo,
2188 4700 2381 4757 Joanni
2429 4699 2802 4769 Bathoniensi,
2851 4698 3115 4756 Herberto
3170 4700 3535 4773 Norwicensi,

1948 4791 2185 4848 Roberto
2232 4790 2550 4856 Cestrensi,
2596 4788 2833 4844 Radulfo
2883 4788 3208 4846 Cicestrensi
3238 4833 3251 4858 ,
3300 4790 3537 4850 Ranulfo

1947 4878 2330 4936 Dunelmensi.
2369 4878 2489 4949 lpso
2519 4876 2608 4933 die
2638 4876 2951 4949 priusquam
2981 4878 3299 4934 earumdem
3329 4880 3541 4952 episco-

1948 4984 2141 5041 porum
2179 4965 2642 5024 consecrationem
2673 4965 2962 5021 Anselmus
2991 4965 3210 5035 faceret,
3240 4970 3536 5039 praesenti-

1948 5059 2055 5114 bus
2084 5058 2163 5115 eis
2190 5065 2245 5114 et
2272 5054 2540 5129 episcopis
2582 5054 2672 5127 qui
2718 5062 3084 5112 convenerant
3112 5055 3266 5126 juxta
3304 5058 3535 5116 manda-

1539 5204 1965 5263 HENSCHENII
2003 5206 2233 5264 NOTzE.

319 5322 401 5399 (ᾳ)
429 5325 585 5399 Anno
614 5323 1056 5399 sequentium,
1080 5325 1294 5399 Pascha
1322 5326 1421 5399 fuit
1450 5343 1548 5382 XIV
1576 5328 1796 5399 Aprilis.

282 5463 296 5474 ν
319 5392 400 5464 (b)
431 5392 779 5474 celebratum
827 5395 884 5453 id
927 5404 1011 5452 est
1036 5392 1118 5453 Id.
1154 5397 1296 5467 Maii,
1327 5397 1442 5457 sive
1469 5392 1840 5458 circa'Ascen-

251 5466 459 5519 sionem
488 5466 724 5521 Domini.

253 5536 408 5660 sait).
433 5536 650 5592 Wallia
679 5551 808 5618 pars
835 5536 1207 5594 meridionalis
1231 5541 1629 5614 Glamorgania
1649 5549 1744 5605 est,
1772 5542 1842 5596 ad

366 5622 507 5660 una
535 5614 872 5660 astuanum.
897 5607 1069 5660 Sedes
1097 5610 1423 5660 enismnalis
1445 5612 1714 5660 Landnvia
1745 5613 1841 5660 fuit

366 5606 507 5664 rina
535 5606 872 5664 astuax'ium.
897 5607 1069 5665 Sedes
1097 5610 1423 5683 episcopalis
1443 5606 1714 5668 Laudavia
1744 5613 1843 5668 fuit

1949 5331 2117 5399 (unde
2145 5330 2246 5385 sub
2277 5328 2496 5402 nomine
2517 5328 2945 5385 Landavensium
2965 5329 3349 5402 episcoporum
3370 5334 3440 5389 de
3459 5333 3544 5389 his

1950 5347 2117 5399 tunae
2145 5347 2246 5385 sun
2277 5347 2496 5385 nomine
2517 5347 2945 5385 Lanaavensium
2965 5347 2996 5385 e
3036 5347 3349 5402 iscoporum
3370 5347 3440 5389 ue
3460 5347 3535 5389 nis

1950 5402 2061 5481 a_lii_
2088 5400 2417 5481 agunt),‘de.
2437 5417 2543 5481 qua
2590 5404 2773 5455 actum
2818 5415 2876 5455 Ix
2922 5347 3216 5475 Feﬁruarii,
3253 5403 3347 5460 ubi
3371 5405 3441 5461 de
3470 5406 3535 5461 S.

1949 5471 2147 5528 Teliao'
2164 5471 2283 5541 ejus
2314 5471 2420 5527 loci
2450 5471 2731 5542 episcopo.

2023 5542 2102 5613 (τι)
2133 5542 2348 5599 Scilicet
2376 5541 2554 5599 littera
2583 5541 2907 5598 Deminicali
2937 5543 2996 5597 F.
