4044 6074
434 268 543 325 467

1432 263 1524 320 EA
1536 264 1750 320 DMERI
1797 259 2353 319 CANTUARlENSIS
2403 260 2725 320 MONACHI

3627 265 3734 319 468

442 399 555 449 tum
580 388 788 449 domini
834 406 988 465 papae
1036 389 1181 462 (nam
1230 390 1330 448 hoc
1388 389 1436 446 ei
1492 405 1591 462 per
1647 389 1851 446 litteras
1896 389 2027 446 olim
2057 387 2112 450 A
2141 396 2509 445 consecretur.
2552 413 2577 436 ιι
2611 387 2837 446 Refert:
2877 411 2899 439 α
2933 389 3057 447 Non
3102 389 3286 446 omnia
3333 386 3582 446 facienda
3609 396 3734 446 sunt

444 481 822 551 mandaverat)
853 480 1090 536 reddidit
1118 478 1401 536 Ealdwino
1449 478 1658 551 virgam
1705 479 2031 550 pastoralem

448 571 682 628 abbatis;
711 571 782 626 de
811 569 1084 637 Ramesei,
1116 584 1293 639 quam,
1345 575 1404 623 ut
1448 584 1614 640 supra
1662 568 2035 637 meminimus,

454 660 767 734 perdiderat
794 659 848 713 in
878 657 1108 714 concilio
1137 657 1532 713 Lundoniensi.

525 753 586 806 In
616 747 966 819 subsequenti
998 746 1160 802 etiam
1191 747 1374 817 quinta
1398 746 1553 815 feria,
1577 746 1812 803 sacravit
1839 747 1893 803 in
1920 746 2041 818 ipsa

455 840 585 895 sede
639 837 928 893 Robertum
984 836 1310 892 monachum
1367 835 1599 891 cmnobii
1656 836 1838 892 Sancti
1895 835 2039 891 Petri

452 924 955 993 Westmonasterii,
1014 925 1088 981 ad
1142 924 1385 997 regimen
1431 924 1664 981 abbatiae
1711 925 1882 981 sancti
1926 926 2039 980 Ea-

445 1014 693 1073 dmundi.

524 1103 810 1161 Ordinatio
858 1112 1039 1160 autem
1098 1102 1311 1158 abbatis
1369 1102 1556 1159 Sancti
1612 1103 1898 1174 Augustini
1944 1121 2041 1175 per

447 1198 506 1251 id
536 1194 807 1265 temporis
836 1208 900 1248 ea
928 1207 1117 1261 causa,
1140 1200 1195 1246 ut
1222 1192 1298 1247 ita
1319 1191 1570 1258 dixerim,
1594 1192 1756 1247 dilata
1786 1200 1863 1248 est
1894 1193 2039 1263 quod

452 1286 572 1356 ipse
616 1282 710 1354 qui
748 1282 803 1337 in
846 1281 1121 1347 abbatem,
1151 1281 1357 1336 scilicet
1385 1282 1544 1353 Hugo
1573 1282 1872 1338 monachus
1901 1283 2038 1339 Beco

451 1372 645 1439 censis,
672 1371 875 1426 electus
903 1377 1042 1440 erat,
1092 1369 1330 1424 nondum
1377 1385 1559 1425 sacros
1605 1370 1821 1426 ordines
1863 1372 2038 1429 habe-

453 1462 565 1518 bat.
600 1459 888 1517 Ordinatus
926 1475 1056 1514 vcro
1106 1465 1190 1514 est
1235 1459 1300 1513 ad
1351 1459 1691 1515 diaconatum
1738 1461 1807 1515 ab
1854 1461 2039 1516 archi-

456 1550 714 1623 episcopo
743 1547 799 1603 in
827 1547 1036 1618 capella
1065 1562 1167 1602 sua
1194 1547 1495 1603 Cantuariae
1523 1562 1645 1604 cum
1675 1548 1855 1604 multis
1899 1549 2040 1620 aliis,

450 1639 505 1694 in
535 1636 750 1710 jejunio
782 1635 996 1708 septimi
1026 1635 1251 1704 mensis,
1300 1644 1352 1692 et
1398 1636 1524 1692 item
1572 1637 1639 1692 ad
1684 1638 2039 1709 presbytera-

2144 495 2262 549 qua:
2291 478 2422 535 ﬁdei
2451 478 2717 535 contraria
2752 495 2859 537 non
2889 487 3031 550 sunt,
3062 479 3303 552 alioquin
3328 477 3492 550 plura
3522 478 3722 536 incon-

2143 567 2416 623 venientia
2444 567 2656 624 ﬁerent.
2691 570 2808 625 Hoc
2834 584 3049 641 quoque
3077 570 3221 626 unde
3250 569 3445 642 agitur,
3468 568 3735 640 quamvis,

2146 656 2192 712 si
2222 656 2388 725 fieret,
2423 656 2549 712 fidei
2589 658 2922 714 contrarium
2954 673 3060 713 non
3093 666 3255 724 esset,
3295 657 3414 713 fieri
3460 665 3640 713 tamen
3670 673 3739 713 ex

2145 746 2540 802 consuetudine
2582 763 2691 801 non
2739 746 2929 815 debet,
2975 762 3041 802 eo
3080 747 3227 820 quod
3268 746 3431 801 nimis
3471 746 3739 802 inconve-

2143 834 2300 891 niens
2328 842 2492 891 esset.
2525 835 2590 889 Ei
2620 834 2820 906 quippe
2847 835 2940 907 qui
2968 834 3227 891 canonice
3246 834 3380 890 mibi
3410 841 3462 890 et
3484 834 3741 890 Ecclesiae

2144 933 2345 981 nostra:
2386 941 2486 996 per
2533 924 2717 980 omnia
2762 923 2962 994 subjici
3011 924 3191 990 debet,
3243 922 3492 979 subditus
3536 922 3591 978 in
3637 923 3743 978 hoc

2147 1021 2336 1071 contra
2398 1013 2651 1069 ordinem
2698 1010 2912 1068 ﬁerem.
2958 1013 3042 1068 Ad
3095 1014 3251 1078 hac,
3299 1012 3745 1083 archiepiscopus

2146 1102 2550 1160 Cantuariensis
2578 1102 2783 1172 primas
2811 1109 2890 1157 est
2920 1102 3084 1157 totius
3114 1102 3353 1175 Anglia,
3388 1101 3607 1166 Scotiae,
3639 1099 3742 1155 Hi-

2142 1193 2345 1249 berniae
2375 1196 2430 1247 et
2451 1191 2821 1261 adjacentium
2861 1190 3177 1258 insularum,
3210 1205 3312 1247 nec
3359 1204 3456 1261 pro
3508 1188 3744 1259 alicujus

2141 1297 2395 1353 persona:
2440 1280 2887 1349 consecratione,
2934 1279 3043 1334 nisi
3092 1279 3435 1335 solummodo
3477 1278 3627 1349 regis
3676 1292 3746 1334 ac

2143 1373 2370 1445 reginae,
2404 1370 2595 1426 sedem
2626 1386 2782 1425 suam
2812 1385 2883 1424 ex
2913 1368 3303 1425 consuetudine
3328 1367 3638 1441 egreditur.
3678 1366 3739 1423 Si

2144 1478 2276 1534 ergo
2307 1477 2402 1516 rex
2432 1459 2547 1515 vult
2575 1466 2634 1514 ut
2681 1475 2785 1532 ego
2828 1459 3081 1515 eumdem
3130 1459 3395 1515 honorem
3444 1456 3738 1513 exhibeam

2146 1549 2329 1606 abbati
2358 1548 2542 1605 Sancti
2570 1545 2861 1621 Augustini
2893 1563 3056 1620 quem
3083 1547 3212 1615 sibi,
3245 1562 3433 1619 parem
3478 1561 3599 1602 eum
3631 1546 3746 1602 vult

2147 1640 2202 1694 in
2231 1654 2401 1712 regno
2431 1653 2528 1693 suo
2558 1637 2734 1693 facere
2763 1635 2883 1691 sibi.
2917 1635 3074 1706 Quod
3106 1652 3173 1692 ne
3202 1635 3297 1691 ﬁat
3327 1635 3571 1703 consulo,
3602 1635 3747 1692 sicut

447 1736 562 1783 tum
593 1741 626 1781 a
654 1724 975 1781 Willbelmo
1002 1725 1300 1780 Exoniensi
1330 1726 1589 1796 episcopo
1627 1726 1681 1780 in
1724 1727 1912 1783 eadem
1944 1743 2034 1783 ca-
2066 1742 2120 1802 Β
2150 1729 2201 1785 ei
2231 1728 2315 1783 cui
2358 1726 2517 1782 tidem
2548 1726 2745 1795 debeo,
2780 1734 3044 1797 quatenus
3092 1741 3154 1781 se
3194 1725 3264 1780 ab
3311 1725 3416 1782 hac
3462 1725 3743 1783 voluntate

452 1814 599 1887 pella
615 1813 826 1885 jejunio
850 1811 1047 1869 decimi
1069 1812 1270 1869 mensis
1290 1811 1391 1884 (α).
1416 1815 1707 1871 Anselmus
1727 1815 1870 1872 enim
1893 1815 2039 1870 inﬁr-

455 1904 724 1970 mabatur,
757 1911 810 1957 et
834 1901 1027 1970 partim
1058 1917 1120 1958 ea
1149 1917 1230 1967 re,
1260 1902 1459 1972 partim
1489 1912 1707 1974 propter
1752 1904 2042 1959 imminens

451 1993 651 2048 festum
681 1989 990 2046 Nativitatis
1045 1989 1261 2058 Christi,
1318 1990 1659 2047 Cantuariam
1717 1992 1787 2048 ad
1837 1993 2040 2049 Ansel-

454 2097 607 2137 mum
637 2079 783 2135 idem
814 2079 1106 2151 episcopus
1131 2080 1321 2150 jussus
1350 2088 1585 2137 venerat.
1620 2082 1747 2138 Post
1774 2082 1891 2139 hac
1919 2099 2042 2139 cum

448 2169 735 2226 Anselmus
791 2167 1190 2225 ordinationem
1250 2168 1424 2240 ipsius
1478 2169 1689 2225 abbatis
1743 2172 2045 2229 accelerare

449 2258 632 2325 vellet,
663 2272 728 2314 eo
771 2257 915 2330 quod
941 2272 1029 2313 res
1052 2256 1313 2313 Ecclesiae
1359 2258 1757 2330 pessumibant,
1805 2269 1859 2316 et
1902 2277 2041 2334 quo-

449 2343 580 2399 tidie
608 2342 665 2398 in
694 2340 775 2397 sui
807 2341 1219 2397 diminutionem
1256 2342 1402 2397 intus
1431 2350 1484 2398 et
1513 2351 1670 2399 extra
1698 2345 2040 2416 decidebant,

452 2430 708 2489 voluit'ut
736 2429 1032 2502 praedictus
1073 2430 1367 2501 episcopus
1414 2448 1535 2487 cum
1579 2433 1634 2487 in
1681 2433 1933 2490 abbatem
1977 2435 2046 2491 ad

454 2522 629 2577 altare
685 2519 883 2575 Christi
939 2519 1247 2576 Cantuariae
1311 2521 1625 2577 solemniter
1678 2524 1756 2595 (se
1811 2525 2046 2596 astante)

457 2616 817 2666 consecraret.
852 2608 961 2664 Sed
992 2608 1085 2663 ubi
1113 2609 1397 2664 monachis
1425 2610 1606 2667 Sancti
1633 2612 1915 2685 Augustini
1958 2629 2049 2670 res

456 2697 727 2765 innotuit,
780 2696 849 2752 ad
897 2697 1383 2753 contradicendum
1432 2699 1657 2755 animati
1698 2709 1846 2756 sunt.
1906 2704 2049 2758 Nam

460 2785 757 2843 Ecclesium
785 2799 939 2840 suam
968 2785 1258 2858 privilegia
1294 2786 1496 2843 habere
1536 2791 1883 2846 commentati
1929 2800 2053 2848 sunt

452 2890 555 2948 per
583 2891 709 2947 quae
742 2873 997 2930 abbatem
1026 2890 1185 2929 suum
1214 2890 1324 2930 non
1354 2875 1457 2931 nisi
1487 2876 1542 2930 in
1582 2878 1710 2934 sede
1756 2896 1854 2935 sua
1897 2881 2049 2936 ordi-

461 2964 578 3020 nari
628 2963 827 3019 debere
874 2961 1167 3018 manifesta
1222 2964 1557 3037 allegatione
1613 2982 1673 3021 se
1728 2968 2054 3038 probaturos

2148 1817 2416 1874 cohibeat.
2459 1816 2538 1871 Re
2566 1814 2767 1871 etenim
2796 1831 2927 1871 vera
2966 1814 3091 1870 dico
3135 1814 3263 1887 quia
3308 1815 3353 1869 si
3401 1812 3454 1870 in
3503 1830 3742 1885 unquam

2148 1914 2293 1962 tanta
2339 1904 2665 1961 inordinatio
2696 1904 2749 1958 in
2779 1903 2974 1976 Anglia
3022 1902 3165 1959 facta
3214 1903 3396 1973 fuerit,
3438 1920 3546 1959 non
3574 1903 3742 1960 modo

2149 1995 2287 2066 regi,
2338 1995 2436 2049 sed
2485 1992 2928 2064 archiepiscOpis,
2978 1992 3271 2064 episcopis,
3304 1991 3656 2063 principibus,
3688 1998 3745 2046 et

2152 2085 2248 2141 toti
2275 2098 2444 2155 regno
2474 2081 2683 2155 grande
2710 2080 3030 2152 opprobium
3054 2081 3174 2137 erit.
3200 2104 3222 2129 ι
3246 2080 3540 2137 Dixerunt:
3570 2104 3591 2128 κ
3612 2080 3738 2150 Eia,

2151 2174 2196 2229 si
2226 2189 2350 2228 eum
2380 2172 2435 2226 in
2473 2171 2603 2227 sede
2651 2186 2745 2225 sua
2793 2169 3044 2226 ordinare
3087 2169 3205 2225 istis
3247 2169 3546 2225 rationibus
3589 2178 3744 2225 actus

2152 2279 2259 2319 non
2310 2262 2415 2328 vis,
2462 2260 2686 2316 mandat
2732 2267 2791 2314 ut
2835 2258 2889 2314 in
2939 2274 3035 2314 sua
3082 2258 3306 2332 capella,
3355 2275 3414 2315 se
3457 2266 3747 2329 praesente,

2152 2352 2301 2407 illum
2331 2348 2573 2406 ordinari
2603 2349 2888 2420 permittas
2914 2348 2982 2403 ab
3011 2347 3194 2420 aliquo
3225 2348 3608 2420 episcoporum
3656 2347 3752 2404 cui

2152 2441 2272 2514 ipse
2321 2438 2662 2512 praeceperit.
2695 2460 2716 2487 ιο
2772 2437 3069 2508 Respondit
3100 2454 3112 2491 :
3155 2459 3178 2486 ι
3215 2438 3325 2494 Cur
3352 2437 3503 2492 illum
3534 2437 3602 2491 ab
3634 2437 3749 2494 alio

2155 2529 2415 2601 episcopo
2464 2526 2708 2583 ordinari
2762 2524 3123 2597 permitterem
3173 2541 3329 2597 quem
3380 2540 3518 2598 ego,
3563 2525 3748 2598 gratia

2154 2618 2275 2687 Dei,
2308 2632 2406 2687 pro
2436 2631 2559 2671 meo
2584 2616 2727 2686 jure,
2750 2614 2828 2669 uti
2857 2615 3054 2680 debeo,
3076 2614 3329 2671 ordinare
3355 2614 3500 2685 potis
3530 2631 3648 2670 sum
3665 2615 3694 2669 ‘?
3720 2640 3744 2666 ι

2162 2729 2185 2755 ι
2221 2707 2287 2762 Et
2317 2708 2421 2762 hoc
2452 2704 2694 2775 quidem,
2728 2703 2899 2774 aiunt,
2932 2704 3134 2772 mallet,
3167 2713 3225 2758 ut
3252 2702 3366 2760 illic
3395 2719 3519 2759 eum
3550 2711 3605 2759 tu
3631 2703 3756 2775 ipse

2159 2810 2524 2853 consecrares.
2554 2817 2576 2841 υ
2615 2793 2760 2849 Dixit
2793 2810 2804 2846 :
2844 2815 2865 2842 α
2893 2793 2953 2849 Si
2982 2793 3088 2848 hoc
3117 2793 3299 2849 fecero
3328 2791 3646 2848 nonnullam
3675 2792 3759 2848 in-

2154 2884 2361 2954 juriam
2394 2883 2592 2938 faciam
2622 2882 2728 2952 ipsi
2760 2880 2981 2938 domino
3007 2897 3165 2947 meo;
3196 2897 3384 2937 meum
3417 2881 3614 2954 quippe
3647 2897 3762 2938 non

2162 2982 2240 3030 est
2269 2973 2322 3027 in
2352 2971 2563 3042 capella
2608 2971 2730 3042 ejus
2778 2971 3002 3026 missam
3050 2970 3349 3039 celebrare,
3398 2971 3499 3026 nisi
3542 2970 3765 3041 quando

461 3050 1270 3165 asseru'elruntPuravitautei‘r‘i
1290 3055 1407 3109 haec
1427 3054 1843 3111 fabulaillorum
1862 3058 2054 3114 diebus
2089 3102 2139 3165 Ο
2168 3063 2286 3133 ipse
2315 3060 2477 3116 debet
2505 3076 2538 3116 a
2570 3076 2656 3116 me
2684 3060 2951 3116 coronari.
3002 3062 3194 3131 Itaque
3243 3060 3294 3114 si
3337 3060 3443 3117 hoc
3489 3059 3629 3117 facio
3659 3074 3765 3131 pro

466 3140 780 3209 nonnullis,
839 3140 1101 3196 Anselmo
1156 3140 1461 3197 nullatenus
1518 3144 1803 3200 assertioni
1871 3162 2059 3202 eorum

467 3231 662 3287 cedere
692 3229 924 3286 volente.
965 3229 1211 3286 Tandem
1255 3230 1311 3285 in
1341 3231 1493 3288 initio
1517 3233 1954 3306 quadragesimae
1985 3237 2059 3307 (b)

468 3335 591 3376 cum
615 3318 905 3375 Anselmus
925 3318 1080 3389 juxta
1109 3319 1444 3376 Lundoniam
1477 3338 1577 3393 pro
1608 3322 1877 3396 colloquio
1917 3325 2064 3398 regis

475 3408 733 3476 venisset,
778 3408 997 3479 quidam
1042 3426 1112 3463 ex
1158 3409 1288 3480 ipsis
1328 3411 1610 3467 monachis
1654 3429 1788 3483 quos
1835 3414 1904 3468 ad
1949 3431 2063 3471 rem

481 3496 843 3555 exercendam
899 3496 937 3551 ii
996 3496 1089 3568 qui
1142 3497 1289 3554 domi
1345 3509 1721 3555 remanserant
1769 3502 1886 3572 pari
1941 3510 2068 3559 voto

477 3586 715 3642 selectos
746 3601 812 3641 eo
841 3584 1173 3651 direxerant,
1205 3586 1421 3642 omissis
1458 3587 1755 3661 privilegiis
1780 3591 1890 3645 suis
1923 3591 2069 3664 (quae

478 3675 627 3730 nulla
654 3673 743 3731 vel
772 3688 881 3728 non
904 3682 1021 3728 rata
1046 3689 1079 3728 a
1108 3689 1238 3746 rege
1266 3682 1319 3729 et
1348 3675 1685 3745 principibus
1726 3680 2073 3750 comprobata

489 3769 615 3817 sunt
646 3768 699 3817 et
726 3761 1007 3831 damnata)
1039 3778 1136 3833 per
1163 3778 1288 3818 suos
1317 3763 1613 3819 advocatos
1641 3766 1758 3838 regi
1786 3783 2074 3837 persuase-

489 3856 613 3906 runt
668 3856 726 3904 ut
777 3848 1036 3906 Anselmo
1095 3850 1381 3906 mandaret
1434 3852 1682 3908 abbatem
1738 3854 1795 3908 in
1848 3857 2078 3913 ecclesia

489 3938 672 3995 Sancti
729 3938 1017 4011 Augustini
1073 3954 1141 3994 ex
1185 3940 1409 4012 antiqua
1446 3942 1819 3998 consuetudini
1873 3959 2074 4001 conse-

487 4042 662 4084 crare.
721 4028 900 4098 Hujus
960 4028 1199 4084 mandati
1247 4029 1418 4084 nuntii
1463 4029 1685 4086 fuerunt
1729 4032 2078 4091 Willhelmus

494 4116 782 4187 episcopus
821 4115 1238 4186 Wintoniensis,
1284 4122 1340 4173 et
1386 4119 1651 4191 Rogerius
1690 4121 2077 4195 Serberiensis,

490 4212 545 4260 et
575 4205 936 4260 Willhelmus
965 4205 1312 4275 Exoniensis,
1337 4223 1460 4262 cum
1494 4208 1831 4266 Giesleberto
1860 4211 2076 4280 abbate,

492 4292 968 4349 Westmonasterii
992 4310 1021 4347 a
1037 4310 1170 4365 rege
1190 4295 1259 4349 ad
1274 4296 1615 4354 Anselmum.
1634 4299 1925 4370 Respondit
1947 4317 2083 4374 ergo

492 4383 782 4437 Anselmus
816 4400 828 4435 :
866 4405 888 4430 α
925 4382 981 4438 Si
1013 4399 1110 4437 rex
1142 4399 1227 4438 me
1269 4394 1489 4456 rogaret
1538 4394 1794 4456 quatenus
1838 4404 1935 4458 pro
1982 4405 2079 4446 suo

2176 3150 2390 3205 abbatis
2445 3148 2877 3218 consecratione,
2934 3148 3122 3222 regius
3175 3149 3349 3205 honor
3403 3147 3657 3215 vilescat,
3716 3157 3770 3204 et

2176 3238 2438 3309 deinceps
2485 3238 2591 3294 mei
2648 3238 2899 3307 exemplo
2930 3236 3183 3311 exigetur
3228 3254 3328 3309 pro
3375 3236 3771 3294 consuetudine

2176 3327 2320 3397 quod
2350 3327 2617 3382 hactenus
2646 3324 2807 3381 fiebat
2838 3333 3038 3383 statuto
3068 3334 3317 3398 tempore
3345 3342 3442 3397 pro
3480 3326 3594 3383 solo
3621 3325 3772 3398 regis

2176 3417 2400 3473 honore.
2440 3417 2633 3471 Verum
2664 3414 2793 3488 quia
2822 3416 2941 3487 ipse
2969 3415 3085 3471 vult
3115 3422 3170 3470 ut
3199 3415 3444 3487 proxime
3472 3430 3769 3471 consecre-

2178 3514 2280 3571 tur,
2314 3521 2378 3561 eo
2410 3505 2553 3575 quod
2601 3504 2845 3560 nondum
2893 3503 3218 3560 confirmato
3266 3504 3465 3560 abbate
3509 3504 3774 3560 ﬂuctuant

2178 3610 2269 3650 res
2295 3593 2551 3658 abbatiae,
2584 3592 2630 3647 si
2660 3593 2906 3660 voluerit,
2942 3593 3028 3648 hic
3057 3592 3111 3647 in
3143 3592 3354 3663 capella
3396 3592 3614 3663 hospitii
3658 3591 3773 3648 mei

2180 3698 2305 3738 eum
2334 3682 2619 3749 ordinabo,
2654 3681 2910 3751 quoniam
2938 3681 3156 3753 quidem
3182 3682 3314 3738 mihi
3345 3681 3505 3738 facile
3533 3696 3641 3737 non
3687 3684 3776 3736 est

2181 3786 2281 3843 pro
2312 3777 2417 3825 tam
2448 3771 2558 3827 levi
2596 3786 2652 3826 re
2684 3771 2788 3826 hac
2834 3771 2952 3827 vice
2998 3770 3343 3827 Cantuariam
3372 3770 3469 3826 ire.
3507 3792 3529 3817 ι
3581 3769 3778 3826 Relata

2182 3866 2306 3915 sunt
2334 3859 2434 3914 ista
2463 3859 2581 3931 regi
2611 3866 2681 3926 et,
2710 3859 3015 3930 approbata
3060 3861 3269 3916 ratione
3298 3858 3557 3928 Anselmi,
3590 3858 3784 3915 lauda-

2185 3949 2261 4005 vit
2290 3955 2348 4003 ut
2376 3948 2596 4004 omissis
2623 3948 2835 4003 cunctis
2862 3947 3236 4019 objectionum
3267 3947 3592 4020 ambagibus
3613 3947 3787 4003 abbas

2187 4044 2512 4108 sacraretur,
2544 4037 2618 4091 uti
2647 4036 2787 4091 dixit
2813 4037 3120 4095 Anselmus.
3174 4037 3465 4095 Ordinavit
3503 4037 3669 4108 igitur
3707 4036 3790 4091 il—

2187 4126 2298 4182 lum
2332 4141 2388 4180 1v
2419 4125 2537 4181 Kal.
2570 4125 2769 4190 Martii,
2805 4125 2994 4195 quinta
3041 4125 3174 4181 feria
3225 4128 3418 4198 prima:
3465 4125 3791 4197 septimana:

2190 4214 2646 4286 Quadragesimae
2667 4215 2813 4285 apud
2832 4214 3178 4270 Lambetham
3200 4215 3254 4270 in
3274 4215 3486 4286 capella
3508 4212 3793 4286 Ruffensis

2190 4302 2455 4370 ecclesiae,
2496 4302 2589 4358 ubi
2634 4310 2759 4357 tunc
2805 4302 3094 4359 Anselmus
3143 4312 3258 4361 erat
3299 4304 3625 4375 hospitatus.
3671 4304 3791 4358 Ac—

2192 4399 2347 4462 cepta
2385 4390 2456 4445 ab
2488 4407 2553 4446 eo
2584 4389 2948 4461 professione,
2982 4408 3049 4447 ex
3093 4408 3265 4461 more,
3298 4409 3405 4464 qua
3434 4408 3493 4449 se
3523 4390 3790 4448 Ecclesia

486 4485 675 4527 amore
705 4471 882 4542 ipsum
913 4471 1168 4527 abbatem
1216 4471 1273 4526 in
1322 4472 1553 4528 ecclesia
1594 4491 1692 4529 sua
1742 4476 2070 4546 ordinarem,
2104 4458 2156 4518 D
2188 4479 2593 4535 Dorobernensi
2640 4486 2695 4535 et
2736 4481 3154 4553 archiepiscOpis
3200 4482 3320 4553 ejus
3365 4480 3637 4537 canonica:
3683 4494 3789 4551 per

486 4559 732 4616 fortassis
790 4560 1048 4627 facerem,
1107 4574 1174 4615 ea
1229 4561 1698 4629 consideratione,
1758 4579 1823 4621 eo
1879 4564 2076 4622 intuitu

489 4647 633 4718 quod
683 4654 1081 4704 antecessorum
1125 4663 1391 4716 meorum,
1420 4650 1561 4720 juris
1606 4652 1705 4706 fuit
1749 4662 1802 4708 et
1849 4655 1953 4709 mei
2000 4662 2083 4711 est

490 4734 862 4793 indifferenter
890 4752 988 4807 per
1014 4736 1289 4810 Angliam,
1320 4738 1628 4811 ubicunque
1657 4740 1908 4797 voluntas
1943 4743 2076 4810 tulit,

490 4823 798 4896 episcOpale
828 4824 1067 4880 oﬁicium
1099 4826 1496 4884 administrare.
1538 4831 1695 4887 Nunc
1744 4840 1921 4887 autem
1953 4832 2079 4902 quia

486 4912 711 4969 mandat
740 4920 797 4969 ut
826 4914 883 4967 id
912 4912 1106 4969 faciam
1137 4930 1204 4969 ex
1234 4918 1646 4985 consuetudine,
1681 4920 1804 4975 dico
1843 4936 2077 4978 consue-

490 4999 690 5055 tudinis
719 5000 849 5055 illud
884 5016 991 5057 non
1022 5017 1163 5058 esse.
1204 5026 1226 5053 η
1269 5004 1351 5059 At
1398 5005 1474 5060 illi
1508 5024 1519 5059 :
1558 5028 1580 5055 α
1616 5007 1672 5062 Si
1702 5016 1885 5064 contra
1911 5008 2076 5064 ﬁdem

487 5104 596 5146 non
626 5104 749 5146 esse
778 5089 1134 5162 dignoscitur,
1166 5093 1388 5149 omnino
1430 5093 1542 5150 vult
1586 5103 1643 5151 ut
1689 5096 1743 5150 in
1791 5112 1887 5153 sua
1939 5098 2075 5154 sede

2183 4568 2365 4625 omnia
2394 4568 2745 4625 obediturum
2791 4569 3058 4641 promisit.
3100 4570 3144 4626 Ii
3191 4586 3327 4642 ergo
3377 4570 3467 4640 qui
3510 4568 3784 4624 affuerunt

2191 4657 2358 4713 mullo
2388 4658 2668 4713 honestius
2715 4656 2892 4728 ipsum
2933 4658 3243 4715 Cantuariae
3283 4658 3524 4730 potuisse
3570 4656 3781 4713 sacrari

2187 4745 2458 4815 dixerunt,
2492 4754 2564 4813 et,
2598 4745 2743 4817 quod
2772 4747 2952 4817 major
2980 4747 3156 4804 honor
3184 4755 3332 4803 esset
3357 4747 3557 4816 abbati,
3589 4745 3782 4817 requi-

2186 4850 2303 4890 rere
2331 4842 2542 4907 patrem
2572 4834 2766 4905 patriae
2797 4852 2894 4907 pro
2925 4835 3303 4894 benedictione
3331 4852 3430 4893 sua
3472 4836 3526 4891 in
3565 4843 3780 4893 metro-

2184 4923 2293 4993 poli
2350 4923 2480 4981 sede
2536 4938 2699 4996 quam
2766 4923 2820 4978 in
2895 4924 3106 4996 capella
3166 4924 3440 4982 Roffensis
3495 4925 3772 4983 ecclesias.

2183 5011 2329 5067 Inter
2358 5014 2474 5068 haec
2501 5012 2783 5068 Anselmus
2821 5012 2964 5070 misit
3009 5014 3232 5071 domino
3279 5029 3441 5087 papa;
3488 5012 3785 5087 epistolam

2184 5100 2327 5156 hanc
2362 5119 2373 5154 :

1781 5223 2209 5281 HENSCHENII
2246 5225 2472 5282 ΝΟΤᾸΞ.

484 5383 497 5393 _
540 5310 633 5395 ta).
655 5312 810 5395 lianc
838 5313 1044 5383 passim
1077 5314 1333 5395 Quatuor
1346 5317 1670 5395 Temporum
1693 5330 2071 5395 nuncupantur

480 5388 590 5440 ista
612 5388 845 5454 jejunis,
889 5399 955 5440 eo
1003 5388 1147 5456 quod
1193 5396 1382 5457 quater
1428 5388 1493 5443 in
1532 5406 1674 5446 anno
1716 5388 2062 5448 habeantur:

480 5458 710 5529 septimi
739 5463 921 5513 autem
951 5464 1005 5513 et
1032 5458 1242 5516 decimi
1262 5462 1475 5516 mensis
1496 5461 1805 5519 nominibus
1823 5463 2067 5520 indican-

481 5526 567 5584 tur
595 5526 915 5610 September
941 5538 995 5585 et
1022 5529 1343 5600 December,
1376 5541 1428 5589 et
1456 5533 1599 5590 infra
1628 5535 1847 5591 nomine
1874 5536 2068 5609 quarti

474 5599 690 5656 mensi:
718 5599 931 5656 Junius.

2250 5324 2322 5393 (ὁ)
2353 5326 2507 5398 Anno
2556 5325 2701 5398 nos
2740 5323 3021 5398 bissextili,
3068 5328 3285 5398 quando
3338 5325 3540 5398 Pascha
3574 5321 3782 5398 incidit

2178 5393 2231 5467 in
2264 5410 2299 5448 v
2328 5395 2543 5467 Aprilis,
2569 5404 2622 5452 et
2650 5396 2769 5452 dies
2789 5396 3041 5453 Cinerum
3072 5393 3127 5452 in
3156 5413 3246 5453 nx
3266 5396 3544 5454 Februarii
3572 5394 3765 5452 litteris

2175 5465 2603 5523 Dominicalibus
2632 5467 2743 5523 ΕΙ).
