4044 6074
251 296 371 354 469

1301 287 1630 347 HISTORIA
1658 285 2031 346 NOVORUM.
2067 319 2139 331 —
2161 290 2286 346 LIB.
2320 292 2411 347 IV.

3476 284 3576 342 470

334 440 358 469 α
410 415 651 475 Paschali
693 415 915 475 domino
962 414 1215 488 Patrique
1263 416 1584 485 reverenda,
1646 431 1861 473 summo
1892 410 1950 476 A
1978 429 2198 487 operam
2230 416 2360 474 dare
2397 416 2628 476 instituit
2683 417 2918 492 qualiter
2974 416 3157 491 aliquo
3213 412 3379 471 modo
3434 409 3576 468 mala

251 505 517 582 pontiﬁci,
592 506 899 577 Anselmus,
983 523 1171 564 servus
1262 506 1521 563 Ecclesiae
1623 507 1871 565 Cantua-

255 597 471 669 riensis,
505 596 745 653 debitam
789 596 1157 653 obedientiam
1205 612 1327 652 cum
1377 596 1680 653 orationum
1729 600 1870 654 assi—

260 687 490 743 duitate.

339 799 360 825 u
396 777 519 832 Non
547 775 723 832 debeo
758 784 937 831 tacere
966 775 1307 831 excellentiae
1350 780 1564 845 vestrae,
1597 777 1742 847 quod
1774 794 1875 847 per

267 881 393 921 eam
422 865 521 921 Dei
550 865 730 937 gratia
758 874 1015 936 operatur
1042 865 1099 919 in
1129 866 1327 938 Anglia
1361 873 1413 920 et
1450 865 1505 920 in
1541 866 1875 921 Northman-

268 953 384 1009 nia.
418 954 537 1009 Rex
567 956 661 1026 qui
694 954 1002 1010 dominatur
1027 954 1218 1025 Anglis
1246 960 1299 1009 et
1326 954 1718 1009 Northmannis
1737 954 1876 1010 obe-

268 1042 484 1098 dienter
511 1043 812 1114 suscipiens
854 1050 1087 1098 vestram
1134 1041 1457 1113 jussionem,
1505 1042 1877 1099 investituram

271 1131 667 1197 Ecelesiarum,
699 1131 1055 1187 renitentibus
1085 1131 1288 1200 multis,
1339 1130 1558 1187 omnino
1605 1131 1874 1195 deseruit;

273 1220 423 1291 quod
451 1229 510 1275 ut
539 1220 765 1290 faceret,
798 1220 1064 1275 Robertus
1093 1236 1277 1276 comes
1306 1220 1374 1275 de
1403 1218 1655 1275 Mellento
1686 1229 1739 1275 et
1779 1220 1878 1275 Bi-

277 1308 511 1364 chardus
538 1309 605 1364 de
634 1307 924 1377 Redueris,
953 1316 1009 1363 ut
1039 1308 1225 1364 ﬁdeles
1252 1309 1419 1364 vestri
1450 1316 1502 1364 et
1532 1308 1630 1364 filii
1686 1310 1878 1364 Eccle-

274 1400 372 1453 siae
421 1398 665 1455 veritatis
712 1398 945 1466 attracti,
994 1398 1213 1453 monitis
1273 1399 1618 1453 vehementer
1666 1398 1879 1454 instite-

271 1496 420 1543 runt.
492 1488 608 1543 Rex
672 1487 789 1558 ipse
845 1486 901 1541 in
953 1486 1202 1557 personis
1257 1486 1522 1558 eligendis
1576 1486 1881 1543 nullatenus

270 1577 495 1648 propria
523 1576 687 1632 utitur
716 1577 1013 1645 voluntate,
1047 1576 1144 1631 sed
1190 1574 1567 1648 religiosorum
1616 1591 1672 1630 se
1718 1576 1878 1646 peni-

274 1674 360 1722 tus
387 1665 671 1721 committit
700 1664 947 1721 consilio.
980 1665 1060 1719 De
1091 1680 1182 1720 me
1214 1671 1390 1720 autem
1422 1669 1649 1735 quantas
1706 1664 1880 1720 debeo

272 1754 484 1827 gratias
537 1763 776 1826 paternae
833 1752 1151 1826 benignitati
1208 1759 1373 1809 vestae
1430 1752 1714 1808 scribendo
1771 1768 1881 1808 non

273 1842 482 1898 sufﬁcio
512 1843 764 1908 reddere,
796 1842 893 1898 sed
924 1857 1015 1897 eas
1043 1841 1097 1895 in
1129 1843 1313 1897 charta
1362 1840 1542 1896 cordis
1601 1841 1705 1896 mei
1740 1841 1878 1897 seri-

274 1940 397 2004 ptas
425 1932 551 2005 lego
581 1932 816 1987 assidue.
849 1932 983 1987 Cum
1016 1930 1180 1999 enim,
1206 1930 1497 1985 sicutservi
1517 1929 1675 1985 vestri
1699 1929 1877 1985 dilecti

275 2021 474 2078 fratres
499 2020 673 2077 nostri
702 2020 1052 2076 Willbelmus
1100 2027 1152 2074 et
1208 2017 1509 2073 Balduinus
1564 2018 1878 2084 retulerunt,

279 2110 409 2167 vitae
443 2126 577 2166 mea:
607 2108 976 2181 corruptibilis
1005 2123 1189 2164 curam
1221 2123 1291 2163 ne
1338 2107 1446 2163 cito
1502 2105 1717 2164 deﬁciat
1774 2116 1879 2161 tam

277 2198 511 2266 benigna
578 2196 939 2254 sollicitudine
987 2197 1120 2251 mihi
1172 2211 1365 2268 gerere
1410 2195 1721 2265 prmcipitis,
1774 2211 1883 2251 non

274 2287 549 2343 modicum
580 2286 795 2358 pietatis
848 2284 1097 2341 affectum
1153 2284 1585 2358 magnitudinem
1645 2292 1882 2339 vestram

275 2393 411 2450 erga
440 2375 759 2447 parvitatem
789 2391 969 2430 meam
999 2374 1199 2430 habere
1230 2371 1557 2428 monstratis.
1612 2371 1883 2443 Omnipo-

277 2474 395 2521 tens
416 2466 561 2521 Deus
593 2466 761 2520 vitam
790 2472 1025 2522 vestram
1055 2463 1216 2518 nobis
1241 2463 1298 2517 in
1328 2462 1473 2517 omni
1524 2463 1885 2533 prosperitate

278 2556 373 2609 diu
405 2554 696 2611 custodiat.
732 2574 754 2605 )

350 2647 501 2700 Hanc
527 2644 814 2715 epistolam
844 2642 1050 2697 idcirco
1079 2641 1283 2712 placuit
1324 2642 1449 2696 huic
1497 2639 1647 2712 operi
1706 2636 1883 2693 admi-

277 2751 450 2803 scere,
480 2741 539 2790 ut
567 2749 628 2790 ea
662 2737 797 2788 teste
826 2738 1246 2786 monstraremns
1276 2746 1396 2801 quae
1441 2730 1510 2785 de
1553 2726 1887 2784 investituris

276 2823 645 2882 Ecclesiarum
676 2820 913 2875 diximus
941 2828 1059 2875 rata
1090 2836 1228 2876 esse.
1260 2819 1342 2874 Ad
1373 2835 1533 2890 quam
1566 2818 1727 2874 etiam
1758 2831 1885 2872 eor-

278 2913 574 2969 rectionem
604 2909 959 2966 Mellentinus
991 2922 1176 2964 comes
1224 2924 1323 2978 pro
1383 2907 1573 2963 litteris
1631 2922 1764 2977 quas
1815 2904 1884 2970 ei,

277 3012 336 3057 ut
362 3018 527 3073 supra
554 2999 890 3071 scripsimus,
922 3012 1069 3068 papa
1086 2996 1377 3065 direxerat,
1400 2996 1691 3067 perductus
1706 2995 1882 3063 fuerit,

279 3092 439 3161 hujus
496 3088 798 3146 testimonio
855 3087 1173 3157 designare,
1230 3086 1350 3156 pari
1404 3094 1527 3143 voto
1567 3085 1716 3141 cordi
1759 3085 1876 3139 fuit.

278 3181 357 3235 Re
387 3178 586 3235 etenim
618 3190 747 3232 vera
775 3175 845 3232 ab
875 3175 943 3229 iis
974 3176 1027 3229 in
1057 3174 1252 3247 quibus
1281 3174 1412 3231 olim
1444 3182 1691 3230 versatus
1709 3175 1888 3228 fuerat

279 3268 515 3340 quadam
544 3282 606 3322 ex
638 3273 793 3336 parte
823 3272 1060 3319 mutatus
1090 3272 1226 3331 erat,
1260 3264 1305 3319 si
1338 3264 1555 3335 quidem
1580 3263 1709 3334 justi
1741 3278 1888 3318 ama-

278 3366 365 3413 tor
393 3356 511 3412 istis
538 3354 843 3422 consilium,
872 3353 979 3407 illis
1009 3353 1294 3421 auxilium,
1348 3353 1619 3424 aliquibus
1666 3360 1881 3407 utrum-

282 3463 404 3517 que,
435 3446 592 3516 juxta
615 3443 761 3516 quod
790 3441 930 3497 ratio
961 3441 1235 3514 exigebat,
1269 3458 1413 3512 saepe
1440 3441 1746 3496 exhibebat.
1771 3442 1887 3496 Rex

278 3536 395 3608 ipse
423 3534 703 3602 Henricus,
736 3532 880 3588 illius
908 3532 1138 3588 consilio
1170 3532 1227 3585 in
1257 3531 1413 3601 regni
1461 3530 1692 3602 negotiis
1736 3545 1887 3601 prae-

282 3624 511 3680 stantius
542 3631 594 3679 et
623 3622 888 3678 efficacius
912 3620 1121 3677 caeteris
1145 3620 1393 3688 credens,
1422 3618 1660 3674 defuncti
1710 3618 1890 3674 fratris

283 3715 363 3769 sui
394 3712 539 3788 regis
568 3711 802 3782 vestigia
831 3711 1006 3781 sequi,
1040 3710 1179 3765 sicut
1208 3709 1493 3775 fatebatur,
1510 3706 1884 3777 perhorrebat.

278 3806 525 3859 Attamen
555 3801 815 3872 praefatus
842 3815 1025 3857 comes
1054 3815 1154 3855 nec
1209 3798 1417 3871 Anglos
1473 3796 1725 3868 diligere,
1786 3812 1888 3852 nec

281 3892 516 3964 aliquem
534 3890 750 3947 illorum
769 3890 837 3945 ad
854 3887 1275 3947 ecclesiasticam
1299 3887 1622 3959 dignitatem
1645 3884 1877 3956 provehi

281 3981 601 4053 patiebatur.

353 4071 530 4141 Supra
559 4075 860 4125 memorato
892 4066 1225 4137 Gundulpho
1264 4065 1502 4122 Roﬂ'ensi
1534 4066 1795 4137 episcopo
1822 4081 1889 4120 ne

285 4161 380 4214 hac
418 4157 528 4214 vita
564 4157 795 4224 sublato,
851 4156 1139 4211 Anselmus
1190 4154 1265 4210 ad
1321 4170 1443 4209 eum
1500 4153 1882 4225 sepeliendum

284 4246 493 4303 Roﬁ‘am
520 4245 635 4314 ivit,
689 4245 799 4316 qui,
859 4244 1118 4314 obsequio
1180 4243 1279 4299 sub
1338 4260 1537 4316 magna
1592 4242 1890 4315 lugentium

1983 521 2112 578 quae
2138 524 2408 579 pauperes
2444 508 2677 567 maxime
2731 508 3111 583 deprimebant
3165 503 3569 578 mitigarentur.

1982 595 2149 668 Cujus
2185 596 2312 653 boni
2350 600 2637 655 exordium
2691 616 2894 671 gnarus
2958 616 2991 655 a
3049 613 3144 653 sua
3202 593 3353 651 curia
3390 590 3574 662 erepit.

1982 686 2247 757 Tempore
2296 688 2565 758 siquidem
2630 690 2811 745 fratris
2849 689 2930 745 sui
2987 687 3131 761 regis
3182 687 3325 741 hunc
3370 697 3579 738 morem

1983 775 2266 832 multitudo
2296 793 2481 832 eorum
2512 778 2599 849 qui
2645 779 2849 834 curiam
2896 779 3013 849 ejus
3060 776 3431 847 sequebantur
3473 771 3580 825 ha-

1985 863 2146 919 bebat
2173 873 2229 920 ut
2258 882 2378 935 quae
2407 869 2799 938 pessundarent
2831 868 3149 938 diriperent,
3184 872 3257 934 et,
3306 861 3456 918 nulla
3484 875 3580 916 eos

1983 953 2269 1009 cohibente
2297 954 2606 1025 disciplina,
2639 964 2805 1012 totam
2834 964 3049 1026 terram,
3101 970 3202 1025 per
3258 968 3421 1025 quam
3484 965 3583 1004 rex

1983 1041 2116 1107 ibat,
2184 1042 2544 1099 devastarent.
2614 1044 2921 1100 Accedebat
2971 1045 3059 1098 his
3122 1041 3271 1098 aliud
3334 1039 3579 1094 malum:

1982 1130 2197 1201 plurimi
2228 1147 2464 1203 namque
2494 1148 2680 1187 eorum
2710 1149 2805 1188 sua
2836 1133 3043 1188 malitia
3072 1131 3151 1202 (a)
3190 1128 3420 1186 debriati
3473 1126 3574 1200 [aL

1985 1218 2276 1292 inebriati],
2309 1220 2437 1275 dum
2475 1230 2695 1292 reperta
2722 1222 2777 1276 in
2808 1221 3056 1292 hospitiis
3084 1236 3206 1291 quae
3257 1216 3586 1274 invadebant

1984 1308 2196 1379 penitus
2223 1310 2511 1366 absumere
2539 1326 2646 1366 non
2679 1311 2949 1379 valebant,
2977 1325 3046 1366 ea
3074 1315 3255 1365 autem
3286 1308 3355 1363 ad
3405 1306 3580 1362 forum

1985 1413 2086 1467 per
2113 1398 2333 1453 eosdem
2365 1398 2532 1469 ipsos,
2553 1414 2778 1469 quorum
2795 1406 2968 1467 erant,
3008 1414 3111 1469 pro
3141 1413 3235 1453 suo
3265 1397 3418 1452 lucro
3449 1396 3590 1449 ferre

1988 1501 2051 1540 ac
2102 1487 2356 1556 vendere,
2414 1495 2506 1542 aut
2546 1488 2834 1558 supposito
2890 1488 3017 1560 igne
3073 1501 3334 1552 cremare,
3382 1490 3487 1546 aut.
3542 1481 3588 1536 si

1986 1582 2147 1645 potus
2175 1583 2332 1643 esset,
2364 1575 2488 1632 lotis
2516 1577 2716 1632 exinde
2757 1592 3018 1647 equorum
3067 1589 3284 1632 suorum
3337 1572 3589 1644 pedibus,

1987 1664 2262 1719 residuum
2288 1665 2433 1721 illius
2459 1682 2559 1736 per
2589 1674 2789 1721 terram
2820 1664 3120 1733 effundere,
3153 1671 3246 1720 aut
3301 1670 3444 1719 certe
3485 1659 3593 1715 ali-

1907 1776 1960 1837 B
1991 1769 2099 1824 quo
2129 1753 2237 1809 alio
2268 1756 2432 1811 modo
2488 1755 2807 1826 disperdere
2834 1754 3104 1810 solebant.
3163 1753 3300 1821 Quae
3358 1765 3485 1806 vero
3540 1748 3598 1803 in

1990 1843 2409 1914 patresfamilias
2438 1844 2698 1912 crudelia,
2723 1859 2847 1915 quae
2868 1844 2923 1897 in
2941 1858 3139 1911 uxores
3162 1858 3224 1897 ac
3243 1840 3383 1896 ﬁlias
3399 1853 3594 1895 eorum

1992 1931 2300 1988 indecentia
2348 1933 2590 2003 fecerint,
2641 1933 2916 1988 reminisci
2959 1932 3147 2003 pudet.
3181 1931 3290 1985 Has
3318 1929 3389 1985 ob
3406 1943 3598 1986 causas

1995 2021 2214 2092 quique,
2238 2023 2576 2095 praecognito
2623 2023 2773 2094 regis
2829 2023 3087 2089 adventu,
3147 2035 3245 2076 sua
3289 2018 3596 2075 habitacula

1994 2111 2293 2184 fugiebant,
2326 2113 2430 2168 sibi
2460 2113 2696 2184 suisque,
2730 2120 2995 2185 quantum
3025 2110 3298 2177 valebant,
3333 2107 3388 2164 in
3444 2106 3596 2163 silvis

2000 2201 2084 2258 vel
2114 2199 2233 2256 aliis
2253 2201 2407 2262 locis,
2440 2200 2495 2255 in
2524 2201 2725 2274 quibus
2767 2217 2825 2257 se
2863 2199 3019 2256 tutari
3066 2215 3227 2272 posse
3281 2196 3595 2269 sperabant,

1999 2291 2357 2346 consulentes.
2388 2289 2527 2346 Huic
2556 2290 2701 2345 male
2731 2306 2829 2346 rex
2868 2288 3130 2345 Henricus
3185 2286 3391 2344 mederi
3444 2285 3596 2342 desi-

1998 2379 2223 2447 derans,
2246 2379 2452 2434 indicto
2483 2379 2659 2435 edicto
2703 2377 2956 2434 omnibus
3012 2377 3103 2449 qui
3151 2375 3360 2447 aliquid
3415 2390 3601 2430 eorum

2000 2484 2120 2539 quae
2153 2468 2283 2535 dixi,
2318 2467 2508 2523 fecisse
2538 2467 2756 2538 probari
2788 2474 3055 2539 poterant,
3088 2475 3177 2521 aut
3224 2465 3413 2521 oculos
3458 2462 3600 2530 erui,

2001 2563 2089 2611 aut
2119 2572 2314 2612 manus
2347 2557 2432 2611 vel
2448 2556 2617 2626 pedes
2634 2556 2717 2612 vel
2739 2556 2845 2611 alia
2860 2555 3106 2611 membra
3120 2553 3387 2610 constanti
3397 2551 3605 2624 justitia

2001 2653 2252 2702 strenuus
2285 2644 2522 2700 faciebat
2551 2645 2841 2715 amputari.
2875 2644 3007 2713 Quae
3034 2643 3261 2715 justitia,
3315 2644 3374 2698 in
3428 2640 3601 2713 pluri-

2000 2735 2104 2790 bus
2132 2734 2270 2798 visa,
2298 2742 2525 2790 caeteros
2553 2734 2921 2805 integritatem
2951 2732 3036 2789 sui
3083 2739 3332 2789 amantes
3359 2731 3429 2787 ab
3460 2730 3596 2787 alio-

2001 2840 2121 2879 rum
2150 2822 2371 2879 laesione
2400 2823 2721 2879 deterrebat.

2073 2914 2207 2968 Item
2238 2920 2450 2967 moneta
2480 2919 2733 2982 corrupta
2762 2920 2813 2968 et
2844 2912 2982 2968 falsa
3013 2911 3407 2968 multis'modis
3447 2910 3601 2965 mul-

2001 3009 2086 3057 tos
2116 3000 2414 3073 afﬂigebat.
2447 3000 2624 3071 Quam
2657 3017 2750 3056 rex
2780 3001 2880 3056 sub
2936 3008 3086 3056 tanta
3133 2998 3606 3056 animadversione

2001 3090 2200 3163 corrigi
2220 3089 2401 3145 statuit
2432 3098 2487 3145 ut
2517 3089 2699 3145 nullus
2729 3090 2819 3160 qui
2848 3098 3034 3160 posset
3061 3088 3396 3160 deprehendi
3436 3088 3604 3144 falsos

1998 3180 2247 3235 denarios
2282 3179 2482 3244 facere,
2519 3178 2700 3249 aliqua
2730 3178 3120 3250 redemptione,
3156 3178 3283 3249 quin
3309 3177 3496 3235 oculos
3547 3185 3603 3234 ct

1988 3258 2269 3325 inferiores
2314 3268 2555 3337 corporis
2601 3276 2781 3338 partes
2828 3268 3098 3339 perderet,
3146 3267 3325 3337 juvari
3374 3266 3594 3321 valeret.

1988 3360 2056 3413 Et
2093 3357 2351 3427 quoniam
2401 3356 2718 3427 saepissime,
2769 3356 2897 3412 dum
2960 3355 3175 3412 denarii
3235 3354 3594 3426 eligebantur,

1990 3446 2363 3513 flectebantur,
2395 3444 2805 3515 rumpebantur,
2828 3445 3242 3515 respuebantur,
3297 3442 3489 3498 statuit
3542 3448 3601 3495 ut

1988 3535 2166 3591 nullus
2193 3534 2453 3590 denarius
2503 3533 2587 3589 vel
2645 3533 2839 3590 obolus
2876 3533 3087 3606 integer
3141 3539 3305 3589 esset.
3366 3530 3452 3586 Ex
3489 3547 3596 3604 quo

1989 3625 2129 3681 facto
2160 3639 2399 3695 magnun
2431 3622 2634 3679 bonum
2662 3624 2733 3678 ad
2765 3630 2975 3694 tempus
3007 3622 3103 3679 toti
3156 3637 3327 3695 regno
3355 3624 3597 3676 creatum

1988 3723 2088 3770 est.
2122 3714 2251 3769 Haec
2279 3712 2336 3767 in
2363 3711 2716 3768 saecularibus
2748 3714 2818 3768 ad
2846 3710 3173 3769 relevandas
3206 3719 3367 3768 terra:
3394 3726 3597 3767 aerum-

1989 3814 2089 3853 nas
2118 3797 2330 3852 interim
2360 3813 2459 3852 rex
2483 3796 2737 3853 faciebat.

2060 3886 2258 3941 Divina
2286 3885 2635 3941 nihilominus
2690 3883 2869 3940 ofﬁcia
2926 3885 3182 3956 quoniam
3238 3886 3463 3959 indigne
3502 3901 3598 3957 per

1991 3975 2348 4046 quorumdam
2378 3976 2722 4031 sacerdotum
2753 3989 2946 4031 manus
2983 3990 3048 4031 eo
3079 3990 3249 4045 usque
3279 3975 3597 4032 tractaban-

1992 4072 2095 4133 tur,
2129 4062 2390 4119 sollicitus
2414 4063 2605 4117 institit
2633 4071 2691 4118 ut
2720 4070 2772 4117 et
2804 4064 2924 4133 ipsa
2954 4079 3054 4119 suo
3086 4063 3189 4119 ritu
3244 4072 3390 4119 caste
3447 4063 3598 4119 cele-

1992 4152 2297 4208 brarentur.
2330 4151 2482 4206 Multi
2512 4167 2709 4222 nempe
2737 4152 3169 4223 presbyterorum
3217 4155 3418 4207 statuta
3463 4166 3601 4209 con-

1992 4241 2102 4297 cilii
2131 4239 2548 4309 Lundoniensis,
2581 4256 2755 4296 necne
2781 4239 3077 4295 vindictam
3115 4255 3274 4310 quam
3305 4240 3362 4295 in
3383 4256 3476 4297 eos
3504 4256 3600 4296 rex

282 4337 692 4403 monachorum,
747 4334 1067 4390 clericorum
1119 4333 1186 4387 de
1232 4331 1492 4388 laieorum
1544 4330 1887 4387 multitudine
1918 4358 1969 4417 Ι)
1997 4338 2333 4396 excreuerat,
2376 4344 2604 4400 quorum
2660 4328 2907 4400 superius
2964 4329 3294 4384 mentionem
3347 4329 3594 4395 fecimus,

286 4426 542 4481 decenter
568 4422 803 4493 expleto,
835 4439 922 4477 res
953 4421 1119 4493 ipsius
1148 4422 1429 4492 episcopii,
1463 4420 1599 4476 sicut
1627 4419 1888 4490 expedire

280 4513 477 4568 melius
505 4511 861 4584 intelligebat,
895 4511 962 4565 ad
994 4526 1132 4580 opus
1161 4510 1424 4565 Ecclesiae
1452 4509 1600 4564 intus
1633 4516 1683 4564 et
1740 4517 1889 4563 extra

283 4618 410 4657 suas
439 4600 693 4657 videlicet
723 4599 1010 4655 ordinavit.
1043 4600 1272 4654 Baculus
1327 4605 1506 4653 autem
1562 4596 1890 4668 episcopalis

284 4690 628 4746 Cantuariam
659 4690 729 4744 ab
759 4688 982 4744 Ernulfo
1014 4688 1279 4744 monacho
1309 4686 1566 4754 Roﬂensi,
1601 4687 1691 4757 qui
1737 4686 1890 4757 ejus-

286 4780 410 4835 dem
438 4777 682 4851 episcopi
709 4777 1027 4848 capellanns
1048 4778 1346 4845 exstiterat,
1370 4792 1471 4847 pro
1498 4791 1646 4832 more
1669 4775 1886 4831 delatus

287 4877 383 4936 est,
419 4875 473 4923 et
502 4868 555 4923 in
597 4866 893 4939 praesentia
941 4867 1168 4922 fratrum
1220 4881 1384 4936 super
1437 4864 1615 4921 altare
1673 4864 1895 4921 Domini

294 4955 594 5013 Salvatoris
622 4962 1005 5026 praesentatus.

359 5049 507 5102 Inter
532 5045 638 5101 ista
667 5062 763 5102 rex
814 5045 1076 5101 Henricus
1123 5044 1469 5100 considerans
1528 5046 1697 5099 totum
1755 5059 1897 5114 pene

290 5150 518 5206 regnum
549 5134 602 5188 in
632 5150 857 5207 gravem
887 5149 1187 5188 aerumnam
1216 5133 1396 5189 multis
1425 5148 1494 5188 ex
1524 5132 1699 5188 causis
1743 5131 1896 5187 deci-

292 5222 459 5291 disse,
490 5238 590 5296 per
635 5221 919 5279 consilium
968 5222 1208 5278 Anselmi
1279 5226 1333 5278 et
1389 5236 1677 5293 procerum
1736 5219 1896 5293 regni

1999 4425 2404 4491 postponentcs,
2463 4434 2589 4473 suas
2646 4418 2877 4473 feminas
2930 4417 3255 4484 retinebant,
3317 4426 3408 4473 aut
3453 4426 3599 4475 certe

1995 4509 2261 4564 duxerant
2308 4522 2445 4578 quas
2474 4507 2625 4577 prius
2652 4522 2760 4562 non
2802 4507 3096 4563 habebant.
3156 4506 3315 4575 Quod
3364 4506 3599 4562 inconti-

1999 4596 2195 4653 nentiae
2224 4595 2432 4652 crimen
2461 4612 2555 4651 rex
2586 4596 2901 4652 subvertere
2938 4596 3178 4666 cupiens,
3228 4594 3478 4650 adunatis
3531 4597 3600 4650 ad

1998 4685 2201 4741 curiam
2232 4701 2385 4740 suam
2416 4684 2471 4739 in
2501 4683 2844 4740 solemnitate
2875 4685 3219 4740 Pentecostes
3265 4683 3411 4754 apud
3451 4684 3601 4738 Lun-

2003 4776 2227 4831 doniam
2260 4774 2466 4829 cunctis
2494 4773 2798 4841 majoribus
2845 4773 3017 4844 regni,
3078 4772 3148 4828 de
3202 4773 3421 4845 negotio
3480 4790 3603 4829 cum

2002 4862 2260 4920 Anselmo
2291 4862 2700 4933 archiepiscopo
2731 4868 2782 4916 et
2811 4862 3017 4917 caeteris
3072 4860 3340 4933 episcopis
3393 4862 3604 4936 Anglia!

2003 4952 2270 5021 tractavit,
2329 4966 2529 5022 eosque
2591 4950 2660 5005 ad
2725 4949 2928 5005 malum
2977 4949 3131 5005 illum
3199 4951 3603 5022 exstirpandum

2006 5041 2179 5114 regali
2245 5039 2559 5095 auctoritate
2616 5045 2777 5109 atque
2828 5038 3071 5109 potentia
3110 5038 3272 5095 fultos
3308 5040 3603 5099 roboravit.

2007 5131 2163 5187 Unde
2218 5129 2502 5184 Anselmus
2566 5127 3002 5199 archiepiscopus
3066 5128 3490 5197 Cantuariensis,
3558 5138 3614 5187 et

2008 5220 2243 5275 Thomas
2302 5218 2505 5273 electus
2564 5215 2997 5289 archiepiscopus
3053 5216 3417 5275 Eboracensis
3462 5218 3610 5287 (nam

1653 5369 2083 5427 HENSCHENII
2111 5368 2341 5426 ΝΟΤιΕ.

372 5497 449 5566 (a)
477 5496 741 5555 Debriare
769 5511 868 5568 pro
892 5496 1182 5553 inebriare
1232 5511 1308 5552 sa:
1348 5494 1432 5551 ius
1487 5494 1543 5550 in
1599 5503 1907 5551 sanctorum
2015 5510 2323 5552 mensuram
2341 5492 3001 5569 significabat;utebrius
3028 5498 3080 5546 et
3099 5490 3324 5547 debrius
3345 5489 3613 5558 dicantur,

372 5569 451 5622 :tis
481 5568 740 5622 occurrit.
772 5583 881 5622 vox
910 5568 1094 5622 utique
1132 5575 1257 5622 anta
1312 5512 1437 5622 licet
1492 5582 1654 5622 aureo
1711 5568 1908 5622 saeculo
2018 5566 2173 5622 quasi
2205 5566 2274 5622 de
2303 5567 2390 5622 vel
2421 5573 2571 5622 extra
2615 5579 2924 5622 mensuram
2984 5569 3180 5622 notus;
3236 5562 3473 5622 sobrius,
3522 5561 3613 5617 sub

304 5569 451 5624 Actis
481 5568 740 5635 occurrit,
772 5583 881 5624 vox
910 5568 1094 5639 utique
1132 5575 1257 5639 apta

1352 5576 1437 5624 eet
1492 5582 1654 5623 aureo
1711 5568 1908 5624 saeculo

309 5639 519 5712 ignota,
553 5639 822 5712 siquidem
845 5639 987 5710 bria,
1009 5638 1073 5697 ut
1090 5638 1279 5699 volunt
1306 5639 1544 5713 quidam,
1562 5646 1771 5697 certam
1799 5638 1909 5697 vini

2018 5566 2173 5638 quasi
2205 5566 2274 5623 de
2303 5561 2571 5625 vel'extra
2615 5579 2924 5623 mensuram
2984 5569 3180 5635 potus;
3236 5562 3473 5628 sobrius,
3522 5561 3622 5617 sub

2019 5653 2297 5696 mensura.
