4044 6074
464 314 560 371 471

1452 308 1771 368 ΕΑΟΜΕΒΙ
1812 308 2365 366 CANTUARIENSIS
2425 306 2769 365 MONACIIII

3661 308 3767 364 472

463 441 738 499 Gerardus
769 449 893 498 tunc
928 454 1103 512 nuper
1156 436 1223 495 ad
1279 438 1528 495 eamdem
1584 436 1793 495 curiam
1830 436 2055 493 tendens
2082 432 2139 496 A
2238 432 2333 489 His
2371 432 2559 490 diebus
2586 449 2763 491 sermo
2791 432 3002 491 habitus
3029 442 3108 489 est
3136 432 3204 490 de
3231 430 3489 505 parochia
3522 429 3767 504 episcopi

468 531 696 602 abierat)
754 539 807 587 et
844 545 1034 587 omnes
1089 528 1181 585 alii
1219 528 1429 601 Anglia:
1468 527 1709 599 episcOpi
1765 535 2067 584 statuerunt

466 622 524 678 in
543 620 830 695 praesentia
858 619 1101 691 ejusdem
1127 617 1351 691 gloriosi
1373 618 1516 690 regis
1544 618 1780 678 Henrici.
1838 633 2064 673 assensu

466 711 705 767 omnium
734 709 998 765 baronum
1055 723 1295 775 suorum,
1355 715 1414 762 ut
1452 706 1767 779 presbyteri,
1820 707 2061 775 diaconi,

466 797 785 855 subdiaconi
825 804 972 853 caste
1020 796 1283 864 viverent,
1336 804 1389 851 et
1435 795 1663 851 feminas
1711 797 1765 848 in
1810 795 2064 850 domibus

465 887 575 942 suis
605 901 712 942 non
742 884 1026 952 haberent,
1059 893 1253 957 praeter
1282 885 1556 956 proximas
1594 883 2064 956 consanguinitate

464 975 567 1030 sibi
591 976 823 1044 junctas,
857 973 1151 1030 secundum
1171 974 1318 1046 quod
1341 982 1525 1028 sancta
1557 974 1780 1029 Nicaena
1821 972 2062 1045 synodus

468 1061 727 1121 deﬁnivit.
761 1063 845 1118 Illi
877 1078 1007 1118 vero
1054 1062 1371 1134 presbyteri,
1431 1062 1664 1131 diaconi,
1721 1062 2059 1128 subdiaconi,

466 1154 553 1225 qui
583 1160 707 1223 post
735 1151 1080 1207 interdictum
1112 1151 1508 1207 Lundoniensis
1563 1151 1775 1207 concilii
1833 1150 2064 1206 feminas

465 1258 591 1298 suas
619 1248 920 1305 tenuerunt,
947 1239 1033 1295 vel
1066 1238 1202 1295 alias
1223 1240 1510 1308 duxerunt,
1541 1238 1585 1295 si
1640 1240 1873 1311 amplius
1930 1241 2062 1296 mis-

466 1346 580 1386 sam
611 1329 887 1385 celebrare
919 1326 1142 1397 vellent,
1175 1343 1268 1383 eas
1297 1328 1521 1384 omnino
1552 1345 1582 1385 a
1612 1345 1668 1385 se
1700 1329 1937 1385 facerent
1984 1331 2063 1387 sic

469 1418 675 1475 alienas
731 1424 788 1472 ut
843 1432 946 1473 nec
978 1415 1086 1472 illae
1141 1415 1195 1471 in
1243 1417 1435 1472 domos
1491 1433 1702 1486 eorum,
1751 1434 1850 1473 nec
1880 1418 1982 1489 ipsi
2008 1419 2063 1474 in

466 1507 658 1563 domos
687 1522 871 1561 earum
902 1504 1182 1574 intrarent,
1214 1505 1312 1560 sed
1361 1521 1533 1577 neque
1576 1506 1631 1561 in
1673 1506 1852 1577 aliqua
1899 1507 2063 1565 domo

460 1595 691 1651 scienter
719 1592 1086 1663 convenirent,
1140 1610 1315 1667 neque
1371 1593 1681 1665 hujusmodi
1736 1596 1951 1652 feminae
2005 1597 2061 1652 in

462 1683 728 1740 territorio
758 1682 1005 1738 ecclesiae
1033 1681 1333 1738 habitarent
1358 1701 1373 1751 ;
1405 1683 1447 1737 si
1478 1692 1657 1740 autem
1711 1693 1932 1756 prepter
1958 1684 2062 1739 ali-

2172 522 2520 580 Lincoliensis
2548 542 2667 596 quae
2695 524 2748 580 in
2777 524 3004 579 nimium
3037 521 3374 590 tendebatur,
3406 538 3581 595 eoque
3633 537 3769 593 pro-

2173 614 2337 669 cessit
2370 616 2479 685 (28)
2510 622 2586 682 ut,
2619 614 2873 685 quoniam
2904 613 3039 670 ratio
3070 612 3487 668 Christianitatis
3534 611 3590 666 id
3639 609 3771 666 utile

2175 704 2290 760 fore
2353 702 2633 771 suadebat,
2702 703 2818 776 regi
2880 711 2934 758 et
2999 703 3408 773 archiepiscOpo
3454 700 3773 772 ceterisque

2170 792 2506 863 principibus
2534 794 2689 864 regni
2713 792 2885 846 visum
2920 792 3103 860 fuerit,
3136 791 3205 847 de
3232 792 3351 861 ipsa
3387 789 3644 861 parochia
3669 805 3770 845 su-

2172 883 2427 938 mendum
2475 898 2582 953 quo
2611 882 2760 938 ﬁeret
2798 881 2935 937 alter
2961 881 3306 951 episcOpatus
3335 878 3468 949 (29),
3500 879 3655 951 cujus
3683 892 3773 932 ca-

2171 972 2376 1028 thedrae
2413 971 2746 1043 principatus
2784 980 3078 1040 poneretur
3142 969 3199 1024 in
3252 968 3478 1024 abbatis
3516 967 3585 1022 de
3621 965 3765 1023 Heli.

2172 1060 2283 1116 Sed
2309 1061 2610 1129 Anselmus,
2640 1076 2799 1130 quem
2828 1059 2998 1130 ipsius
3029 1057 3232 1130 negotii
3272 1072 3485 1113 summa
3510 1054 3774 1127 respicie-

2170 1152 2282 1218 bat,
2324 1150 2499 1207 scicns
2548 1158 2754 1220 prmter
2787 1163 3110 1204 consensum
3148 1154 3201 1201 et
3239 1144 3467 1202 Romani
3502 1142 3774 1216 pontiﬁcis

2171 1241 2543 1297 auctoritatem
2573 1254 2772 1294 novum
2803 1237 3173 1308 episcopatum
3211 1250 3473 1306 nusquam
3527 1234 3626 1289 rite
3679 1231 3770 1288 in-

2171 1330 2316 1386 stitui
2348 1344 2530 1401 posse,
2563 1326 2773 1397 scripsit
2804 1326 2854 1383 ei
2884 1326 2960 1381 sic
2995 1343 3008 1380 :

2249 1443 2269 1469 (ι
2306 1418 2537 1474 Domino
2594 1424 2647 1472 et
2702 1415 2843 1471 Patri
2900 1413 3200 1472 reverenda
3257 1412 3518 1482 Paschali,
3557 1425 3771 1468 summo

2170 1506 2435 1581 pontiﬁci,
2467 1504 2754 1562 Anselmus
2781 1503 3042 1560 Ecclesiae
3071 1501 3490 1570 Cantuariensis,
3530 1499 3770 1557 debitam

2172 1595 2539 1654 obedientiam
2568 1611 2693 1650 cum
2724 1592 2873 1648 ﬁdeli
2903 1591 3166 1665 obsequio
3196 1598 3248 1648 et
3277 1588 3631 1647 orationibus.

2250 1711 2271 1736 «ι
2303 1684 2570 1755 Quoniam
2602 1683 2767 1739 robur
2794 1681 3208 1752 dispositionum
3240 1696 3361 1753 quae
3391 1678 3594 1734 utiliter
3637 1676 3772 1733 ﬁunt

461 1787 626 1847 quam
657 1774 937 1827 honestam
966 1786 1204 1841 causam,
1238 1786 1333 1827 eos
1366 1772 1601 1845 colloqui
1622 1781 2056 1844 oporteret,cum
2089 1790 2141 1850 Β
2174 1779 2227 1833 in
2249 1776 2492 1833 Ecclesia
2522 1774 2622 1829 Dei
2682 1773 2751 1827 de
2800 1780 2989 1828 vestrae
3034 1770 3234 1841 pendet
3275 1767 3590 1826 auctoritate
3635 1784 3774 1839 pru-

459 1860 671 1916 duobus
698 1860 765 1915 ad
798 1859 976 1915 minus
1004 1859 1259 1932 legitimis
1317 1861 1567 1929 testibus,
1624 1869 1775 1917 extra
1832 1862 2054 1917 domum

454 1948 918 2022 colloquerentur.
952 1947 1008 2004 Si
1039 1964 1170 2004 vero
1200 1947 1253 2003 in
1284 1948 1493 2006 duobus
1513 1957 1601 2005 aut
1630 1949 1683 2004 in
1712 1950 1884 2007 tribus
1916 1951 2055 2025 legi-

458 2037 599 2092 timis
655 2037 895 2105 testibus,
957 2036 1041 2093 vel
1096 2036 1316 2108 publica
1387 2038 1838 2110 parochianorum
1912 2040 2058 2095 fama

455 2125 657 2199 aliquis
685 2141 872 2183 eorum
902 2132 1189 2182 accusatus
1220 2134 1380 2194 esset,
1438 2127 1587 2201 quod
1641 2130 1746 2185 hoc
1800 2136 2054 2184 statutum

457 2214 731 2281 violasset,
762 2221 1025 2288 purgaret
1052 2230 1112 2270 se
1141 2215 1411 2285 adjunctis
1456 2215 1562 2271 sibi
1615 2233 1797 2273 secum
1854 2218 2058 2274 ordinis

454 2302 540 2359 sui
567 2302 777 2359 idoneis
808 2303 1071 2373 testibus;
1106 2319 1222 2373 sex,
1254 2303 1297 2359 si
1325 2304 1642 2377 presbyter;
1696 2305 1950 2378 quinque,
2009 2306 2055 2361 si

453 2390 745 2464 diaconus;
779 2399 1028 2463 quatuor,
1069 2392 1116 2447 si
1145 2391 1505 2449 subdiaconus
1533 2401 1688 2450 esset.
1722 2394 1817 2451 Cui
1872 2399 2055 2452 autem

456 2481 575 2537 haec
602 2479 864 2553 purgatio
893 2479 1170 2547 deﬁceret,
1201 2488 1260 2537 ut
1288 2489 1654 2555 transgressor
1681 2483 1820 2541 sacri
1874 2484 2057 2540 statuti

451 2568 818 2641 judicaretur.
852 2568 936 2625 Illi
963 2578 1141 2627 autem
1171 2570 1473 2642 presbyteri
1504 2572 1594 2643 qui
1620 2571 1991 2629 divinialtaris
2004 2577 2059 2628 et

458 2671 736 2715 sacrorum
765 2656 1020 2714 ordinum
1047 2666 1446 2731 contemptores
1475 2660 1879 2733 praeexigerent
1934 2678 2058 2717 cum

458 2745 779 2802 mulieribus
811 2744 1081 2815 habitare,
1115 2762 1147 2802 a
1177 2747 1358 2804 divino
1388 2746 1564 2804 oﬂicio
1592 2749 1786 2805 remoti
1813 2757 1867 2805 et
1909 2748 2058 2807 omni

458 2834 829 2892 ecclesiastico
860 2834 1124 2892 beneﬁcio
1153 2835 1370 2907 privati,
1405 2846 1557 2893 extra
1595 2836 1828 2894 chorum
1884 2855 2058 2909 pone—

459 2932 643 2981 rentur
698 2923 931 2980 infames
986 2925 1335 2996 pronuntiati.
1394 2924 1498 2994 Qui
1553 2941 1681 2983 vero
1738 2926 1954 2982 rebellis
2009 2934 2063 2985 et

463 3019 808 3085 contemptor
827 3010 1083 3069 feminam
1115 3029 1269 3069 suam
1298 3028 1406 3070 non
1435 3012 1770 3086 relinqueret
1816 3023 1867 3071 et
1924 3016 2062 3071 mis-

463 3117 579 3158 sam
607 3099 880 3158 celebrare
910 3110 1281 3173 praesumeret,
1321 3110 1551 3159 vocatus
1600 3104 1671 3159 ad
1726 3103 2060 3160 satisfactio—

461 3205 609 3259 nem,
643 3190 691 3245 si
719 3190 1042 3264 negligeret,
1074 3198 1266 3247 octavo
1304 3191 1391 3247 die
1447 3193 2058 3249 excommunicarentur.

460 3278 669 3335 Eadem
700 3278 964 3335 sententia
1021 3279 1441 3337 archidiaconos
1496 3281 1611 3353 (27)
1668 3289 1720 3338 et
1776 3282 2067 3338 canonicos

470 3383 660 3425 omnes
705 3368 1182 3439 complectebatur,
1243 3376 1353 3424 tam
1404 3369 1472 3425 de
1527 3369 1846 3426 mulieribus
1894 3371 2067 3427 relin-

463 3455 697 3527 quendis
727 3472 889 3527 quam
922 3457 990 3512 de
1020 3456 1242 3513 vitanda
1289 3473 1474 3513 earum
1531 3459 1956 3528 conversatione,
2016 3467 2069 3515 et

468 3543 539 3600 de
568 3544 903 3601 districtione
934 3560 1201 3613 censurae,
1235 3546 1280 3600 si
1320 3551 1522 3603 statuta
1578 3548 1876 3620 trangressi
1932 3546 2067 3603 fuis-

2169 1865 2384 1934 (lentiae,
2425 1863 2644 1936 quando
2692 1861 2844 1929 ﬁunt,
2903 1859 2970 1915 ad
3022 1867 3257 1915 vestrum
3310 1856 3609 1913 referendae
3646 1865 3771 1912 sunt

2166 1956 2412 2012 notitiam
2465 1960 2518 2009 et
2568 1950 2870 2021 judicium,
2914 1957 3007 2020 ut,
3048 1964 3172 2003 cum
3211 1946 3510 2019 apostolico
3548 1962 3771 2000 assensu

2164 2046 2363 2101 fuerint
2400 2042 2728 2099 conﬁrmatae
2763 2080 2777 2107 ,
2816 2037 2961 2093 nulla
3004 2036 3428 2109 praesumptione
3466 2050 3499 2090 a
3534 2033 3768 2106 posteris

2165 2151 2284 2206 qua:
2315 2130 2607 2187 salubriter
2634 2135 2845 2184 statuta:
2876 2134 2998 2181 sunt
3027 2129 3226 2197 queant
3255 2124 3466 2194 violari,
3519 2125 3616 2179 scd
3647 2131 3767 2179 rata

2164 2228 2515 2295 permaneant
2560 2219 2616 2274 in
2671 2224 3011 2288 perpetuum.
3074 2216 3133 2269 In
3186 2214 3382 2287 Anglia
3422 2220 3501 2269 est
3542 2212 3763 2283 quidam

2164 2313 2532 2384 episcopatus,
2564 2306 2775 2363 scilicet
2804 2303 3173 2372 Lincoliensis,
3206 2302 3363 2373 cujus
3388 2302 3633 2358 dimcesis
3656 2310 3769 2357 tam

2165 2400 2349 2471 ampla
2380 2404 2460 2453 est
2489 2404 2546 2452 ut
2575 2396 2644 2451 ad
2675 2410 2737 2450 ea
2769 2410 2889 2464 qua;
2919 2407 3025 2448 non
3056 2390 3158 2446 nisi
3189 2391 3260 2448 ab
3306 2390 3602 2462 episcopali
3633 2405 3770 2461 per-

2165 2506 2297 2546 sona
2320 2486 2432 2543 ﬁeri
2463 2492 2666 2558 queunt
2694 2499 2830 2538 unus
2859 2482 3146 2553 episcopus
3168 2480 3330 2552 plene
3390 2474 3631 2536 suﬁicere
3661 2495 3773 2535 non

2165 2577 2353 2650 possit.
2387 2574 2547 2645 Quod
2576 2588 2698 2629 cum
2729 2570 3096 2628 consideraret
3127 2585 3243 2636 rex,
3284 2577 3337 2625 et
3393 2566 3661 2640 episcopi,
3720 2574 3775 2622 et

2164 2666 2460 2739 principes,
2491 2671 2543 2719 et
2572 2661 2661 2717 alii
2694 2658 3047 2716 rationabiles
3071 2667 3123 2714 et
3158 2656 3404 2731 religiosi
3460 2656 3562 2713 viri
3617 2654 3774 2729 regni

2166 2755 2487 2828 Anglorum,
2520 2750 2588 2807 ad
2616 2749 2903 2805 utilitatem
2933 2746 3190 2802 Ecclesiae
3248 2745 3423 2801 visum
3479 2745 3772 2801 consilium

2167 2853 2245 2900 est
2275 2844 2648 2914 episcopatum
2680 2838 2966 2910 pmfatum
2996 2836 3051 2891 iu
3083 2837 3218 2891 duos
3264 2834 3526 2902 dividere,
3586 2833 3662 2889 ita
3712 2841 3774 2889 ut

2168 2934 2327 2989 sedes
2357 2928 2681 3002 episcopalis
2710 2927 2763 2982 in
2784 2925 3025 2997 quadam
3074 2923 3308 2992 abbatis,
3355 2939 3477 2996 qua
3534 2922 3636 2978 sita
3690 2930 3774 2978 est

2168 3022 2225 3076 in
2252 3020 2428 3075 insula
2457 3025 2647 3075 vocata
2677 3015 2818 3085 Heli,
2851 3022 2902 3071 et
2931 3022 3010 3070 est
3037 3012 3176 3068 intra
3220 3013 3506 3085 praefatam
3564 3011 3773 3067 dimce-

2175 3110 2299 3176 sim,
2331 3107 2701 3175 constituatur,
2728 3104 3008 3161 monachis
3051 3101 3256 3158 ibidem
3311 3100 3774 3173 permanentibus,

2174 3198 2315 3254 sicut
2344 3203 2463 3252 sunt
2485 3194 2635 3250 multi
2666 3193 3008 3265 episcopatus
3027 3192 3117 3263 qui
3160 3192 3459 3246 monachos
3504 3190 3558 3244 in
3602 3196 3778 3246 matre

2174 3286 2400 3343 ecclesia
2426 3284 2648 3353 habent,
2672 3299 2780 3339 non
2808 3281 3124 3338 canonicos.
3158 3278 3317 3350 Quod
3362 3278 3592 3334 libenter
3636 3293 3779 3335 con-

2175 3376 2323 3433 cedit
2351 3375 2469 3446 ipse
2497 3373 2784 3444 episcopus
2813 3368 3182 3438 Lincoliensis,
3215 3366 3480 3423 Robertus
3534 3366 3778 3432 nomine,

2175 3464 2303 3537 quia
2326 3479 2427 3536 pro
2458 3462 2525 3517 iis
2556 3478 2677 3531 qua:
2706 3466 3047 3515 assumuntur
3074 3457 3142 3513 de
3172 3473 3270 3512 sua
3297 3455 3543 3512 Ecclesia
3588 3454 3657 3510 ad
3687 3455 3781 3510 in-

2176 3552 2528 3609 staurandum
2570 3565 2769 3605 novum
2826 3547 3197 3618 episcopatum
3248 3545 3305 3599 in
3360 3543 3501 3613 Heli,
3569 3551 3781 3599 tantum

468 3641 608 3691 sent.
639 3634 888 3689 Jurarent
914 3634 1137 3704 insuper
1164 3633 1529 3690 archidiaconi
1558 3649 1748 3691 omnes
1777 3636 1919 3707 quod
1966 3654 2072 3708 pc-
2144 3707 2149 3708 ί
2175 3640 2433 3698 Ecclesia:
2462 3637 2785 3695 Lincoliensi
2815 3643 3145 3693 restauratur
3170 3635 3248 3705 (a)
3279 3641 3337 3688 ut
3365 3632 3482 3703 ipse
3508 3630 3786 3688 suﬁciens

465 3722 687 3780 cuniam
718 3736 829 3775 non
858 3721 1171 3791 acciperent
1200 3737 1297 3792 pro
1329 3721 1605 3778 toleranda
1644 3707 2071 3796 transgressione
2133 3707 2229 3786 -et
2257 3737 2469 3802 gratum
2498 3727 2603 3783 sibi
2632 3743 2750 3783 esse
2782 3726 3032 3780 fateatur.
3067 3723 3163 3779 Cui
3196 3722 3274 3778 rei
3303 3720 3459 3788 mihi,
3503 3728 3615 3776 tum
3643 3735 3785 3792 pro-

467 3809 628 3877 huius
657 3807 857 3877 statuti,
891 3824 989 3864 nec
1018 3809 1309 3865 tolerarent
1335 3811 1709 3883 presbyteros,
1759 3830 1897 3885 quos
1952 3812 2069 3869 sci-
2178 3827 2297 3890 pter
2315 3817 2636 3888 praedictam
2666 3814 3059 3880 necessitatem,
3092 3819 3205 3866 tum
3250 3818 3472 3882 propter
3527 3809 3780 3866 multitu-

472 3904 590 3953 rem
618 3895 850 3952 ἷεῐηίηόε
878 3896 1096 3964 habere.
1145 3904 1363 3953 cantare
1417 3900 1503 3955 vel
1559 3900 1788 3957 vicarios
1840 3902 2073 3970 habere,
2178 3906 2360 3962 dinem
2388 3906 2765 3978 pradictorum
2797 3902 2888 3973 qui
2918 3902 2975 3956 in
3029 3901 3133 3957 hoc
3188 3898 3546 3967 consentiunt,
3602 3896 3781 3954 visum

470 3994 525 4042 θῑ
563 3985 612 4041 εί
658 3998 755 4040 80⁸
783 3984 1032 4040 “dim”
1077 3985 1417 4056 Calumniari.
1454 3987 1731 4046 veritatem
1762 3990 2073 4062 indcinqui-
2177 4003 2360 4065 estut,
2393 3995 2545 4051 salva
2573 4000 2750 4049 vestra
2780 3990 3116 4055 auctoritate,
3150 4002 3424 4044 assensum
3446 3986 3780 4057 praeberem.

474 4081 679 4130 rerent.
710 4072 979 4131 Similiter
1006 4082 1057 4129 et
1087 4074 1279 4130 deeani
1322 4075 1442 4134 haec
1497 4076 1687 4134 eadem
1745 4095 1843 4151 per
1892 4079 2077 4135 omnia
2180 4085 2432 4140 Precatur
2459 4083 2621 4155 igitur
2648 4080 2969 4151 suppliciter
3024 4094 3143 4133 mea
3194 4076 3452 4149 parvitas,
3504 4084 3782 4149 quatenus

474 4163 742 4234 jurarent.
776 4160 880 4230 Qui
912 4178 1040 4218 vero
1071 4162 1488 4221 archidiaconus
1546 4167 1630 4223 vel
1680 4166 1919 4224 decanus
1976 4170 2080 4223 hoc
2179 4175 2284 4229 hoc
2312 4172 2456 4244 quod
2486 4186 2583 4242 pro
2612 4170 2841 4225 utilitate
2868 4166 3126 4223 Ecclesiae
3172 4166 3250 4221 sic
3305 4165 3623 4237 dispositum
3671 4173 3780 4234 est,

478 4251 666 4320 jurare
692 4249 879 4317 nollet,
912 4251 1406 4309 archidiaconatum
1436 4255 1523 4311 vel
1553 4255 1880 4312 decanatum
1936 4256 2076 4311 irre-
2179 4269 2357 4319 vestra
2377 4260 2691 4316 auctoritate
2719 4257 2772 4311 in
2802 4263 3119 4328 perpetuum
3150 4253 3454 4320 roboratur,
3482 4269 3549 4309 ne
3581 4268 3613 4308 ι
3640 4268 3783 4323 pos-

472 4339 855 4410 cuperabiliter
883 4339 1148 4409 perderet.
1189 4341 1488 4414 Presbyteri
1544 4360 1673 4401 vero
1728 4345 1839 4417 qui,
1872 4344 2077 4401 relictis
2180 4352 2314 4406 teris
2346 4349 2457 4404 ulla
2488 4347 2912 4418 praesumptione
2941 4343 3109 4415 (quod
3140 4343 3277 4399 bene
3307 4350 3562 4399 statutum
3593 4342 3782 4413 fuerit)

483 4427 815 4495 mulieribus,
848 4428 964 4483 Deo
995 4436 1043 4483 et
1098 4429 1263 4485 sacris
1319 4430 1584 4487 altaribus
1641 4434 1844 4489 servire
1898 4433 2077 4507 elige-
2111 4438 2425 4507 _violctur.
2459 4436 2690 4492 Oramus
2729 4434 3021 4491 Dominum
3079 4432 3504 4503 omnipotentem
3553 4439 3610 4487 ut
3662 4431 3779 4486 Ec-

474 4524 610 4585 rent,
644 4515 1004 4588 quadraginta
1059 4515 1174 4571 dies
1228 4533 1326 4588 pro
1383 4520 1813 4592 transgressione
1859 4498 2073 4592 praefati
2111 4498 2353 4585 Dclesiae
2410 4541 2523 4581 suae
2581 4540 2677 4582 vos
2729 4523 2785 4578 in
2857 4523 3107 4577 diuturna
3173 4498 3532 4592 prosperitate
3587 4527 3782 4576 custoo

474 4604 691 4661 concilii
721 4604 790 4659 ab
820 4602 997 4660 oﬁicio
1034 4613 1329 4673 cessantes,
1382 4623 1481 4677 pro
1537 4624 1594 4662 se
1648 4609 1860 4665 interim
1916 4612 2069 4668 vica-

472 4692 586 4748 rios
611 4692 894 4761 haberent,
954 4692 1196 4763 injuncta
1251 4694 1331 4750 eis
1385 4695 1720 4767 paenitentia,
1774 4701 2072 4755 secundum

475 4780 621 4852 quod
676 4780 948 4852 episcopis
1001 4796 1188 4837 eorum
1246 4783 1422 4839 visum
1474 4793 1637 4842 esset.
1696 4786 1886 4843 Omnia
1943 4804 2072 4845 vero

471 4867 697 4924 mobilia
750 4868 1022 4938 lapsorum
1079 4872 1305 4941 posthac
1358 4872 1818 4945 presbyterorum,
1876 4875 2070 4933 diaco-

475 4972 692 5026 norum,
724 4956 1182 5015 subdiaconorum
1228 4967 1279 5016 et
1336 4963 1724 5018 canonicorum
1780 4963 2070 5020 traderen-

471 5052 561 5100 tur
589 5045 883 5117 episcOpis,
915 5054 969 5103 et
997 5048 1313 5105 concubina:
1368 5067 1496 5106 cum
1551 5051 1713 5109 rebus
1740 5053 1868 5121 suis,
1927 5053 2075 5111 velut

470 5143 755 5200 adulterae.

2173 4615 2285 4671 diat
2315 4615 2407 4685 (b).

2245 4704 2431 4762 Soluta
2460 4702 2627 4772 curia,
2661 4700 2954 4757 Anselmus
2982 4698 3051 4755 ad
3093 4697 3279 4753 villam
3335 4712 3510 4765 suam,
3567 4696 3776 4752 Murte-

2174 4796 2261 4851 lac
2289 4793 2526 4861 nomine,
2556 4791 2671 4858 ivit,
2694 4789 2876 4859 ibique
2906 4788 2959 4843 in
2988 4785 3335 4858 subsequenti
3354 4785 3567 4857 jejunio
3595 4784 3777 4857 quarti

2174 4882 2392 4951 mensis,
2424 4881 2622 4937 multos
2675 4879 2745 4935 ad
2801 4893 2984 4934 sacros
3032 4875 3248 4932 ordines
3301 4875 3592 4946 promovit.
3624 4875 3779 4930 Inter

2175 4987 2310 5045 quos
2336 4970 2627 5026 Ricardum
2658 4982 2874 5039 quoque
2901 4966 2958 5020 in
3002 4962 3328 5036 praecedenti
3382 4961 3634 5034 proxima
3687 4976 3781 5018 so-

2176 5060 2451 5115 lemnitate
2483 5060 2831 5113 Pentecostes
2885 5055 3109 5110 electum
3166 5052 3232 5107 ad
3267 5051 3634 5124 pontiﬁcatum
3660 5051 3775 5108 Ec-

2174 5148 2352 5205 clesiae
2408 5144 2820 5214 Lundoniensis,
2879 5142 2949 5199 ad
3003 5142 3433 5215 presbyteratum
3470 5139 3770 5198 ordinavit.

1739 5272 2164 5329 HENSCHENII
2210 5272 2436 5329 ΝΟΤΔΞ.

539 5391 616 5463 (a)
645 5393 785 5446 Dato
838 5393 1047 5447 scilicet
1101 5409 1208 5449 uno
1266 5394 1503 5449 Eliensis
1557 5396 1789 5452 abbatiae
1819 5400 2063 5453 manerio

463 5461 805 5539 Spaldwich.
845 5464 915 5539 de
971 5479 1091 5539 quo
1136 5464 1288 5539 infra
1329 5466 1625 5521 Godwinus
1676 5469 1748 5539 de
1794 5470 2064 5539 episcopis

458 5534 672 5607 Anglia}
690 5535 809 5607 duo
839 5535 942 5607 alia
966 5534 1120 5607 addit
1150 5536 1487 5594 Biccleswort
1516 5546 1570 5593 et
1592 5534 1851 5604 Bokden';
1919 5534 2061 5596 asse—

461 5604 586 5660 rens
613 5604 886 5661 abbatiam
916 5606 1185 5665 Eliensem
1244 5614 1351 5663 tam
1382 5608 1598 5666 divitem
1630 5608 1812 5678 fuisse,
1843 5618 1901 5667 ut
1955 5625 2060 5669 suo

2170 5397 2354 5454 abbati
2380 5400 2509 5469 plus
2536 5398 2805 5462 redderet,
2839 5408 3004 5469 quam
3019 5391 3300 5469 episcopis
3329 5390 3442 5443 suis
3473 5389 3613 5445 binm
3654 5398 3768 5444 ter-

2169 5485 2324 5525 naeve
2355 5461 2732 5526 nonnullarum
2762 5461 2970 5522 sedium
3003 5461 3453 5533 Anglicanarum.

2240 5542 2314 5613 (ὸ)
2346 5539 2695 5598 Postulationi
2724 5535 2971 5613 pontifex
2998 5530 3206 5613 annuit,
3233 5531 3329 5588 sed
3348 5531 3557 5588 obierat
3573 5530 3762 5588 Ansel-

2170 5601 2306 5669 mus'
2320 5619 2605 5685 antequam
2626 5601 2904 5683 negotium
2925 5601 3295 5664 conﬁceretur.
