4044 6074
355 240 456 297 473

1452 241 1780 301 HISTORIA
1810 239 2180 300 NOVORUM.
2212 274 2283 285 —
2310 244 2436 302 LIB.
2462 244 2553 302 IV.

3552 247 3654 304 47$

426 366 633 424 Deinde
663 368 733 424 ad
765 368 1110 427 festivitatem
1141 367 1660 444 gloriosissimorum
1685 370 1958 444 apostolo-
1984 364 2039 428 A
2068 367 2308 443 Rogerio
2338 370 2699 443 Serberiensi,
2730 371 2965 430 Radulfo
2995 371 3399 438 Cicestrensi,et
3421 368 3676 428 Willhel-

355 473 478 513 rum
511 458 654 515 Petri
683 466 735 516 et
762 460 913 516 Pauli
964 459 1307 517 Cantuariam
1359 460 1600 535 veniens,
1651 462 1739 518 die
1795 461 1965 533 ipsius

353 546 668 603 festivitatis
698 549 752 604 in
784 550 1024 622 capitulo
1053 549 1414 622 prasentibus
1427 550 1687 607 Ecclesiae
1712 551 1963 607 fratribus

352 643 407 690 et
434 635 616 692 multis
638 637 760 692 aliis
792 646 900 693 tam
953 639 1234 695 monachis
1261 656 1421 711 quam
1450 639 1682 709 clericis,
1712 657 1812 696 nec
1852 656 1963 697 non

351 730 405 779 et
434 723 607 793 laicis,
644 726 793 783 dedit
824 727 1114 798 Radulpho
1141 728 1326 784 abbati
1357 728 1508 801 Sagii
1533 730 1630 799 (a),
1662 730 1780 785 viro
1803 730 1961 801 equi-

356 812 483 867 dem
514 812 660 870 bono
692 824 744 871 et
772 816 1050 890 religioso,
1090 826 1142 873 et
1197 817 1299 888 ipsi
1358 816 1605 873 ecclesia
1657 817 1815 873 valde
1870 819 1961 873 fa-

354 901 574 972 miliari,
608 904 981 975 episcopatum
1029 905 1359 976 Roffensem,
1416 914 1643 977 accepto
1692 907 1841 977 prius
1892 907 1961 962 ab

351 992 478 1062 ipso
509 1007 691 1048 coram
719 994 978 1050 omnibus
1010 995 1252 1051 hominio
1284 1011 1347 1051 ac
1376 994 1654 1051 ﬁdelitate.
1686 995 1860 1064 Quam
1891 994 1960 1051 ﬁ-

352 1079 628 1138 delitatem
655 1099 714 1138 se
747 1083 845 1151 illi,
879 1093 930 1139 et
979 1085 1185 1139 cunctis
1240 1085 1504 1158 legitimis
1555 1085 1961 1141 successoribus

356 1170 477 1241 ejus
508 1171 882 1244 Ecclesiaque
912 1172 1308 1229 Cantuariensis
1335 1181 1598 1246 perpetuo
1625 1182 1959 1229 servaturum

351 1260 626 1329 promisit,
660 1269 712 1316 et
742 1263 845 1317 hoc
888 1278 1054 1334 super
1104 1270 1333 1334 quatuor
1379 1261 1680 1335 Evangelia
1729 1262 1960 1334 jurando

349 1347 720 1405 conﬁrmavit.
759 1352 819 1405 In
852 1352 1085 1407 crastino
1116 1361 1302 1408 autem
1330 1352 1478 1407 misit
1532 1368 1660 1407 eum
1713 1352 1959 1408 Rovece-

349 1444 544 1506 stram,
580 1446 633 1493 et
661 1455 784 1494 cum
816 1455 881 1496 eo
912 1441 1290 1497 Willhelmum
1321 1440 1757 1497 archidiaconum
1779 1455 1954 1507 suum,

354 1532 414 1580 ut
444 1525 596 1582 illum
628 1543 696 1583 ex
751 1544 849 1584 sua
901 1538 1058 1600 parte
1115 1531 1239 1601 ipso
1294 1530 1611 1602 episcopatu
1660 1530 1954 1585 investiret.

354 1613 622 1686 Ejusdem
653 1632 868 1689 quoque
897 1619 1100 1692 negotii
1149 1635 1313 1675 causa
1363 1620 1507 1674 misit
1562 1628 1614 1675 et
1664 1618 1955 1675 Antonium

2071 474 2160 513 mo
2188 460 2592 526 Execeslrensi,
2628 469 2849 533 accepta
2878 461 3029 533 prius
3058 462 3127 519 ab
3155 479 3220 520 eo
3249 478 3349 533 pro
3403 475 3555 518 more
3606 459 3676 516 de

2070 548 2379 604 obedientia
2408 558 2459 605 et
2488 550 2819 621 subjectione
2849 567 2947 607 sua
2974 552 3332 623 professione.

2144 637 2385 693 Posthac
2412 639 2558 695 venit
2586 639 2875 696 Anselmus
2906 641 3273 711 Cantuariam,
3307 647 3362 697 et
3416 638 3493 695 ibi
3549 653 3672 694 cum

2070 740 2269 797 magno
2301 727 2502 783 honore
2530 728 2759 784 sacravit
2787 729 3074 799 prafatum
3108 729 3476 800 Radulphum,
3533 727 3671 784 Βοΐ-

2071 812 2206 867 fensi
2239 814 2493 869 Ecclesia
2525 816 2752 872 electum
2786 816 3122 887 episcopum,
3161 818 3349 888 quinto
3374 817 3502 870 Idus
3554 818 3669 870 Au-

2069 896 2232 969 gusti,
2265 898 2692 954 ministrantibus
2721 900 2824 954 sibi
2854 901 2910 954 iu
2940 903 3042 956 hoc
3071 899 3395 956 Willhelmo
3414 899 3669 971 episcopo

2067 987 2452 1054 Wintoniensi,
2486 988 2721 1043 Radulfo
2752 988 3092 1057 Cicestrensi,
3125 998 3177 1043 et
3205 987 3472 1045 Richardo
3519 988 3665 1043 Lun-

2068 1075 2338 1133 doniensi.
2395 1075 2498 1146 Qui
2550 1077 2870 1146 Richardus,
2952 1086 3356 1133 antecessorum
3440 1091 3660 1132 suorum

2072 1164 2157 1237 [/.,
2189 1165 2418 1237 morem]
2451 1171 2687 1233 secutus,
2720 1166 2950 1222 honesto
2979 1182 3209 1223 munere
3240 1166 3522 1222 honoravit
3542 1165 3665 1236 ipso

2068 1254 2155 1308 die
2179 1262 2411 1308 matrem
2441 1270 2589 1309 suam
2650 1255 2937 1311 ecclesiam
2997 1254 3460 1321 Cantuariensem,
3514 1255 3668 1325 juxta

2068 1343 2215 1415 quod
2245 1350 2502 1397 statutum
2534 1343 2709 1399 fuerat
2736 1360 2765 1399 a
2792 1360 2921 1416 rege
2970 1352 3171 1415 quanto
3230 1343 3540 1415 impetravit
3594 1343 3666 1398 ab

2068 1430 2340 1487 Anselmo
2388 1438 2446 1487 ut
2500 1447 2618 1488 eum
2677 1439 2909 1490 sacraret
2973 1433 3118 1503 apud
3172 1433 3470 1508 Pagaham,
3529 1430 3666 1489 sicut

2067 1530 2328 1586 diximus.

2136 1634 2283 1688 Inter
2311 1635 2425 1690 hac
2456 1633 2659 1690 electus
2689 1641 2769 1690 est
2798 1633 2868 1690 ab
2922 1633 3231 1690 Alexandro
3282 1649 3411 1707 rege
3464 1623 3669 1688 Scotia

348 1705 677 1760 monachum
706 1705 855 1773 illuc,
886 1707 975 1777 qui
1003 1707 1299 1780 subprioris
1328 1706 1505 1765 oﬁicio
1536 1709 1592 1762 in
1623 1707 1949 1765 monasterio

2066 1729 2118 1779 et
2147 1722 2292 1779 clero
2321 1729 2377 1778 et
2408 1723 2610 1794 populo
2640 1723 2937 1779 monachus
2994 1724 3212 1796 quidam
3270 1705 3668 1789 Duﬁnelmensis,

362 1792 737 1850 Cantuariensi
792 1796 1136 1868 fungebatur.
1168 1798 1313 1852 Nam
1341 1812 1406 1852 ex
1464 1812 1569 1867 quo
1627 1797 1953 1868 Ernulphus

356 1880 532 1953 ipsius
558 1883 817 1941 Ecclesia
848 1885 995 1957 prior
1022 1885 1166 1957 apud
1197 1887 1442 1960 Burgum
1478 1888 1548 1957 (b)
1569 1886 1739 1942 abbas
1784 1886 1959 1942 fuerat

360 1969 557 2041 factus,
585 1989 758 2046 usque
787 1973 841 2030 id
871 1974 1129 2047 temporis
1159 1975 1338 2031 nullus
1377 1975 1433 2031 in
1480 1975 1775 2049 prioratum
1828 1991 1957 2032 suc-

350 2068 604 2118 cesserat.

417 2174 628 2230 Eodem
659 2183 902 2248 tempore
932 2193 1030 2233 rex
1057 2178 1512 2234 Northmanniam
1569 2178 1648 2236 ire
1705 2179 1951 2252 parabat.

354 2262 644 2319 Anselmus
673 2273 850 2320 autem
881 2266 949 2321 ad
974 2266 1406 2324 benedicendum
1437 2267 1517 2323 illi
1563 2276 1779 2339 portum
1831 2283 1958 2323 ma—

352 2350 429 2405 ris
456 2351 549 2406 ubi
581 2353 815 2409 transire
844 2353 1083 2410 debebat
1112 2355 1181 2411 ab
1210 2371 1275 2411 eo
1306 2356 1563 2412 invitatus
1592 2357 1829 2413 advenit.
1850 2356 1958 2412 Sed

357 2446 537 2507 nocte,
571 2457 696 2496 cum
726 2443 976 2512 sequenti
1025 2459 1187 2499 mane
1239 2444 1580 2500 brachiolum
1636 2445 1800 2501 maris
1855 2460 1961 2515 quo

350 2529 472 2601 regi
529 2530 821 2601 hospitium
879 2531 950 2587 ab
1005 2530 1242 2603 hospitio
1294 2533 1544 2588 Anselmi
1609 2533 1959 2589 dirimebatur

353 2618 473 2690 regi
501 2618 780 2675 locuturus
809 2621 1041 2678 transire
1068 2622 1314 2687 deberet,
1348 2624 1490 2679 adeo
1533 2622 1833 2679 inﬁrmatus
1874 2640 1933 2678 es

355 2714 413 2761 ut
442 2707 512 2763 ad
540 2723 727 2780 regem
759 2709 1018 2766 accedere
1046 2710 1196 2767 nullo
1224 2721 1384 2781 pacto
1413 2712 1639 2768 valeret.
1666 2710 1824 2781 Quod
1855 2711 1947 2767 ubi

354 2797 659 2852 nuntiatum
691 2806 770 2853 est
797 2799 935 2871 regi,
966 2799 1016 2856 ei
1045 2816 1144 2871 per
1198 2801 1580 2857 Willhelmum
1635 2801 1954 2874 episc0pum

346 2884 792 2943 Wintoniensem
823 2895 878 2943 et
903 2888 1144 2960 ejusdem
1177 2890 1412 2945 nominis
1442 2891 1758 2961 episcopum
1797 2890 1949 2945 Exe-

346 2982 676 3030 cestrensem
706 2977 1079 3048 pracipiendo
1108 2979 1387 3037 mandavit
1413 2995 1481 3035 ne
1530 2979 1600 3034 ad
1652 2994 1714 3034 se
1763 2978 1950 3033 ullate-

2066 1811 2285 1867 nomine
2319 1811 2611 1885 Turgodus
2633 1812 2730 1883 (ο),
2750 1813 2820 1868 ad
2842 1811 3209 1884 episc0patum
3233 1810 3415 1870 Sancti
3435 1810 3669 1866 Andrca

2067 1901 2135 1955 de
2165 1900 2364 1956 Scotia.
2399 1900 2564 1971 Cujus
2592 1900 2927 1957 consecratio
2960 1901 3089 1955 dum
3121 1900 3260 1957 ultra
3285 1915 3446 1973 quam
3495 1914 3665 1970 expe-

2064 1988 2205 2045 diret
2260 1989 2654 2059 demoraretur,
2716 1998 2827 2045 tum
2882 1998 3174 2061 pr0pterea
3229 1990 3357 2061 quia
3427 1989 3667 2045 Thomas

2064 2077 2422 2134 Eboracensis
2450 2077 2708 2134 Ecclesia
2737 2077 2958 2133 antistes
3009 2079 3212 2135 electus
3248 2075 3483 2134 necdum
3537 2074 3661 2131 fue—

2063 2175 2147 2222 rat
2171 2175 2547 2235 consecratus,
2608 2174 2717 2222 tum
2772 2175 2997 2239 propter
3041 2166 3299 2238 quadam
3353 2164 3480 2236 alia,
3538 2179 3659 2237 qua

2062 2255 2289 2328 longum
2320 2263 2401 2311 est
2429 2271 2706 2321 enarrare,
2740 2256 3059 2326 Rauulphus
3115 2253 3494 2311 Dunelmensis
3547 2252 3658 2323 epi-

2062 2359 2260 2415 scopus
2291 2345 2569 2415 proposuit
2598 2345 2849 2400 eumdem
2880 2344 3113 2401 electum
3141 2345 3197 2398 in
3223 2343 3514 2414 prasentia
3568 2341 3658 2417 ip-

2061 2432 2174 2488 sius
2203 2433 2426 2489 Thoma
2454 2432 2601 2504 apud
2631 2433 2934 2489 Eboracam
2980 2447 3321 2501 consecrare,
3378 2429 3658 2488 associatis

2059 2520 2163 2576 sibi
2221 2521 2495 2594 episcopis
2551 2522 2747 2578 Scotia
2805 2529 2858 2577 et
2923 2520 3259 2577 Orcadarum
3333 2520 3656 2575 insularum.

2062 2611 2257 2666 Verum
2292 2610 2421 2682 quia
2448 2610 2504 2665 id
2547 2618 2746 2681 prater
2798 2625 3119 2666 consensum
3177 2614 3231 2665 et
3285 2608 3659 2665 auctoritatem

2058 2698 2462 2754 Cantuariensis
2492 2699 2737 2771 episcopi
2766 2699 2866 2756 rite
2900 2698 3011 2753 ﬁeri
3046 2714 3155 2754 non
3212 2713 3372 2770 posse
3427 2696 3655 2767 sciebat,

2058 2787 2339 2843 mandavit
2366 2789 2416 2843 ei
2445 2789 2515 2845 de
2538 2788 2757 2859 negotio
2788 2804 2885 2860 per
2913 2787 3141 2844 militem
3171 2787 3482 2860 quemdam,
3507 2794 3559 2841 et
3595 2793 3652 2841 ut

2054 2876 2173 2945 ejus
2203 2876 2429 2932 consilio
2468 2876 2516 2931 ei
2573 2876 2922 2932 concessione
2978 2884 3279 2931 sacraretur
3329 2875 3649 2946 deprecatus

2052 2971 2155 3022 est.
2187 2965 2267 3019 Ad
2301 2981 2421 3035 qua
2451 2963 2668 3037 scripsit
2697 2964 2746 3021 ei
2777 2965 3062 3037 epistolam
3095 2967 3268 3021 hanc:

345 3078 453 3117 nus
478 3061 600 3132 iret,
632 3066 727 3120 sed
756 3066 934 3135 plena
963 3066 1271 3139 indulgeret
1327 3068 1511 3139 quieti.
1570 3068 1675 3124 Per
1725 3069 1944 3124 eosdem
1978 3081 2028 3144 α
2129 3088 2150 3115 α
2185 3067 2477 3122 Anselmus
2533 3066 2989 3137 archiepiscOpus
3047 3068 3371 3137 Cantuaria,
3421 3063 3651 3121 Ranulfo

355 3166 573 3223 quoque
600 3154 946 3225 semetipsum
976 3172 1081 3226 quo
1130 3156 1411 3228 pergebat,
1471 3165 1524 3212 et
1575 3156 1746 3212 ﬁlium
1799 3173 1955 3213 suum

354 3255 513 3308 quem
545 3240 599 3295 in
628 3257 800 3314 regno
829 3243 1185 3315 relinquebat,
1218 3260 1341 3301 cum
1366 3253 1474 3300 toto
1490 3261 1659 3317 regno
1676 3262 1954 3302 commen-

348 3328 498 3382 davit
529 3329 738 3385 tuitioui
766 3331 902 3401 ejus,
935 3340 992 3386 ut
1021 3332 1280 3403 quidquid
1312 3339 1584 3399 statueret,
1627 3341 1801 3389 ratum
1855 3350 1950 3390 es-

349 3424 430 3472 set
459 3435 472 3479 ;
504 3417 738 3485 irritum,
770 3420 916 3491 quod
944 3421 1279 3490 prohiberet.
1312 3422 1546 3493 Rogavit
1571 3423 1735 3477 etiam
1772 3423 1946 3493 illum,

350 3513 578 3576 prapter
605 3522 849 3563 amorem
882 3509 986 3577 sui,
1017 3524 1340 3566 consecrare
1369 3524 1531 3581 supra
1585 3520 1949 3567 memoratum

347 3592 672 3649 Richardum
702 3596 1067 3653 Lundoniensi
1112 3597 1376 3654 Ecclesia
1431 3598 1669 3654 electum
1725 3599 1944 3671 pontiﬁ-

341 3695 483 3749 cem,
520 3684 664 3753 apud
693 3684 1004 3753 Cicestram,
1036 3685 1291 3758 quoniam
1321 3703 1492 3759 prope
1526 3696 1660 3754 erat,
1717 3696 1771 3744 et
1823 3688 1946 3758 epi-

341 3771 516 3840 scopi,
548 3787 686 3843 quos
714 3772 991 3842 adjutores
1018 3789 1083 3829 ac
1111 3774 1387 3831 ministros
1414 3776 1467 3830 in
1498 3775 1686 3832 ofﬁcio
1713 3777 1831 3848 ipso
1850 3777 1944 3833 ha-

342 3857 517 3928 beret,
549 3868 783 3930 praesto.
822 3860 999 3916 Causa
1027 3870 1209 3917 autem
1239 3870 1467 3935 prOpter
1500 3879 1660 3933 quam
1717 3865 1820 3920 hoc
1869 3865 1945 3921 ita

345 3945 605 4003 festinato
638 3946 755 4002 ﬂeri
782 3947 1019 4017 volebat,
1046 3949 1142 4004 illa
1171 3949 1452 4007 dicebatur
1478 3966 1599 4006 esse
1629 3950 1754 4021 quia
1783 3968 1941 4007 eum-

340 4034 463 4089 dem
492 4035 846 4102 Richardum,
880 4037 936 4091 in
966 4038 1320 4093 saecularibus
1375 4039 1609 4094 multum
1647 4039 1937 4105 valentem,

2061 3156 2327 3226 episcOpo
2359 3154 2715 3210 Dunelmeusi
2746 3156 2993 3211 salutem.

2135 3266 2156 3290 «
2193 3242 2492 3298 Mandastis
2520 3243 2655 3298 mihi
2686 3260 2784 3315 per
2810 3244 3099 3315 quemdam
3130 3242 3381 3314 militem,
3412 3242 3651 3298 Scollan—

2060 3332 2189 3387 dum
2218 3331 2458 3399 nomine,
2492 3332 2637 3402 quod
2682 3332 2946 3387 volebatis
2999 3340 3058 3385 ut
3110 3332 3310 3386 electus
3365 3330 3654 3400 episcopus

2056 3419 2301 3476 ecclesiae
2330 3419 2513 3475 Sancti
2543 3418 2773 3474 Andrea
2809 3419 2877 3473 de
2908 3418 3093 3475 Scotia
3118 3426 3446 3487 sacraretur,
3469 3425 3521 3473 et
3550 3418 3663 3471 hoc'

2054 3508 2320 3565 volebatis
2348 3506 2463 3563 ﬁeri
2493 3523 2615 3562 meo
2646 3507 2870 3563 consilio
2901 3515 2954 3562 et
2984 3524 3102 3563 mea
3132 3507 3504 3563 concessione.
3539 3504 3651 3561 Sed

2052 3598 2155 3653 hoc
2184 3613 2283 3653 nec
2313 3596 2477 3653 debet
2507 3612 2607 3652 nec
2634 3604 2812 3667 potest
2841 3596 3101 3652 canonice
3153 3594 3271 3652 ﬁeri
3328 3595 3399 3650 ad
3453 3593 3647 3651 eodem

2053 3686 2228 3742 electo
2259 3684 2692 3757 archiepiscopo,
2724 3700 2824 3740 nec
2853 3684 2925 3740 ab
2957 3683 3064 3741 alio
3092 3700 3197 3756 per
3248 3684 3420 3752 illum,
3466 3683 3647 3755 prius-

2049 3789 2213 3843 quam
2242 3774 2360 3844 ipse
2396 3772 2489 3828 ﬁat
2544 3773 2986 3844 archiepiscopus
3040 3773 3306 3830 canonica
3355 3786 3643 3828 consecra-

2052 3864 2225 3918 tione.
2266 3861 2614 3933 Quapropter
2641 3875 2744 3917 nec
2794 3862 3019 3917 consulo
3068 3878 3169 3917 nec
3221 3861 3457 3917 concedo
3513 3860 3648 3930 (imo

2049 3950 2336 4020 interdico)
2367 3966 2433 4005 ne
2465 3949 2560 4004 ﬂat
2590 3954 2716 4005 ante
2743 3950 3207 4005 consecrationem
3225 3949 3474 4019 ejusdem
3492 3948 3657 4009 electi

2049 4037 2464 4110 archiepiscopi,
2496 4037 2596 4091 nisi
2625 4053 2657 4093 a
2686 4052 2794 4106 me,
2827 4037 2872 4092 si
2903 4038 3042 4092 forte
3068 4039 3173 4093 hoc
3201 4036 3498 4093 necessitas
3524 4051 3650 4092 exe-

338 4120 504 4195 longe
530 4140 718 4179 versus
744 4125 1118 4182 occidentales
1144 4126 1336 4199 Angla
1365 4126 1502 4182 ﬁnes
1527 4128 1596 4182 ad
1624 4143 1721 4183 sua
1760 4144 1939 4200 nego-
2044 4128 2204 4200 gerit.
2239 4127 2391 4181 Vale.
2424 4144 2451 4175 υ

340 4211 416 4266 tia
444 4212 752 4269 exercenda
785 4214 1146 4270 transmittere
1193 4215 1293 4270 sub
1349 4215 1625 4271 celeritate
1681 4216 1939 4288 dispone-

344 4298 455 4355 bat.
490 4304 559 4356 At
584 4303 876 4358 Anselmus
904 4303 1261 4359 consideratis
1292 4305 1613 4374 quibusdam
1646 4306 1941 4361 rationabi-

2116 4216 2245 4270 Post
2269 4215 2386 4269 hac
2412 4213 2698 4268 Anselmus
2725 4212 3072 4269 considerans
3099 4214 3368 4269 Thomam
3427 4212 3640 4284 episco-

2046 4304 2227 4375 palem
2256 4317 2410 4358 suam
2442 4301 2874 4358 benedictionem
2906 4317 3014 4357 non
3043 4301 3118 4357 ita
3173 4308 3449 4372 expetere,
3505 4300 3645 4357 sicu't

336 4388 476 4444 libus
502 4390 679 4446 causis
709 4391 908 4459 renuit,
937 4408 1039 4447 nec
1068 4392 1381 4464 episcopum
1413 4408 1632 4449 sacrare
1662 4394 1717 4447 in
1774 4394 1936 4450 Cice-
1965 4416 2023 4481 Β
2047 4393 2302 4462 debebat,
2335 4392 2591 4463 scriptam
2618 4392 2759 4447 hanc
2788 4390 3071 4464 epistolam
3103 4390 3150 4446 ei
3182 4390 3397 4446 direxit.

333 4485 460 4545 stra,
494 4476 629 4533 sicut
660 4478 965 4549 petebatur,
999 4480 1294 4551 acquievit.
1335 4482 1717 4537 Verumtamen
1748 4498 1818 4538 ne
1847 4482 1936 4536 ni—

334 4564 413 4620 hil
444 4581 546 4636 pro
573 4581 724 4639 rege,
756 4568 845 4638 qui
878 4576 1073 4643 cuncta
1120 4584 1240 4639 qua
1294 4577 1419 4625 tunc
1468 4570 1793 4639 petebantur
1840 4588 1939 4643 pro

2125 4502 2148 4530 α
2181 4482 2473 4537 Anselmus
2502 4479 2948 4551 archiepiscopus
2981 4478 3400 4548 Cantuariensis,
3458 4474 3640 4532 amico

2046 4587 2143 4626 suo
2172 4570 2412 4640 Thema,
2446 4570 2614 4626 electo
2662 4568 3068 4638 archiepiscopo
3125 4566 3369 4623 ecclesiae
3422 4565 3640 4623 Ebora-

333 4654 590 4710 Anselmo
616 4655 872 4725 faciebat,
930 4657 1112 4712 facere
1166 4656 1454 4727 videretur,
1514 4659 1768 4714 eumdem
1819 4660 1940 4730 epi-
2039 4657 2206 4727 censi,
2240 4659 2486 4713 salutem.

333 4758 557 4815 scopum
588 4759 687 4814 pro
716 4760 901 4801 amore
928 4744 1074 4800 illius
1101 4745 1158 4799 in
1186 4746 1397 4816 capella
1426 4762 1523 4802 sua
1553 4747 1696 4817 apud
1756 4749 1940 4820 Paga-

2116 4766 2141 4797 α
2175 4745 2448 4802 Canonica
2476 4744 2767 4800 auctoritas
2822 4742 3067 4816 pracipit
3123 4744 3237 4816 (30)
3291 4751 3343 4799 ut
3399 4741 3630 4799 ecclesia

332 4830 459 4886 ham
518 4832 875 4899 consecravit,
906 4848 983 4887 vu
1038 4833 1161 4889 Kal.
1213 4834 1461 4906 Augusti,
1511 4835 1944 4891 ministrantibus
2039 4834 2382 4905 episcopatus
2407 4833 2550 4888 ultra
2578 4840 2685 4888 tres
2714 4848 2929 4889 menses
2957 4848 3066 4887 non
3114 4840 3331 4888 maneat
3358 4831 3474 4888 sine
3528 4844 3636 4902 pa-

332 4919 379 4974 ei
406 4920 462 4975 in
492 4921 598 4976 hoc
625 4920 803 4978 ofﬁcio
852 4921 1178 4978 Willhelmo
1235 4923 1493 4995 episcopo
1547 4924 1937 4995 Wintoniensi,

2040 4932 2204 4979 store.
2240 4921 2513 4992 Quoniam
2542 4928 2720 4977 autem
2745 4921 2862 4994 regi
2893 4921 3098 4992 placuit
3125 4920 3351 4977 consilio
3371 4920 3634 4976 baronum

1630 5020 1908 5076 HENSCH
1917 5022 2057 5077 ENll
2092 5019 2320 5077 ΝΟΤλΕ.

399 5112 745 5191 (_a)_A_l_)batia
775 5112 1053 5191 Sagiensis
1078 5114 1132 5191 in
1161 5115 1553 5191 Northmannia
1598 5123 1702 5191 est,
1760 5118 1935 5191 vulgo

332 5183 1046 5256 Sainthartin-deQSéez,
1091 5185 1160 5241 de
1216 5187 1369 5256 cujus
1423 5186 1741 5242 fundatione
1795 5183 1933 5243 fac'ta

328 5268 472 5310 anno
504 5254 639 5311 1050
670 5255 794 5311 vide
820 5255 1132 5328 Neustriam
1164 5254 1311 5327 piam
1359 5257 1555 5312 Arturi.
1618 5258 1934 5328 Radulphus

327 5331 511 5380 autem
538 5339 682 5399 anno
714 5327 951 5399 llitad
981 5326 1516 5399 archiepiscopatum
1573 5326 1931 5386 Cantuarien-

334 5411 450 5451 sem
482 5396 766 5453 translatus
794 5396 912 5453 fuit.

407 5467 479 5542 (lg)
510 5467 948 5542 Petroburgense
975 5469 1030 5542 in
1051 5482 1185 5542 agro
1200 5469 1703 5542 Northamtoniensi
1732 5486 1932 5542 mona-

330 5537 576 5607 sterium,
607 5537 676 5596 de
699 5537 806 5612 quc
835 5540 1018 5597 multis
1050 5537 1114 5600 vi
1135 5540 1335 5612 Martii,
1365 5540 1457 5599 ubi
1487 5541 1557 5599 de
1603 5541 1701 5600 SS.
1752 5541 1929 5601 Kine-

2044 5116 2189 5189 burg
2218 5124 2279 5189 et
2296 5114 2631 5189 Kineswitha
2658 5113 2871 5169 ﬁliabus
2900 5114 3402 5183 Penda,sororibus
3417 5114 3632 5182 Peada,

2042 5187 2655 5266 regumitlerciorum.‘
2858 5263 2865 5266 _
3000 5255 3010 5266 _
3109 5258 3144 5266 _
3267 5256 3280 5266 _
3444 5254 3455 5266 ο
3616 5253 3630 5266 ⁸

2113 5254 2187 5329 (c)
2216 5258 2319 5313 Hic
2348 5265 2428 5313 est
2455 5259 2747 5328 Turgotus,
2780 5263 2909 5329 ante,
2932 5255 3080 5328 prior
3097 5254 3633 5329 ADuuelmeusichui

2041 5325 2331 5385 Histeriam
2363 5325 2801 5397 Dunelniensem,
2832 5325 2948 5382 sub‘
2964 5327 3182 5384 nomine
3214 5326 3483 5383 Simeonis
3511 5325 3631 5380 Du-

2041 5399 2336 5455 nelmensis
2365 5399 2589 5470 editam,
2609 5399 2997 5456 vindicavimus
3013 5415 3094 5455 xx
3108 5398 3283 5455 Martii
3296 5404 3418 5453 ante
3437 5397 3628 5452 Trans«

2042 5471 2295 5531 lationem
2327 5471 2572 5545 corporis
2598 5471 2654 5527 S.
2684 5470 2963 5529 Cuthberti
2983 5485 3116 5542 pag.
3152 5471 3275 5526 125.
