3996 6084
420 238 524 298 475

1452 235 1770 294 EADMERI
1810 234 2364 294 CANTUARIENSIS
2400 224 2718 293 MONACHI

3613 239 3708 298 476

421 377 643 420 suorum
690 371 743 420 et
799 371 988 420 nostra
1041 361 1392 420 concessione
1448 369 1507 417 ut
1559 370 1739 419 vestra
1790 379 2021 436 persona
2051 360 2105 423 A
2133 360 2249 418 bet.
2291 362 2368 418 De
2399 360 2573 418 electo
2625 359 2892 433 episcopo
2915 360 3102 418 Sancti
3132 360 3361 418 Andreae
3402 360 3468 419 de
3521 361 3709 434 Scotia,

430 450 730 526 eligeretur
758 452 826 509 ad
866 451 1387 523 archiepiscopatum
1410 451 1697 522 Eboracae,
1728 469 1841 510 non
1863 454 2027 511 debet

434 557 536 613 per
564 557 665 598 vos
694 542 954 598 terminus
990 542 1279 597 salubriter
1307 544 1629 597 constitutus
1659 543 1860 599 diutius
1910 544 2023 599 dif-

424 629 577 690 ferri.
610 631 765 688 Unde
795 633 962 687 miror
989 630 1115 702 quia
1144 640 1267 701 post
1293 632 1613 688 electionem
1637 641 1874 689 vestram
1916 649 2026 690 non

427 719 731 790 requisistis
758 728 814 775 ut
845 720 1297 776 consecraremini
1329 722 1398 776 ad
1451 723 1601 795 quod
1657 722 1813 779 electi
1872 724 2019 779 estis.

428 807 628 863 Mando
660 807 840 879 itaque
872 808 1026 864 vobis
1055 817 1112 864 ut
1143 817 1335 866 octavo
1365 810 1491 865 Idus
1518 811 1855 881 Septembris
1910 812 2025 867 sitis

433 894 576 964 apud
605 903 831 951 matrem
861 904 1094 952 vestram
1126 898 1407 953 ecclesiam
1454 900 1896 957 Cantuariensem
1953 901 2025 956 ad

425 982 734 1039 faciendum
768 986 918 1057 quod
948 985 1129 1042 facere
1157 988 1385 1056 debetis,
1415 996 1468 1045 et
1497 990 1566 1043 ad
1624 989 2025 1060 suscipiendam

423 1072 891 1130 consecrationem
923 1084 1182 1132 vestram.
1213 1076 1371 1145 Quod
1401 1077 1446 1132 si
1474 1093 1581 1133 non
1638 1079 1895 1148 feceritis,
1953 1081 2023 1135 ad

427 1176 515 1216 me
546 1163 780 1231 pertinet
810 1171 866 1218 ut
892 1180 994 1236 ego
1025 1180 1207 1219 curam
1226 1166 1453 1221 habeam
1472 1168 1737 1223 etfaciam
1759 1185 1878 1239 quae
1897 1185 2025 1239 per-

431 1249 599 1305 tinent
627 1251 697 1306 ad
725 1252 1039 1324 episcopale
1069 1253 1302 1309 oﬂicium
1345 1255 1401 1309 in
1456 1255 1785 1313 Eboracensi
1841 1259 2023 1314 archi—

430 1338 772 1411 episc0patu.
816 1343 1077 1399 Praeterea
1121 1344 1304 1401 audivi
1357 1344 1501 1417 quod
1557 1362 1655 1401 vos
1710 1347 2025 1419 priusquam

432 1430 827 1485 consecremini
854 1432 1030 1488 facere
1056 1433 1216 1489 vultis
1244 1442 1300 1489 ut
1329 1434 1530 1491 electus
1565 1435 1853 1508 episc0pus
1882 1438 2024 1493 San-

436 1516 506 1572 cti
535 1519 765 1575 Andreas
796 1521 864 1576 de
894 1521 1077 1577 Scotia
1106 1524 1252 1593 apud
1308 1524 1605 1579 Eboracum
1656 1534 2022 1582 consecretur.

431 1605 590 1674 Quod
622 1624 723 1664 nec
749 1624 845 1664 vos
874 1610 1054 1667 facere
1082 1612 1309 1682 debetis,
1342 1629 1443 1669 nec
1489 1630 1593 1687 ego
1638 1616 1895 1684 concedo,
1929 1615 2026 1671 sed

2132 451 2276 522 quod
2307 450 2556 519 audistis,
2619 466 2875 507 rumores
2922 458 3048 506 sunt
3103 449 3299 522 quibus
3343 450 3557 508 credere
3615 468 3717 509 non

2133 545 2374 610 oportet.
2407 539 2592 595 Facile
2638 555 2773 611 ergo
2806 547 2889 595 est
2918 540 3188 609 interdici,
3229 539 3393 611 quod,
3447 548 3504 595 ut
3554 538 3712 612 ﬁeret,

2133 645 2239 684 non
2277 646 2308 683 a
2340 645 2426 684 me
2448 629 2814 702 excogitatum
2833 638 2933 684 est.
2968 629 3163 685 Vivere
3192 644 3290 687 vos
3316 645 3499 685 sanum
3526 628 3713 685 letum-

2133 734 2262 790 que,
2296 717 2495 788 diuque
2524 718 2751 790 Deoque
2780 725 2963 774 nostra
2992 718 3226 774 Domino
3284 727 3466 775 nostro
3516 718 3713 791 suppli-

2129 816 2220 863 cat
2249 807 2513 863 Ecclesia.
2548 808 2763 863 Sanctae
2793 806 3195 864 Cantuariensis
3211 808 3469 864 Ecclesiae
3497 821 3707 879 congre-

2131 898 2406 970 gationem
2430 896 2624 965 saluto,
2657 904 2711 952 et
2739 912 2834 952 oro
2864 904 2921 952 ut
2949 912 3048 968 pro
3074 914 3162 953 me
3192 906 3328 953 oret.
3360 897 3563 955 Valete.
3585 920 3606 944 ιι

2201 1004 2543 1075 Rescriptum
2572 1003 2814 1058 Anselmi
2846 1004 2915 1059 ad
2947 1005 3199 1060 eumdem
3227 1006 3529 1061 Thomam:

2209 1125 2230 1149 α
2257 1101 2543 1156 Anselmus
2568 1100 3005 1173 archiepiscopus
3060 1102 3484 1175 Cantuariensis,
3539 1104 3701 1160 amico

2132 1206 2228 1247 suo
2245 1190 2670 1257 Thomae,electo
2684 1191 3093 1263 archiepiscopo
3114 1192 3700 1262 Eboracensi,salutem.

2208 1301 2228 1326 «
2267 1278 2560 1333 Mandastis
2588 1279 2720 1332 mihi
2756 1279 2808 1333 in
2840 1278 3034 1334 litteris
3062 1281 3261 1335 vestris
3291 1280 3459 1353 quod,
3490 1279 3706 1336 termino

2132 1384 2163 1422 a
2192 1384 2279 1423 me
2308 1367 2462 1424 vobis
2508 1367 2797 1424 constituto
2856 1368 2996 1440 (Deo
3024 1369 3364 1441 auxiliante),
3422 1368 3705 1427 Cantuaria:

2133 1456 2308 1527 eritis,
2340 1456 2387 1511 si
2416 1464 2719 1528 opportune
2764 1457 3026 1528 poteritis,
3058 1467 3407 1530 suscepturus
3447 1467 3500 1515 et
3540 1459 3706 1516 factu-

2133 1561 2222 1600 rus
2250 1546 2395 1615 quod
2425 1545 2654 1601 debetis.
2687 1546 2938 1616 Rogastis
2966 1562 3182 1619 quoque
3210 1556 3269 1603 ut
3315 1548 3359 1602 si
3414 1547 3469 1602 id
3515 1546 3708 1603 efﬁcere

2131 1649 2241 1689 non
2271 1634 2480 1703 valetis,
2515 1634 2875 1691 concederem
2904 1644 3169 1708 quatenus
3198 1637 3255 1692 id
3305 1637 3439 1692 mihi
3466 1653 3503 1692 x
3532 1636 3710 1693 diebus

432 1694 653 1751 Omnino
682 1697 947 1795 ίηίθῖίξίοο
973 1716 1039 1795 ηεξ
1070 1700 1183 1770 θεῖ»
1216 1710 1308 1795 alii
1336 1703 1405 1758 de
1433 1703 1524 1759 ίῙῙο
1543 1711 1659 1795 *θυι
1714 1703 1782 1759 de
1838 1705 2025 1795 3“un
2060 1723 2111 1782 Β
2141 1732 2264 1779 ante
2292 1694 2601 1779 renuntiare
2628 1724 2875 1795 possetis.
2905 1694 3015 1781 éed
3045 1732 3098 1780 et
3119 1725 3477 1782 Willhelmus
3501 1726 3711 1782 clericus

432 1798 663 1854 persona
692 1803 811 1858 quae
839 1787 892 1843 in
923 1789 1166 1862 regimen
1197 1791 1497 1847 animarum
1527 1792 1687 1848 debet
1716 1794 1939 1865 provehi
1959 1794 2028 1849 ab

436 1871 846 1948 archiepisc0po
877 1877 1235 1948 Eboracenci,
1267 1880 1391 1951 quia
1421 1897 1529 1937 non
1558 1883 1791 1953 pertinet
1836 1884 1906 1939 ad
1935 1900 2031 1940 vos

435 1958 587 2032 dare,
620 1964 705 2018 vel
734 1966 1032 2023 concedere
1062 1967 1221 2024 alicui
1246 1970 1518 2043 regimen,
1552 1980 1641 2026 aut
1682 1987 1865 2028 curam
1922 1972 2034 2029 ani-

439 2065 675 2114 marum,
707 2053 834 2126 quia
861 2055 1101 2112 nondum
1131 2059 1434 2131 accepistis.
1473 2061 1674 2119 Valete.
1714 2085 1735 2110 ι

505 2141 583 2197 Ad
614 2141 760 2197 illam
789 2145 983 2216 scripta
1016 2154 1093 2202 est
1122 2149 1353 2220 epistola
1376 2149 1492 2205 haec
1518 2168 1529 2203 :

509 2269 530 2295 α
561 2248 923 2309 Dilectissimo
972 2255 1115 2309 Patri
1172 2265 1225 2311 et
1278 2257 1574 2313 venerabili
1629 2258 1851 2316 domino
1914 2262 2032 2317 Au-

442 2336 636 2409 selmo,
668 2349 874 2398 sancta:
904 2343 1299 2401 Cantuariensis
1327 2347 1585 2404 Ecclesiae
1605 2350 2034 2421 archiepiscopo,

441 2425 680 2485 Thomas
706 2430 977 2489 Eboracae
1009 2435 1298 2506 metropoli
1329 2437 1550 2509 electus,
1582 2438 1706 2495 licet
1761 2439 2034 2512 indignus,

438 2516 663 2595 salutem
694 2528 748 2575 et
777 2522 970 2578 amicae
996 2522 1271 2579 ﬁdelitatis
1296 2526 1640 2597 obsequium.

512 2626 534 2657 ι
564 2607 776 2663 Gratias
804 2626 910 2681 ago
941 2612 1114 2681 vobis,
1149 2616 1445 2670 reverenda
1504 2618 1680 2685 Pater,
1740 2619 1883 2688 quod
1939 2636 2028 2674 me

433 2708 652 2764 semper
678 2694 946 2754 dilexistis
976 2708 1029 2756 et
1057 2702 1367 2771 audivistis,
1402 2713 1454 2760 et
1485 2706 1552 2760 de
1596 2717 1859 2778 proventu
1907 2723 2029 2765 meo

440 2784 749 2851 exsultavit,
785 2796 839 2842 et
868 2789 1107 2844 lmtatum
1138 2800 1216 2846 est
1240 2809 1339 2849 cor
1375 2802 1611 2849 vestrum
1665 2797 1718 2851 in
1774 2797 2028 2855 Domino.

441 2871 705 2930 Dominus
732 2876 877 2933 Deus
907 2879 1164 2935 retribuat
1188 2881 1341 2937 vobis
1370 2899 1468 2954 pro
1500 2902 1585 2939 me
1607 2887 1618 2940 ε
1639 2885 1796 2955 Quod
1818 2888 1883 2943 ad
1907 2904 2033 2945 con-

441 2962 799 3020 secrationem
844 2983 1022 3023 meam
1056 2970 1239 3027 venire
1293 2971 1493 3037 distuli,
1562 2989 1723 3030 causa
1779 2977 1879 3031 fuit
1932 2993 2039 3033 non

2138 1812 2360 1868 nuntius
2389 1821 2568 1869 vester
2591 1822 2837 1884 precatus
2857 1822 2936 1869 est
2964 1830 3049 1869 me
3080 1831 3148 1870 ex
3176 1822 3358 1872 vestra
3389 1824 3539 1887 parte
3583 1830 3712 1887 qua-

2144 1910 2295 1957 tenus
2326 1918 2429 1974 ego
2458 1902 2637 1972 ipsum
2668 1903 2953 1958 terminum
2982 1904 3245 1959 adventus
3290 1904 3451 1961 vestri
3478 1906 3712 1975 aliquan-

2143 1999 2255 2047 tum
2286 1992 2665 2061 extenderem,
2698 1999 2755 2045 ut
2785 1992 2856 2048 ad
2883 2008 2981 2049 nos
3011 1994 3369 2064 opportunius
3395 1994 3715 2065 possetisve-

2142 2081 2283 2137 nire.
2317 2081 2475 2150 Quod
2505 2089 2560 2137 et
2588 2097 2691 2153 ego
2708 2097 2873 2137 causa
2901 2082 3066 2137 vestri
3095 2084 3297 2138 amoris
3328 2087 3383 2138 et
3412 2082 3717 2155 opportuni-

2144 2171 2265 2226 tatis
2292 2171 2526 2226 libenter
2562 2171 2723 2227 facio.
2781 2173 2862 2227 Ne
2911 2171 3094 2242 itaque
3145 2187 3285 2243 opus
3344 2173 3410 2227 sit
3456 2188 3552 2229 vos
3603 2172 3718 2227 mihi

2145 2260 2440 2333 quidquam
2470 2268 2597 2316 ante
2617 2260 2684 2316 de
2714 2269 2891 2316 vestro
2912 2261 3150 2316 adventu
3171 2262 3504 2330 renuntiare,
3522 2261 3720 2318 submo-

2146 2364 2248 2404 neo
2276 2364 2374 2405 vos
2408 2356 2465 2403 ut
2494 2348 2579 2403 die
2610 2348 2914 2418 Dominico,
2948 2349 3039 2422 qui
3069 2349 3170 2405 erit
3200 2350 3390 2422 quinto
3420 2349 3544 2406 Kal.
3580 2350 3724 2406 Octo-

2146 2438 2278 2507 bris,
2320 2438 2627 2494 Cantuariae
2654 2438 2767 2493 sitis
2796 2438 2866 2493 ad
2898 2439 3205 2494 faciendum
3237 2439 3384 2511 quod
3417 2440 3596 2496 facere
3637 2440 3727 2495 de-

2148 2527 2306 2593 betis,
2338 2535 2390 2582 et
2420 2527 2488 2581 ad
2519 2527 2921 2599 suscipiendam
2968 2528 3438 2585 consecrationem
3492 2537 3725 2585 vestram.

2148 2617 2419 2672 Przeterca
2448 2617 2593 2686 quod
2621 2616 2798 2671 dicitis
2835 2616 2888 2671 in
2913 2617 3104 2672 litteris
3125 2619 3321 2673 vestris
3344 2634 3443 2674 vos
3463 2618 3729 2690 pecuniam

2150 2723 2396 2779 quaerere
2416 2706 2704 2761 utRomam
2722 2706 2950 2762 mittatis
2969 2723 3066 2779 pro
3080 2707 3248 2777 pallio
3262 2707 3523 2764 Ecclesia:
3536 2714 3728 2772 vestrm,

2152 2811 2259 2852 non
2284 2795 2548 2851 concedo.
2579 2796 2645 2849 Et
2676 2803 2809 2866 puto
2839 2796 2985 2866 quod
3016 2796 3067 2852 id
3096 2797 3292 2852 frustra
3322 2796 3732 2868 faceretis,quo-

2152 2885 2293 2940 niam
2324 2885 2513 2940 nullus
2569 2883 2734 2940 debet
2790 2884 2997 2940 habere
3061 2885 3287 2954 pallium
3340 2894 3628 2958 antequam
3676 2883 3735 2939 sit

2150 2981 2516 3030 consecratus.
2551 2973 2779 3028 Litteras
2810 2988 2944 3042 quas
2976 2973 3248 3045 requiritis
3278 2973 3331 3028 in
3388 2972 3733 3029 testimonium

437 3067 546 3106 una
576 3068 674 3109 nec
707 3069 877 3124 parva
908 3074 1117 3128 quzeme
1150 3060 1399 3117 detinuit.
1431 3063 1723 3119 Pecuniam
1756 3081 1919 3135 quam
1940 3083 2039 3137 pro
2070 3083 2120 3146 ο
2147 3080 2398 3135 personas
2427 3070 2479 3118 et
2507 3061 2790 3118 electionis
2821 3070 3029 3131 vestrae,
3061 3078 3189 3117 cum
3222 3062 3361 3118 mihi
3396 3063 3559 3120 locuti
3580 3060 3733 3120 fueri-

442 3139 696 3200 facultate
725 3160 842 3200 mea
876 3163 1132 3220 magnam
1165 3165 1327 3206 causa
1359 3152 1614 3207 veniendi
1644 3154 1711 3208 ad
1754 3170 1851 3210 vos
1905 3172 2042 3210 con-

435 3238 721 3303 traxeram,
765 3234 1061 3307 ult.aspem
1091 3254 1293 3307 meam,
1327 3248 1381 3295 et
1411 3240 1635 3296 nimium
1668 3243 1759 3298 diu
1806 3254 2045 3301 moratus

455 3329 619 3377 totam
654 3324 899 3395 dispendi
930 3328 1228 3385 Wintonite
1260 3346 1290 3385 a
1320 3347 1426 3402 qua
1455 3330 1613 3386 citius
1643 3331 1954 3403 discedens,
1976 3335 2045 3390 ad

451 3428 547 3467 vos
575 3414 763 3470 venire
792 3415 1200 3487 disposueram.
1241 3419 1447 3474 Placuit
1475 3425 1654 3475 autem
1689 3421 1907 3478 domino
1936 3440 2041 3479 no-

444 3509 552 3556 stro
574 3503 694 3575 regi
731 3512 787 3559 ut
818 3521 939 3560 cum
972 3506 1063 3562 ille
1094 3508 1306 3580 legatos
1337 3509 1565 3564 Romam
1596 3526 1694 3581 pro
1737 3526 1897 3567 causa
1950 3529 2047 3569 sua

439 3589 708 3660 mittebat,
743 3608 849 3664 ego
880 3609 1001 3648 cum
1033 3595 1111 3650 eis
1141 3612 1321 3651 meum
1352 3598 1624 3653 mitterem
1657 3601 1727 3654 ad
1757 3600 2041 3672 requiren-

439 3676 569 3733 dum
602 3680 865 3735 Ecclesiae
928 3691 1126 3739 nostra:
1181 3685 1431 3756 pallium.
1492 3688 1827 3744 Festinanter
1879 3690 2045 3762 igitur

441 3774 669 3830 consilio
700 3776 850 3847 regis
879 3777 950 3832 ad
981 3779 1210 3848 propria
1236 3796 1485 3835 reversus
1515 3783 1584 3837 ad
1615 3783 1717 3838 hoc
1747 3799 1881 3854 opus
1902 3802 2047 3857 quaa-

445 3862 566 3930 sivi,
601 3871 654 3919 et
708 3865 885 3922 adhuc
940 3883 1123 3937 quaero
1180 3870 1488 3941 pecuniam,
1520 3872 1615 3927 sed
1670 3887 1885 3942 parum,
1943 3875 2045 3929 nisi

449 3952 699 4023 graviter
727 3962 1047 4025 mutuatam,
1080 3957 1318 4027 invenio,
1350 3960 1608 4029 quoniam
1639 3960 1889 4018 dominus
1944 3965 2047 4019 Gi-

446 4040 642 4097 rardus
671 4043 1117 4115 archiepiscOpus
1148 4048 1405 4104 ecclesias
1433 4056 1639 4106 nostras
1698 4055 1754 4106 et
1800 4053 2046 4108 homines

445 4138 496 4184 et
526 4130 703 4201 ipsum
734 4132 1037 4189 dominium
1068 4141 1313 4191 nostrum
1344 4139 1571 4193 multum
1600 4141 1950 4211 pauperavit.
1980 4143 2046 4197 Et

443 4228 590 4275 certe
620 4237 717 4277 rex
749 4223 995 4293 promisit
1027 4225 1157 4279 mihi
1207 4226 1354 4298 quod
1410 4228 1570 4282 vobis
1626 4230 2042 4302 colloqueretur,

444 4316 498 4365 et
524 4309 840 4368 dilationem
873 4329 1051 4368 meam
1078 4315 1223 4385 apud
1256 4331 1353 4371 vos
1384 4326 1689 4373 excusaret.
1738 4320 1989 4375 Termino
2016 4335 2048 4374 a

2152 3155 2218 3208 tis
2249 3163 2301 3208 et
2330 3150 2674 3207 Ostenderitis
2704 3151 2786 3206 cui
2819 3167 2914 3206 eas
2937 3151 3180 3223 dirigere
3196 3151 3396 3223 debeo,
3420 3152 3645 3207 libenter
3665 3152 3733 3205 Ia-

2151 3243 2287 3299 ciam
2316 3257 2414 3313 pro
2444 3239 2602 3297 vobis
2646 3239 2783 3295 sicut
2815 3256 2912 3311 pro
2944 3240 3135 3309 amico,
3173 3240 3318 3313 quod
3345 3241 3530 3298 facere
3559 3242 3736 3297 debeo.

2152 3331 2362 3387 Valete.
2394 3352 2415 3378 »

2223 3431 2387 3484 Batus
2415 3443 2547 3500 ergo
2577 3427 2865 3482 Anselmus
2895 3443 3003 3483 non
3038 3442 3157 3481 esse
3187 3426 3373 3483 absire
3422 3426 3735 3498 praemunire

2153 3519 2436 3573 dominum
2454 3533 2651 3589 papam
2683 3517 2750 3572 de
2779 3516 2998 3587 negotio
3026 3515 3199 3586 pallii,
3228 3517 3376 3586 quod
3397 3516 3500 3571 sibi
3521 3516 3737 3571 Thomas

2153 3624 2214 3665 se
2227 3608 2580 3663 mandaverat
2591 3604 3213 3675 requisiturum,scripsit
3224 3605 3272 3659 ei
3286 3605 3580 3676 epistolam
3589 3605 3734 3659 hanc:

2231 3696 2519 3753 «Domino
2549 3704 2603 3751 et
2634 3696 2774 3750 Patri
2823 3711 2948 3750 vere
3006 3692 3281 3765 diligendo
3339 3702 3395 3749 et
3452 3692 3739 3750 reverendo

2154 3786 2424 3856 Paschali,
2454 3800 2668 3840 summo
2697 3782 2966 3855 pontifici,
2997 3782 3289 3838 Anselmus
3316 3798 3512 3839 servus
3562 3782 3739 3839 Eccle-

2153 3876 2250 3931 siae
2280 3874 2699 3941 Cantuariensis,
2732 3871 2968 3928 debitam
2999 3870 3373 3929 obedientiam
3420 3887 3542 3928 cum
3570 3868 3738 3927 fideli-

2151 3964 2252 4020 bus
2281 3963 2633 4019 orationibus.

2232 4078 2251 4102 α
2289 4052 2560 4121 Quoniam
2592 4049 2850 4107 fortitudo
2885 4056 2939 4106 et
2968 4049 3199 4106 directio
3231 4049 3595 4107 Ecclesiarum
3650 4047 3743 4104 Dei

2159 4142 2407 4198 maxime
2437 4141 2640 4212 pendet
2681 4156 2745 4195 ex
2798 4138 3111 4196 auctoritate
3166 4137 3511 4210 paternitatis
3562 4144 3746 4194 vestrae

2157 4239 2280 4302 post
2309 4229 2622 4297 Dominum,
2653 4229 2872 4298 quando
2902 4229 3042 4285 ratio
3071 4227 3245 4299 exigit
3267 4227 3333 4283 ad
3366 4229 3488 4299 ejus
3534 4227 3749 4283 libenter

2158 4320 2494 4377 recurrimus
2537 4318 2803 4373 auxilium
2852 4325 2905 4373 et
2957 4316 3263 4373 consilium.
3312 4316 3749 4387 Arcbiepiscopus

446 4399 605 4454 vobis
636 4401 932 4457 constituto
950 4402 1212 4475 (Domino
1243 4404 1559 4475 auxiliante)
1591 4422 1687 4461 ero
1718 4408 1860 4478 apud
1917 4424 2047 4463 san-
2082 4445 2135 4506 D
2164 4407 2547 4475 Eboracensis,
2583 4406 2845 4462 Girardus
2872 4405 3386 4478 nomine,migravit
3412 4404 3481 4461 de
3506 4406 3608 4461 hac
3626 4403 3745 4467 vita,

456 4495 600 4543 ctam
631 4489 1081 4547 Cantuariensem
1099 4493 1421 4561 Ecclesiam,
1452 4494 1495 4548 si
1513 4503 1813 4571 Opportune
1841 4505 2054 4570 potero,

449 4586 796 4648 suscepturus
828 4583 881 4634 et
914 4581 1151 4636 facturus
1182 4598 1302 4654 qua
1335 4582 1530 4639 debeo.
1565 4584 1793 4663 Quodsi
1822 4601 1929 4663 non
1948 4602 2057 4656 po-

448 4669 587 4733 tero,
610 4682 731 4721 cum
759 4666 898 4724 mihi
936 4670 1235 4740 paternitas
1262 4680 1445 4727 vestra
1490 4658 1775 4752 mandalvit
1794 4681 1851 4752 ut
1893 4658 2057 4746 quin-

448 4751 628 4809 decim
659 4754 852 4812 diebus
884 4765 1006 4813 ante
1046 4759 1201 4815 vobis
1229 4760 1615 4831 renuntiarem,
1647 4748 1842 4833 precor
1896 4763 2056 4819 beni-

448 4840 677 4913 gnitatis
705 4853 898 4901 vestrae
932 4854 1298 4919 sanctitatem,
1327 4859 1384 4905 ut
1433 4854 1625 4907 decem
1684 4851 1878 4917 diebus
1932 4860 2058 4909 ante

446 4929 604 4986 vobis
632 4933 941 4990 renuntiare
972 4936 1176 5006 possim
1201 4939 1301 5007 (a),
1322 4939 1455 4993 mihi
1477 4939 1802 4996 concedatis.
1828 4941 2058 4996 Litteras

448 5036 580 5077 vero
609 5022 954 5092 paternitatis
984 5032 1180 5081 vestra:
1210 5026 1431 5096 requiro
1455 5028 1509 5082 in
1542 5028 1908 5084 testimonium
1930 5046 2057 5101 per-

448 5125 601 5166 sonte
630 5118 683 5166 et
711 5110 989 5168 electionis
1038 5121 1233 5170 nostra:
1290 5116 1479 5188 quales
1535 5117 1743 5173 debetis
1772 5122 1847 5173 ‘ct
1905 5119 2058 5175 scitis

447 5206 725 5270 oportere.
760 5201 875 5271 Hoc
897 5203 1059 5259 modo
1092 5211 1278 5260 vestra
1305 5205 1565 5261 sanctitas
1608 5221 1747 5263 mena
1801 5206 2056 5283 parvitati

446 5288 627 5363 debet,
664 5289 766 5347 hoc
796 5296 976 5347 vestra
1005 5292 1253 5349 Ecclesia
1282 5302 1477 5351 nostrae
1506 5296 1778 5369 denegare
1812 5310 1919 5351 non
1948 5292 2062 5353 de?

2163 4506 2218 4554 et
2247 4496 2410 4560 alius,
2438 4497 2670 4551 Thomas
2701 4494 2940 4563 nomine,
2975 4493 3098 4550 loco
3138 4494 3259 4563 ejus
3287 4495 3492 4550 electus
3521 4501 3618 4548 est.
3672 4492 3747 4547 De

2166 4604 2271 4658 quo
2300 4601 2484 4642 rumor
2510 4593 2593 4641 est
2617 4586 2760 4656 quod
2789 4585 3053 4655 quaeritur
3079 4584 3129 4639 ei
3147 4583 3367 4654 pallium
3383 4591 3666 4655 antequam
3687 4580 3749 4634 sit

2164 4682 2530 4741 consecratus,
2563 4681 2615 4730 et
2641 4672 2770 4729 mihi
2802 4672 2965 4729 faciat
3015 4672 3404 4743 professionem
3462 4670 3748 4728 secundum

2164 4764 2437 4837 antiquam
2468 4761 2919 4819 consuetudinem
2945 4769 3348 4817 antecessorum
3405 4775 3647 4817 meorum
3700 4763 3749 4811 et

2164 4868 2405 4909 suorum.
2438 4853 2569 4908 llaec
2598 4859 2675 4906 est
2708 4850 2876 4922 igitur
2903 4865 3117 4905 summa
3144 4865 3369 4921 precum
3397 4863 3645 4905 mearum
3697 4845 3749 4899 in

2163 4942 2266 4997 hac
2296 4958 2378 5003 re,
2409 4949 2485 5008 ut,
2518 4949 2804 5011 antequam
2835 4946 3180 4996 consecretur
3217 4947 3269 4994 et
3326 4938 3461 4993 mihi
3518 4936 3748 4993 debitam

2163 5030 2529 5087 obedientiam
2584 5029 2744 5101 (sicut
2780 5028 2913 5098 dixi)
2948 5026 3276 5099 proﬁteatur,
3309 5034 3360 5082 et
3404 5029 3508 5082 hoc
3557 5025 3749 5080 factum

2165 5137 2280 5176 esse
2310 5120 2497 5176 litteris
2527 5118 2721 5175 nostris
2747 5117 3087 5190 cognoscatis
3128 5133 3161 5172 a
3206 5124 3388 5174 vestra
3440 5110 3751 5172 excellentia

2164 5209 2389 5280 pallium
2419 5224 2527 5264 non
2555 5206 2828 5278 suscipiat.
2862 5205 3026 5276 Quod
3054 5222 3161 5263 non
3193 5206 3318 5263 dico
3351 5203 3555 5261 idcirco
3609 5197 3746 5274 quod

2163 5298 2245 5353 illi
2272 5296 2498 5369 pallium
2530 5295 2824 5364 invideam,
2857 5295 2955 5352 sed
3008 5294 3267 5369 quoniam
3323 5292 3539 5367 quidam
3592 5297 3749 5347 autu-

1762 5412 2193 5470 HENSCHENII
2226 5411 2450 5471 ΝΟΤίΕ.

514 5514 597 5587 (α)
627 5511 692 5569 Id
720 5510 810 5568 vel
838 5510 964 5567 aliis
992 5508 1189 5567 litteris
1211 5510 1295 5570 vel
1326 5524 1424 5583 per
1453 5510 1677 5569 nuntios
1707 5511 2036 5574 verbotenus
2082 5512 2283 5568 factum
2341 5511 2621 5587 oportuit.-
2677 5511 2897 5585 quando
2950 5513 3069 5571 hac
3121 5509 3376 5569 limitatio
3426 5520 3589 5580 supra
3641 5516 3744 5559 non

443 5605 783 5687 exprimitur.
