4044 6074
315 246 419 304 ΠΤ

1390 242 1718 303 HISTORIA
1754 236 2127 297 NOVORUM.
2169 267 2236 279 -—-
2276 237 2383 294 LIB
2423 240 2519 297 IV.

3516 243 3621 302 478

314 380 483 442 mant,
514 380 569 430 et
624 372 786 431 etiam
843 379 1133 447 procurant
1169 378 1246 441 ut,
1280 369 1328 428 si
1378 371 1482 427 hoc
1527 385 1560 427 a
1597 368 1753 425 vobis
1780 383 1916 424 con-
1943 363 1999 426 Α
2022 367 2168 438 juris
2196 385 2264 426 ex
2298 370 2518 441 antiquo
2562 370 2807 427 Ecclesia
2850 366 3248 426 Cantuariensis
3285 382 3448 439 super
3469 368 3626 426 Ebo-

311 478 520 521 eessum
588 463 768 531 fuerit,
823 462 1057 520 conﬁdat
1113 479 1172 519 se
1228 460 1626 533 professionem
1677 457 1915 514 debitam

311 553 444 609 mihi
473 569 642 625 posse
671 554 965 625 denegare.
999 553 1057 609 Si
1087 552 1231 610 enim
1278 554 1380 608 hoc
1408 550 1769 622 contingeret,
1804 548 1917 604 sci-

313 650 423 700 tote
454 642 579 715 quia
609 643 856 700 Ecclesia
902 644 1114 715 Anglia
1152 641 1506 709 scinderetur,
1538 645 1594 696 et
1624 638 1917 695 secundum

316 732 643 787 sententiam
677 732 889 787 Domini
921 731 1149 788 dicentis
1183 745 1197 786 :
1230 733 1408 787 Omne
1430 746 1669 800 regnum
1690 730 1751 784 in
1777 730 1920 800 seip-

314 837 441 877 sum
464 821 710 877 divisum
736 821 1086 879 decolabitur
1124 822 1280 888 (Luc.
1300 836 1377 889 ιι,
1419 819 1530 889 17),
1563 817 1916 885 desolaretur,

315 918 368 966 et
398 910 556 982 vigor
578 911 890 981 apostolica
920 909 1226 981 disciplinae
1254 910 1311 964 in
1341 925 1404 964 ca
1442 923 1550 963 non
1588 922 1776 979 parum
1816 906 1918 962 de-

315 998 650 1067 bilitaretur;
709 1015 813 1071 ego
870 1015 1084 1070 quoque
1130 998 1440 1054 nullatenus
1486 1012 1820 1052 remanerem
1862 995 1921 1050 in

315 1087 532 1160 Anglia.
565 1089 687 1144 Non
716 1089 864 1143 enim
892 1090 1149 1143 deberem
1182 1092 1274 1142 aut
1301 1103 1518 1158 possem
1558 1087 1693 1156 pati,
1727 1094 1783 1140 ut
1811 1085 1922 1155 (me

312 1176 369 1232 in
399 1191 466 1231 ea
494 1176 731 1235 vivente)
759 1177 1023 1247 primatus
1068 1177 1330 1233 Ecclesia
1374 1183 1576 1233 nostrae
1607 1174 1920 1231 destruere-

315 1273 417 1321 tur.
466 1266 581 1321 Hoc
608 1267 787 1337 ipsum
834 1273 887 1322 et
933 1267 1130 1322 eodem
1155 1266 1366 1340 {affectu
1394 1280 1630 1338 suggero
1658 1279 1922 1322 reverenc

319 1353 405 1409 tiae
438 1362 631 1411 vestra
661 1354 729 1410 de
776 1355 1074 1425 Lundonia,
1126 1357 1176 1411 si
1225 1355 1344 1426 ejus
1392 1354 1652 1426 episcopo
1694 1353 1922 1424 pallium

317 1444 517 1513 petitur
579 1442 749 1514 (quod
804 1461 1081 1515 nunquam
1138 1444 1348 1516 habuit)
1394 1452 1451 1499 ut
1489 1443 1690 1500 scilicet
1719 1442 1789 1497 ad
1818 1441 1924 1497 hoc

318 1530 626 1588 nullatenus
654 1548 929 1588 assensum
960 1533 1230 1603 prabeat.
1261 1532 1494 1602 Quidam
1522 1546 1756 1601 namque
1783 1544 1920 1586 con-

309 1620 551 1690 cinnant,
582 1621 682 1677 sub
729 1621 836 1677 hac
868 1623 1049 1694 Specie
1092 1622 1241 1690 boni,
1299 1622 1565 1692 primatus
1623 1618 1922 1674 Cantuariae

2025 476 2306 519 racensem
2360 477 2579 532 semper
2620 460 2820 517 habere
2866 458 3206 515 consueverit
3252 457 3450 512 sciunt.
3504 460 3620 513 An-

2026 552 2232 609 selmus
2261 560 2441 609 autem
2470 560 2804 623 postponens
2832 550 3157 607 clericorum
3186 547 3378 604 litteris
3404 562 3627 620 respon-

2027 642 2174 711 dere,
2207 643 2279 698 ad
2307 643 2512 698 litteras
2542 643 2764 697 Thema
2795 639 3011 711 scripsit
3039 639 3160 694 hac
3192 656 3204 692 :

2104 755 2125 781 «ς
2160 732 2445 786 Anselmus
2485 730 2931 801 archiepiscopus
2979 724 3403 793 Cantuariensis,
3448 725 3625 782 amico

2028 838 2128 878 suo
2178 823 2417 887 Thema,
2453 820 2624 876 electo
2671 817 3086 889 archiepiscopo
3133 814 3485 884 Eboracensi,
3529 830 3627 871 sa-

2027 910 2216 967 lutem.

2106 1024 2126 1051 «
2174 999 2427 1057 Mandavi
2482 998 2641 1056 vobis
2703 995 3023 1054 charitative
3083 995 3374 1067 plusquam
3430 991 3625 1060 semel,

2029 1101 2293 1163 quatenus
2325 1092 2395 1148 ad
2437 1098 2663 1146 matrem
2693 1097 2929 1143 vestram
2960 1085 3253 1141 Ecclesiam
3285 1082 3629 1139 Cantuarien-

2031 1202 2147 1242 sem
2221 1182 2493 1250 veniretis,
2553 1181 2623 1235 ad
2706 1174 3104 1247 suscipiendam
3186 1172 3625 1229 benedictionem

2031 1283 2263 1332 vestram
2292 1280 2345 1328 et
2374 1273 2443 1327 ad
2474 1269 2780 1326 faciendum
2811 1264 2957 1339 quod
3000 1263 3209 1319 debetis
3247 1268 3301 1317 et
3329 1276 3438 1317 non
3466 1260 3624 1317 veni-

2031 1366 2146 1420 stis.
2214 1363 2553 1434 Quapropter
2616 1359 2809 1414 eadem
2875 1354 3164 1411 dilectione
3228 1352 3384 1408 vobis
3450 1349 3628 1406 adhuc

2033 1454 2232 1510 mando
2261 1458 2520 1523 quatenus
2547 1449 2691 1520 apud
2721 1447 2897 1518 ipsam
2939 1453 3169 1499 matrem
3212 1450 3445 1498 vestram
3474 1445 3627 1496 sexto

2031 1546 2160 1600 ldus
2200 1540 2523 1599 Novembris
2572 1539 2706 1606 sitis,
2752 1544 2809 1592 ut
2856 1532 3065 1590 faciatis
3109 1532 3254 1605 quod
3298 1529 3526 1595 debetis,
3576 1535 3630 1584 et

2030 1632 2339 1704 suscipiatis
2387 1628 2827 1686 benedictionem
2872 1631 3129 1680 nostram.
3176 1623 3457 1685 Praterea,
3504 1618 3632 1689 quia

310 1709 632 1783 dignitatem
688 1711 1143 1782 quemadmodum
1203 1727 1313 1767 non
1356 1718 1563 1782 opertet
1602 1708 1910 1763 humiliare.

2039 1722 2312 1781 :onsilium
2368 1719 2573 1790 petitis,
2604 1714 2828 1772 consulo
2875 1713 3033 1770 vobis
3079 1714 3140 1766 ut
3196 1726 3306 1766 non
3359 1706 3630 1778 incipiatis

310 1798 433 1853 Misi
462 1799 735 1856 sanctitati
761 1808 953 1856 vestra
985 1800 1041 1855 in
1069 1802 1175 1856 hoc
1213 1814 1356 1856 anno
1404 1807 1527 1869 post
1572 1799 1922 1854 Pentecosten

312 1887 515 1944 litteras
555 1905 654 1960 per
681 1889 1009 1945 Bernardum
1047 1890 1372 1945 servientem
1411 1888 1619 1944 domini
1648 1886 1792 1942 Petri
1823 1901 1924 1942 ca-

327 1977 552 2032 merarii
582 1977 764 2046 vestri,
779 1978 923 2050 quod
951 1995 1047 2033 rex
1064 1979 1276 2051 Anglia
1296 1976 1646 2050 conqueritur
1671 1974 1815 2046 quod
1836 1992 1923 2029 su.

327 2062 538 2117 stinetis
566 2079 751 2135 regem
781 2063 1133 2120 Teutonicum
1172 2063 1303 2119 dare
1347 2062 1697 2119 investituras
1725 2059 1923 2116 Eccle-

320 2152 526 2207 siarum
592 2152 710 2208 sine
772 2153 1349 2220 excommunicationc,
1409 2161 1462 2209 et
1516 2151 1641 2207 ideo
1697 2149 1927 2205 minatur

318 2240 438 2296 sine
488 2240 653 2296 dubio
697 2258 754 2297 se
797 2250 1194 2313 resumpturum
1236 2258 1360 2297 suas
1390 2242 1745 2306 investituras,
1778 2254 1922 2309 quo-

324 2328 467 2383 niam
498 2328 588 2384 ille
615 2345 739 2385 suas
771 2338 914 2386 tenet
952 2332 1004 2385 in
1055 2346 1207 2403 pace.
1244 2330 1438 2385 Videat
1490 2329 1655 2401 igitur
1673 2328 1922 2398 pruden-

330 2418 409 2472 tia
446 2425 627 2473 vestra
667 2419 781 2475 sine
827 2419 1085 2476 dilatione
1123 2420 1253 2491 quid
1294 2420 1420 2475 inde
1460 2433 1625 2491 agere
1660 2415 1921 2484 debeatis,

318 2522 388 2563 ne
435 2506 588 2579 quod
630 2514 746 2563 tam
778 2508 915 2565 bene
958 2508 1265 2566 adiﬁcastis
1302 2507 1791 2578 irrecuperabiliter
1818 2505 1922 2560 de-

316 2602 574 2652 struatur.
626 2597 743 2654 Rex
787 2597 933 2653 enim
976 2606 1158 2653 noster
1201 2597 1488 2670 diligenter
1528 2596 1751 2667 inquirit
1778 2593 1923 2665 quod

318 2683 390 2742 de
414 2684 511 2741 illo
539 2701 670 2758 rege
698 2686 899 2742 facitis.
934 2685 1163 2743 Oramus
1197 2687 1494 2743 Dominum
1529 2687 1699 2742 Deum
1736 2692 1794 2740 ut
1821 2698 1922 2740 nos

317 2771 554 2831 latiticet
583 2775 651 2830 de
680 2775 933 2831 diuturna
965 2776 1330 2848 prosperitate
1359 2783 1553 2831 vestra.
1592 2796 1614 2823 υ

386 2862 726 2934 Rescriptum
758 2864 964 2920 domini
994 2879 1150 2936 papa
1181 2864 1250 2920 ad
1280 2864 1633 2920 Anselmum:

392 2973 414 2999 ε
450 2952 725 3008 Paschalis
772 2952 1064 3025 episcopus
1103 2969 1291 3009 servus
1320 2969 1597 3009 servorum
1626 2951 1744 3021 Dei,
1779 2950 1919 3007 dile-

2031 1811 2251 1885 aliquod
2280 1810 2425 1882 quod
2455 1823 2564 1864 non
2593 1804 2805 1861 debetis
2846 1810 3028 1859 contra
3069 1798 3356 1857 ecclesiam
3401 1803 3630 1854 cantua-

2030 1900 2284 1957 riensem.
2308 1900 2448 1954 Nam
2487 1912 2590 1967 pro
2628 1902 2774 1951 certo
2804 1892 2984 1949 sciatis
3009 1890 3136 1964 quia
3164 1887 3423 1946 omnibus
3453 1885 3632 1942 modis

2033 1991 2225 2061 quibus
2239 2004 2463 2061 possum
2494 1988 2563 2042 ad
2603 1987 2704 2041 hoc
2720 2000 2808 2039 me
2826 1982 3157 2052 impendam,
3178 1986 3236 2034 ut
3254 1978 3322 2033 de
3337 1992 3433 2031 sua
3456 1975 3630 2048 digni-

2035 2088 2141 2135 tate
2159 2078 2402 2135 Ecclesia
2424 2078 2545 2148 ipsa
2571 2090 2695 2131 meo
2726 2082 2970 2144 tempore
2996 2069 3130 2125 nihil
3152 2063 3576 2140 perdat.Valete.
3602 2085 3623 2111 ι»

2103 2171 2229 2225 Non
2292 2167 2437 2225 venit
2491 2165 2588 2221 sed
2644 2164 2857 2219 directa
2909 2158 3136 2233 epistola
3185 2159 3304 2214 hac
3349 2155 3489 2211 inter
3526 2151 3633 2208 alia

2031 2258 2252 2329 scripsit
2283 2275 2296 2312 :

2109 2371 2129 2395 «
2165 2347 2398 2403 Causam
2426 2362 2533 2417 qua
2561 2342 2804 2399 differtur
2838 2338 3067 2396 sacratio
3094 2338 3247 2412 lmea,
3280 2348 3443 2406 quam
3471 2344 3632 2389 nemo

2033 2436 2323 2492 studiosius
2352 2450 2511 2506 quam
2553 2447 2658 2505 ego
2700 2429 2863 2487 vellet
2908 2427 3227 2490 accelerare,
3270 2424 3360 2496 qui
3398 2422 3633 2494 protule-

2031 2532 2154 2580 runt
2195 2541 2306 2580 non
2350 2523 2611 2579 desistunt
2640 2520 3016 2578 corroborare.
3061 2514 3426 2586 Quamobrem
3467 2525 3632 2582 quam

2030 2614 2412 2687 periculosum,
2481 2626 2644 2683 quam
2707 2618 2865 2680 turpe
2926 2607 2996 2663 sit
3060 2613 3248 2661 contra
3310 2614 3630 2658 consensum

2031 2703 2289 2759 Ecclesia
2327 2702 2433 2773 (cui
2481 2699 2686 2772 praeﬁci
2730 2698 2927 2766 debeo)
2982 2694 3229 2767 regimen
3267 2691 3434 2763 ipsius
3471 2690 3630 2744 inva-

2030 2792 2176 2855 dere.
2210 2800 2395 2847 vestra
2425 2791 2677 2845 discretio
2707 2787 2932 2843 noverit.
2967 2784 3075 2841 Sed
3121 2792 3174 2839 et
3221 2797 3386 2853 quam
3429 2777 3630 2835 formi-

2030 2880 2230 2949 dabile,
2265 2896 2426 2951 quam
2457 2880 2525 2935 sit
2551 2878 2870 2935 evitandum
2900 2875 3003 2931 sub
3031 2871 3214 2944 specie
3234 2866 3630 2925 benedictionis

2028 2968 2467 3025 maledictionem
2499 2968 2759 3025 induere!
2824 2990 2844 3014 η

316 3047 405 3097 cto
483 3042 632 3097 fratri
712 3044 968 3099 Anselmo
1048 3042 1422 3098 Cantuariensi
1490 3041 1918 3113 archiepiscopo,

2102 3059 2184 3113 Ex
2214 3059 2296 3113 bis
2336 3057 2624 3113 Anselmus
2663 3057 2950 3113 advertens
2992 3054 3260 3109 Thomam
3308 3047 3630 3105 clericorum

317 3128 548 3185 salutem
578 3138 632 3184 et
657 3130 1015 3201 apostolicam
1044 3131 1494 3187 benedictionem.

390 3240 413 3266 α
457 3218 685 3274 Litteras
717 3227 823 3276 tua
852 3220 1161 3276 dilectionis
1195 3220 1521 3291 recepimus,
1553 3236 1650 3292 per
1677 3236 1809 3291 quas
1836 3218 1921 3275 af-

319 3305 598 3363 fabilitatis
628 3317 733 3363 tua
765 3309 1107 3365 dulcedinem
1129 3309 1575 3382 recognovimus,
1600 3318 1727 3378 etc.,
1752 3326 1922 3382 usque

314 3396 386 3451 ad
412 3416 431 3453 ,δ
459 3396 576 3451 Rex
606 3413 740 3453 vero
786 3397 831 3452 si
880 3400 937 3453 in
981 3407 1225 3470 paterna
1264 3398 1518 3469 nequitia
1560 3398 1772 3453 tramite
1788 3414 1919 3468 per-

315 3485 674 3552 severaverit,
707 3486 849 3542 beati
880 3487 1019 3543 Petri
1050 3487 1314 3559 gladium,
1359 3503 1520 3559 quem
1544 3487 1665 3557 jam
1695 3487 1926 3542 educere

317 3572 604 3644 capimus,
658 3575 848 3644 procul
891 3575 1058 3631 dubio
1097 3575 1409 3648 experietur
1440 3575 1539 3647 (a).
1566 3576 1720 3632 Data
1746 3577 1926 3632 Bene-

320 3661 466 3716 venti
499 3676 556 3716 IV
588 3662 714 3716 Idus
744 3662 1013 3719 Octobris.
1052 3687 1073 3712 υ

388 3748 559 3819 Supra
591 3759 919 3807 memoratus
950 3753 1188 3809 Thomas
1215 3753 1359 3809 inter
1387 3752 1508 3821 ista,
1534 3761 1738 3809 mutato
1758 3754 1926 3823 priori

318 3837 567 3907 consilio,
600 3838 940 3895 Cantuariam
993 3848 1192 3897 statuto
1239 3841 1344 3897 sibi
1391 3841 1644 3911 termino,
1675 3841 1925 3913 prohibi-

321 3933 404 3982 tus
453 3944 485 3983 a
539 3928 818 3984 canonicis
876 3930 1012 3997 suis,
1066 3929 1203 3985 sicut
1257 3947 1356 4002 per
1411 3929 1619 3986 litteras
1672 3930 1927 3987 Anselmo

324 4017 622 4083 mandavit,
656 4019 844 4074 venire
889 4033 1000 4075 non
1041 4018 1237 4090 potuit,
1278 4027 1332 4074 et
1374 4018 1445 4074 ob
1491 4019 1596 4075 hoc
1643 4019 1771 4090 quid
1823 4019 1929 4074 sibi

329 4104 459 4160 inde
501 4104 640 4161 foret
679 4106 971 4179 agendum,
1017 4106 1302 4164 consilium
1345 4108 1415 4163 ab
1457 4123 1524 4164 eo
1566 4107 1774 4177 petivit.
1820 4108 1929 4179 Ipsi

323 4193 524 4265 quippe
572 4195 818 4252 canonici
844 4196 1074 4252 scientes
1116 4197 1435 4252 Anselmum
1479 4200 1640 4253 atate
1680 4196 1838 4252 simul
1880 4213 1932 4266 et

321 4281 600 4339 debilitate
647 4284 886 4357 fatigari,
917 4285 1019 4340 rati
1076 4293 1197 4341 sunt
1251 4301 1374 4341 eum
1430 4284 1596 4341 citius
1642 4285 1765 4341 huic
1806 4286 1955 4345 vita.

332 4370 780 4438 subtrahendum,
815 4382 868 4429 et
923 4373 1046 4429 ideo
1102 4382 1250 4429 mota
1304 4374 1573 4429 calumnia
1627 4374 1926 4430 Ecclesium

326 4459 735 4516 Eboracensem
802 4478 987 4532 parem
1056 4478 1176 4519 esse
1241 4463 1613 4518 Cantuariensi
1676 4464 1929 4518 Anselmo

329 4549 684 4621 scripserunt.
728 4550 784 4603 [η
822 4566 928 4622 quo
959 4558 1141 4621 tamen
1170 4551 1398 4608 electum
1429 4551 1716 4606 antistitem
1745 4552 1929 4607 Eccle-

335 4637 428 4692 sia
470 4653 584 4693 sua
642 4638 988 4694 Cantuariam
1044 4628 1122 4695 ire
1169 4640 1370 4696 debere
1414 4655 1514 4709 pro
1550 4639 1931 4696 benedictione

328 4742 425 4782 sua
468 4735 861 4797 cognoverunt.
896 4728 992 4784 sed
1040 4715 1434 4800 professionem
1482 4728 1552 4785 de
1595 4729 1932 4800 subjectione

328 4830 428 4871 sua
454 4814 698 4885 pontiﬁci
742 4812 1119 4873 Cantuariensi
1154 4834 1279 4874 eum
1317 4818 1499 4875 facere
1525 4817 1725 4875 debere
1753 4833 1931 4892 nega-

326 4910 540 4972 verunt,
570 4919 635 4959 ac
662 4921 728 4959 ne
762 4904 982 4974 faceret,
1016 4909 1279 4976 quantum
1323 4906 1376 4961 in
1420 4906 1497 4963 eis
1527 4906 1645 4973 fuit,
1684 4925 1750 4963 ex
1778 4916 1931 4979 parte

325 4992 423 5048 Dei
454 5000 510 5049 et
549 4993 813 5049 Romana
856 4994 1117 5071 Ecclesia
1147 4995 1560 5064 prohibuerunt.
1594 4997 1753 5065 Quod
1781 4997 1930 5068 quali

327 5082 474 5137 fama
501 5082 652 5153 ipsos
677 5084 969 5139 canonicos
1014 5085 1161 5155 apud
1204 5084 1492 5141 multorum
1537 5088 1747 5141 mentes
1773 5095 1930 5143 nota-

326 5170 482 5241 verit,
514 5178 585 5239 et,
639 5186 727 5227 me
777 5178 1005 5241 tacente,
1053 5172 1331 5244 conjicere
1368 5180 1598 5244 possunt
1660 5174 1750 5246 qui
1797 5175 1930 5248 quid

2032 3163 2256 3203 suorum
2298 3148 2473 3218 magis
2512 3161 2673 3217 quam
2717 3161 2835 3214 suo,
2878 3143 3024 3215 quod
3080 3141 3360 3212 petiverat,
3404 3135 3633 3193 consilio

2032 3237 2319 3302 inhaerere,
2372 3235 2499 3291 fecit
2533 3236 2820 3305 episcopos
2860 3233 3044 3288 venire
3074 3231 3143 3286 ad
3182 3244 3258 3296 se,
3306 3234 3360 3283 et
3398 3241 3523 3280 cum
3551 3224 3631 3279 eis

2030 3325 2251 3397 negotio
2284 3332 2538 3388 tractans,
2572 3323 2699 3393 quid
2729 3321 3005 3392 pracipue
3045 3319 3182 3374 foret
3219 3315 3493 3388 agendum
3522 3311 3632 3366 dis-

2034 3413 2272 3485 quisivit.
2324 3413 2557 3467 Probant
2595 3411 2671 3466 illi
2704 3412 2840 3465 duos
2881 3408 3054 3464 adhuc
3097 3406 3382 3477 episcopos
3410 3402 3479 3456 ad
3508 3415 3632 3455 eum

2033 3502 2218 3573 dirigi,
2251 3501 2343 3572 qui
2371 3501 2521 3556 illum
2560 3516 2629 3555 ex
2667 3507 2817 3570 parte
2853 3495 3090 3552 Anselmi
3133 3502 3185 3550 et
3228 3491 3469 3549 omnium
3505 3489 3633 3559 epi-

2034 3606 2320 3661 scoporum
2351 3589 2568 3660 Anglia
2597 3596 2873 3654 moneant,
2906 3594 3100 3656 coepta
3131 3580 3413 3638 rebellioni
3445 3594 3635 3633 renun-

2036 3679 2171 3735 tiare
2236 3687 2288 3734 et
2352 3679 2627 3750 siquidem
2694 3677 2747 3731 id
2808 3677 2985 3731 facere
3049 3672 3202 3741 nolit,
3263 3670 3522 3725 suadeant
3584 3665 3635 3722 ei

2037 3769 2385 3824 Cantuariam
2427 3783 2526 3838 pro
2558 3766 2934 3823 benedictione
2972 3779 3090 3830 sua,
3147 3760 3445 3817 secundum
3489 3753 3636 3828 quod

2036 3873 2097 3912 se
2152 3857 2329 3914 facere
2385 3857 2582 3913 debere
2639 3861 2992 3928 cognoverat,
3051 3851 3259 3916 venire,
3317 3848 3504 3918 ibique
3559 3845 3634 3915 (si

2035 3947 2233 4017 possit)
2290 3946 2486 4016 probet
2549 3962 2607 4001 se
2664 3962 2697 3999 a
2749 3943 3083 4014 subjectione
3139 3954 3303 4013 quam
3347 3936 3638 3992 Anselmus

2037 4034 2290 4106 exigebat
2347 4034 2546 4088 debere
2597 4033 2830 4087 liberum
2885 4046 3020 4095 esse,
3081 4037 3153 4095 et,
3212 4030 3316 4082 hoc
3377 4025 3423 4079 si
3475 4028 3638 4092 queat

2037 4121 2271 4189 efficere,
2303 4130 2540 4176 sacratus
2584 4106 2767 4176 redeat
2812 4120 2867 4173 in
2896 4133 2993 4173 sua
3034 4132 3157 4173 cum
3207 4129 3360 4185 pace.
3405 4111 3633 4166 Placue-

2038 4218 2161 4266 runt
2216 4211 2321 4265 ista
2374 4210 2540 4264 Patri.
2581 4210 2649 4263 Et
2686 4210 2804 4263 hac
2850 4222 3014 4279 agere
3050 4203 3201 4260 missi
3238 4207 3364 4257 sunt
3395 4197 3637 4270 episcopi

2038 4296 2145 4351 duo
2184 4294 2577 4351 Lundoniensis
2617 4293 2886 4361 videlicet,
2928 4291 3055 4362 quia
3100 4289 3337 4344 decanus
3380 4282 3639 4340 Ecclesia

2042 4382 2474 4451 Cantuariensis,
2516 4390 2569 4439 et
2611 4381 2901 4449 Roﬁ‘ensis,
2946 4379 3037 4450 qui
3079 4376 3328 4447 ejusdem
3376 4371 3637 4428 Ecclesia

2038 4474 2291 4544 prOprius
2317 4482 2477 4543 atque
2504 4472 2839 4528 domesticus
2869 4484 2992 4526 esse
3012 4464 3372 4539 dignoscitur.
3396 4460 3463 4515 Hi
3484 4473 3636 4531 ergo,

2038 4560 2140 4617 iter
2164 4563 2433 4635 aggressi,
2468 4563 2865 4618 mandaverunt
2910 4560 3151 4621 Thema,
3193 4561 3246 4609 et
3286 4548 3515 4606 occurrit
3561 4546 3641 4603 eis

2039 4652 2182 4723 apud
2237 4650 2585 4707 Suthwellam
2641 4649 2827 4703 villam
2883 4662 3059 4701 suam.
3120 4644 3406 4715 Exponunt
3449 4637 3499 4694 ei
3540 4651 3640 4708 pro

2040 4741 2237 4811 quibus
2293 4740 2560 4796 venerint.
2638 4740 2705 4792 At
2771 4737 2885 4808 ipse
2942 4734 3183 4789 nuntium
3240 4745 3417 4798 suum,
3475 4740 3640 4799 quem

2037 4828 2489 4883 Northmanniam
2518 4827 2587 4882 ad
2616 4841 2802 4898 regem
2838 4823 3078 4891 miserat,
3110 4830 3164 4878 et
3201 4820 3381 4893 plures
3407 4816 3476 4874 de
3505 4815 3639 4885 suis,

2041 4927 2176 4983 quos
2241 4911 2309 4966 ad
2365 4926 2424 4966 se
2470 4912 2636 4983 longe
2694 4909 2819 4964 inde
2873 4906 3161 4979 pervenire
3188 4905 3559 4971 mandaverat,
3582 4915 3641 4957 se

2041 5008 2354 5072 exspectare
2408 4999 2709 5071 respondit.
2763 4998 2868 5064 Qui
2925 5013 3046 5053 cum
3114 4995 3384 5061 venerint,
3444 4992 3639 5063 inquit,

2036 5090 2218 5146 audito
2247 5103 2434 5144 eorum
2465 5088 2715 5157 consilio,
2749 5088 2945 5143 faciam
2976 5085 3118 5157 quod
3149 5083 3487 5157 potissimum
3507 5079 3643 5136 mihi

2038 5177 2352 5235 faciendum
2381 5176 2976 5235 laudaverint.Reversi
3006 5176 3062 5230 in
3090 5174 3210 5231 istis
3228 5170 3474 5244 episcopi
3490 5170 3638 5226 sunt.

1637 5326 2068 5384 HENSCHENII
2106 5327 2334 5384 ΝΟΤᾸΞ.

400 5416 481 5502 (ᾳ)
505 5416 586 5499 Et_
602 5424 856 5502 expertus
885 5425 984 5489 est,
1017 5434 1123 5502 non
1155 5419 1375 5502 quidem
1404 5434 1437 5502 _a
1467 5422 1736 5502 Paschali,
1764 5439 1935 5502 a_quo

333 5493 516 5569 aptivo
572 5493 919 5569 investituras
974 5493 1203 5569 extorsit
1257 5493 1519 5569 Henricus
1553 5494 1616 5561 V,
1666 5510 1765 5569 res
1791 5493 1934 5551 Ger-

333 5562 532 5618 mania
561 5574 703 5621 anno
733 5563 891 5633 1111,
910 5563 1105 5623 eodem
1129 5578 1255 5625 cum
1285 5562 1426 5625 liber
1438 5562 1541 5627 fuit
1566 5566 1934 5645 nequidquam

2047 5425 2262 5480 Sutrina
2305 5426 2437 5481 Acta
2473 5431 2793 5485 retractante
2825 5444 2840 5481 :
2872 5426 2968 5483 sed
2998 5440 3031 5481 a
3060 5423 3285 5482 Callisto
3309 5423 3379 5492 II,
3420 5419 3506 5478 cui
3552 5432 3647 5492 cas

2042 5496 2162 5578 ipse
2212 5504 2431 5578 coactus
2482 5505 2565 5554 est
2613 5498 2916 5577 restituam,
2947 5511 3090 5555 anno
3122 5499 3260 5564 1122
3301 5488 3373 5550 in'
3411 5488 3642 5556 concilio

2043 5568 2458 5635 Wormatiensi.
