3996 6084
375 275 478 336 £79

1381 281 1694 338 EADMERI
1746 281 2296 342 CANTUARIENSIS
2348 285 2664 343 MONACHI

3579 289 3685 348 480

447 402 570 460 Post
600 404 736 474 hac,
769 405 924 462 brevi
955 407 1214 479 temporis
1250 407 1424 480 spatio
1463 406 1802 478 interposito,
1827 425 1970 463 nun-
1997 409 2050 470 A
2079 409 2261 466 tudine
2303 411 2531 481 professi
2581 421 2722 484 sunt,
2755 412 3072 486 proﬁtearis.
3107 413 3263 484 Quod
3294 415 3338 470 si
3378 414 3434 470 in
3464 414 3530 470 iis
3557 430 3683 486 qua

377 492 480 548 tius
505 509 570 550 ex
601 504 750 567 parte
779 498 999 554 Thoma
1025 497 1096 552 ad
1138 498 1452 553 Anselmum
1483 497 1716 552 directus
1745 497 1972 564 litteras,

379 600 514 656 quas
545 601 668 641 ecce
691 587 996 654 scribimus,
1013 586 1197 660 sigillo
1222 588 1366 659 regis
1389 587 1626 642 inclusas
1648 586 1695 640 ei
1713 587 1972 656 porrexit.

457 697 477 723 α
513 676 795 739 Henricus,
848 676 942 730 Dei
992 676 1188 746 gratia,
1231 691 1321 730 rex
1360 676 1691 748 Anglorum,
1721 676 1975 731 Anselmo

379 763 750 818 Cantuariensi
781 764 1208 834 archiepiscopo,
1235 766 1397 820 charo
1429 763 1576 819 Patri
1607 779 1726 831 suo,
1750 763 1978 820 salutem

374 860 427 908 et
457 851 767 906 amicitiam.

455 962 475 987 «
513 940 708 995 Mando
758 940 912 996 vobis
963 949 1016 995 ut
1075 943 1455 1012 reexspectetis
1498 957 1652 1012 aquo
1699 941 1879 997 animo
1926 948 1980 997 et

375 1027 519 1083 bona
560 1028 834 1084 voluntate
875 1029 1307 1086 benedictionem
1348 1031 1569 1086 Thema
1618 1030 1979 1086 Eboracensis

376 1118 767 1188 archiepiscopi
816 1134 989 1189 usque
1041 1120 1107 1172 ad
1172 1121 1390 1187 Pascha,
1424 1127 1476 1175 et
1523 1119 1786 1191 quidquid
1844 1120 1982 1174 inter

376 1222 472 1261 vos
501 1206 626 1262 inde
655 1215 834 1262 actum
864 1216 960 1263 est.
995 1208 1110 1278 Ego
1139 1209 1304 1273 enim,
1364 1208 1408 1261 si
1462 1208 1600 1262 infra
1657 1209 1974 1279 pradictum

380 1295 665 1351 terminum
697 1295 749 1348 in
795 1296 1043 1368 Angliam
1075 1296 1310 1363 rediero,
1343 1297 1567 1351 consilio
1597 1298 1978 1368 episcoporum

2081 501 2288 571 coepisti
2346 502 2520 575 magis
2563 519 2913 574 perseverare
2963 520 3124 576 quam
3170 504 3239 558 ab
3287 505 3365 560 eis
3419 503 3695 561 desistere

2085 590 2369 662 delegeris,
2428 591 2679 647 omnibus
2736 593 3009 665 episcopis
3060 593 3224 649 totius
3265 594 3555 648 Britannia
3585 593 3691 650 sub

2083 688 2350 752 perpetuo
2381 683 2722 738 anathemate
2752 683 3038 751 interdico,
3068 699 3135 737 ne
3171 683 3266 738 tibi
3297 683 3439 738 ullus
3468 699 3637 739 eorun
3677 699 3689 737 :

2088 784 2278 823 manus
2305 769 2372 823 ad
2404 770 2799 840 promotionem
2832 771 3174 842 pontiﬁcatus
3209 772 3473 842 imponat,
3507 771 3614 836 vel,
3646 773 3694 827 si

2085 857 2154 912 ab
2207 859 2441 913 externis
2495 865 2780 929 promotus
2838 861 3024 927 fueris,
3056 876 3156 932 pro
3195 861 3454 931 episcOpo
3501 861 3588 916 vel
3636 861 3696 916 in

2087 946 2267 1017 aliqua
2316 947 2619 1003 Christiana
2675 949 3054 1005 communione
3119 957 3172 1004 te
3240 948 3516 1019 suscipiat.
3572 949 3694 1004 Tibi

2087 1051 2322 1106 quoque,
2371 1037 2596 1103 Thema,
2649 1037 2747 1091 sub
2792 1040 2984 1093 eodem
3033 1040 3375 1092 anathemate
3425 1054 3490 1093 ex
3541 1045 3696 1109 parte

2088 1124 2187 1179 Dei
2217 1124 2476 1180 interdico
2508 1135 2562 1180 ut
2604 1143 2879 1198 nunquam
2915 1127 3348 1183 benedictionem
3396 1128 3696 1199 episcopa-

2089 1221 2170 1266 tus
2217 1213 2576 1269 Eboracensis
2619 1216 2898 1286 suscipias,
2934 1217 3036 1269 nisi
3099 1217 3249 1286 prius
3295 1216 3695 1286 professionem

2088 1318 2249 1372 quam
2281 1311 2657 1358 antecessores
2688 1305 2760 1358 tui
2792 1307 3027 1360 Thomas
3055 1311 3110 1359 ot
3133 1305 3398 1359 Girardus
3428 1304 3694 1360 Ecclesia

379 1393 431 1439 et
474 1384 738 1438 baronum
797 1401 1042 1440 meorum
1095 1401 1194 1439 vos
1235 1385 1377 1454 juste
1434 1395 1486 1441 et
1527 1385 1822 1441 honoriﬁce
1855 1387 1978 1441 inde
2006 1399 2060 1457 Β
2090 1391 2458 1446 Cantuariensi
2492 1393 2732 1449 fecerunt
2773 1393 2960 1449 facias.
3008 1393 3062 1447 Si
3105 1402 3283 1448 autem
3316 1394 3697 1464 episcopatum

377 1473 743 1527 concordabo.
777 1473 935 1542 Quod
985 1473 1030 1527 si
1079 1481 1186 1528 tam
1236 1474 1341 1530 cito
1390 1491 1496 1529 non
1541 1475 1769 1541 rediero,
1805 1474 1979 1530 taliter

376 1560 501 1616 inde
557 1577 736 1632 agam,
770 1562 912 1632 quod
959 1562 1196 1617 fraterna
1249 1580 1348 1635 pax
1401 1567 1452 1618 et
1500 1564 1642 1619 bona
1687 1563 1980 1619 concordia

376 1648 515 1704 inter
543 1665 642 1705 vos
671 1650 796 1705 erit.
846 1674 865 1699 ι»

449 1753 539 1807 Ad
569 1754 685 1808 hac
714 1761 901 1810 nuntio
930 1755 1134 1825 potenti
1165 1755 1295 1826 quid
1328 1754 1610 1811 Anselmus
1657 1755 1819 1812 vellet
1849 1755 1978 1812 dare

377 1842 645 1911 responsi,
679 1843 814 1897 dixit
847 1861 860 1896 :
917 1867 936 1889 ιι
975 1843 1045 1898 Se
1075 1845 1192 1914 regi
1221 1845 1310 1914 qui
1342 1844 1442 1899 sibi
1472 1845 1673 1900 litteras
1702 1844 1843 1899 misit
1873 1861 1980 1899 non

379 1931 599 1985 Thoma
657 1946 1053 2001 responsurum.
1089 1955 1118 1980 υ
1172 1934 1432 2004 Delegata
1494 1933 1659 2005 igitur
1711 1933 1980 2004 legatione

381 2019 544 2088 hujus
587 2020 666 2073 rei
719 2019 896 2075 Odoni
955 2021 1162 2078 decano
1219 2022 1475 2078 Ecclesia
1528 2022 1896 2088 Cicestrensis,
1929 2029 1983 2076 et

381 2107 612 2163 Alboldo
653 2111 917 2165 monacho
939 2110 1171 2165 canobii
1213 2111 1426 2166 Sancta
1460 2112 1649 2166 Maria
1669 2111 1977 2178 Beccensis,

383 2196 673 2252 destinavit
719 2213 814 2252 eos
852 2197 906 2253 in
943 2199 1397 2254 Northmanniam
1438 2200 1506 2255 ad
1545 2217 1729 2273 regem
1761 2215 1983 2256 narrare

382 2284 462 2340 illi
496 2293 662 2340 totum
694 2287 834 2358 quod
869 2289 1146 2359 praesentis
1178 2288 1383 2343 dissidii
1429 2296 1632 2355 tenore,
1676 2289 1814 2342 inter
1843 2305 1901 2342 se
1930 2295 1984 2342 et

384 2374 756 2431 Eboracenses
785 2384 962 2432 actum
996 2377 1296 2432 exstiterat.
1337 2378 1612 2450 Rogarent
1643 2378 1801 2432 etiam
1833 2377 1983 2432 illum

384 2467 646 2529 quatenus
677 2477 788 2515 sua
829 2462 1164 2516 auctoritatis
1203 2462 1533 2534 ingenuitate
1581 2471 1631 2517 et
1674 2461 1984 2532 provisione

382 2555 670 2620 satageret,
701 2565 770 2604 ne
802 2549 1080 2622 integritas
1125 2551 1540 2606 Christianitatis
1583 2552 1635 2605 in
1667 2551 1774 2606 duo
1813 2550 1986 2606 divisa

385 2632 723 2686 scinderetur
768 2633 822 2686 in
867 2635 1081 2706 Anglia,
1115 2643 1289 2689 certus
1318 2636 1552 2690 existens
1583 2635 1727 2705 quod
1755 2635 1984 2690 scissio-

383 2735 527 2788 nem,
581 2722 733 2789 juxta
793 2721 1004 2777 Domini
1062 2724 1286 2792 dictum,
1353 2724 1617 2779 desolatio
1674 2733 1988 2794 sequeretur

387 2809 541 2877 (Luc.
568 2826 647 2877 χι,
676 2811 782 2880 17).
818 2812 894 2865 De
926 2811 1163 2866 induciis
1196 2821 1371 2868 autem
1406 2828 1540 2883 quas
1579 2813 1800 2869 Thoma
1837 2813 1983 2867 Ebo-

384 2900 591 2952 racensi
644 2898 1055 2970 archiepiscopo
1111 2900 1223 2954 dari
1281 2901 1651 2966 mandaverat,
1692 2916 1789 2970 pro
1837 2908 1984 2956 certo

383 2986 543 3040 sciret
585 2987 728 3058 quod
778 2989 928 3060 prius
965 2997 1239 3060 pateretur
1267 2993 1408 3043 totus
1437 2989 1775 3044 membratim
1807 2989 1984 3046 disse-

385 3075 495 3128 cari
519 3091 680 3146 quam
714 3077 782 3132 de
811 3078 1050 3149 negotio,
1085 3079 1137 3131 in
1179 3095 1284 3149 quo
1327 3078 1476 3133 illum
1521 3086 1706 3134 contra
1738 3078 1984 3148 antiquas

384 3172 689 3220 sanctorum
720 3167 934 3220 Patrum
969 3167 1291 3237 sanctiones,
1325 3168 1370 3220 si
1408 3167 1597 3236 injuste
1637 3175 1687 3222 et
1723 3167 1984 3222 adversus

384 3252 558 3307 Deum
589 3254 824 3309 erexisse
852 3256 1074 3323 sciebat,
1107 3257 1192 3311 vel
1223 3257 1291 3310 ad
1322 3258 1511 3311 horam
1543 3256 1663 3310 illas
1692 3255 1983 3327 aliquando

383 3340 561 3395 daret.
613 3343 832 3399 Reversi
863 3346 1052 3410 nuntii,
1088 3346 1327 3400 referunt
1364 3361 1550 3417 regem
1605 3360 1762 3416 aquo
1801 3345 1982 3399 animo

384 3447 446 3483 ac
477 3431 712 3504 benigno
744 3434 908 3488 verba
953 3434 1188 3488 Anselmi
1221 3435 1542 3507 suscepisse,
1575 3434 1985 3505 pollicitumque

381 3530 438 3568 se
470 3531 570 3586 per
607 3518 865 3572 auxilium
897 3525 947 3572 et
979 3518 1406 3573 misericordiam
1437 3519 1533 3573 Dei
1566 3534 1622 3572 re
1652 3517 1768 3586 ipsa
1797 3526 1982 3572 osten-

385 3619 588 3670 surum,
623 3605 766 3674 quod
798 3606 1165 3677 integritatem
1206 3606 1623 3660 Christianitatis
1653 3606 1901 3677 diligeret
1928 3605 1983 3660 in

385 3692 600 3762 Anglia,
633 3708 742 3746 non
772 3693 1082 3748 scissuram.

457 3781 603 3832 Inter
631 3779 748 3834 hac
768 3781 1002 3850 languor
1029 3782 1120 3850 qui
1150 3797 1344 3850 corpus
1375 3781 1545 3836 Patris
1577 3783 1828 3836 Anselmi
1853 3798 1985 3854 gra-

385 3867 524 3921 viter
577 3866 850 3939 afﬂigebat
900 3869 1124 3940 gravior
1175 3870 1276 3922 sibi
1335 3870 1440 3938 ipsi
1495 3870 1563 3924 de
1617 3869 1706 3925 die
1752 3871 1807 3924 in
1841 3871 1985 3925 diem

383 3953 565 4010 ﬁebat.
596 3956 750 4011 Nota
783 3964 960 4011 tamen
1009 3958 1316 4012 rebellionis
1359 3974 1464 4013 non
1508 3959 1812 4025 immemor,
1845 3960 1982 4014 scri-

380 4043 488 4114 psit
516 4044 739 4098 Thoma
768 4045 1048 4115 epistolam
1082 4047 1219 4101 hanc
1252 4063 1265 4100 :

2092 1481 2487 1537 Eboracensem
2518 1498 2582 1538 ex
2642 1491 2750 1537 toto
2805 1482 3088 1548 dimiseris,
3141 1482 3383 1538 concedo
3429 1489 3488 1538 ut
3515 1481 3696 1538 ofﬁcio

2087 1569 2424 1639 sacerdotali,
2458 1573 2602 1643 quod
2627 1571 2746 1641 jam
2787 1571 3125 1642 suscepistis,
3158 1571 3342 1626 utaris.
3383 1593 3402 1619 »ι

2159 1659 2312 1714 Hanc
2368 1660 2649 1731 epistolam
2708 1661 2962 1716 omnibus
3011 1660 3280 1730 episcopis
3326 1659 3556 1733 Anglia,
3591 1660 3698 1715 sin-

2088 1749 2276 1818 gulam
2314 1749 2565 1821 singulis,
2607 1765 2730 1805 cum
2779 1765 2877 1804 suo
2934 1749 3115 1823 sigillo
3159 1749 3377 1815 direxit,
3399 1749 3700 1821 unicuique

2088 1836 2350 1890 mandans
2396 1846 2555 1910 atque
2604 1837 2943 1910 pracipiens,
3005 1854 3106 1908 per
3145 1846 3381 1893 sanctam
3427 1837 3698 1893 obedien-

2089 1925 2218 1979 tiam
2288 1943 2445 1996 quam
2523 1928 2784 1984 Ecclesia
2852 1927 3220 1983 Cantuariensi
3285 1927 3574 1996 debebant,
3635 1934 3697 1982 ut

2089 2016 2380 2069 secundum
2414 2017 2558 2089 quod
2588 2018 2642 2071 in
2673 2018 2765 2070 illa
2795 2018 3054 2088 scriptum
3086 2025 3219 2087 erat,
3253 2031 3318 2072 se
3350 2032 3482 2090 erga
3511 2017 3695 2087 ipsum

2087 2103 2352 2158 Thomam
2385 2105 2640 2176 deinceps
2669 2113 2929 2161 tenerent.

2164 2194 2290 2246 Post
2338 2194 2452 2248 hac
2499 2211 2555 2248 x1
2588 2194 2710 2248 Kal.
2747 2195 2871 2249 Maii
2915 2194 3198 2250 defunctus
3255 2202 3333 2249 est
3391 2194 3701 2251 Cantuaria

2091 2275 2145 2330 in
2195 2277 2477 2347 metropoli
2524 2279 2656 2332 sede
2685 2278 2954 2349 gloriosus
2985 2279 3146 2333 Pater
3175 2278 3478 2346 Anselmus,
3512 2285 3567 2334 et
3607 2279 3701 2335 die

2093 2365 2360 2434 sequenti,
2394 2383 2514 2436 qua
2545 2365 2646 2420 fuit
2675 2367 2843 2421 Cana
2872 2366 3110 2431 Domini,
3144 2367 3196 2420 in
3226 2366 3418 2437 majori
3463 2366 3702 2422 ecclesia

2093 2453 2160 2506 ad
2190 2461 2351 2523 caput
2397 2455 2720 2510 veneranda
2760 2455 3032 2510 memoria
3063 2454 3353 2511 Lanfranci
3384 2455 3701 2526 praedeces-

2093 2543 2230 2596 soris
2276 2543 2376 2608 sui,
2421 2543 2716 2598 honoriﬁce
2764 2543 3024 2614 sepultus,
3069 2559 3209 2598 anno
3240 2544 3502 2598 Incarnati
3537 2542 3704 2598 Verbi

2095 2631 2384 2686 millesimo
2414 2633 2706 2687 centesimo
2749 2648 2911 2701 nono,
2945 2633 3096 2704 regni
3146 2647 3277 2688 vero
3318 2631 3532 2688 Henrici
3564 2633 3698 2702 glo-

2089 2718 2220 2774 riosi
2261 2720 2405 2792 regis
2427 2721 2727 2792 Anglorum
2764 2737 2927 2787 nono,
2951 2720 3290 2792 pontiﬁcatus
3318 2728 3497 2775 autem
3519 2720 3698 2791 ipsius

2094 2809 2332 2862 Anselmi
2364 2824 2483 2875 xvx,
2516 2809 2688 2864 atatis
2711 2823 2840 2864 vero
2861 2810 3263 2881 septuagesimo
3286 2817 3460 2865 sexto.

2166 2898 2353 2966 Itaque
2407 2907 2526 2968 post
2586 2899 2721 2967 hac,
2753 2897 2945 2969 paucis
2991 2897 3181 2952 diebus
3239 2897 3489 2965 evolutis,
3551 2898 3704 2954 venit

2094 2985 2343 3053 Angliam
2377 2986 2572 3040 missus
2601 3000 2632 3039 a
2689 2988 3004 3042 venerando
3035 3001 3248 3041 summo
3278 2985 3528 3059 pontiﬁce
3558 2986 3700 3041 Pas-

2092 3074 2268 3139 chale,
2318 3074 2546 3129 clericus
2577 3074 2795 3146 quidam
2827 3075 3058 3145 (Ulricus
3096 3075 3313 3130 nomine
3346 3075 3396 3145 b)
3433 3076 3698 3130 cardina-

2094 3161 2160 3215 lis
2200 3170 2399 3216 sancta
2440 3163 2698 3217 Romana
2746 3163 3015 3221 Ecclesia.
3071 3163 3170 3218 llic
3219 3164 3436 3233 pallium
3484 3163 3698 3219 Ebora-

2094 3251 2243 3306 censi
2288 3251 2544 3307 Ecclesia
2573 3267 2753 3306 secum
2802 3251 2998 3317 ferens,
3031 3253 3122 3306 ubi
3166 3253 3354 3307 didicit
3383 3253 3704 3308 Anselmum

2094 3340 2256 3393 vitam
2309 3339 2490 3394 ﬁnisse
2545 3342 2692 3411 (nam
2742 3340 2943 3395 obitum
3001 3341 3136 3407 ejtis,
3203 3341 3292 3412 qui
3349 3349 3472 3396 tunc
3526 3357 3706 3411 nuper

2093 3428 2382 3498 acciderat,
2421 3445 2527 3483 non
2577 3430 2738 3500 longe
2769 3438 2918 3484 extra
2955 3430 3204 3498 Angliam
3252 3428 3406 3484 fama
3433 3430 3704 3486 certitudo

2095 3518 2418 3588 pertulerat)
2477 3526 2852 3573 consternatus
2905 3518 3108 3586 animo,
3169 3518 3299 3590 quid
3355 3518 3702 3588 potissimum

2097 3601 2222 3654 sibit
2256 3602 2391 3656 foret
2420 3602 2690 3672 agendum
2722 3602 3021 3657 dubitabat.
3047 3601 3268 3656 Pallium
3303 3603 3501 3656 etenim
3522 3602 3702 3672 ipsum

2091 3691 2344 3744 Anselmo
2383 3690 2635 3758 primitus
2682 3691 3035 3745 deferendum
3073 3705 3105 3744 a
3143 3690 3390 3744 Romano
3447 3689 3705 3760 pontiﬁce

2092 3787 2413 3848 sumpserat,
2450 3783 2502 3831 et
2547 3787 2602 3832 ut
2641 3779 2857 3833 demum
2897 3779 3051 3846 juxta
3090 3777 3373 3832 consilium
3411 3793 3474 3833 ac
3516 3777 3704 3847 dispo-

2093 3865 2340 3920 sitionem
2380 3865 2554 3937 ipsius
2602 3866 2728 3920 inde
2769 3873 2971 3939 ageret,
3005 3866 3075 3919 ab
3115 3865 3306 3920 eodem
3358 3874 3701 3936 praceptum

2092 3963 2366 4024 acceperat
2382 3995 2393 4008 .

2163 4044 2219 4096 In
2256 4043 2604 4112 subsequenti
2648 4042 2936 4098 festivitate
2967 4044 3330 4111 Pentecostes,
3373 4057 3470 4098 rex
3500 4042 3703 4098 Henri-

461 4156 482 4181 ‹‹
516 4133 801 4187 Anselmus
841 4132 1088 4188 minister
1130 4135 1391 4190 Ecclesia
1419 4135 1802 4205 Canturiensis,
1835 4139 1984 4192 Tho-
2012 4119 2064 4179 D
2096 4147 2192 4186 cus
2223 4131 2429 4186 curiam
2461 4147 2610 4185 suam
2641 4131 2936 4186 Lundoniae
2985 4132 3040 4184 in
3079 4147 3275 4203 magna
3306 4131 3493 4186 mundi
3522 4132 3702 4202 gloria

384 4237 488 4276 ma
517 4221 694 4277 electo
723 4222 1125 4292 archiepiscopo
1155 4224 1503 4278 Eboracensi.

460 4310 657 4375 «Tibi,
713 4311 937 4375 Thema,
991 4311 1044 4364 in
1101 4320 1393 4382 conspectu
1444 4312 1826 4382 omnipotentis
1865 4312 1982 4381 Dei,

383 4413 487 4469 ego
552 4399 842 4453 Anselmus
928 4399 1366 4470 archiepiscopus
1451 4401 1856 4454 Cantuariensis
1934 4409 1987 4456 et

381 4487 542 4541 totius
587 4487 872 4542 Britannia
917 4489 1120 4559 primas
1160 4488 1374 4558 loquor.
1409 4490 1654 4558 Loquens
1708 4505 1770 4543 ex
1829 4497 1986 4558 parte

380 4574 550 4645 ipsius
581 4576 697 4641 Dei,
723 4576 1058 4630 sacerdotale
1089 4575 1323 4631 ofﬁcium
1349 4577 1486 4646 quod
1520 4593 1640 4631 meo
1659 4578 1815 4648 jussu
1830 4579 1909 4648 (α)
1933 4579 1986 4632 in

381 4663 637 4734 parochia
693 4679 815 4718 mea
869 4680 969 4733 per
1011 4663 1407 4736 suﬁ'raganeum
1457 4681 1636 4720 meum
1682 4665 1982 4735 suscepisti,

382 4751 481 4804 tibi
544 4750 825 4819 interdico,
888 4759 1047 4823 atque
1115 4753 1372 4824 pracipio
1437 4769 1505 4807 ne
1555 4761 1605 4808 te
1667 4753 1736 4808 de
1805 4754 1984 4824 aliqua

381 4855 508 4893 cura
563 4840 822 4907 pastorali
878 4840 989 4894 ullo
1039 4843 1202 4896 modo
1243 4858 1545 4912 prasumas
1601 4842 1978 4908 intromittcrc,

380 4926 557 4982 donec
605 4940 636 4980 a
693 4927 982 4983 rebellione
1013 4945 1172 5000 quam
1203 4938 1388 4985 contra
1408 4930 1710 4986 Ecclesiam
1744 4930 1982 4984 Cantua-

381 5014 613 5069 riensem
644 5014 914 5086 incapisti
946 5017 1218 5084 discedas,
1246 5025 1298 5072 et
1327 5019 1376 5071 ei
1405 5019 1794 5087 subjectionem
1817 5033 1979 5088 quam

381 5110 754 5158 antecessores
820 5103 912 5171 tui,
988 5107 1224 5160 Thomas
1296 5106 1548 5161 videlicet
1614 5115 1665 5161 et
1722 5107 1981 5161 Girardus

381 5190 843 5262 archiepiscOpus,
902 5207 966 5247 ex
1015 5193 1231 5264 antiqua
1279 5201 1676 5249 antecessorum
1738 5208 1978 5248 consue-

2095 4227 2146 4273 et
2194 4220 2344 4274 diviti
2385 4228 2648 4288 apparatu
2679 4219 2996 4275 celebravit.
3038 4219 3139 4287 Qui
3173 4219 3453 4275 transactis
3473 4234 3696 4276 corona

2095 4325 2204 4363 sua
2234 4307 2598 4363 festivioribus
2633 4308 2842 4374 diebus,
2875 4309 3041 4378 coepit
3082 4324 3244 4379 agere
3277 4324 3398 4363 cum
3429 4309 3697 4380 episcopis

2096 4403 2149 4452 et
2177 4397 2329 4467 regni
2362 4396 2713 4466 principibus,
2747 4396 2876 4465 quid
2905 4404 3042 4451 esset
3080 4397 3351 4468 agendum
3400 4397 3469 4452 de
3495 4413 3694 4453 conse-

2094 4487 2330 4541 cratione
2360 4484 2515 4539 electi
2559 4485 2818 4539 Ecclesia
2859 4485 3209 4539 Eboracensi.
3263 4485 3344 4539 Ad
3385 4485 3530 4556 quod
3561 4485 3697 4540 reci-

2096 4579 2202 4628 tata
2255 4582 2334 4628 est
2372 4588 2553 4628 coram
2612 4589 2676 4628 eo
2725 4573 2974 4643 epistola,
3009 4589 3168 4642 quam
3221 4574 3474 4644 proxime
3534 4589 3698 4645 supra

2096 4663 2429 4732 scripsimus,
2476 4661 2578 4731 ipsi
2613 4661 2784 4716 electo
2817 4661 2886 4714 ab
2913 4661 3167 4715 Anselmo
3213 4661 3498 4728 destinata,
3533 4662 3699 4716 inter-

2093 4751 2325 4805 dicendo
2354 4750 2605 4805 videlicet
2637 4749 2716 4803 illi
2757 4749 3208 4816 benedictionem,
3263 4750 3308 4804 si
3356 4753 3532 4820 primo
3589 4765 3696 4806 non

2093 4840 2297 4894 faceret
2338 4837 2598 4893 Ecclesia
2647 4837 3020 4892 Cantuariensi
3074 4837 3491 4907 professionem.
3522 4837 3697 4906 Quam

2089 4927 2354 4982 Robertus
2405 4941 2587 4981 comes
2642 4927 2712 4981 de
2767 4926 3021 4981 Mellento
3077 4926 3177 4980 sibi
3250 4925 3566 4996 expositam
3621 4926 3698 4981 uti

2089 5014 2371 5082 intellexit,
2401 5014 2700 5069 sciscitatus
2731 5021 2811 5068 est
2839 5014 3089 5086 quisnam
3132 5014 3510 5086 episcoporum
3539 5030 3697 5069 eam-

2089 5104 2212 5158 dem
2243 5102 2528 5172 epistolam
2566 5102 2842 5173 suscipere
2871 5119 3033 5157 ausus
3079 5103 3240 5157 fuerit
3277 5111 3478 5174 prater
3504 5118 3699 5158 assen-

2089 5208 2207 5246 sum
2255 5200 2309 5245 et
2351 5191 2637 5263 imperium
2684 5190 2889 5247 domini
2916 5191 3097 5263 'regis.
3126 5194 3186 5247 In
3235 5207 3340 5264 qua
3383 5191 3694 5265 interroga-

1669 5343 2097 5400 HENSCHENII
2137 5343 2364 5400 NOTAE.

443 5467 523 5534 (α)
554 5464 770 5539 Mallem
798 5465 981 5539 legere
1010 5467 1237 5539 infuscat
1267 5483 1286 5522 .·
1315 5464 1447 5539 alias
1490 5482 1598 5522 non
1627 5475 1851 5539 apparet
1881 5484 1976 5523 cur

374 5537 726 5610 potueritab
772 5537 1043 5610 exercitio,
1070 5537 1388 5610 presbyterii
1436 5537 1714 5595 canonice
1739 5538 1974 5609 suscepti

371 5606 646 5675 prohiberi
669 5625 683 5662 ε
704 5607 935 5666 necdum
963 5606 1108 5666 enim
1131 5606 1250 5683 pro'
1263 5610 1570 5667 contumaci
1597 5606 1970 5665 damnabatur.

2157 5469 2226 5538 (ὁ)
2260 5468 2492 5534 Ulricus,
2527 5468 2641 5523 sive
2662 5466 2916 5534 Ulfricus,
2939 5475 3146 5526 creatus
3175 5466 3474 5525 cardinalis
3500 5468 3696 5526 dicitur

2082 5555 2223 5596 anno
2257 5543 2413 5607 1105,
2449 5548 2501 5595 et
2530 5538 2750 5597 natione
2776 5539 3008 5612 Anglus.
