4044 6074
348 283 449 345 481

1433 280 1766 346 ΙΙΙΞἹὈΒΙΑ
1795 279 2174 345 novorum.
2216 320 2288 330 —
2317 286 2442 345 LIB.
2473 282 2595 361 Iv.

3548 295 3652 360 (se
3676 290 3686 315 ‘

343 417 490 472 tione
518 413 761 487 episcopi
782 413 1123 470 advertentes
1149 414 1404 471 comitem
1435 414 1574 470 velle
1613 415 1940 470 calumniam
1971 417 2027 475 A
2055 414 2248 469 collata
2277 424 2765 487 corrumperentur,
2824 418 3215 489 scinderentur,
3277 427 3651 493 annibilaren-

342 519 582 573 movere,
616 521 723 576 qua
752 520 848 560 eos
877 504 1044 576 regiae
1076 504 1347 575 majestati
1399 504 1667 560 obnoxios
1722 505 1943 572 faceret,

342 594 535 648 remoti
583 607 616 647 a
671 592 1033 659 multitudine,
1095 593 1279 648 habito
1344 593 1592 662 consilio,
1651 601 1948 649 statuerunt

345 682 492 753 apud
517 698 577 737 se
605 682 717 736 suis
748 681 1017 745 omnibus,
1050 681 1093 736 si
1125 683 1270 753 regia
1333 683 1596 737 sententia
1654 684 1756 738 hoc
1804 684 1945 738 forte

348 770 562 827 comitis
589 770 845 827 instinctu
877 770 1119 838 dictaret,
1153 787 1210 825 se.
1240 771 1403 826 malle
1433 771 1722 840 despoliari
1779 786 1945 843 quam

340 859 409 914 iis
437 876 558 930 qua
604 860 891 915 Anselmus
948 860 1014 913 de.
1066 860 1320 929 praesenti
1381 859 1602 932 querela
1656 876 1942 931 praecepe-

334 957 420 1003 rat
455 964 562 1004 non
590 948 994 1018 obtemperare.
1062 949 1225 1003 Erant
1281 956 1461 1004 autem
1512 948 1585 1016 hi,
1642 949 1943 1006 Ricbardus

352 1037 769 1104 Lundoniensis,
799 1037 1145 1093 Willhelmus
1206 1037 1616 1105 Wintoniensis,
1678 1038 1945 1094 Robertus

342 1125 716 1194 Lincoliensis,
774 1125 1071 1180 Ilerbertus
1102 1125 1493 1194 Norwicensis,
1525 1126 1788 1198 Rogerius
1816 1126 1946 1182 Ser-

337 1213 623 1280 beriensis,
658 1214 977 1283 Radulpbus
1007 1214 1299 1283 Rotfensis,
1333 1214 1643 1271 Reinelmus
1680 1216 1941 1271 Herefor—

344 1302 547 1371 densis,
582 1302 849 1358 Robertus
877 1302 1196 1364 Cestrensis,
1253 1303 1490 1359 Joannes
1547 1303 1939 1371 Bathoniensis,

341 1390 605 1446 Radulfus
632 1390 1015 1459 Cicestrensis,
1047 1391 1396 1445 Willhelmus
1424 1391 1764 1447 Exoniensis.
1823 1393 1942 1448 Istis

339 1496 494 1552 ergo,
525 1478 735 1535 ﬁrmato
764 1479 1009 1547 consilio,
1052 1487 1106 1534 ut
1132 1479 1392 1545 diximus,
1432 1480 1574 1535 inter
1628 1496 1705 1549 se,
1766 1480 1942 1537 visum

340 1574 422 1623 est
449 1568 769 1624 Samsonem
801 1568 1232 1640 Wigornensem
1277 1568 1592 1639 episcOpum
1655 1584 1940 1626 accersrn-

341 1657 492 1725 dum,
516 1664 570 1713 et
596 1672 758 1729 quam
790 1656 858 1712 de
890 1657 1114 1727 negotio
1171 1657 1496 1712 sententiam
1553 1656 1720 1713 ferret
1776 1660 1936 1714 etiam

2054 510 2161 557 tur.
2195 505 2479 575 Acquievit
2502 505 2615 559 istis
2651 523 2765 574 rex,
2828 516 2880 562 et
2929 510 3089 578 jussit
3144 512 3390 581 ipsarum
3446 533 3658 589 quoque

2053 592 2255 661 scripta
2331 594 2728 663 auctoritatum,
2787 613 2912 667 qua
2966 599 3210 656 Ecclesia
3257 602 3658 663 Cantuariensis

2056 681 2306 747 habebat,
2335 682 2433 735 sub
2464 682 2733 738 celeritate
2763 684 2963 752 aﬂerri,
2998 687 3158 743 allata
3202 692 3438 748 recitari.
3498 696 3657 764 Quod

2052 768 2144 822 ubi
2171 769 2371 823 factum
2402 778 2499 839 est,
2532 772 2708 827 intulit
2740 790 2754 829 :
2792 799 2815 819 κ
2853 775 2995 843 Quid
3050 780 3285 848 amplius
3338 785 3597 853 quaritur
3625 786 3653 838 εἰ

2049 858 2425 927 Auctoritates,
2497 860 2787 933 privilegia
2841 865 3153 933 apostolica
3209 870 3353 924 sedis
3416 877 3471 927 et
3536 894 3659 947 qua

2050 945 2105 999 in
2131 947 2419 1017 praesentia
2447 949 2616 1017 patris
2636 957 2688 1004 et
2754 952 2940 1006 matris
2986 970 3141 1021 mea,
3202 958 3301 1013 sub
3351 945 3655 1020 testimonio

2050 1034 2541 1092 etconfirmatione
2572 1038 2969 1110 episcoporum,
3021 1043 3298 1115 abbatum,
3361 1056 3413 1105 et
3465 1066 3656 1122 proce-

2049 1138 2167 1177 rum
2199 1124 2354 1196 regni
2383 1122 2601 1182 definita
2631 1136 2755 1183 sunt
2785 1137 2841 1183 ut
2869 1133 3023 1203 quasi
3051 1132 3120 1187 de
3150 1134 3381 1203 epistola
3396 1140 3649 1199 Anselmi

2048 1212 2262 1282 penitus
2291 1221 2552 1284 taceatur,
2584 1231 2688 1287 ego
2715 1217 2768 1271 in
2799 1220 3152 1290 quastionem
3208 1225 3499 1299 mitterem,
3550 1246 3654 1303 ego

2049 1300 2209 1355 novis
2237 1302 2561 1375 ambagibus
2584 1305 2777 1377 agitari
2834 1309 3203 1376 permitterem
3259 1314 3286 1368 τ
3343 1315 3459 1371 Imo
3515 1300 3653 1375 sciat

2048 1386 2288 1444 Thomas
2315 1406 2371 1445 se
2402 1399 2494 1446 aut
2521 1392 2917 1464 subjectionem
2949 1406 3002 1453 et
3046 1398 3412 1457 obedientiam
3461 1405 3654 1463 Eccle-

2048 1476 2144 1531 sia
2175 1477 2546 1535 Cantuariensi
2577 1483 2800 1554 ejusque
2829 1486 3163 1557 primatibus,
3196 1497 3252 1544 ut
3281 1499 3655 1554 antecessores

2045 1564 2126 1618 sui
2157 1565 2383 1635 professi
2430 1577 2572 1637 sunt,
2604 1570 2974 1641 professurum
3017 1582 3108 1629 aut
3135 1578 3633 1653 archiepiscopatui

2048 1654 2376 1710 Eboracensi
2407 1672 2474 1712 ex
2503 1665 2615 1714 toto
2645 1675 2942 1715 cessurum.
2968 1663 3145 1735 Eligat
3169 1681 3304 1739 ergo
3335 1670 3480 1738 quod
3507 1672 3639 1726 vult.

339 1760 458 1817 ipse
520 1744 965 1816 perquirendum,
1041 1746 1260 1800 Factum
1317 1753 1424 1814 est,
1474 1753 1529 1802 et
1582 1746 1864 1818 respondit
1922 1767 1935 1803 ε
1977 1768 2032 1827 Β
2064 1741 2434 1799 Consideratis
2479 1745 2659 1818 itaque
2725 1749 2961 1804 Thomas
3015 1754 3419 1811 auctoritatibus
3464 1760 3658 1830 quibus

345 1857 369 1883 ι
405 1834 549 1889 Licet
613 1835 755 1889 hunc
827 1833 918 1904 qui
982 1834 1037 1889 in
1104 1833 1473 1904 pontificatum
1546 1836 1945 1893 Eboracensem

340 1923 541 1978 electus
569 1930 667 1989 est,
692 1922 822 1978 olim
854 1939 922 1977 ex
951 1923 1185 1995 conjuge
1217 1922 1387 1979 ﬁlium
1416 1926 1764 1996 susceperim,
1789 1927 1945 1996 eique

334 2012 489 2082 juxta
518 2011 775 2068 saculum
806 2020 859 2067 et
888 2012 1064 2066 carnis
1094 2019 1340 2067 naturam
1387 2015 1610 2069 honoris
1639 2030 1702 2069 ac
1757 2014 1945 2087 digni-

340 2099 464 2155 tatis
484 2100 758 2171 profectus
783 2101 872 2170 jus
892 2100 1206 2171 aquissime
1228 2100 1476 2171 debeam,
1503 2103 1672 2158 multo
1712 2104 1945 2160 maxime

340 2196 523 2245 tamen
549 2188 604 2245 id
634 2189 789 2244 matri
821 2206 956 2245 mea
1010 2189 1264 2245 Ecclesia
1321 2190 1688 2247 Cantuariensi
1746 2192 1942 2259 debeo,

341 2296 463 2350 qua
490 2294 578 2335 me
602 2278 657 2334 in
688 2296 833 2347 eum,
865 2279 919 2333 in
950 2295 1057 2351 quo
1086 2296 1229 2347 sum,
1261 2282 1524 2335 honorem
1556 2282 1822 2351 provexit,
1894 2289 1948 2337 et

340 2368 533 2440 gratia
562 2384 725 2441 quam
756 2384 788 2423 a
818 2366 1038 2424 Christo
1076 2369 1312 2424 Domino
1344 2370 1537 2425 meruit
1566 2386 1654 2427 me
1682 2388 1780 2440 per
1802 2386 1944 2442 pon-

342 2454 540 2511 tiﬁcale
586 2457 944 2513 ministerium
999 2456 1324 2528 participem
1383 2458 1528 2514 fecit.
1604 2458 1950 2529 Quapropter

342 2553 532 2601 notum
563 2544 816 2602 omnibus
842 2561 967 2602 esse
996 2545 1121 2601 volo
1151 2562 1238 2602 me
1269 2554 1322 2602 et
1349 2545 1539 2602 litteris
1570 2548 1749 2603 Patris
1779 2548 1947 2604 nostri

340 2633 583 2690 Anselmi
616 2634 684 2689 de
711 2650 873 2690 causa
900 2650 1017 2705 qua
1050 2651 1192 2689 nunc
1212 2635 1352 2690 inter
1404 2651 1503 2690 nos
1557 2636 1737 2708 agitur
1791 2637 1949 2693 factis

343 2721 522 2777 modis
546 2723 800 2778 omnibus
820 2723 1184 2792 obediturum,
1217 2739 1314 2779 nec
1368 2740 1607 2797 unquam
1663 2739 1949 2781 assensum

344 2809 716 2882 praebiturum,
750 2818 808 2867 ut
837 2811 883 2865 is
930 2811 1019 2881 qui
1074 2812 1274 2867 electus
1331 2821 1410 2868 est
1457 2813 1513 2868 in
1569 2814 1948 2886 episcopatum

344 2898 743 2955 Eboracensem
800 2899 1143 2970 aliquatenus
1200 2910 1561 2970 consecretur,
1639 2902 1815 2960 donec
1882 2904 1950 2958 de

343 2987 677 3058 subjectione
704 3002 808 3043 sua
838 2987 1091 3044 Ecclesia
1142 2988 1512 3046 Cantuariensi
1570 2990 1809 3046 debitam
1899 3000 1951 3047 et

345 3073 664 3129 canonicam
693 3073 1058 3130 obedientiam
1086 3074 1425 3145 profiteatur.
1463 3078 1585 3147 Ipse
1615 3078 1754 3132 enim
1806 3094 1949 3148 pra-

345 3178 470 3218 sens
496 3160 574 3216 fui
604 3162 817 3232 quando
854 3162 1024 3218 frater
1053 3179 1205 3219 meus
1236 3165 1471 3219 Thomas
1519 3166 1955 3236 archiepiscopus

346 3250 711 3307 Eboracensis
785 3259 895 3307 tum
968 3251 1207 3323 antiquis
1276 3253 1783 3322 consuetudinibus,
1841 3263 1953 3310 tum

366 3339 766 3395 invincibilibus
793 3340 1209 3412 allegationibus
1246 3349 1423 3410 actus,
1456 3343 1705 3397 eamdem
1735 3343 1952 3412 profes-

361 3428 569 3485 sionem
624 3428 927 3484 Lanfranco
976 3430 1382 3500 archiepiscopo
1440 3430 1844 3498 Cantuariensi,
1903 3442 1955 3487 et

353 3516 564 3573 cunctis
594 3516 711 3586 ejus
738 3517 1141 3572 successoribus
1170 3517 1316 3573 fecit.
1376 3542 1399 3566 η
1434 3519 1527 3573 llis
1583 3519 1764 3586 dictis,
1804 3520 1953 3576 illico

349 3605 508 3660 simul
530 3621 719 3661 omnes
740 3605 981 3677 episcOpi
1004 3606 1073 3661 ad
1093 3621 1274 3678 regem
1300 3608 1499 3662 reversi
1520 3617 1662 3677 sunt,
1690 3617 1951 3664 constan-
1995 3670 1998 3673 ,

352 3702 431 3749 ter
458 3702 511 3749 et
540 3692 745 3750 litteras
774 3710 933 3766 super
963 3694 1159 3771 quibus
1208 3711 1391 3750 comes
1422 3697 1727 3754 sciscitatus
1756 3698 1950 3768 fuerat,

350 3799 408 3838 se
434 3783 750 3854 suscepisse,
784 3786 837 3838 et
867 3791 1055 3839 contra
1076 3799 1168 3838 eas
1197 3784 1344 3838 nulla
1376 3786 1581 3840 ratione
1656 3786 1953 3858 quidquam

354 3879 567 3927 acturos
586 3879 901 3927 asserentes.
936 3872 1012 3926 Ad
1046 3889 1187 3943 qua,
1220 3889 1340 3928 cum
1372 3873 1517 3928 idem
1552 3890 1735 3929 comes
1792 3883 1956 3947 caput

354 3960 605 4031 agitaret,
640 3967 921 4015 autumans
943 3960 1061 4030 jam
1092 3961 1148 4014 in
1177 3960 1302 4017 illos
1358 3961 1507 4032 quasi
1538 3962 1604 4017 de
1643 3971 1955 4035 contemptu

355 4050 502 4121 regis
530 4049 753 4104 crimem
785 4049 1153 4118 injiciendum,
1185 4049 1317 4104 dixit
1346 4066 1445 4106 rex
1482 4068 1494 4104 :
1534 4071 1555 4102 ι
1592 4050 1869 4124 Quidquid
1904 4054 1956 4108 in

351 4136 417 4191 iis
446 4136 681 4193 aliorum
703 4138 965 4194 sententia
995 4136 1152 4205 ferat,
1185 4138 1252 4193 de
1281 4154 1370 4194 me
1398 4146 1601 4195 constat
1651 4141 1776 4211 quia
1831 4157 1955 4198 cum

1984 3124 2033 3187 C

2059 1830 2364 1887 Ecclesiam
2422 1835 2885 1893 Dorobernensem
2951 1840 3047 1894 niti
3122 1846 3178 1898 et
3260 1844 3661 1904 circumvallari

2052 1919 2290 1989 videbat,
2325 1924 2522 1992 spretis
2552 1924 2763 1981 clericis
2795 1928 2905 1982 suis
2933 1945 3161 1999 quorum
3192 1948 3249 1988 se
3279 1935 3507 1991 consilio
3534 1954 3656 1994 cre-

2054 2006 2255 2063 didisse
2287 2025 2407 2065 sero
2447 2011 2688 2079 dolebat,
2739 2031 2803 2071 se
2862 2025 3045 2072 contra
3099 2018 3247 2091 ipsas
3305 2025 3660 2081 auctoritates

2055 2095 2200 2152 nolle
2259 2106 2426 2164 stare,
2499 2101 2593 2156 sed
2677 2118 2884 2160 morem
2959 2115 3364 2165 antecessorum
3438 2130 3658 2169 suorum

2055 2186 2354 2273 sequendo,
2378 2196 2429 2242 et
2458 2188 2587 2260 ipsis
2615 2193 2958 2263 acquiescere
3013 2205 3065 2250 et
3134 2198 3425 2257 Ecclesiam
3484 2201 3657 2273 ipsam

2057 2269 2317 2340 deinceps
2357 2288 2570 2342 semper
2616 2275 2842 2349 diligere
2899 2280 3037 2335 velle
3093 2282 3231 2338 dixit
3277 2292 3330 2340 et
3368 2269 3656 2344 bono-rare.

2058 2359 2316 2430 Praecepit
2345 2359 2511 2431 igitur
2539 2379 2636 2419 rex
2668 2373 2723 2419 ut
2747 2367 3013 2436 professio
3044 2386 3206 2440 quam
3260 2373 3498 2430 Thomas
3543 2384 3659 2433 erat

2057 2448 2298 2503 facturus
2328 2448 2381 2503 in
2413 2450 2495 2505 sui
2534 2454 2820 2522 prasentia
2876 2456 3190 2527 dietaretur,
3249 2462 3574 2520 scriberetur
3640 2483 3654 2528 ;

2058 2535 2329 2608 sigiloque
2376 2555 2471 2595 suo
2500 2540 2829 2612 charactere,
2874 2553 2929 2600 ut
2986 2556 3198 2616 vocant,
3254 2550 3486 2608 rotundo
3532 2561 3649 2609 erat

2056 2625 2437 2696 imprimenda,
2470 2645 2538 2683 ne
2567 2631 2693 2700 quid
2725 2632 2779 2686 in
2826 2650 2891 2689 ea
2940 2637 3130 2705 quovis
3168 2639 3466 2707 molimine,
3512 2650 3658 2697 ante-

2058 2730 2220 2785 quam
2249 2730 2367 2770 eam
2424 2715 2730 2786 proﬁtendo
2787 2722 3022 2778 Thomas
3077 2725 3284 2798 legeret
3337 2736 3655 2800 mutaretur,

2059 2812 2370 2858 servaretur
2399 2804 2627 2863 inclusa.
2664 2830 2686 2856 ιι
2714 2808 2873 2877 Quod
2902 2820 2955 2866 et
2986 2813 3184 2868 factum
3211 2823 3314 2872 est.

2131 2891 2417 2949 Dominica
2446 2910 2576 2967 ergo
2607 2896 2694 2951 die
2715 2914 2839 2969 qua
2870 2897 2967 2955 fuit
2994 2918 3027 2957 v
3056 2901 3178 2957 Kal.
3215 2905 3436 2973 (atJulii
3468 2921 3658 2963 conve-

2057 2989 2268 3049 nerunt,
2288 2982 2515 3051 jubente
2544 2999 2691 3056 rege,
2727 2986 3021 3044 Richardus
3042 2990 3456 3060 Lundoniensis,
3504 2994 3654 3050 Wil-

2062 3069 2294 3123 lhelmus
2320 3071 2733 3140 Wintoniensis,
2768 3075 3085 3147 Radulphus
3104 3079 3391 3152 Roﬂ'ensis,
3413 3082 3657 3139 Herber-

2064 3164 2148 3211 tus
2172 3158 2557 3227 Norwicensis,
2582 3161 2902 3234 Radulphus
2931 3167 3301 3238 Cicestrensis,
3334 3170 3656 3242 Ranulphus

2062 3246 2463 3315 Dunelmensis,
2510 3256 2563 3303 et
2610 3250 2852 3307 Iierveus
2910 3254 3305 3326 Pangornensis
3333 3259 3572 3330 episcopi
3603 3262 3659 3316 in

2062 3334 2293 3389 ecclesia
2343 3335 2483 3390 beati
2527 3338 2675 3392 Pauli
2733 3339 3029 3397 Lundonia
3087 3360 3188 3414 pro
3253 3348 3660 3403 consecratione

2063 3423 2301 3479 Thema.
2336 3426 2487 3480 Inter
2513 3426 2728 3481 solitam
2759 3444 2891 3499 ergo
2911 3431 3394 3501 examinationem,
3416 3452 3514 3491 suo
3536 3435 3658 3495 loco

2068 3511 2467 3580 professionem
2501 3514 2568 3569 de
2598 3514 2933 3586 subjectione
2997 3528 3045 3574 et
3097 3521 3407 3578 obedientia
3460 3533 3661 3581 sancta

2061 3599 2318 3656 Ecclesia
2346 3602 2747 3659 Dorobernensi
2776 3607 3082 3664 exhibenda
3112 3610 3412 3669 Richardus
3452 3613 3662 3675 Lunda-

2062 3690 2264 3744 niensis
2292 3690 2596 3762 episcopus,
2631 3694 2720 3764 qui
2749 3695 3016 3753 Thomam
3058 3708 3172 3755 erat
3226 3710 3553 3771 sacratarus,
3595 3703 3663 3759 ab

2060 3777 2155 3833 illo
2176 3779 2365 3851 exigit.
2400 3780 2667 3837 Professio
2697 3783 2886 3856 igitur,
2913 3786 3051 3843 sicut
3094 3796 3208 3844 erat
3237 3791 3498 3864 sigillata,
3553 3792 3657 3848 sibi

2062 3882 2246 3922 coram
2279 3869 2528 3924 omnibus
2554 3870 2738 3926 oblata
2768 3882 2871 3939 est,
2912 3874 3194 3947 fractoque
3235 3880 3417 3953 sigillo
3447 3881 3664 3938 evoluta

2061 3964 2111 4011 et
2133 3955 2271 4011 lecta
2290 3958 2359 4012 ab
2381 3973 2446 4013 eo
2471 3962 2554 4014 est
2583 3960 2656 4014 ita
2697 3977 2709 4014 :
2756 3983 2779 4010 α
2836 3963 2959 4034 Ego
3013 3966 3250 4022 Thomas
3306 3969 3662 4026 Eboracensis

2063 4044 2319 4100 Ecclesia
2339 4048 2734 4104 consecrandus
2754 4054 3219 4121 metropolitanus,
3249 4055 3511 4126 proﬁteor
3538 4059 3663 4114 sub—

2055 4132 2352 4201 jectionem
2383 4144 2436 4189 et
2460 4136 2778 4192 canonicam
2808 4138 3176 4196 obedientiam
3223 4152 3426 4202 sancta
3478 4146 3664 4204 Doro-

352 4225 627 4296 episcOpis
652 4225 844 4292 sentio,
878 4242 977 4282 nec
1005 4226 1089 4282 vel
1131 4226 1201 4282 ad
1223 4228 1410 4283 horam
1444 4227 1950 4286 excommunicatio-

2061 4219 2314 4275 bernensi
2344 4221 2624 4293 Ecclesia,
2656 4233 2707 4279 et
2737 4227 2982 4296 ejusdem
3013 4228 3269 4285 Ecclesia
3306 4233 3522 4301 primati
3566 4250 3665 4290 ca-

350 4330 471 4369 nem
503 4314 739 4369 Anselmi
771 4314 1056 4386 subjacere
1086 4316 1423 4385 aliquatenus
1453 4317 1597 4373 volo.
1667 4342 1687 4365 ι
1750 4316 1958 4386 Quibus

347 4402 562 4470 auditis,
613 4402 786 4475 gavisi
833 4407 958 4458 sunt
1029 4419 1234 4459 omnes.
1311 4404 1377 4459 Et
1435 4414 1661 4477 agentes
1721 4406 1956 4463 Domino

2063 4309 2253 4365 nonice
2274 4311 2445 4367 electo
2492 4320 2545 4367 et
2584 4322 2920 4379 consecrato,
2984 4325 3038 4372 et
3091 4319 3492 4375 successoribus
3546 4320 3668 4379 suis

2062 4399 2321 4455 canonice
2370 4401 2739 4458 inthronizatis
2807 4404 2959 4461 salva
2999 4404 3251 4461 ﬁdelitate
3305 4407 3511 4464 domini
3560 4410 3667 4468 mei

349 4495 533 4564 grates
560 4492 769 4562 pariter
797 4491 1270 4549 conclamaverunt
1294 4492 1609 4549 Anselmum
1640 4494 1852 4565 adesse,
1894 4504 1950 4552 et
1978 4484 2028 4543 D
2060 4487 2203 4559 regis
2246 4488 2465 4544 Henrici
2527 4489 2853 4563 Anglorum,
2916 4502 2969 4549 et
3013 4493 3165 4550 salva
3221 4494 3534 4553 obedientia
3597 4511 3665 4554 ex

349 4595 516 4652 quam
545 4595 654 4637 non
681 4588 895 4650 poterat
923 4581 978 4635 in
1015 4597 1241 4653 corpore
1297 4582 1523 4654 degens,
1576 4581 1691 4651 jam
1751 4582 1954 4639 mundo

355 4668 637 4724 absentem
707 4684 925 4724 causam
1022 4670 1281 4726 Ecclesia
1353 4688 1466 4725 sua
1542 4671 1949 4728 determinasse.

350 4756 560 4813 Deinde
588 4754 644 4812 in
674 4757 928 4813 laudibus
957 4758 1143 4814 eximii
1171 4758 1439 4829 principis
1469 4760 1811 4816 demoratum
1850 4768 1952 4831 est,

354 4860 417 4902 ac
440 4848 503 4900 ut
527 4846 646 4917 ipse
702 4844 1025 4918 dignitatem
1076 4846 1342 4917 primatus
1400 4847 1658 4904 Ecclesia
1715 4847 1954 4904 Cantua-

352 4931 551 4989 riensis
603 4933 877 4989 humiliari
960 4951 991 4990 a
1040 4935 1188 4991 nullo
1247 4936 1581 5005 permitteret
1634 4936 1952 5007 postulatus,

355 5021 623 5093 siquidem
653 5022 709 5078 in
728 5022 854 5092 hoc,
888 5023 1092 5091 dicunt,
1151 5024 1568 5081 consuetudines
1623 5022 1859 5095 antiqua
1905 5032 1958 5081 et

354 5123 539 5167 earum
566 5109 1020 5178 confirmationes,
1055 5112 1433 5184 astipulatione
1456 5112 1616 5170 totius
1644 5113 1799 5185 regni
1856 5112 1956 5168 sub

352 5214 557 5273 magno
585 5215 718 5274 rege
746 5198 1067 5258 Willhelmo
1097 5200 1278 5273 facta,
1305 5217 1474 5257 necne
1502 5198 1788 5275 privilegia
1837 5217 1958 5273 qua

354 5285 437 5346 bis
464 5289 647 5364 priora
671 5289 906 5346 existunt
932 5286 1002 5346 ab
1032 5286 1331 5365 apostolica
1360 5288 1491 5347 sede
1542 5289 1646 5364 ipsi
1698 5288 1958 5348 Ecclesia

2063 4584 2219 4646 parte
2279 4592 2402 4632 mea
2467 4578 2718 4646 tenenda,
2806 4596 2972 4650 quam
3045 4582 3278 4639 Thomas
3364 4592 3672 4644 antecessor

2063 4681 2214 4720 meus
2234 4674 2434 4722 sancta
2463 4665 2722 4724 Romana
2752 4668 3006 4726 Ecclesiae
3035 4687 3102 4727 ex
3142 4682 3298 4744 parte
3317 4690 3417 4730 sua
3442 4671 3661 4747 profes-

2062 4770 2157 4809 sus
2183 4760 2287 4808 est.
2330 4776 2352 4803 υ

2134 4843 2393 4898 Intererat
2408 4842 2533 4899 huic
2553 4839 2728 4902 otiicio
2756 4843 2908 4917 prior
2952 4845 3213 4909 Ecclesia
3236 4848 3671 4913 Dorobernensis

2065 4929 2372 5003 (Conradus
2419 4932 2663 5006 nomine)
2704 4942 2759 4990 et
2814 4952 2882 4992 ex
2938 4939 3218 4996 monachis
3267 4941 3513 5014 ejusdem
3561 4945 3666 5003 loci

2068 5020 2451 5091 quamplures;
2485 5023 2576 5092 qui
2633 5038 2737 5093 pro
2773 5023 2877 5081 hoc
2928 5027 3068 5098 ipso,
3127 5028 3385 5100 quoniam
3440 5048 3528 5091 res
3576 5048 3670 5093 eos

2067 5108 2299 5165 maxime
2328 5108 2676 5182 respiciebat,
2710 5111 2804 5169 illo
2833 5125 3217 5174 convenerant.
3250 5117 3469 5177 Lectam
3487 5123 3670 5195 itaque

2066 5194 2470 5269 professionem
2488 5215 2611 5255 cum
2643 5216 2675 5256 a
2705 5200 2914 5260 Thema
2954 5202 3056 5260 sibi
3089 5206 3328 5263 oblatam
3357 5194 3663 5269 Richardus

2069 5286 2288 5344 antistes
2332 5283 2728 5346 Lundoniensis
2810 5293 3128 5367 accepisset,
3210 5312 3331 5353 eam
3383 5300 3662 5361 nominato

1659 5463 2090 5526 HENSCHENII
2127 5461 2358 5525 NOTE.

438 5587 517 5667 (α)
548 5590 683 5652 Erat
710 5606 996 5670 perperam
1026 5604 1284 5655 etcusum
1315 5611 1369 5656 tv
1396 5592 1519 5655 Kal.
1543 5595 1684 5655 Julii
1706 5611 1801 5671 qui
1832 5604 1974 5652 anno
2003 5593 2144 5653 1109
2168 5592 2346 5651 littera
2371 5590 2660 5651 Dominica
2688 5593 2730 5652 C
2757 5588 2947 5652 incidit
2975 5591 3030 5652 in
3061 5591 3250 5655 feriam
3269 5594 3583 5660 secundam.
