3996 6084
424 270 524 328 483

409 396 577 472 priori
606 402 661 451 et
687 390 938 447 fratribus
966 382 1200 450 tradidit,
1231 380 1416 472 dicens
1448 396 1460 431 :
1514 400 1535 425 α

419 466 473 545 et
503 483 709 543 domini
738 479 864 545 mei,
903 479 958 532 in
1005 470 1365 529 testimonium
1414 466 1750 522 auctoritatis
1813 473 2013 520 vestrae

418 574 673 633 Ecclesia
716 566 997 635 suscipite,
1030 571 1082 616 et
1109 561 1283 631 ipsam
1311 556 1471 612 vobis
1529 556 1730 611 factam
1788 552 1842 607 in
1890 568 2013 607 me-

421 665 650 722 moriam
678 652 1004 729 posteritatis
1034 658 1265 705 servate.
1305 671 1326 695 n
1375 644 1584 701 Deinde
1640 659 1672 697 a
1727 641 2016 711 Radulpho

420 748 738 810 Cicestrensi
790 743 1044 815 episcOpo
1092 738 1294 792 dictum
1352 735 1406 788 in
1451 732 1653 804 papulo
1709 739 1788 785 est
1841 730 2015 800 ipsam

420 835 885 898 consecrationem
925 845 992 885 ex
1039 835 1188 883 recto
1244 833 1295 878 et
1351 822 1577 891 antiqua
1626 818 2017 876 consuetudine

418 930 617 985 debere
646 923 759 979 ﬁeri
785 916 1122 977 Cantuarim.
1150 914 1218 968 Et
1239 912 1439 982 adjecit
1485 928 1496 963 :
1554 931 1575 956 α
1640 909 1836 964 Verum
1893 906 2015 976 quia

415 1021 537 1089 ipsa
564 1013 775 1077 civitas,
808 1008 1060 1063 defuncto
1093 1006 1253 1059 Patre
1303 1008 1490 1055 nostro
1548 998 1823 1063 Anselmo,
1875 1012 2017 1089 nunc

418 1084 635 1177 quidem
667 1096 919 1172 pontiﬁce
940 1102 1103 1159 caret,
1135 1092 1305 1147 visum
1338 1088 1457 1160 regi
1495 1088 1825 1177 sacratisque
1862 1084 2015 1177 ordi-

410 1172 569 1251 nibus
586 1188 741 1263 regni
770 1193 853 1243 est
880 1193 1038 1254 atque
1068 1179 1424 1253 principibus,
1458 1193 1579 1232 eam
1611 1176 1701 1229 hic
1730 1183 1891 1263 atque
1948 1172 2018 1227 ab

411 1285 572 1352 hujus
598 1262 744 1335 sedis
774 1275 1031 1344 episcopo
1053 1285 1165 1341 prae
1195 1268 1316 1323 aliis
1344 1265 1686 1337 potissimum
1728 1262 2016 1317 celebran-

418 1374 565 1436 dam,
595 1384 661 1424 eo
690 1364 906 1431 intuitu,
940 1376 1006 1415 ea
1061 1358 1267 1413 ratione
1324 1354 1469 1427 quod
1527 1353 1815 1425 episcopus
1868 1352 2017 1405 Lun-

415 1457 693 1516 doniensis
725 1454 863 1507 inter
885 1449 1022 1505 alios
1045 1446 1332 1518 episcopos
1362 1450 1443 1499 est
1472 1442 1712 1498 decanus
1759 1440 2016 1495 Ecclesiae

418 1541 845 1609 Cantuariensis,
878 1547 931 1594 et
960 1538 1083 1592 ideo
1099 1530 1325 1607 speciali
1351 1531 1587 1604 quadam
1615 1528 1878 1602 dignitate
1907 1544 2019 1584 cte-

420 1636 548 1694 teris
594 1628 1021 1703 anteponendus.
1088 1648 1109 1673 n
1162 1624 1241 1678 Ita
1300 1637 1434 1692 ergo
1517 1619 1573 1675 in
1647 1619 2017 1690 episcopatum

416 1726 823 1782 Eboracensem
852 1717 1094 1772 Thomas
1122 1717 1466 1769 consecratus
1495 1717 1597 1777 est,
1630 1707 1931 1778 suscipiens
1980 1722 2011 1759 a
2038 1733 2092 1795 Β

415 1813 660 1870 ministro
708 1806 854 1879 quod
911 1802 1185 1873 suscipere
1238 1799 1557 1855 detrectavit
1621 1812 1653 1852 a
1731 1796 2015 1869 magistro_

413 1905 554 1959 Dum
585 1915 718 1972 ergo
751 1890 1157 1964 vitze'praasenti
1188 1888 1456 1961 superfuit
1484 1888 1584 1957 (α),
1609 1886 1888 1957 ρωιιίιιιάο
1911 1884 2017 1937 hu-

407 1994 498 2064 jus
528 1989 656 2045 facti
688 1986 757 2041 ab
785 1984 965 2039 animo
988 1982 1102 2050 ejus
1136 1996 1244 2035 non
1305 1977 1544 2043 recessit,
1606 1991 1663 2029 se
1722 1973 2015 2039 infelicem,

416 2096 517 2136 nec
541 2077 676 2135 tanti
708 2074 877 2130 Patris
908 2068 1287 2127 benedictione
1316 2067 1543 2139 dignum
1575 2064 1739 2119 fuisse
1771 2078 2015 2134 pronun-

417 2178 716 2326 tu"ﬁnibus
764 2249 1013 2325 peractis,
1090 2246 1347 2318 praefatus
1419 2242 1678 2300 Ecclesiae
1760 2243 2021 2297 Romana:

415 2344 725 2412 cardinalis,
786 2341 968 2396 audito
1015 2354 1144 2409 rege
1218 2334 1487 2405 curiaequc
1543 2333 1693 2402 regis
1777 2330 2018 2396 consilio,

412 2435 635 2509 pallium
676 2431 820 2505 quod
843 2426 1129 2492 detulerat,
1171 2424 1475 2480 Eboracum
1527 2420 1735 2489 detulit,
1798 2420 2022 2509 ipsoque

413 2508 727 2597 pontiﬁcem
758 2520 883 2591 ejus
908 2513 1200 2581 investivit,
1248 2514 1431 2584 sicque
1489 2511 1716 2567 Romam
1760 2508 2023 2564 redeundi

420 2615 519 2670 iter
547 2611 774 2682 repetiit.

485 2704 628 2756 Inter
659 2700 776 2754 haec
804 2698 1048 2752 Herveus
1068 2692 1357 2762 episcopus
1385 2686 1813 2761 Pangornensis,
1869 2687 2023 2756 cujus

416 2806 579 2861 supra
608 2786 974 2851 meminimus,
1006 2782 1075 2836 ab
1105 2779 1348 2835 Ecclesia
1369 2794 1485 2847 sua,
1511 2792 1673 2847 quam
1702 2775 1835 2831 olim
1864 2774 2020 2828 dimi-

414 2886 577 2943 serat,
627 2875 842 2947 penitus
885 2869 1171 2926 translatus
1230 2875 1330 2936 est,
1381 2874 1432 2922 et
1496 2880 1638 2920 novo
1683 2864 2018 2934 episcopatu,

432 2982 593 3038 quem
624 2979 721 3020 rex
745 2971 797 3019 et
825 2960 1107 3033 principes
1136 2956 1339 3012 dudum
1394 2955 1447 3009 in
1502 2953 1622 3010 Heli
1653 2950 2018 3019 statuendum,

440 3063 567 3109 uxta
598 3050 921 3107 mentionem
952 3047 1079 3102 inde
1109 3043 1360 3116 superius
1390 3042 1613 3108 factam,
1662 3041 2019 3095 decreverant

417 3141 833 3199 intbronizatus.
866 3135 1024 3208 Quod
1055 3134 1283 3205 quidem
1331 3139 1389 3187 ut
1418 3130 1644 3202 adipisci
1701 3136 2016 3195 mereretur,

410 3232 579 3288 multa
607 3245 790 3302 prece,
822 3225 1010 3282 multis
1027 3222 1319 3279 multarum
1346 3235 1525 3276 rerum
1546 3218 2018 3290 promissionibus,

408 3322 703 3378 multorum
759 3330 978 3391 quoque
1038 3311 1339 3369 ofﬁciorum
1394 3307 1835 3374 exhibitionibus,
1927 3307 2022 3360 vix

415 3421 539 3485 post
561 3409 771 3466 obitum
795 3401 1152 3462 strenuissimi
1182 3399 1351 3456 Patris
1378 3397 1617 3453 Anselmi
1649 3395 1896 3452 obtinere
1924 3411 2021 3466 po-

418 3504 488 3559 tis
516 3501 634 3556 fuit.

490 3591 614 3660 Ipso
643 3600 788 3643 anno
818 3581 1074 3654 apparuit
1113 3578 1286 3646 stella,
1320 3591 1484 3648 quam
1504 3583 1770 3631 cometam
1819 3589 2017 3645 quam-

411 3676 636 3752 plurimi
665 3672 1038 3729 nominabant.
1070 3668 1195 3723 Visa
1224 3670 1308 3721 est
1338 3669 1518 3720 autem
1549 3665 1603 3717 in
1663 3678 1847 3717 mense
1902 3663 2018 3752 De-

414 3751 619 3822 cembri
652 3763 795 3819 circa
826 3760 1060 3815 lacteum
1091 3755 1371 3822 circulum,
1404 3753 1605 3807 crinem
1629 3752 1683 3806 in
1722 3751 2015 3806 australem

411 3853 537 3912 οωΙί
556 3852 795 3925 dirigens
824 3849 1063 3921 plagam,

482 3944 542 3998 In
571 3937 923 4012 subsequenti
949 3934 1238 3992 Nalivitate
1267 3931 1491 3987 Domini
1521 3928 1738 3997 Christi,
1784 3945 2012 4002 regnum

409 4032 620 4106 Anglia:
652 4029 722 4086 ad
752 4027 955 4085 curiam
986 4024 1133 4096 regis
1163 4021 1463 4077 Lundoniae
1493 4036 1596 4091 pro
1631 4035 1785 4075 more
1806 4034 2011 4075 conve-

407 4124 507 4191 nit,
540 4130 592 4177 et
621 4133 821 4191 magna
850 4112 1161 4171 solemnitas
1206 4110 1387 4166 habita
1419 4114 1502 4165 est
1534 4117 1694 4179 atque
1739 4107 2005 4162 sublimis.

404 4213 529 4285 Ipsa
559 4209 647 4265 die
674 4205 1115 4275 archiepiseOpus
1145 4200 1508 4256 Eboracensis
1537 4214 1593 4253 se
1624 4198 1746 4253 loco
1794 4198 2008 4267 prima-

408 4303 475 4357 tis
503 4294 903 4356 Cantuariensis
922 4308 1108 4366 regem
1138 4297 1518 4348 coronaturum
1549 4294 1600 4341 et
1629 4286 1845 4341 missam
1876 4301 2007 4358 Spe-

402 4403 533 4447 rans
576 4385 979 4446 celebraturum
1027 4379 1097 4436 ad
1152 4379 1207 4434 id
1253 4376 1473 4433 omnino
1529 4383 1778 4447 paratum
1835 4381 2008 4431 semet

1454 244 1763 305 EADMERI
1794 246 2340 307 CANTUARIENSIS
2367 248 2683 308 MONACHI

2048 3088 2099 3152 C

3627 250 3741 314 Ast

1590 377 1762 442 Hanc,
1813 375 2002 431 fratres
2027 377 2085 438 A
2112 374 2349 429 decanus
2378 376 2636 431 Ecclesiae
2685 377 3109 446 Cantuariensis,
3169 385 3243 445 et,
3276 379 3410 435 item
3445 381 3606 451 juxta
3640 383 3739 436 in-

2120 464 2450 519 stitutionem
2478 465 2622 520 beati
2652 467 2900 538 Gregorii
2950 467 3255 539 Anglorum
3304 470 3557 539 apostoli,
3612 479 3742 527 tunc

2120 550 2271 621 prior
2299 552 2518 607 alterius
2547 555 2772 623 exstitit,
2806 556 2933 626 quia
2962 557 3110 626 prius
3157 571 3223 611 eo
3280 557 3461 611 fuerat
3521 558 3744 614 ordina-

2123 647 2224 693 tus.
2260 641 2422 709 Cujus
2464 642 2720 697 nimirum
2776 644 3054 713 prioratus
3101 644 3279 716 gratia
3325 661 3385 699 se
3423 645 3527 699 sub
3586 654 3741 702 tanta

2120 726 2482 798 festinatione,
2514 738 2572 785 ut
2598 747 2759 801 supra
2789 732 3045 799 diximus,
3076 732 3198 787 licet
3222 733 3373 788 aliud
3424 733 3483 787 in
3532 735 3744 806 pupula

2123 817 2527 887 praedicaretur,
2560 819 2615 873 in
2644 818 3014 889 pontificatum
3037 821 3275 876 ordinari
3300 837 3530 893 gnarus,
3565 839 3741 894 expc-

2123 906 2221 975 tiit,
2269 907 2727 976 quemadmodum
2783 909 2942 964 nobis
3001 910 3175 964 testati
3239 919 3365 964 sunt
3423 912 3515 983 qui
3573 913 3745 967 animi

2123 996 2239 1064 ejus
2268 997 2472 1065 absque
2502 996 2667 1051 dubio
2696 1006 2904 1053 secreta
2933 1005 3215 1069 noverunt,
3251 1007 3306 1054 et
3333 1000 3575 1069 ipsemet
3596 1016 3629 1055 a
3651 1018 3741 1057 me

2122 1093 2498 1155 percunctatus
2557 1085 2808 1140 familiari
2860 1085 3026 1141 affatu
3082 1088 3439 1143 asseveravit.
3512 1090 3623 1144 Sed
3677 1092 3746 1146 de

2126 1173 2364 1229 sessione
2393 1173 2613 1244 prandii
2639 1175 2841 1246 regalis
2874 1183 2997 1230 tunc
3027 1176 3171 1231 inter
3200 1177 3516 1248 episcopos,
3540 1195 3632 1235 res
3669 1180 3745 1236 ita

2125 1262 2383 1317 remansit
2409 1263 2815 1319 determinanda
2840 1264 3047 1334 judicio
3072 1266 3233 1319 futuri
3263 1266 3543 1336 pontiﬁcis
3587 1268 3743 1323 Can-

2126 1350 2439 1405 tuariorum.

2198 1440 2299 1494 Per
2343 1439 2398 1495 id
2448 1441 2724 1513 temporis,
2784 1448 2904 1497 acta
2959 1450 3040 1497 est
3086 1456 3248 1499 causa
3295 1444 3744 1516 presbyterorum

2124 1529 2359 1600 Angliaa,
2393 1529 2694 1586 districtius
2715 1545 2879 1602 quam
2910 1539 3154 1603 tempore
3212 1533 3383 1588 Patris
3440 1535 3685 1590 Anselmi
3718 1556 3732 1601 ;

2123 1631 2157 1671 a
2196 1618 2472 1673 consortio
2529 1619 2812 1674 mulierum
2866 1620 3086 1675 coerciti
3134 1629 3275 1676 sunt.
3334 1620 3741 1694 Quamplurimi

2124 1722 2360 1778 namque
2389 1707 2625 1775 illorum,
2667 1724 2730 1762 ex
2763 1708 2914 1763 obitu
2940 1710 3116 1764 Patris
3148 1709 3391 1765 Auselmi
3450 1728 3563 1767 non
3621 1729 3748 1768 mo-

2125 1795 2308 1850 dicum
2341 1795 2649 1865 exhilarati,
2704 1798 3063 1867 promiserant
3120 1798 3242 1865 sibi,
3302 1815 3367 1855 eo
3428 1800 3500 1856 de
3559 1802 3743 1857 medio

2126 1883 2366 1951 sublato,
2399 1884 2604 1940 licitum
2635 1885 2750 1941 fore
2773 1887 2936 1957 quod,
2963 1887 3081 1957 ipso
3112 1888 3426 1958 superstite,
3471 1889 3576 1943 sibi
3635 1890 3750 1944 illi-

2128 1982 2239 2028 tum
2262 1973 2425 2028 fuisse
2450 1974 2796 2030 condoluere.
2839 1975 2947 2031 Sed
2977 1975 3031 2029 in
3058 1977 3391 2031 contrarium
3443 1993 3532 2032 res
3592 1979 3748 2049 lapsa

2127 2072 2222 2119 est.
2256 2063 2371 2118 Rex
2396 2064 2539 2117 enim
2578 2063 2667 2134 qui
2690 2063 2813 2134 plus
2844 2065 2959 2119 Deo
2989 2080 3021 2119 a
3042 2065 3229 2119 multis
3254 2066 3570 2135 timebatur,
3647 2085 3748 2122 sua

2128 2153 2251 2225 lege
2280 2168 2376 2209 eos
2403 2152 2723 2207 constrinxit
2748 2161 3033 2222 quatenus,
3066 2152 3274 2208 vellent
3328 2154 3559 2223 nollent,
3605 2172 3746 2211 con-

2127 2242 2238 2296 cilii
2286 2241 2678 2297 Lundoniensis
2723 2242 2892 2311 (quod
2939 2258 3106 2311 supra
3162 2243 3492 2313 notavimus)
3545 2244 3746 2300 saltem

2127 2331 2302 2386 oculis
2333 2330 2612 2385 hominum
2632 2328 2819 2385 tierent
2862 2339 3224 2387 exsecutores.
3256 2335 3325 2385 At
3361 2332 3408 2387 si
3468 2332 3578 2402 ipsi
3625 2350 3750 2403 pre-

2127 2419 2325 2490 sbyteri
2356 2418 2592 2473 deterius
2647 2434 2836 2489 agere,
2896 2420 3052 2489 quasi
3093 2419 3147 2473 in
3209 2420 3618 2477 damnationem
3688 2434 3743 2480 et

2132 2508 2519 2565 contumeliam
2563 2508 2805 2562 Anselmi
2831 2523 2931 2579 pro
2989 2509 3095 2564 hoc
3151 2509 3591 2581 elaboraverunt,
3636 2510 3751 2581 ipsi

2128 2596 2391 2653 viderint.
2424 2596 2574 2652 Onus
2594 2612 2750 2651 suum
2774 2597 3009 2666 quisque
3039 2597 3296 2667 portabit.
3351 2597 3482 2653 Scio
3542 2600 3749 2671 quippe

2129 2686 2384 2759 quoniam
2406 2685 2451 2740 si
2463 2686 2814 2741 fornicatores
2842 2692 2893 2740 et
2921 2685 3197 2742 adulteros
3225 2686 3497 2757 judicabit
3549 2689 3750 2743 Domi-

2130 2793 2250 2845 nus,
2283 2774 2829 2847 consanguinearum,
2880 2790 2948 2829 ne
2991 2774 3173 2830 dicam
3214 2791 3465 2831 sororum
3525 2778 3615 2833 vel
3674 2778 3746 2831 ﬁ-

2125 2865 2325 2920 liarum
2355 2869 2712 2934 stupratores,
2743 2878 2852 2918 non
2884 2862 3141 2936 effugient
3164 2863 3428 2935 judicium
3459 2866 3596 2935 ejus.
3630 2867 3747 2923 Nec

2130 2954 2276 3026 quod
2304 2968 2401 3009 eoc
2421 2953 2706 3007 Anselmus
2736 2952 2802 3007 ab
2834 2951 3031 3006 illicitis
3052 2951 3419 3023 amplexibus,
3449 2954 3734 3024 prohibuit

2129 3043 2235 3098 ulla
2263 3057 2486 3098 suarum
2518 3041 2860 3113 iniquitatum
2905 3042 3186 3096 excusatio
3242 3042 3363 3107 erit,
3423 3044 3520 3097 sed
3570 3043 3743 3098 nimi-

2132 3148 2249 3187 rum
2272 3131 2651 3201 unusquisque
2681 3129 2926 3202 recipiet,
2959 3134 3119 3202 prout
3148 3131 3336 3202 gessit.
3363 3129 3523 3200 Quod
3554 3133 3599 3187 si
3634 3133 3748 3186 ali-

2133 3222 2252 3292 quis
2273 3220 2472 3276 dixerit
2525 3219 2840 3275 Anselmum
2899 3220 3090 3274 melius
3147 3218 3357 3289 fecisse,
3417 3221 3461 3274 si
3506 3223 3745 3278 tacendo

2130 3311 2401 3377 toleraret,
2446 3309 2588 3380 quod
2652 3308 2984 3379 prohibitum
3031 3308 3084 3363 in
3141 3309 3294 3379 pejus
3347 3308 3747 3378 pullulaturum

2130 3400 2361 3455 fortasse
2416 3398 2760 3469 procederet,
2821 3397 3004 3453 dicere
3053 3397 3248 3469 poterit
3303 3396 3527 3453 divitem
3587 3399 3745 3456 illum

2128 3487 2502 3561 evangelicum
2534 3486 2620 3557 qui
2652 3487 2721 3542 ad
2749 3501 2961 3542 omnem
2994 3501 3153 3557 quam
3205 3488 3537 3558 praeparavit
3594 3490 3744 3543 mul-

2129 3586 2213 3633 tos
2242 3577 2471 3646 vocavit,
2504 3592 2717 3632 servum
2756 3591 2916 3631 suum
2946 3591 3056 3631 non
3104 3576 3356 3631 debuisse
3403 3576 3472 3631 ad
3522 3592 3736 3635 convo-

2126 3666 2360 3724 candum
2387 3665 2639 3721 invitatos
2669 3664 2958 3732 destinare,
2992 3680 3058 3720 eo
3098 3664 3245 3736 quod
3291 3665 3522 3737 contigit
3575 3667 3743 3722 simul

2124 3772 2191 3812 ne
2225 3755 2471 3811 venirent
2502 3770 2691 3809 omnes
2720 3769 2992 3809 excusare.
3037 3754 3102 3808 Et
3131 3755 3271 3810 hanc
3333 3753 3507 3826 ipsam
3557 3755 3744 3811 Evan-

2126 3844 2255 3919 gelii
2285 3844 2589 3913 lectionem,
2626 3851 2733 3897 tam
2755 3843 2810 3897 in
2840 3844 3249 3898 consecratione
3278 3843 3454 3913 ipsius
3490 3845 3743 3900 Anselmi

2123 3951 2287 4007 super
2313 3949 2435 3989 eum
2465 3940 2735 4004 repertam
2773 3948 2936 4004 quam
2958 3932 3079 3986 etin
3108 3930 3256 4003 pallii
3286 3932 3405 4002 ejus
3433 3934 3740 4004 susceptio-

2123 4041 2190 4079 ne
2210 4024 2266 4078 in
2292 4023 2493 4095 populo
2538 4022 2751 4090 lectam,
2800 4035 2866 4077 ea
2922 4021 3172 4076 forsitam
3221 4021 3585 4094 przesiguasse
3627 4039 3737 4080 non

2122 4112 2359 4168 alienum
2388 4128 2420 4167 a
2443 4111 2668 4167 veritate
2693 4117 2775 4165 est
2804 4108 3042 4165 credere.
3102 4107 3372 4178 Quoniam
3422 4126 3568 4181 pene
3617 4128 3739 4168 om-

2118 4200 2277 4256 nibus
2299 4215 2417 4271 quae
2441 4198 2788 4270 pmdicando
2815 4199 2998 4255 docuit
3018 4197 3102 4256 vel
3132 4199 3381 4254 docendo
3422 4199 3728 4270 prohibuit,

2117 4291 2393 4348 excusatio
2422 4289 2638 4359 objecta
2663 4296 2760 4358 est,
2794 4287 2921 4344 etin
2938 4287 3086 4344 nullo
3132 4287 3312 4343 verbis
3355 4288 3473 4358 ejus
3530 4288 3720 4345 edica-

2117 4380 2250 4437 citer
2280 4380 2735 4451 obtemperatum.
2776 4377 2970 4450 Legat,
2987 4377 3081 4450 qui
3100 4376 3232 4447 vult,
3268 4384 3470 4432 textum
3500 4379 3722 4435 concilii

402 4478 667 4535 exhibuit.
700 4473 797 4531 Cui
842 4472 1132 4544 episcopus
1183 4464 1579 4522 Lundoniensis
1624 4480 1731 4519 non
1788 4466 1999 4538 acquie-
2025 4452 2086 4519 D
2119 4467 2530 4537 Londoniensis,
2563 4472 2637 4535 et,
2670 4467 2928 4538 inspectis
2956 4465 3165 4521 statutis
3203 4465 3322 4536 ejus
3369 4475 3532 4539 atque
3571 4482 3721 4540 prte-

398 4584 579 4637 scens,
611 4578 869 4622 coronam
889 4560 1050 4631 capiti
1081 4555 1235 4630 regis
1291 4554 1566 4625 imposuit,
1616 4570 1848 4627 eumque
1900 4572 2001 4627 per

400 4657 643 4713 dextram
674 4650 883 4707 induxit
904 4646 1181 4715 Ecclesiae,
1214 4653 1267 4700 et
1295 4642 1534 4700 officium
1583 4643 1692 4698 diei
1748 4645 2000 4713 percele-

397 4743 593 4801 bravit.
627 4744 694 4796 At
724 4756 845 4795 cum
876 4738 946 4794 ad
996 4750 1239 4792 mensam
1268 4733 1418 4806 regis
1441 4740 1660 4789 ventum
1677 4741 1835 4801 esset,
1860 4735 2001 4789 etde

397 4833 518 4890 loco
548 4828 805 4887 sessionis
832 4827 971 4882 inter
998 4824 1224 4881 eosdem
1254 4822 1540 4895 episcopos
1570 4822 1836 4878 dissensio
1858 4833 2000 4880 mota

400 4921 609 4991 fuisset,
639 4917 814 4974 noluit
841 4931 937 4971 eos
958 4930 1057 4970 rex
1077 4911 1282 4981 audire,
1316 4911 1415 4967 sed
1442 4915 1729 4983 utrumque
1758 4928 1790 4966 a
1830 4928 1999 4983 pran-

398 5012 489 5068 dio
518 5025 614 5066 suo
643 5012 1245 5076 remotum,pransurus
1302 5000 1535 5071 hospitia
1591 5017 1689 5056 sua
1741 5002 2003 5073 praecepit

399 5101 570 5159 adire.
602 5098 671 5154 Et
700 5095 924 5169 quidem
963 5092 1109 5163 quod
1164 5089 1452 5162 episcopus
1506 5089 1895 5146 Lundoniensis
1928 5091 2003 5146 ita

399 5189 631 5262 fecit(ut
659 5185 768 5243 alia
789 5180 1021 5252 taceam)
1059 5195 1125 5237 ea
1188 5179 1395 5235 ratione
1443 5195 1575 5236 usus
1621 5184 1702 5236 est
1757 5181 1903 5251 quod
1950 5189 2003 5238 et

2109 4559 2300 4630 ceptis,
2358 4555 2660 4629 perpendat
2705 4556 2825 4627 quis
2881 4556 2960 4610 eis
3033 4555 3274 4624 obediat,
3344 4556 3464 4626 quis
3529 4572 3719 4614 eorum

2108 4655 2396 4705 exsecutor
2424 4647 2640 4715 existat,
2700 4645 2823 4718 quis
2843 4660 2953 4700 non
2980 4660 3042 4701 ea
3100 4644 3249 4715 quasi
3308 4643 3490 4701 inania
3527 4646 3715 4717 ducat,

2110 4738 2275 4808 Ecce,
2315 4745 2372 4791 ut
2393 4735 2631 4806 plurima
2687 4741 2982 4799 taceantur,
3035 4732 3261 4788 abbates
3289 4733 3512 4804 quidam
3543 4735 3636 4805 qui
3664 4735 3723 4791 in

2109 4826 2227 4898 ipso
2290 4824 2518 4882 concilio
2565 4839 2662 4894 pro
2722 4822 2964 4879 Simonia
3018 4821 3271 4894 dispositi
3330 4822 3568 4893 fuerunt,
3622 4831 3715 4879 aut

2108 4915 2231 4970 illas
2262 4929 2396 4986 quas
2426 4913 2782 4985 perdiderunt
2811 4920 2901 4968 aut
2922 4911 3057 4966 alias
3086 4911 3355 4977 abbatias,
3406 4910 3536 4968 dato
3576 4928 3710 4984 pre-

2109 5004 2182 5061 tio
2239 5019 2337 5075 per
2399 5002 2561 5058 laicos
2622 5002 2804 5073 adepti
2870 5008 3009 5055 sunt.
3070 5001 3206 5055 item
3244 5000 3333 5070 qui
3407 5000 3713 5074 presbyteri

2111 5094 2368 5151 dicuntur
2394 5091 2508 5149 sive
2529 5090 2776 5147 canonici
2801 5091 2917 5161 jam
2949 5096 3254 5161 tepescente
3305 5090 3456 5163 regis
3512 5090 3709 5163 edicto,

2111 5184 2256 5258 apud
2285 5182 2575 5254 episcopos
2602 5196 2730 5236 suos
2760 5187 2812 5237 et
2842 5180 3255 5237 archidiaconos
3299 5177 3490 5235 infami
3549 5194 3708 5238 com-

1746 5327 2183 5387 HENSCHENII
2212 5324 2419 5387 ΝΟΤίΕ
2432 5363 2445 5381 .

463 5458 544 5533 (α)
574 5449 850 5533 superfuit
879 5455 1060 5533 autem
1079 5447 1324 5533 "Thomas.
1343 5465 1512 5524 usque
1535 5451 1603 5533 ad
1633 5448 1988 5533 Februarium

391 5521 713 5598 anni'iltl,
744 5526 909 5584 etiam
938 5523 1061 5578 hinc
1088 5521 1590 5598 laudandus,'quod
1620 5542 1745 5582 cum
1773 5529 1988 5585 letalem

392 5603 514 5676 ejus
535 5591 783 5658 morbum
812 5601 1075 5669 negarent
1093 5591 1293 5651 medici
1339 5591 1511 5666 pess'e
1556 5599 1732 5653 sanari
1785 5600 1991 5673 absque

2096 5466 2195 5511 usu
2215 5450 2457 5521 fiminae,
2490 5457 2673 5523 castus
2694 5445 2943 5523 maluerit
3012 5447 3184 5523 mori,
3223 5461 3389 5521 quam
3420 5438 3702 5523 episcopas

2094 5524 2208 5585 lem
2238 5524 2557 5600 dignitatem
2589 5522 2680 5579 tali
2709 5520 2924 5579 macula
2954 5520 3351 5578 contaminare.
