4044 6074
324 306 428 366 483

1419 304 1751 368 HlSTOBIA
1779 307 2146 369 NOVORUM.
2176 340 2244 352 —
2275 304 2401 367 LIB.
2428 302 2524 369 Ν.

3540 317 3642 382 486

325 437 528 493 mercio
557 438 616 493 id
663 436 957 493 eﬂecerunt
1013 445 1069 492 ut
1125 444 1214 492 aut
1257 453 1380 492 suas
1411 451 1545 509 quas
1572 436 1925 508 reliquerant,
1956 436 2013 496 A
2043 435 2279 506 damque
2335 437 2626 492 nominatae
2684 438 2939 496 Ecclesia)
2977 440 3295 514 dignitatem
3320 448 3449 503 satis
3488 450 3642 506 sufﬁ-

321 535 415 582 aut
461 527 596 581 alias
655 542 774 598 quae
830 527 1009 599 magis
1062 526 1326 596 placeant,
1386 527 1581 596 spretis
1635 527 1923 598 prioribus,

320 615 492 672 libere
521 615 892 671 meretriculas
939 616 1157 670 ducant.
1216 616 1300 669 Ad
1330 617 1447 670 haec
1476 615 1648 670 criniti
1708 631 1841 686 quos
1897 633 1928 670 a

324 705 481 760 Patre
508 704 761 759 Ansslmo
792 721 822 758 a
852 712 1048 759 sancta:
1079 704 1325 760 ecclesiae
1358 703 1634 758 liminibus
1681 704 1929 760 certissi-

322 810 411 848 me
439 794 691 849 novimus
746 792 1265 860 cxcommunicatos,
1316 794 1369 846 in
1403 801 1607 846 tantum
1654 793 1929 847 abundant

324 891 640 953 tantumque
674 898 734 937 se
774 883 841 936 de
884 882 1109 936 crinium
1161 898 1377 936 suorum
1426 880 1657 936 feminea
1684 889 1735 936 et
1766 882 1929 954 igno-

322 973 553 1027 miniosa
583 971 922 1043 longitudine
973 970 1272 1042 jactitando
1332 969 1698 1042 magnificam,
1754 970 1931 1041 utqui

328 1058 557 1114 crinitus
584 1072 692 1111 non
722 1064 820 1125 est,
851 1056 1032 1112 rustici
1062 1056 1146 1110 vel
1177 1055 1477 1126 presbyteri
1508 1055 1741 1125 proboso
1770 1071 1931 1110 voca-

326 1146 455 1200 bulo
481 1145 792 1201 denotetur.
825 1146 1037 1199 Czetera
1059 1145 1252 1199 horum
1275 1143 1595 1215 indignitate
1624 1160 1731 1199 non
1751 1145 1932 1198 minus

323 1234 571 1306 indigna,
600 1250 668 1289 ne
699 1249 885 1289 eorum
914 1242 1198 1301 amatores,
1249 1249 1369 1289 cum
1418 1248 1543 1288 mea
1593 1233 1725 1287 nihil
1756 1233 1932 1287 inter-

323 1323 411 1390 sit,
445 1322 614 1395 gratis
657 1322 951 1389 oﬂ‘endam,
983 1323 1195 1378 silentio
1223 1338 1486 1393 premam.
1538 1323 1765 1377 Tantum
1810 1322 1931 1377 dico

323 1413 454 1484 quia
485 1411 614 1483 quid
645 1411 823 1466 futura
854 1411 973 1466 dies
998 1411 1063 1464 sit
1090 1411 1330 1482 paritura
1358 1412 1566 1469 nescio;
1603 1410 1655 1464 in
1677 1409 1933 1479 praesenti

324 1502 440 1557 scio
472 1517 632 1573 quam
663 1504 822 1570 pauci
854 1500 945 1571 (de
975 1500 1331 1555 saecularibus
1361 1500 1506 1569 dico)
1563 1499 1930 1565 inveniuntur,

325 1592 417 1664 qui
473 1589 562 1646 via
619 1604 782 1661 quam
843 1588 1067 1643 illustris
1123 1590 1285 1644 Pater
1337 1587 1625 1644 Anselmus
1687 1588 1931 1643 docendo

326 1678 668 1748 monstravit,
704 1678 774 1733 ad
800 1693 1011 1733 omnem
1040 1677 1256 1732 Domini
1287 1693 1421 1747 puro
1453 1693 1515 1732 ac
1539 1676 1771 1748 simplici
1803 1692 1929 1731 cor-

325 1768 394 1823 de
437 1782 728 1839 propcrarc
785 1767 1143 1821 contendant.
1205 1766 1387 1821 Exivit
1435 1766 1693 1837 Angliam
1737 1766 1926 1833 semel,

328 1857 491 1912 exivit
520 1855 787 1920 secundo,
817 1855 886 1910 ad
918 1855 1137 1910 modum
1195 1855 1460 1910 vedelicet
1500 1855 1752 1926 pracepti
1785 1856 1931 1926 quod

330 1945 657 2017 evangelica
714 1960 872 1999 servo
929 1959 1024 1999 suo
1082 1943 1343 1999 Dominus
1418 1942 1562 1999 fecit.
1624 1946 1681 1997 In
1738 1944 1935 2013 quibus

331 2035 564 2091 exitibus
595 2034 741 2106 quod
790 2033 1065 2105 ingentem
1124 2032 1519 2087 multitudinem
1564 2032 1931 2103 prazdicando,

334 2123 705 2191 admonendo,
739 2122 1057 2193 castigando
1089 2137 1258 2176 coenas
1306 2121 1599 2177 Dominicce
1645 2121 1713 2177 de
1741 2121 1935 2176 alieni-

322 2214 482 2285 genis
526 2212 903 2279 introduxerit,
939 2227 1037 2265 nos
1081 2212 1169 2281 qui
1228 2211 1435 2266 itineris
1479 2211 1597 2279 ejus
1641 2218 1692 2265 et
1733 2209 1936 2265 laboris

322 2302 549 2357 comites
606 2302 804 2356 fuimus
855 2300 1002 2355 omni
1077 2308 1285 2355 remoto
1368 2299 1627 2371 ambiguo
1701 2300 1923 2354 scimus.

320 2394 555 2447 Avertat
586 2389 750 2463 igitur
777 2391 1123 2460 omnipotens
1170 2390 1314 2444 Deus
1358 2388 1429 2443 ab
1458 2388 1562 2442 illis
1608 2389 1831 2456 vocatis,
1863 2388 1933 2444 ad

326 2496 462 2551 quos
519 2479 869 2535 adducendos
925 2480 1099 2549 primo
1156 2478 1349 2532 missus
1425 2483 1523 2546 est,
1611 2478 1930 2532 sententiam

324 2586 487 2643 quam
539 2569 682 2623 idem
769 2567 1034 2622 Dominus
1064 2567 1276 2621 intulit:
1331 2567 1463 2621 Dico
1532 2566 1735 2622 scilicet
1783 2566 1930 2623 vobis

331 2658 475 2731 quod
490 2674 654 2714 nemo
676 2657 923 2713 virorum
947 2656 1179 2714 illorum
1200 2657 1298 2728 qui
1317 2656 1499 2712 vocati
1522 2660 1659 2711 sunt
1677 2657 1927 2728 gustabit

328 2763 547 2802 canam
567 2762 752 2801 meam
776 2746 939 2815 (Luc.
978 2760 1089 2813 xxv,
1116 2748 1203 2814 24)
1219 2787 1232 2799 .

394 2836 488 2890 His
545 2834 618 2890 ita
668 2834 913 2906 digestis,
969 2850 1209 2905 praesens
1262 2850 1417 2906 opus,
1478 2834 1563 2890 cui
1620 2835 1842 2907 quidem
1872 2842 1932 2890 ut

321 2941 543 2998 operam
575 2924 780 2990 darem,
840 2922 1048 2978 sincera
1100 2922 1319 2979 dilectio
1359 2940 1520 2994 quam
1576 2940 1706 2997 erga
1753 2923 1928 2979 beatae

327 3014 601 3073 memoriae
649 3014 861 3067 Patrem
921 3011 1238 3066 Anselmum
1296 3027 1533 3083 superna
1568 3013 1741 3083 pietas
1797 3012 1929 3069 mihi

321 3098 550 3171 indigno
580 3098 838 3153 concessit
871 3097 1118 3164 haberet,
1169 3097 1408 3151 maxima
1438 3097 1575 3153 inter
1602 3099 1735 3153 alias
1764 3113 1928 3154 causa

322 3157 472 3257 fuit,“
504 3186 593 3243 ﬁni
648 3188 921 3243 addicam.
982 3157 1131 3240 Prius
1162 3193 1361 3253 tamen,
1418 3195 1470 3241 et
1499 3186 1565 3242 ab
1596 3188 1661 3241 iis
1686 3188 1774 3258 qui
1805 3203 1927 3242 mo-
1958 3157 2007 3220 Ο

326 3278 395 3334 do
429 3284 569 3345 sunt,
602 3286 655 3333 et
686 3278 755 3331 ab
785 3276 862 3332 eis
892 3275 981 3347 qui
1012 3283 1133 3345 post
1170 3291 1272 3330 nos
1302 3274 1397 3329 ﬁlii
1428 3276 1687 3332 Ecclesia:
1708 3277 1937 3331 Cantua-

321 3366 537 3435 riensis,
596 3365 652 3421 id
681 3374 760 3420 est
806 3363 1233 3420 Dorobernensis
1283 3365 1416 3434 (Deo
1461 3365 1715 3435 donante)
1768 3365 1931 3419 futuri

325 3462 466 3523 sunt,
500 3454 685 3525 paucis
714 3454 940 3525 petitum
998 3453 1061 3507 iri
1118 3469 1428 3522 precamur,
1487 3469 1555 3508 ne
1612 3454 1788 3521 nobis,
1841 3454 1931 3523 qui

325 3552 414 3612 sta
447 3542 796 3614 scripsimus,
830 3541 980 3611 quasi
1032 3542 1090 3594 in
1147 3541 1279 3594 nihil
1336 3541 1795 3608 laboraverimus,
1830 3542 1932 3612 ipsi

326 3639 705 3700 succenseant,
743 3631 1051 3701 judicantes
1108 3630 1351 3685 fortassis
1408 3631 1555 3701 apud
1611 3648 1666 3686 se
1704 3648 1765 3686 ea
1809 3649 1931 3701 quae

324 3721 623 3792 gloriosum
681 3728 732 3774 et
780 3718 1135 3790 magnificum
1191 3720 1404 3773 Patrem
1432 3719 1790 3774 Lanfrancum
1835 3738 1932 3777 suo

330 3817 579 3881 tempore
634 3816 843 3865 constat
902 3807 1115 3876 fecisse,
1172 3807 1240 3861 ad
1290 3808 1544 3864 tuendam
1598 3825 1931 3867 conservan-

329 3956 3403 3989 ww

2035 540 2164 580 cere
2223 534 2276 580 et
2327 525 2790 597 superabondare.
2850 530 2919 584 Et
2975 532 3132 588 nobis
3188 535 3372 605 utique
3418 538 3488 593 de
3538 538 3643 595 illis

2042 629 2162 682 quae
2192 612 2308 686 ipse
2334 614 2459 669 fecit
2487 615 2766 686 (quantum
2816 620 3039 689 quidem
3088 622 3156 677 ad
3186 624 3412 695 negocia
3440 635 3645 698 spectat

2047 718 2274 770 quorum
2304 703 2473 775 gratia
2498 703 2586 757 illa
2618 704 2765 775 fecit)
2794 706 2997 761 nullum
3037 710 3182 764 aliud
3212 729 3374 784 quam
3430 714 3643 771 illorum

2032 790 2301 860 judicium
2363 799 2441 846 est
2498 791 2584 847 vel
2638 794 2929 863 aliquando
2981 797 3099 851 fuit.
3142 800 3296 855 Unde
3327 810 3383 856 ut
3436 810 3644 860 tantum

2037 893 2176 933 onus
2234 880 2512 934 scribendi
2569 897 2990 953 assumercmus,
3038 887 3189 958 quasi
3240 898 3422 946 nostro
3478 907 3642 964 Opere

2038 982 2204 1038 Opera
2234 969 2351 1038 ejus
2382 968 2722 1040 aliquatenus
2748 970 2938 1027 fulcire
2988 976 3411 1047 cogitaverimus
3440 996 3638 1038 amen-

2040 1057 2113 1111 tia
2143 1072 2263 1113 esse
2294 1057 2510 1113 videtur
2540 1058 2591 1112 in
2624 1068 2857 1115 mentem
2899 1061 3060 1118 alicui
3099 1065 3310 1135 cadere,
3344 1069 3643 1139 praesertim

2039 1161 2166 1200 cum
2208 1153 2423 1231 nostra,
2485 1163 2607 1219 quas
2660 1147 2764 1202 illis
2820 1151 3215 1223 continuantur,
3249 1171 3355 1211 non
3412 1158 3516 1213 nisi
3546 1175 3647 1229 per

2040 1233 2134 1288 illa
2163 1234 2331 1288 robur
2358 1234 2500 1289 unde
2559 1236 2848 1291 subsistant
2894 1240 3042 1295 salva
3071 1258 3250 1297 rerum
3283 1261 3414 1314 quas
3442 1246 3646 1302 descri-

2040 1322 2246 1394 psimus
2298 1323 2528 1379 veritate
2586 1325 2895 1382 sortiantur.
2966 1331 3221 1384 Attamen
3295 1333 3462 1406 (quod
3514 1352 3647 1407 pace

2041 1411 2280 1466 omnium
2303 1412 2505 1466 dictum
2554 1422 2658 1484 est)
2716 1431 2903 1484 quaeso
2959 1418 3259 1488 accipiatur
3305 1437 3412 1477 non
3455 1439 3645 1495 parum

2042 1502 2112 1554 ad
2167 1501 2641 1555 exterminandum
2693 1505 3011 1559 scandalum
3061 1508 3208 1577 quod
3268 1509 3641 1571 Eboracenses

2042 1605 2209 1658 super
2238 1588 2413 1658 ipsam
2447 1589 2745 1645 Ecclesiam
2776 1602 3063 1649 moverunt
3095 1604 3147 1650 et
3190 1597 3509 1655 conﬁrmare
3537 1603 3639 1657 nisi

2042 1686 2184 1744 sunt,
2244 1686 2299 1731 ut
2362 1678 2430 1733 de
2485 1679 2608 1733 aliis
2667 1688 2895 1748 taceam,
2960 1683 3074 1753 ipsa
3135 1685 3361 1756 epistola
3415 1690 3641 1759 profuit,

1960 1795 2013 1855 B
2045 1782 2221 1855 quam,
2260 1766 2364 1836 pia:
2419 1767 2810 1823 recordationis
2867 1771 3145 1828 Paschalis
3221 1789 3359 1847 papa
3416 1777 3645 1835 Girardo

2045 1854 2283 1927 pontiﬁci
2339 1855 2673 1911 Eboracensi
2705 1857 2771 1913 de
2820 1859 3153 1928 professione
3200 1880 3361 1933 quam
3392 1866 3646 1939 episcopo

2042 1944 2411 1998 Cantuaricnsi
2472 1945 2653 2000 facere
2709 1945 2944 2002 debebat
2998 1966 3100 2018 pro
3130 1952 3383 2008 Anselmo
3413 1954 3634 2011 direxit.

2044 2032 2323 2101 Siquidem
2373 2032 2566 2088 eadem
2618 2034 2845 2103 epistola
2931 2038 3228 2095 Cantuarim
3304 2058 3422 2096 cum
3456 2044 3640 2115 sigillo

2042 2136 2196 2192 papae
2230 2123 2510 2189 remansit,
2544 2138 2705 2193 quam
2763 2123 3044 2194 Girardus,
3095 2135 3153 2181 ut
3179 2128 3262 2183 vir
3291 2129 3341 2183 in
3382 2132 3644 2189 ecclesia-

2040 2210 2188 2265 sticis
2241 2210 2539 2281 disciplinis
2594 2211 2873 2281 educatus,
2916 2213 3058 2268 illius
3113 2218 3440 2274 auctoritatis
3494 2237 3644 2291 pra)-

2040 2307 2195 2368 cepto
2225 2314 2331 2353 non
2360 2315 2546 2369 egens,
2580 2299 2771 2354 factam
2804 2300 2859 2354 iu
2890 2302 3205 2374 episcopatu
3244 2308 3644 2377 professionem

2039 2387 2291 2442 Anselmo
2344 2387 2508 2458 (sicut
2564 2390 2764 2445 mentio
2812 2389 2939 2445 inde
2968 2392 3212 2461 superius
3241 2395 3424 2451 habita
3455 2398 3642 2454 decla-

2039 2475 2202 2542 ravit)
2263 2476 2580 2545 interposita
2631 2475 2737 2532 fide
2811 2494 2929 2545 sua,
2998 2478 3333 2538 ﬁrmaverat.
3416 2486 3641 2542 Textum

2039 2571 2218 2619 autem
2246 2565 2423 2635 ipsius
2460 2564 2703 2635 epistola:
2747 2565 2857 2637 hic,
2889 2575 2946 2621 ut
2962 2568 3215 2624 omnibus
3232 2571 3321 2643 qui
3348 2573 3534 2644 legere
3555 2575 3643 2632 vel

2038 2652 2227 2707 audire
2299 2654 2403 2708 ista
2478 2653 2752 2725 dignatur,
2839 2656 3158 2725 innotescat,
3213 2660 3638 2732 subscribemus,

2038 2750 2090 2797 et
2120 2758 2241 2797 eum
2274 2741 2325 2796 in
2360 2743 2575 2797 laudem
2610 2744 2766 2799 nobis
2798 2743 2901 2800 Dei
2953 2747 3247 2803 terminum
3277 2750 3432 2820 hujus
3461 2751 3644 2823 operis

2037 2831 2447 2887 constituemus.

2117 2942 2139 2968 α
2174 2920 2451 2978 Paschalis
2482 2920 2785 2994 episcopus,
2819 2938 3008 2980 servus
3037 2941 3313 2984 servorum
3346 2929 3643 2998 Dei,veue-

2034 3008 2192 3063 rabili
2222 3009 2369 3063 fratri
2430 3010 2677 3079 Girardo,
2740 3011 3069 3070 Eboracensi
3098 3015 3378 3088 episcopo,
3411 3021 3642 3080 salutem

2037 3105 2088 3151 et
2118 3098 2476 3167 apostolicam
2502 3098 2953 3156 benedictionem.

2114 3208 2136 3233 α
2174 3185 2496 3256 Quanquam
2552 3203 2723 3257 prave
2776 3190 3041 3246 adversus
3068 3207 3187 3262 nos,
3221 3202 3323 3251 etc.
3356 3219 3378 3246 η
3421 3198 3548 3257 Vide
3575 3200 3640 3259 in

2035 3275 2317 3330 Paschali.

2108 3364 2247 3420 liinc
2277 3363 2443 3435 igitur
2460 3372 2513 3419 et
2542 3364 2596 3419 in
2626 3366 2778 3421 omni
2811 3382 2976 3439 opere
3004 3384 3102 3425 suo
3132 3371 3387 3428 laudetur
3414 3374 3553 3446 ipse,
3588 3381 3641 3434 et

2037 3452 2406 3521 benedicatur,
2440 3453 2530 3523 qui
2557 3454 2700 3509 idem
2756 3455 2809 3509 in
2841 3472 2901 3511 se
2929 3473 3156 3514 manens
3185 3459 3404 3518 innovat
3433 3465 3637 3537 omnia,

2041 3540 2296 3597 transfert
2349 3557 2537 3615 regna,
2594 3551 2645 3597 et
2701 3560 2857 3615 quem
2893 3546 3004 3601 vult
3033 3563 3195 3619 super
3223 3549 3316 3605 illa
3341 3554 3637 3624 constituit,

2038 3632 2230 3686 vivens
2258 3638 2311 3686 et
2349 3646 2582 3705 regnans
2611 3641 2733 3689 ante
2761 3642 2813 3689 et
2842 3634 2981 3690 ultra
3015 3637 3195 3694 omnia
3233 3640 3431 3696 saecula
3461 3642 3631 3701 Deus.

2040 3724 2232 3776 Amen.

1546 4093 1913 4198 LIBER
1992 4092 2585 4219 QUINTUS.

1628 4332 1717 4401 Ει
1745 4340 1864 4403 hoc
1891 4358 1973 4402 ex
1996 4338 2356 4402 abundanti.

1816 4482 2106 4493 ..ι-...-

400 4638 691 4700 Terminus
722 4641 899 4713 quarti
928 4640 1057 4697 libri
1085 4640 1362 4711 Historias,
1420 4640 1507 4699 cui
1559 4642 1836 4698 Novarum
1873 4641 1929 4698 in
1958 4627 2010 4687 D
2040 4657 2200 4711 quam
2233 4649 2355 4698 tunc
2382 4641 2497 4700 fuit.
2559 4644 2755 4706 Verum
2801 4650 2941 4708 inter
2969 4649 3104 4725 bzec,
3136 4671 3206 4713 ex
3236 4654 3318 4715 his
3345 4675 3468 4734 quas
3496 4664 3636 4722 scri-

329 4731 541 4805 Anglia
572 4740 758 4788 notam
785 4732 1103 4801 indidimus,
1132 4732 1297 4802 plane
1323 4732 1529 4787 indicat
1556 4746 1654 4787 nos
1683 4730 1761 4785 ibi
1790 4731 1932 4787 deli-

326 4819 554 4877 berasse
586 4821 747 4876 totius
775 4820 956 4893 operis
980 4827 1177 4875 metam
1199 4835 1427 4891 ponere,
1461 4820 1572 4876 imo
1601 4820 1779 4876 modis
1806 4836 1929 4876 om-

324 4909 490 4965 nibus
539 4910 811 4982 posuisse.
872 4910 1155 4965 Translato
1214 4909 1410 4965 etenim
1440 4925 1506 4965 eo
1545 4910 1612 4964 de
1641 4911 1744 4966 hac
1773 4910 1928 4981 cujus

326 5013 479 5055 amor
522 4997 694 5069 ipsius
736 4998 990 5054 Historia
1042 4998 1413 5055 describenda:
1459 5013 1626 5054 causa
1651 4999 1929 5070 praecipua

325 5086 446 5155 fuit,
477 5087 733 5144 videlicet
754 5087 977 5144 domino
993 5095 1045 5143 et
1065 5086 1455 5160 gloriosissimo
1488 5088 1643 5143 Patre
1674 5088 1926 5144 Anselmo

323 5176 626 5248 Anglorum
684 5191 898 5232 summo
944 5175 1222 5247 pontiﬁce,
1273 5183 1424 5232 ratus
1449 5191 1589 5244 sum,
1630 5175 1741 5231 visa
1771 5191 1927 5232 mora

322 5263 598 5335 pontiﬁcis
628 5264 1006 5335 substituendi,
1039 5281 1146 5335 me,
1207 5264 1255 5320 si
1307 5263 1445 5320 ultra
1480 5264 1833 5335 procederem
1871 5265 1928 5320 in

325 5353 634 5426 scribendo,
664 5363 758 5411 aut
786 5355 972 5411 inania
1001 5354 1138 5412 forte
1193 5354 1539 5425 scripturum,
1599 5361 1691 5410 aut
1729 5354 1784 5409 in
1808 5354 1927 5425 pri-

322 5451 450 5501 vato
474 5453 884 5501 conversantem
914 5461 1021 5501 non
1053 5442 1244 5513 multa,
1278 5458 1398 5515 qum
1453 5441 1741 5499 scribenda
1787 5442 1928 5501 ratio

325 5541 621 5604 expeteret,
671 5533 902 5605 pleniter
956 5533 1286 5607 agniturum,
1347 5531 1510 5589 tacita
1554 5530 1929 5591 incertitudine

325 5621 452 5680 vitae
510 5638 647 5682 mea
674 5638 797 5700 quia
851 5639 996 5681 nunc
1042 5622 1262 5697 quidem
1329 5621 1460 5679 mihi
1495 5636 1607 5681 non
1632 5621 1834 5680 certior
1869 5635 1928 5678 es

2039 4748 2260 4801 pseram
2290 4740 2437 4789 certo
2466 4738 2807 4808 comperiens
2836 4757 2921 4797 me
2949 4745 3237 4801 multorum
3284 4749 3541 4809 voluntati
3572 4769 3638 4811 ac

2039 4819 2312 4876 dilectioni
2372 4838 2578 4878 morem
2630 4828 2880 4897 gessisse,
2948 4831 3149 4903 placuit
3203 4837 3400 4894 seriem
3458 4857 3638 4900 rerum

2037 4909 2398 4997 describenda
2416 4910 2523 4965 illis
2543 4923 2848 4987 annectere,
2867 4918 3020 4988 juxta
3041 4924 3185 4993 quod
3209 4925 3369 4997 Deus,
3394 4932 3636 4990 omnium

2033 4995 2177 5092 finis,
2199 4997 2523 5092 dignabitur
2540 5001 2817 5073 inspirare.
2843 5006 2921 5062 Eo
2944 5008 3221 5078 siquidem
3246 4995 3494 5088 respectu
3526 5036 3634 5092 quo

2031 5085 2129 5141 illa
2159 5084 2410 5157 pluribus
2439 5098 2669 5161 accepta
2699 5108 2818 5149 esse
2871 5095 3210 5168 deprehendi
3253 5084 3559 5173 sperabam-
3581 5118 3636 5168 et

2036 5173 2137 5269 ista
2166 5175 2323 5269 oneri
2334 5192 2463 5269 non
2484 5176 2735 5236 aﬂutura.
2768 5183 2920 5239 Prius
2947 5192 3127 5243 tamen
3152 5206 3314 5260 quam
3329 5193 3425 5249 illa
3446 5211 3636 5269 aggre.

2039 5263 2176 5332 diar,
2236 5265 2557 5336 quibusdam
2615 5271 2704 5342 qui
2735 5271 2911 5329 adhuc
2954 5277 3185 5345 praefato
3212 5263 3635 5352 pontiﬁci,‘vere

2035 5355 2244 5441 sancto,
2279 5353 2558 5411 detrahere
2587 5373 2696 5414 non
2724 5368 2995 5430 verentur,
3024 5380 3091 5420 eo
3121 5367 3326 5426 scilicet
3357 5372 3505 5441 quod
3533 5389 3635 5431 nec

2037 5440 2401 5513 saecularium,
2434 5459 2533 5500 nec
2561 5447 3046 5508 ecclesiasticarum
3090 5471 3277 5513 rerum
3306 5440 3632 5519 exstructio-

2034 5530 2195 5588 nibus
2222 5531 2343 5603 ipse
2371 5532 2450 5604 (ut
2476 5534 2684 5608 dicunt)
2722 5538 2779 5593 in
2807 5556 2911 5596 sua
2941 5557 3107 5599 manu
3132 5547 3317 5603 omnia
3349 5554 3540 5607 tenens
3560 5551 3635 5610 ita

2032 5621 2273 5679 studium
2287 5621 2637 5699 impenderit,
2656 5626 2797 5686 sicut
2812 5637 3127 5692 antecessor
3138 5632 3283 5693 illius
3308 5640 3633 5703 venerande
