4044 6074
408 268 517 326 48⁷1

1441 248 1756 316 EADMERI
1784 246 2336 314 CANTHARIENSIS
2366 247 2683 363 ΜρΝΑαΗι

3627 258 3733 321 188

412 403 688 463 memoria
720 397 874 458 Pater
901 393 1232 455 Lantrancus
1259 412 1356 452 suo
1376 402 1621 465 tempore
1652 393 1800 460 fecit,
1819 390 2010 462 paucis
2037 410 2092 470 Α
2132 390 2384 448 monachi
2411 407 2513 463 per
2541 391 2743 447 bonum
2789 391 3102 448 Anselmum
3130 393 3288 466 potiti
3318 404 3460 467 sunt,
3502 397 3728 453 multum

411 496 681 553 rationem
735 489 1017 547 ostendere
1084 488 1141 541 in
1194 492 1429 541 mentem
1512 482 1674 549 venit,
1749 489 2011 552 quatenus

414 587 657 657 inspecta
703 579 904 653 negotii
936 576 1211 648 qualitate,
1242 590 1311 630 ex
1340 575 1459 645 ipsa
1514 572 1737 627 veritate
1766 585 2008 641 perpen—

415 675 548 730 dant
576 688 643 726 an
673 668 870 725 amodo
908 665 975 720 sit
1002 664 1085 719 eis
1115 663 1382 718 silendum
1413 677 1580 732 super
1611 662 1734 728 hoc,
1768 676 1836 713 an
1868 675 2001 712 non.

485 762 679 830 Utique
732 772 854 811 cum
901 754 1047 808 idem
1103 751 1385 807 Anselmus
1431 751 1611 820 primo
1637 747 2012 818 pontiﬁcatum

414 847 847 905 Cantuariensem
877 856 1070 913 regere
1125 839 1472 909 suscepisset,
1522 838 1597 890 ita
1628 852 1818 892 omnes
1847 844 2013 890 terras

412 939 479 994 ad
510 938 686 1008 ipsum
716 936 978 989 honorem
1034 929 1363 1001 pertinentes
1420 933 1658 982 vastatas
1706 924 1928 990 invenit,
1959 931 2013 978 et

411 1042 602 1084 omnes
631 1022 874 1079 redditus
902 1037 935 1075 a
964 1018 1285 1074 Willhelmo
1316 1015 1426 1083 ﬁlio
1440 1014 1663 1084 majoris
1693 1011 2003 1068 Willhelmi

410 1115 560 1189 regis
613 1113 846 1182 direpto,
907 1117 964 1164 ut
1019 1107 1163 1163 unde
1217 1105 1533 1160 subsisteret
1587 1106 1740 1173 (nota
1795 1102 2011 1175 loquor)

409 1221 518 1261 non
548 1201 796 1257 haberet.
828 1196 1199 1267 Quamobrem
1223 1194 1502 1250 fraudatus
1545 1191 1869 1258 redditibus,
1905 1189 2013 1261 qui-

410 1293 515 1349 bus
557 1308 588 1346 a
635 1290 775 1345 festo
833 1286 1005 1342 sancti
1035 1282 1314 1340 Michaelis
1369 1283 1519 1354 (nam
1550 1281 1712 1351 paulo
1743 1287 1865 1335 ante
1908 1280 2012 1334 hoc

412 1382 614 1438 festum
671 1375 1014 1432 Cantuariam
1068 1376 1313 1441 venerat)
1372 1387 1541 1441 usque
1570 1370 1627 1424 in
1662 1368 2010 1425 Nativitatem

414 1466 631 1525 Domini
660 1465 871 1522 viveret
901 1461 1106 1529 debuit,
1159 1477 1368 1515 summa
1422 1459 1744 1514 necessitate
1773 1465 2011 1522 coactus,

415 1559 485 1614 de
543 1557 608 1611 iis
637 1554 834 1628 quibus
862 1552 933 1607 ab
988 1551 1106 1622 ipsa
1151 1548 1492 1605 solemnitate
1520 1563 1692 1619 usque
1722 1546 1777 1599 in
1805 1545 2011 1599 Pascha

408 1647 654 1701 victurus
683 1642 1029 1708 erat,victum
1061 1637 1163 1692 sibi
1194 1636 1495 1692 ministrari
1526 1634 1781 1690 faciebat.
1814 1633 2010 1704 Sicque

404 1730 842 1806 subsequentium
872 1727 1224 1785 terminorum
1262 1725 1523 1794 redditus,
1573 1724 1629 1778 in
1686 1722 2003 1795 praceden—

411 1825 555 1879 tibus
588 1820 828 1877 terminis
858 1817 1114 1890 paulatim
1145 1824 1198 1871 et
1226 1814 1458 1870 discreto
1514 1811 1885 1867 moderamine.
1913 1828 2007 1865 su-

412 1929 586 1979 mens,
627 1910 715 1966 vix
769 1906 923 1962 tertio
980 1905 1062 1960 sui
1117 1903 1374 1959 introitus
1431 1918 1592 1967 anno,
1626 1902 1696 1956 ad
1754 1909 1946 1956 statum
1979 1916 2009 1954 a

409 1996 914 2073 pradecessoribus
968 1994 1080 2049 suis
1138 2000 1403 2047 statutum
1461 1991 1514 2045 in
1561 1989 1648 2044 his
1699 1990 2011 2060 pertingere

407 2088 602 2163 potuit.
636 2085 777 2155 Quid
809 2092 991 2139 autem
1021 2081 1413 2154 angustiarum,
1446 2086 1646 2149 praeter
1696 2079 1793 2132 has
1820 2093 1852 2131 a
1881 2093 2013 2149 rege

411 2176 733 2234 Willhelmo
761 2181 813 2229 et
842 2172 955 2228 suis
984 2187 1174 2241 passus
1204 2169 1274 2224 sit
1296 2185 1396 2239 per
1423 2167 1546 2223 illos
1577 2176 1685 2222 tres
1713 2174 1765 2221 et
1795 2172 2008 2236 quarto,

412 2269 506 2340 qui
537 2264 855 2321 subsecutus
883 2269 981 2329 est,
1015 2275 1178 2323 anno,
1209 2258 1263 2312 in
1294 2258 1466 2330 primo
1497 2264 1549 2311 et
1577 2255 1816 2311 secundo
1847 2253 2015 2310 nomi-

412 2364 553 2412 nata
584 2351 836 2419 Historia
891 2350 1049 2416 libro,
1099 2352 1285 2418 utpote
1314 2346 1405 2418 qui
1458 2344 1536 2401 eis
1564 2342 1836 2412 affuimus,
1870 2358 2012 2399 ncn-

414 2445 577 2501 nullis
605 2440 949 2515 digessimus.
982 2438 1057 2491 Ita
1084 2436 1251 2508 igitur
1276 2435 1332 2490 in
1391 2433 1736 2489 tribulatione
1763 2440 1816 2488 et
1845 2430 2013 2488 atroci

413 2532 790 2607 persecutione
821 2535 1010 2599 quater
1037 2526 1195 2581 annis
1223 2524 1279 2578 in
1329 2522 1534 2594 Anglia
1563 2522 1793 2594 degens,
1827 2521 2013 2591 quinto

413 2622 609 2694 pulsus
639 2619 706 2674 ab
728 2616 920 2674 eodem
950 2629 1081 2686 rege
1109 2620 1208 2681 est,
1239 2620 1294 2667 et
1323 2618 1465 2667 totus
1519 2610 2016 2682 archiepiscopatus

410 2709 654 2774 invasus,
696 2723 759 2762 ac
788 2720 884 2775 per
915 2710 1022 2757 tres
1050 2701 1337 2756 continuos
1381 2714 1570 2765 annos,
1604 2700 1706 2753 hoc
1733 2706 1814 2753 est
1843 2697 2016 2752 donec

411 2814 503 2854 rex
534 2797 675 2852 idem
707 2793 905 2863 sagitta
935 2789 1153 2856 interiit,
1189 2804 1365 2857 usque
1395 2787 1448 2841 in
1478 2787 1822 2851 immensum,
1843 2793 2018 2841 vasta-

412 2899 516 2945 tus.
546 2882 833 2940 Anselmus
861 2893 991 2935 vero
1020 2878 1159 2931 inter
1176 2877 1295 2931 hac
1322 2876 1498 2946 patria
1517 2876 1846 2941 eliminatus,
1878 2874 2007 2929 dum

427 2975 573 3033 unde
604 2988 665 3027 se
701 2983 939 3039 suosque
985 2972 1302 3035 procuraret
1331 2965 1398 3019 de
1427 2964 1538 3019 suis
1567 2963 1635 3019 ab
1664 2956 1858 3034 An'glia
1884 2961 2016 3017 nihil

409 3066 613 3123 habere
653 3064 964 3121 mereretur,
1022 3052 1091 3108 ab
1141 3054 1380 3108 externis
1409 3052 1714 3108 necessaria
1744 3060 2013 3107 mutuatus

2118 502 2217 556 per
2242 499 2466 542 omnem
2497 481 2719 538 modum
2751 482 2991 537 Ecclesia
3019 492 3176 539 aucta
3204 492 3303 552 est,
3337 484 3392 539 in
3424 502 3716 558 recupera-

2118 576 2263 631 tione
2295 572 2546 628 videlicet
2597 570 2950 641 plurimarum
3007 580 3289 642 terrarum,
3322 590 3457 645 quas
3505 575 3724 645 quidam

2118 662 2243 720 laici
2308 668 2550 717 tenentes
2607 659 2659 713 in
2719 660 3086 716 hareditatem
3120 661 3223 716 sibi
3268 660 3637 731 vindicabant,
3678 665 3736 719 in

2119 750 2349 807 diversis
2379 748 2733 815 ornamentis,
2764 747 2929 821 inque
2956 750 3104 805 omni
3139 750 3334 806 decore
3365 751 3562 807 domus
3609 752 3731 823 Dei,

2116 841 2191 895 ita
2218 846 2277 894 ut
2305 854 2477 909 pauca
2506 846 2559 894 et
2589 837 2841 892 indecora
2872 838 2990 894 visa
3036 838 3238 893 fuerint
3267 840 3526 896 Ecclesia
3556 855 3727 897 orna-

2117 936 2317 993 menta,
2377 926 2782 997 comparatione
2840 926 3051 982 decoris
3107 932 3161 981 et
3193 927 3547 985 multitudinis
3575 928 3720 984 illius

2118 1033 2238 1088 qua
2266 1017 2321 1071 in
2348 1016 2432 1070 his
2460 1014 2654 1070 diebus
2682 1014 2942 1087 perducta
2983 1024 3128 1070 sunt.
3160 1016 3336 1087 Super
3361 1016 3499 1085 hac,
3532 1018 3719 1089 ipsum

2118 1105 2439 1171 oratorium,
2473 1112 2731 1174 quantum
2759 1119 2789 1157 a
2819 1104 3028 1174 majore
3058 1103 3185 1159 turri
3217 1104 3269 1158 in
3300 1105 3569 1161 orientem
3591 1122 3725 1177 por-

2118 1202 2335 1250 rectum
2360 1200 2461 1263 est,
2494 1193 2614 1264 ipso
2645 1193 2800 1248 Patre
2855 1192 3115 1247 Anselmo
3138 1192 3481 1263 providente,
3529 1193 3727 1265 dispo-

2118 1290 2275 1339 nente
2305 1290 2522 1337 auctum
2565 1288 2668 1350 est,
2726 1281 2791 1335 Et
2845 1282 2963 1336 hac
2991 1280 3212 1351 puidem
3244 1281 3427 1336 omnia
3455 1281 3524 1336 de
3570 1282 3732 1337 rebus

2118 1370 2363 1428 ecclesia
2392 1376 2512 1428 acta
2538 1377 2680 1438 sunt,
2735 1369 2876 1425 sicut
2903 1376 2956 1424 et
2994 1368 3162 1424 multa
3190 1385 3311 1440 qua
3340 1385 3443 1442 per
3472 1370 3737 1428 Lanfran.

2117 1476 2241 1517 cum
2272 1460 2414 1516 facta
2450 1459 2691 1527 fuerunt,
2720 1458 2974 1514 Anselmo
3004 1458 3072 1513 de
3101 1458 3214 1514 suis
3243 1468 3445 1529 prater
3473 1459 3562 1514 illa
3598 1460 3731 1530 plu-

2119 1550 2311 1605 rimam
2343 1548 2589 1621 pecunia
2617 1548 2968 1621 quantitatem
3008 1548 3063 1602 in
3120 1556 3471 1620 augmentum
3532 1548 3729 1605 domus

2116 1640 2215 1695 Dei
2264 1636 2603 1694 conferente.
2661 1638 2747 1692 Ex
2792 1637 2874 1692 his
2907 1652 3040 1693 vero
3071 1654 3193 1710 qua
3249 1638 3305 1691 in
3351 1636 3593 1692 dominio
3623 1653 3726 1693 suo

2122 1727 2451 1799 possidebat,
2485 1735 2537 1782 et
2561 1725 2856 1781 offerenda
2887 1725 3116 1795 majoris
3154 1726 3338 1781 altaris
3384 1724 3732 1782 medietatem

2121 1818 2308 1889 (aliam
2364 1815 2711 1871 medietatem
2768 1818 2915 1871 enim
2972 1817 3130 1869 Pater
3165 1815 3492 1871 Lanfrancus
3530 1824 3729 1870 contu-

2119 1906 2277 1976 lerat)
2308 1912 2361 1960 et
2383 1905 2643 1975 quasdam
2677 1915 2844 1959 terras
2902 1904 2971 1958 ad
3000 1903 3303 1959 subsidium
3330 1903 3726 1959 monachorum

2120 1995 2391 2066 antiquius
2419 1994 2766 2065 pertinentes,
2807 2001 2930 2048 tunc
2981 2002 3158 2047 autem
3188 1992 3242 2045 in
3282 1992 3419 2047 alios
3449 2008 3576 2046 usus
3608 1990 3727 2045 dis-

2122 2091 2307 2151 tracta,
2341 2090 2393 2137 et
2421 2083 2579 2152 pallia
2612 2081 2769 2136 valde
2793 2080 2937 2136 bona
2988 2079 3405 2153 quamplurima,
3465 2096 3530 2136 ac
3577 2096 3724 2135 non-

2120 2171 2269 2225 nulla
2298 2171 2400 2226 alia
2428 2170 2607 2226 decori
2638 2170 2832 2225 domus
2862 2170 2961 2225 Dei
2986 2170 3371 2241 competentia,
3394 2170 3502 2239 juri
3535 2168 3729 2224 Eccle-

2120 2260 2215 2315 sia
2229 2267 2490 2331 perpetuo
2507 2258 2837 2330 possidenda
2871 2259 3162 2313 concessit.
3184 2259 3267 2313 Ad
3281 2260 3418 2324 hac,
3438 2265 3731 2328 postquam

2122 2349 2190 2404 de
2219 2349 2459 2405 secundo
2489 2348 2684 2403 exsilio
2715 2355 2996 2403 revocatus
3053 2356 3152 2413 est,
3193 2356 3250 2402 ut
3300 2346 3538 2417 quadam
3596 2361 3734 2417 pace

2124 2438 2347 2509 potitus,
2381 2436 2529 2492 dedit
2557 2436 2613 2490 in
2642 2450 2810 2507 opera
2863 2435 3123 2491 Ecclesia
3163 2434 3433 2501 denarios,
3467 2434 3558 2505 qui
3611 2433 3733 2489 sin-

2125 2526 2271 2599 gulis
2300 2526 2459 2580 annis
2490 2526 2560 2581 de
2582 2524 2925 2596 parochianis
2948 2524 3206 2581 Ecclesiis
3236 2524 3291 2579 in
3325 2526 3523 2580 Pascha
3546 2523 3724 2578 matri.

2123 2614 2385 2671 Ecclesia
2405 2614 2569 2685 pendi
2584 2613 2778 2670 solent.
2801 2614 3024 2686 Equius
3053 2614 3198 2668 enim
3233 2611 3614 2683 essejudicavit
3635 2626 3733 2667 eos

2124 2703 2194 2758 ad
2224 2703 2469 2760 Ecclesia
2497 2702 2585 2759 cui
2616 2719 2712 2772 pro
2742 2702 2901 2775 signo
2932 2703 3129 2758 debita
3158 2701 3508 2772 subjectionis
3535 2700 3731 2756 confe-

2127 2800 2316 2847 runtur
2357 2790 2626 2862 possideri
2684 2806 2847 2862 quam
2905 2807 2937 2846 a
2992 2791 3222 2847 seculari
3253 2798 3533 2861 potestate,
3567 2788 3726 2859 quasi

2121 2895 2270 2948 suos,
2303 2879 2533 2935 obeunte
2560 2879 2841 2950 episcopo,
2860 2878 3087 2948 auferri,
3111 2895 3175 2935 eo
3197 2879 3342 2949 quod
3361 2878 3487 2934 illos
3508 2893 3731 2950 quoque

2124 2966 2426 3040 pontiﬁces,
2450 2984 2547 3039 pro
2575 2984 2672 3022 suo
2693 2966 2898 3034 ofﬁcio,
2924 2969 3167 3035 antehac,
3190 2968 3298 3038 juri
3321 2966 3539 3038 preprio
3559 2965 3731 3023 vindi-

2122 3056 2334 3112 cabant.
2353 3057 2467 3111 Nec
2484 3071 2552 3112 eo
2580 3054 2836 3112 defuncto
2865 3056 3019 3111 aliter
3040 3071 3106 3113 ac
3134 3056 3252 3127 ipse
3282 3056 3639 3127 disposuerat,
3674 3053 3732 3109 in

412 3163 511 3225 est,
552 3150 742 3207 nolens
772 3144 988 3217 quidem
1019 3142 1207 3215 gravis
1236 3158 1356 3196 esse
1387 3140 1468 3195 his
1496 3141 1636 3196 inter
1666 3157 1802 3213 quos
1835 3156 2013 3195 mora-
2045 3116 2095 3180 Ο
2123 3146 2204 3200 his
2233 3161 2264 3200 a
2292 3161 2422 3215 rege
2453 3152 2632 3199 actum
2662 3152 2763 3211 est,
2794 3144 2891 3200 sed
2922 3145 2979 3199 in
3007 3160 3074 3200 eo
3097 3152 3235 3199 statu
3270 3159 3378 3215 quo
3419 3142 3725 3199 Ecclesiam

410 3245 588 3311 batur,
602 3254 705 3295 nec
727 3233 897 3309 gratis
922 3231 1165 3303 accipere
1192 3230 1373 3287 omnia
1404 3245 1524 3300 qua
1554 3230 1652 3284 sibi
1702 3229 2011 3285 offereban-

412 3343 520 3391 tur.
549 3326 817 3386 Deindere
843 3329 1065 3379 vocatus
1095 3335 1128 3375 a
1155 3336 1289 3393 rege
1317 3318 1551 3376 Henrico
1583 3319 1671 3389 qui
1702 3318 1755 3373 in
1786 3335 2013 3392 regnum

409 3420 563 3478 fratri
594 3419 952 3481 successerat,
985 3418 1038 3465 et
1067 3426 1154 3464 res
1181 3424 1305 3464 suas
1327 3408 1384 3463 in
1422 3423 1731 3479 supremam
1772 3424 2012 3480 pauper-

411 3517 576 3566 tatem
604 3505 852 3561 redactas
881 3498 1100 3571 reperit,
1125 3506 1176 3553 et
1197 3506 1480 3553 exactores
1499 3497 1851 3567 pecuniarum
1874 3512 2013 3567 quas

407 3606 594 3654 mutuo
624 3597 925 3663 acceperat,
981 3587 1049 3643 de
1105 3594 1405 3642 transmare
1454 3586 1691 3655 quotidie
1732 3586 2012 3641 venientes

406 3700 612 3744 vacuos
659 3698 691 3735 a
720 3695 781 3735 se
838 3675 1135 3740 dimittere,
1184 3673 1527 3730 considerata
1582 3674 1857 3743 aequitate,
1905 3674 2012 3728 ho-

407 3781 618 3829 nestum
648 3782 771 3824 esse
793 3780 901 3820 non
926 3761 1222 3834 judicabat.
1256 3762 1311 3816 Si
1341 3761 1393 3815 in
1427 3762 1545 3816 istis
1581 3762 2010 3834 angustiabatur,

407 3860 544 3917 nulli
574 3854 899 3913 mirandum.
918 3853 1094 3922 Super
1127 3850 1260 3916 hac,
1286 3864 1394 3918 pax
1423 3850 1530 3905 inte
1552 3849 1702 3903 illum
1733 3857 1785 3904 et
1822 3866 2007 3922 regem

406 3949 617 4008 diutina
651 3943 906 4000 ﬁrmitate
928 3954 1040 3995 non
1089 3938 1319 3994 duravit.
1375 3938 1611 3993 Vexatus
1642 3938 1825 4010 itaque
1854 3939 2007 4011 gravi

405 4038 572 4096 modo
629 4050 727 4107 per
779 4029 1057 4086 biennium
1115 4036 1218 4095 est,
1251 4042 1317 4083 ac
1347 4026 1565 4082 demum
1616 4035 1767 4083 extra
1813 4035 2007 4082 terram

408 4129 558 4185 exire
613 4122 882 4180 seductus.
940 4117 1145 4185 Exivit,
1179 4132 1297 4185 nec,
1329 4115 1432 4170 nisi
1474 4124 1666 4188 quarto
1693 4116 1804 4171 suis
1835 4117 2010 4172 exitus

407 4230 550 4273 anno
579 4227 718 4283 pene
747 4209 994 4280 peracto,
1026 4206 1201 4260 redire
1234 4204 1389 4274 (sicut
1433 4204 1836 4275 descripsimus)
1864 4205 2009 4274 potis

406 4304 534 4359 fuit.
596 4299 841 4356 Tandem
897 4310 1144 4350 reversus
1204 4293 1414 4348 duobus
1477 4293 1634 4347 annis
1688 4294 2007 4364 supervixit,

405 4390 563 4448 tertio
593 4386 823 4452 transiit,
876 4382 1074 4438 debitis
1103 4380 1297 4451 quibus
1341 4396 1398 4435 se
1429 4379 1482 4434 in
1510 4380 1799 4453 peregrina
1831 4381 2004 4451 patria

2125 3234 2280 3288 Pater
2307 3232 2425 3304 ipse
2454 3231 2690 3288 moriens
2715 3232 2952 3304 reliquit,
2988 3241 3097 3288 toto
3137 3232 3395 3304 temporis
3424 3232 3598 3302 spatio
3619 3247 3730 3301 quo

2119 3329 2337 3394 pastore
2358 3321 2591 3389 carebat,
2614 3321 2734 3391 ejus
2755 3321 2971 3376 institue
2993 3330 3202 3377 mutare
3222 3320 3436 3377 consilii
3466 3337 3586 3377 esse
3616 3337 3730 3377 non

2119 3418 2424 3479 autumans,
2484 3425 2602 3466 eam
2653 3409 3029 3465 conservabat.
3082 3410 3195 3465 Pax
3224 3409 3389 3482 igitur
3417 3426 3523 3481 qua
3550 3410 3727 3482 potita

2121 3507 2220 3567 est,
2253 3499 2341 3555 cui
2372 3504 2491 3571 post
2518 3499 2691 3553 Deum
2740 3496 3063 3555 ascribenda
3094 3498 3161 3553 sit
3207 3498 3337 3553 satis
3367 3498 3565 3553 elucet.
3606 3498 3728 3554 De-

2120 3595 2378 3643 tractores
2420 3588 2607 3659 itaque
2638 3586 2766 3641 tanti
2798 3586 2902 3642 viri
2947 3594 3000 3642 et
3048 3595 3156 3641 tam
3216 3586 3491 3658 magniﬁci
3550 3586 3727 3642 bene-

2121 3676 2342 3732 factoris
2388 3675 2647 3732 Ecclesia
2693 3675 2887 3730 Christi
2934 3683 3179 3745 parcant,
3230 3675 3479 3744 obsecro,
3513 3674 3721 3746 lingua

2118 3781 2249 3833 sua,
2280 3770 2522 3834 parcant,
2557 3764 2810 3832 obsecro,
2861 3763 3060 3819 anima
3089 3779 3224 3819 sua.
3255 3763 3396 3818 Nam
3426 3763 3471 3817 si
3503 3764 3602 3818 hos
3633 3762 3728 3833 qui

2116 3861 2320 3909 secrete
2377 3853 2665 3908 detrahunt
2720 3852 2970 3923 proximo
3020 3868 3120 3907 suo
3162 3852 3504 3924 persequitur
3554 3852 3726 3933 Deus,

2118 3942 2414 3997 timendum
2445 3942 2618 3997 fateor
2632 3956 2700 3996 ne
2728 3941 2852 3996 illos
2873 3940 2969 4010 qui
2981 3941 3199 4012 publice
3223 3948 3277 3997 et
3291 3946 3477 3997 contra
3505 3952 3726 4011 aquam

2116 4031 2295 4101 pravis
2324 4031 2505 4087 verbis
2534 4031 2823 4086 corrodunt
2852 4030 3062 4084 Patrem
3083 4046 3241 4084 suum
3272 4028 3512 4084 destruat
3541 4029 3712 4083 Deus.

2115 4114 2211 4170 His
2236 4116 2339 4171 hoc
2368 4114 2533 4171 modo
2561 4130 2660 4185 pro
2689 4114 2895 4187 negotii
2925 4114 3251 4170 necessitate
3280 4115 3553 4169 succincte
3590 4129 3726 4183 pro-

2112 4204 2661 4274 positis,accedamus
2691 4203 2760 4258 ad
2792 4219 2878 4259 res
2905 4207 3082 4275 gesta,
3113 4201 3181 4256 ab
3211 4202 3316 4257 illis
3349 4218 3470 4275 qua
3510 4202 3722 4257 descri-

2112 4293 2321 4364 psimus
2352 4292 2604 4346 narrandi
2636 4291 2917 4348 exordium
2946 4299 3240 4347 sumentes.

2182 4381 2354 4454 Igitur
2372 4379 2460 4435 ubi
2483 4381 2672 4436 beatus
2693 4388 2744 4436 et
2772 4380 2906 4436 felix
2930 4381 3125 4450 prasul
3139 4379 3431 4436 Anselmus
3444 4380 3512 4435 ab
3531 4390 3722 4437 arum-

400 4483 792 4537 sustentaverat
820 4472 909 4529 vix
949 4470 1162 4526 solutis.
1198 4469 1292 4523 His
1319 4469 1395 4523 ita
1423 4486 1479 4523 se
1499 4469 1844 4537 habentibus,
1869 4486 1996 4541 qua,
2030 4467 2082 4529 D
2112 4470 2195 4524 nis
2217 4472 2343 4525 vita
2371 4469 2603 4525 labentis
2656 4469 2710 4523 in
2762 4469 3150 4525 beatitudinem
3202 4469 3325 4527 vita
3356 4470 3720 4541 permanentis

401 4582 609 4642 quaso,
665 4563 875 4620 ratione
914 4566 1121 4631 poterat
1181 4557 1410 4612 terrenis
1465 4556 1725 4628 cperibus
1780 4573 2002 4628 Operam

399 4659 552 4726 dare,
610 4669 771 4727 quem
830 4658 939 4704 tam
996 4646 1232 4703 assidua
1280 4645 1659 4717 oppressiones
1707 4653 1759 4700 et
1787 4661 2004 4701 suarum

398 4759 584 4811 rerum
639 4737 1029 4797 destructiones
1084 4751 1195 4791 non
1249 4734 1541 4790 cessabant
1596 4733 1867 4806 fatigare?
1924 4736 2004 4790 Ea

404 4843 584 4898 tamen
614 4845 738 4903 qua
794 4843 896 4898 per
950 4841 1010 4880 se
1066 4824 1242 4894 ipsum
1273 4838 1381 4878 non
1412 4822 1657 4892 valebat,
1689 4838 1789 4894 per
1816 4822 2004 4879 ﬁdeles

399 4920 636 4983 Rclesia
689 4931 799 4975 sua
853 4913 1016 4984 ﬁlios,
1072 4913 1243 4969 livore
1297 4927 1509 4981 carens,
1569 4919 1622 4967 et
1668 4910 1801 4966 nihil
1831 4927 2003 4984 usque

403 5006 679 5069 saeularis
724 5004 916 5077 gloriae
965 5018 1211 5072 quarens
1248 5002 1559 5058 exercebat.
1590 5001 1730 5056 Nam
1761 5016 1846 5056 res
1874 5017 1999 5057 mo-

399 5099 697 5155 nachorum
723 5091 904 5167 posuit
931 5092 988 5146 in
1045 5090 1399 5160 dispositione
1427 5105 1635 5157 eorum,
1669 5089 1998 5145 constituens

399 5187 483 5245 eis
510 5185 567 5241 in
601 5185 845 5257 priorem
876 5187 999 5253 post
1050 5177 1361 5235 Henricum.
1404 5177 1711 5247 Ernulfum,
1742 5185 1867 5249 post
1894 5178 1998 5233 Er-

398 5275 636 5345 nulfum,
655 5270 963 5329 Conradum
985 5267 1176 5339 (ipsius
1190 5266 1295 5323 loci
1327 5266 1647 5338 monachos)
1677 5264 1744 5321 ad
1766 5282 1996 5339 quorum

395 5372 584 5423 nutum
608 5360 831 5436 negotia
857 5356 1121 5414 Ecclesia
1150 5362 1342 5412 cuncta
1370 5354 1726 5423 referrentur,
1758 5362 1813 5411 et
1838 5370 1996 5412 com-

396 5454 547 5512 muni
598 5449 827 5510 consilio
882 5447 1102 5506 fratrum
1132 5451 1500 5513 tractarentur,
1551 5444 1991 5518 disponerentur,

398 5543 829 5607 terminarentur.
884 5536 968 5595 Ex
1022 5534 1272 5595 libertate
1315 5532 1508 5608 igitur,
1539 5549 1647 5608 qua
1673 5534 1729 5591 in
1756 5549 1846 5593 res
1874 5551 1997 5593 suas

2112 4558 2399 4613 translatus
2430 4566 2529 4626 est,
2562 4557 2743 4613 omnia
2773 4558 2845 4612 ad
2895 4558 3278 4629 episwpatum
3322 4557 3538 4628 quidem
3571 4557 3718 4613 Can-

2114 4646 2437 4702 tuariensem
2468 4643 2812 4717 pertinentia,
2845 4660 3048 4701 morem
3096 4643 3283 4702 fratris
3311 4646 3392 4700 sui
3416 4645 3717 4702 Willhelmi

2111 4734 2255 4807 regis
2282 4742 2515 4804 secutus,
2539 4734 2595 4789 in
2623 4751 2775 4789 suum
2799 4734 3097 4790 dominium
3131 4751 3225 4791 rex
3251 4735 3518 4791 Henricus
3539 4735 3718 4808 redigi

2108 4823 2376 4895 pracipit,
2408 4822 2567 4880 rebus
2622 4823 3011 4880 monachorum
3043 4824 3099 4877 in
3129 4839 3194 4880 ea
3234 4838 3348 4895 qua
3401 4823 3524 4879 illas
3554 4824 3720 4880 Pater

2109 4910 2398 4967 Anselmus
2460 4918 2714 4982 posuerat
2772 4911 3023 4967 libertate
3079 4920 3127 4967 et
3159 4912 3503 4983 providentia
3532 4913 3716 4985 persi-

2106 5000 2388 5056 stentibus.
2415 5000 2572 5056 Unde
2615 5006 2668 5055 et
2716 5008 2840 5056 tunc
2896 5000 3064 5055 multa
3117 4999 3174 5055 in
3228 4999 3487 5057 decorem
3517 5001 3716 5057 domus

2100 5089 2323 5145 Domini
2352 5088 2546 5145 Christi
2574 5088 2719 5144 facta
2746 5096 2895 5144 sunt.
2935 5087 3285 5161 Quapropter
3310 5103 3435 5146 cum
3485 5089 3715 5162 maligni

2106 5178 2327 5251 quidam
2380 5177 2494 5250 regi
2540 5177 2937 5250 suggessissent
2984 5177 3278 5233 monachos
3342 5178 3595 5248 insanire,
3653 5187 3709 5235 et

2106 5283 2227 5338 qua
2252 5266 2533 5339 regalibus
2581 5266 2834 5338 expensis
2889 5264 3181 5339 magniﬁce
3220 5274 3440 5338 possent
3468 5266 3714 5323 admini-

2104 5356 2290 5425 culari,
2320 5356 2378 5410 in
2404 5354 2669 5428 superﬂos
2696 5370 2827 5411 usus
2882 5355 2953 5409 ab
3009 5355 3087 5410 eis
3139 5355 3380 5426 quotidie
3403 5356 3709 5429 proﬂigari,

2103 5445 2221 5517 ipse
2261 5445 2337 5516 (ut
2380 5444 2465 5501 vir
2518 5444 2771 5517 prudenti
2819 5443 3059 5500 bonitate
3087 5443 3453 5516 conspicuus).
3486 5468 3508 5493 ι
3543 5443 3708 5513 Quid,

2100 5533 2297 5609 inquit,
2347 5533 2403 5591 in
2457 5542 2705 5593 externas
2762 5548 3052 5608 expensas,
3112 5532 3167 5589 in
3192 5534 3473 5594 sacularia
3503 5534 3706 5611 aliqua,
