4044 6074
466 348 562 407 ἑ91

1482 332 1799 394 EADMEBI
1830 324 2387 391 CANTUARIENSIS
2414 324 2729 382 MONACHI

3658 335 3762 391 492

459 482 584 549 sint,
606 479 785 536 nullus
812 478 915 534 sibi
944 477 1012 534 de
1042 474 1107 530 iis
1134 488 1256 545 quae
1278 470 1428 526 Deus
1456 481 1565 521 non
1586 462 1870 536 approbat,
1883 459 2047 531 plau-
2074 455 2133 519 Α
2158 452 2265 549 _bro_
2297 453 2537 549 pristiam:
2556 451 2814 549 liistoriae
2825 452 3207 549 meminimus,
3240 455 3310 510 ad
3348 457 3597 531 regimen
3652 459 3759 515 ab-

460 570 575 641 dat,
608 569 864 644 quoniam
895 567 1040 622 unde
1069 562 1155 618 isti
1186 554 1608 650 coronam,_inde
1627 554 1703 650 illi
1732 551 2051 650 novitaequo

452 642 662 731 judicio
689 672 903 728 poenam
937 666 1266 727 praerogare.
1303 647 1409 703 Sed
1442 645 1509 701 de
1538 644 1642 712 his,
1688 642 1791 697 hac
1838 642 2048 694 interim

457 748 577 805 vice
600 746 845 803 sufﬁciat.
874 745 1005 800 Dies
1035 741 1181 799 enim
1211 738 1340 793 mali
1370 742 1512 791 sunt.

529 863 669 916 Dum
699 861 879 930 itaque
908 874 1004 912 rex
1032 853 1406 911 Ecclesiarum
1435 843 1797 918 dispositioni,
1819 851 1880 898 ut
1903 841 2048 897 dixi-

454 966 600 1016 mus,
634 964 855 1020 operam
883 946 1056 1011 daret,
1088 941 1388 1016 postulatus
1430 954 1463 993 a
1517 934 1775 1008 pontiﬁce
1806 934 2046 988 Cantua—

453 1036 656 1094 riorum
685 1045 784 1104 est,
817 1043 1084 1109 quatenus
1115 1031 1216 1087 sibi
1247 1030 1572 1085 monachum
1620 1022 1881 1079 Ecclesiae
1911 1021 2047 1075 Can-

455 1126 769 1195 tuarieusis,
803 1133 926 1181 tunc
954 1121 1175 1194 quidem
1232 1119 1486 1175 abbatem
1541 1114 1892 1177 Burchorum,
1949 1110 2047 1163 Er-

454 1215 663 1271 nulfum
696 1214 934 1282 nomine,
971 1211 1242 1277 redderet,
1275 1215 1332 1262 ut
1362 1222 1485 1262 eum
1512 1202 1751 1259 Roﬁ'ensi
1795 1199 2046 1256 Ecclesiae

455 1306 580 1362 loco
609 1301 882 1377 pontiﬁcis
905 1297 1231 1370 sibimetipsi
1262 1296 1603 1365 subrogaret.
1658 1292 1723 1347 Et
1766 1292 1867 1346 hoc
1921 1288 2045 1359 qui-

458 1396 583 1450 dem
614 1393 865 1458 faciebat,
900 1398 1012 1445 tum
1063 1387 1191 1459 quia
1237 1384 1554 1457 sapientiam
1611 1397 1674 1436 ac
1728 1378 2046 1451 religionem

454 1482 692 1539 hominis
746 1487 1077 1551 compertam
1136 1474 1394 1541 habebat,
1451 1480 1563 1526 tum
1621 1470 1748 1541 quia
1801 1469 2046 1540 ignotam

451 1586 743 1643 personam
774 1584 939 1638 super
966 1567 1137 1639 ipsam
1166 1564 1470 1621 Ecclesiam
1518 1560 1606 1616 vel
1660 1558 1798 1613 inter
1852 1556 2045 1611 fratres

453 1658 870 1717 Cantuarienses
898 1655 1187 1711 immittere
1243 1651 1484 1721 nolebat,
1542 1657 1658 1703 tum
1696 1647 1858 1702 etiam
1918 1647 2048 1716 quia

449 1765 512 1806 se
540 1765 609 1805 ex
639 1746 914 1804 vicinitate
943 1744 1117 1816 ipsius
1144 1742 1371 1796 multum
1402 1738 1651 1811 sperabat
1678 1734 2046 1805 adjuvandum

2158 541 2321 597 batiae
2351 541 2537 598 Sancti
2566 540 2858 597 Edmundi.

2229 658 2322 712 His
2352 658 2546 712 diebus
2576 657 2723 711 missi
2756 665 2883 712 sunt
2912 659 3139 714 Romam
3170 661 3363 732 nuntii,
3393 662 3485 735 qui
3536 663 3758 734 pallium

2158 747 2569 818 archiepisc0po
2600 746 2971 802 Cantuariensi
3002 747 3072 802 ab
3112 750 3413 819 apostolica
3468 752 3597 809 sede
3651 754 3756 809 de—

2155 836 2379 890 ferrent.
2414 835 2648 891 Fuerunt
2677 844 2856 890 autem
2887 837 2962 904 hi,
2993 837 3229 893 Joannes
3258 842 3555 896 monachus
3585 842 3754 915 Sagii,

2156 925 2245 994 qui
2276 925 2439 995 paulo
2469 932 2595 979 ante
2622 926 2725 980 hos
2755 925 2873 980 dies
2902 925 2956 979 in
2987 925 3237 981 abbatem
3270 929 3606 985 Burchorum
3633 938 3760 1001 post

2155 1012 2443 1083 praefatum
2478 1012 2814 1084 Ernulphum
2843 1013 3049 1069 electus
3080 1015 3255 1071 fuerat
3301 1025 3359 1072 et
3387 1028 3755 1088 consecratus,

2154 1102 2478 1157 Warnerius
2532 1103 2833 1158 monachus
2919 1102 3342 1171 Cantuariensis,
3401 1115 3456 1161 et
3525 1109 3761 1176 Joannes

2155 1189 2383 1246 clericus
2437 1189 2581 1245 ﬁlius
2651 1190 2859 1245 sororis
2919 1192 3339 1265 archiepiscopi,
3386 1195 3476 1264 qui
3530 1196 3754 1252 Romam

2153 1279 2434 1335 venientes
2465 1277 2669 1334 litteras
2695 1280 2842 1351 regis
2884 1280 3184 1351 Anglorum
3240 1289 3294 1336 et
3341 1283 3752 1356 archiepiscopi,

2154 1376 2458 1423 conventus
2483 1383 2700 1438 quoque
2730 1367 2955 1423 fratrum
3015 1369 3273 1427 Ecclesiae
3327 1370 3754 1440 Cantuariansis,

2155 1464 2207 1511 et
2252 1456 2564 1529 singulatim
2617 1456 2861 1511 omnium
2917 1472 3060 1527 pene
3116 1458 3496 1530 episcoporum
3546 1463 3760 1535 Anglice

2153 1545 2380 1602 domino
2412 1561 2572 1617 papae
2602 1545 2935 1602 detulerunt.
2975 1544 3217 1615 Quorum
3273 1548 3572 1606 litterarum
3620 1567 3757 1607 unas

2152 1635 2221 1689 de
2252 1634 2511 1690 omnibus
2533 1634 2624 1691 hic
2661 1648 2866 1706 ponere
2922 1650 3031 1690 non
3086 1635 3184 1691 abs
3236 1653 3299 1694 re
3344 1638 3754 1709 aestimavimus,

2150 1722 2400 1779 volentes
2429 1731 2483 1779 et
2511 1722 2746 1778 aliarum
2776 1739 2969 1779 sensus
3004 1739 3106 1794 per
3136 1725 3257 1781 illas
3311 1728 3560 1800 agnosci.
3621 1728 3758 1786 Sunt

450 1840 505 1895 in
537 1836 891 1908 dispositione
915 1810 1097 1889 rerum
1149 1847 1396 1886 suarum.
1435 1827 1594 1897 Quod
1650 1842 1748 1881 rex
1801 1839 2042 1897 perpen-
2072 1813 2125 1873 Β
2152 1810 2321 1885 igitur
2350 1814 2475 1867 hac:

449 1926 606 1996 dens,
641 1924 872 1980 libenter
899 1921 1109 1979 annuit.
1148 1919 1425 1975 Abductus
1451 1916 1620 1990 igitur
1638 1914 1807 1970 abbas
1832 1929 1865 1969 a
1906 1913 2044 1968 Bur-

450 2015 555 2071 cho
585 2024 684 2084 est,
720 2021 773 2069 et
804 2010 1107 2069 Cantuariae
1136 2011 1191 2064 in
1220 2007 1455 2079 capitulo
1486 2005 1715 2061 fratrum
1746 2003 1815 2058 ab
1852 2001 2044 2057 archi-

455 2105 715 2175 episcopo
745 2119 798 2157 ιν
828 2101 956 2156 Kal.
998 2098 1250 2155 Octobris
1290 2097 1605 2168 episcOpatu
1658 2092 1920 2158 Roffensi,
1977 2107 2044 2147 ex

450 2194 673 2265 antiquo
732 2206 885 2246 more
944 2188 1248 2255 investitus,
1306 2182 1757 2242 convenientibus
1817 2180 1886 2235 ad
1940 2182 2045 2235 hoc

447 2297 686 2353 cumque
717 2278 1043 2352 eligentibus
1073 2275 1373 2342 monachis,
1409 2272 1640 2341 clericis,
1673 2279 1725 2326 et
1779 2269 1930 2325 laicis
1974 2268 2044 2325 ad

444 2373 625 2443 ipsum
658 2368 1028 2441 episcOpatum
1057 2363 1470 2437 pertinentibus,
1504 2370 1559 2417 et
1608 2359 1715 2416 alia
1765 2359 2044 2415 hominum

448 2457 796 2516 multitudine
821 2457 1060 2529 c0piosa.
1096 2453 1199 2523 Qui
1231 2452 1452 2520 electus,
1485 2450 1613 2506 licet
1641 2449 1894 2505 Ecclesiae
1922 2448 2041 2504 Do-

446 2546 797 2606 robernensis
830 2545 1126 2602 monachus
1155 2549 1298 2598 esset
1324 2541 1627 2612 professus,
1658 2547 1836 2594 tamen
1883 2545 2041 2592 ante-

453 2654 614 2709 quam
646 2636 965 2706 episcopatu
980 2649 1080 2703 per
1107 2636 1319 2702 virgam
1335 2627 1662 2700 pastoralem
1678 2626 2041 2695 investiretur,

449 2725 606 2782 tactis
636 2721 972 2794 Evangeliis,
1004 2719 1260 2790 promisit
1288 2733 1346 2773 se
1366 2726 1419 2772 et
1446 2716 1760 2771 ﬁdelitatem
1782 2714 2045 2770 Ecclesia:

445 2810 822 2870 Cantuariensi
852 2817 905 2866 et
935 2807 1158 2864 antistiti
1188 2806 1305 2876 ejus
1324 2821 1423 2877 per
1452 2804 1633 2861 omnia
1678 2812 2040 2870 servaturum,

446 2909 502 2960 et
529 2901 680 2956 nullo
709 2913 949 2970 unquam
977 2894 1256 2952 molimine
1284 2901 1376 2950 aut
1431 2892 1713 2949 occasione
1758 2908 1817 2949 se
1868 2892 2042 2948 intro-

446 2992 765 3059 missurum,
798 2986 887 3044 vel
942 3000 1225 3041 assensum
1278 2982 1654 3055 praebiturum,
1685 2989 1743 3037 ut
1796 2980 2041 3038 Ecclesia

444 3076 857 3137 Cantuariensis
869 3074 1196 3148 dignitatern
1209 3079 1298 3128 aut
1351 3078 1673 3144 potestatem
1701 3087 1863 3141 quam
1879 3086 2042 3143 super

2229 1933 2252 1958 α
2290 1908 2517 1966 Domino
2547 1918 2745 1966 sanctae
2775 1911 3101 1969 universalis
3124 1911 3381 1968 Ecclesiae
3401 1930 3616 1972 summo
3631 1932 3759 1986 pas'

2151 1998 2277 2068 tori,
2312 1998 2580 2067 Paschali,
2616 2007 2916 2055 conventus
2945 2000 3210 2058 Ecclesiae
3257 2002 3460 2058 Christi
3515 2004 3756 2060 Cantua-

2151 2086 2365 2156 riensis,
2397 2087 2585 2143 ﬁdeles
2615 2088 2891 2145 orationes
2920 2097 2970 2145 et
2998 2089 3161 2147 totius
3210 2100 3408 2149 sanctae
3452 2093 3757 2150 devotionis

2151 2177 2494 2248 obsequium.

2226 2288 2248 2313 «ι
2282 2266 2482 2321 Notum
2513 2281 2636 2322 esse
2664 2282 2773 2324 non
2800 2267 3132 2325 dubitamus.
3171 2292 3192 2319 ››
3228 2278 3331 2327 etc.
3365 2271 3488 2329 Vide
3518 2274 3581 2328 in
3611 2271 3754 2330 Pa:-

2150 2354 2303 2411 chali
2335 2356 2400 2410 ΙΙ.

2221 2452 2304 2508 Ad
2336 2454 2472 2522 haec,
2508 2453 2596 2525 qui
2629 2454 2780 2510 missi
2796 2454 3026 2525 fuerant,
3044 2455 3331 2529 legationis
3359 2473 3474 2512 sum
3488 2457 3752 2526 ofﬁcium,

2151 2557 2260 2612 qua
2317 2542 2526 2612 praediti
2573 2552 2731 2599 erant
2785 2544 3099 2614 prudentia,
3160 2545 3480 2616 apostolicis
3536 2547 3757 2603 auribus

2150 2634 2559 2701 suggesserunt,
2587 2631 2683 2686 sed
2700 2648 3041 2704 responsum,
3060 2634 3207 2703 quod
3220 2634 3299 2688 eis
3321 2633 3551 2704 alicujus
3570 2651 3753 2691 causae

2148 2732 2262 2772 suae
2293 2717 2518 2774 eﬁ‘ectus
2546 2736 2698 2791 spem
2733 2721 3092 2791 promitteret,
3124 2722 3300 2793 primo
3347 2723 3587 2793 recipere
3644 2740 3755 2779 non

2146 2814 2479 2862 meruerunt.
2513 2808 2697 2863 Locuti
2728 2815 2852 2863 sunt
2879 2809 2963 2863 his
3010 2816 3064 2864 et
3117 2809 3225 2865 illis
3272 2809 3379 2864 sibi
3442 2825 3551 2865 non
3601 2812 3753 2867 notis

2146 2900 2197 2949 et
2227 2894 2658 2966 respondebatur
2688 2896 2767 2952 eis
2795 2897 2935 2953 sicut
2961 2897 3188 2971 ignotis.
3220 2898 3571 2956 Fluctuabant
3585 2915 3750 2974 ergo,

2149 2996 2249 3038 nec
2278 2998 2386 3053 quo
2414 2999 2473 3040 se
2504 2992 2616 3040 tuto
2646 2993 2920 3042 verterent
2950 2986 3321 3045 advertebant.

2216 3069 2348 3125 Erat
2373 3070 2480 3126 illis
2508 3071 2705 3130 diebus
2732 3073 2922 3130 Romae
2950 3074 3238 3131 Anselmus
3266 3091 3438 3148 nepos
3498 3076 3763 3134 Auselmi

442 3167 752 3225 Roﬂ‘eusem
807 3164 1110 3221 Ecclesium
1162 3170 1389 3218 eatenus
1439 3161 1648 3228 habuit,
1705 3161 1819 3216 ullo
1875 3159 2039 3216 modo
2068 3171 2118 3235 ο
2148 3158 2355 3214 domini
2380 3160 2794 3232 archiepiscopi,
2841 3163 3064 3220 domino
3120 3180 3276 3236 papae
3337 3164 3638 3235 familiaris,
3696 3176 3754 3223 et

439 3256 714 3330 perderet.
745 3256 817 3312 Ut
846 3252 990 3309 enim
1020 3252 1125 3308 ista
1153 3250 1373 3323 sponsio
1402 3248 1555 3305 ﬁeret
1592 3249 2037 3321 archiepiscopus

440 3345 554 3418 (qui
579 3342 849 3402 Roﬁ'eusis
878 3341 1166 3414 episcOpus
1190 3339 1389 3409 fuerat)
1434 3337 1753 3394 omnimodo
1783 3337 2040 3410 expedire

436 3433 662 3490 sciebat.
696 3432 936 3488 Moratus
965 3438 1054 3485 est
1081 3437 1262 3485 autem
1290 3427 1412 3499 ipse
1476 3427 1681 3483 electus
1732 3426 2037 3482 Cantuariae

438 3538 579 3595 pene
609 3519 917 3594 quindecim
945 3518 1141 3574 diebus
1170 3523 1295 3587 post
1326 3518 1461 3585 hac,
1494 3531 1559 3571 ac
1587 3514 1807 3571 demum
1846 3531 1900 3571 vi
1951 3513 2032 3570 Id.

441 3609 709 3668 Octobris
738 3608 808 3663 ab
841 3606 1253 3675 archiepiscopo
1286 3603 1573 3674 Rhopham
1600 3604 1897 3673 perductus
1950 3606 2037 3658 at-

437 3715 544 3770 que
574 3697 631 3752 in
661 3696 848 3751 sedem
875 3692 1241 3765 pontiﬁcalem
1270 3692 1437 3764 digno
1461 3707 1585 3747 cum
1616 3692 1819 3747 honore
1838 3708 1870 3746 a
1889 3691 2036 3748 clero

440 3795 495 3842 et
522 3784 726 3857 populo
754 3790 1061 3853 susceptus.
1101 3781 1309 3836 Eadem
1340 3780 1430 3835 die
1459 3779 1672 3848 ﬂuvius,
1721 3780 2035 3853 Medewegc

436 3880 686 3943 vocatus,
718 3871 793 3927 ita
821 3870 891 3926 ab
916 3870 1138 3926 australi
1166 3869 1348 3939 pontis
1376 3875 1552 3941 parte,
1583 3884 1753 3940 prope
1799 3877 2034 3924 castrum

437 3961 695 4031 civitatis,
728 3977 830 4033 per
858 3958 1117 4016 nonnulla
1144 3957 1397 4012 milliaria
1422 3957 1479 4012 in
1512 3973 1570 4012 se
1600 3957 1821 4024 defecit,
1869 3965 1926 4012 ut
1978 3957 2035 4012 in

438 4052 621 4109 medio
652 4051 809 4108 alveo
833 4049 916 4105 sui
948 4049 1116 4105 etiam
1145 4046 1488 4119 parvissima:
1519 4062 1705 4113 naves,
1738 4046 1809 4101 ob
1856 4062 2032 4118 penu-

436 4141 572 4198 riam
598 4154 778 4212 aquae,
811 4138 954 4194 elabi
1010 4137 1238 4192 minime
1293 4141 1535 4207 possent,
1590 4151 1690 4190 nec
1739 4135 1884 4191 hunc
1930 4135 2031 4190 de-

438 4230 643 4287 factum
699 4226 847 4284 solus
902 4224 994 4281 ille
1049 4225 1265 4295 ﬂuvius,
1328 4225 1446 4296 ipsa
1500 4224 1610 4292 die,
1668 4238 1869 4293 passus
1924 4231 2026 4279 est.

437 4315 682 4372 Tamisia
710 4314 1063 4370 nihilominus
1092 4314 1272 4370 eidem
1301 4312 1397 4367 illa
1445 4312 1532 4367 die
1560 4312 1794 4367 defectui
1826 4314 2022 4383 patuit.

436 4404 579 4460 Nam
609 4404 750 4461 inter
788 4410 1009 4476 pontem
1068 4410 1121 4458 et
1176 4400 1380 4473 regiam
1443 4400 1656 4464 turrim,
1717 4400 1818 4455 sub
1868 4410 2029 4472 ponte

432 4492 599 4549 etiam
629 4494 684 4548 in
715 4500 922 4549 tantum
954 4489 1202 4567 ﬂuminis.
1224 4488 1392 4560 ipsius
1445 4503 1584 4557 aqua
1629 4487 1892 4545 diminuta
1947 4499 2030 4546 est

432 4588 628 4638 utnon
657 4581 837 4637 solum
865 4579 1012 4650 equi,
1045 4576 1143 4633 sed
1194 4584 1248 4632 et
1304 4576 1593 4632 innumera
1647 4577 1926 4633 hominum
1974 4589 2029 4636 et

427 4684 725 4741 puerorum
766 4666 1056 4724 multitudo
1113 4664 1247 4721 illud
1303 4664 1533 4737 pedibus
1591 4666 2021 4734 trausvadarent,

430 4773 573 4830 aqua
600 4756 689 4815 vix
719 4772 903 4830 genua
945 4771 1138 4812 eorum
1196 4754 1517 4827 attingente.
1574 4755 1805 4811 Duravit
1844 4764 2023 4812 autem

426 4845 519 4901 hic
574 4861 729 4919 aquae
787 4845 1039 4901 defectus
1094 4860 1126 4899 a
1174 4843 1361 4900 medio
1444 4842 1618 4899 noctis
1671 4845 2024 4914 praecedentis

426 4948 600 5004 usque
627 4934 700 4989 ad
728 4932 1029 5004 profundas
1084 4931 1336 4987 tenebras
1391 4932 1565 4988 noctis
1613 4931 2020 5004 subsequentis,

426 5019 568 5077 sicut
624 5020 679 5075 hi
738 5021 917 5076 testati
972 5026 1112 5087 sunt,
1172 5027 1225 5075 et
1281 5021 1557 5091 hucusque
1618 5027 1878 5076 testantur
1931 5024 2023 5094 qui

425 5115 728 5180 placentes
757 5108 860 5164 ista
889 5107 1166 5178 viderunt,
1200 5115 1254 5163 et
1301 5109 1715 5165 transvadantes
1770 5118 2021 5167 transva-

425 5195 668 5255 dantium
696 5196 833 5253 socii
862 5197 1197 5252 exstiterunt.
1229 5196 1476 5253 Similem
1508 5213 1723 5267 quoque
1759 5214 2020 5269 aquarum

423 5284 701 5348 defectum
730 5285 852 5357 ipso
883 5285 973 5342 die
1015 5286 1161 5356 apud
1216 5284 1658 5356 Gervemutham,
1691 5295 1745 5343 et
1800 5288 1854 5342 in
1902 5288 2020 5344 aliis

424 5373 563 5443 locis
592 5391 691 5447 per
716 5374 970 5447 Angliam
1000 5384 1145 5429 certo
1176 5375 1345 5429 relatu
1371 5374 1662 5447 contigisse
1710 5376 2016 5433 didicimus.

492 5463 708 5520 Dehinc
737 5463 857 5519 Kal.
888 5462 1162 5519 Novemb.
1208 5462 1526 5532 Radulphus
1578 5465 2020 5536 archiepisc0pus

418 5553 658 5609 sacravit
708 5551 1010 5608 Cantuarize
1067 5552 1121 5605 in
1176 5552 1464 5622 metropoli
1519 5553 1649 5608 sede
1701 5554 2013 5621 Alboldum,

417 5632 707 5699 Béccensis
733 5639 969 5698 cmnobii
1023 5642 1371 5714 monachum,
1403 5642 1560 5714 cujus
1586 5641 1643 5699 in
1695 5650 1887 5715 quarto
1944 5643 2014 5698 li-

2146 3245 2216 3302 ab
2245 3263 2311 3304 eo
2339 3248 2510 3304 abbas
2538 3249 2726 3306 Sancti
2757 3250 2916 3307 Saba:
2947 3252 3277 3308 confessoris
3325 3252 3567 3310 effectus.
3623 3253 3749 3323 Qui,

2144 3334 2201 3391 in
2230 3335 2423 3392 diebus
2470 3337 2614 3393 beati
2659 3340 2915 3396 avunculi
2970 3340 3053 3396 sui
3107 3340 3347 3412 plurimo
3398 3349 3641 3413 tempore
3692 3343 3751 3397 in

2143 3424 2341 3497 Anglia
2369 3425 2594 3499 degens,
2627 3443 2724 3498 pro
2754 3428 3169 3485 mansuetudine
3197 3446 3294 3485 sua
3350 3429 3422 3485 ab
3477 3430 3754 3502 indigenis

2145 3519 2304 3568 terrm
2336 3515 2490 3584 quasi
2543 3532 2686 3570 unus
2729 3531 2918 3572 eorum
2977 3517 3325 3589 diligebatur.
3385 3518 3505 3585 Hic,
3562 3519 3750 3575 audito

2142 3602 2401 3672 praefatos
2431 3603 2655 3659 nuntios
2684 3604 2992 3672 advenisse,
3024 3606 3203 3662 alacer
3230 3606 3302 3662 ad
3338 3622 3435 3663 eos
3464 3607 3750 3665 Laterauis

2143 3690 2311 3758 venit,
2343 3698 2396 3746 et
2421 3690 2475 3745 in
2505 3693 2714 3748 cunctis
2746 3708 2864 3764 quae
2894 3694 3100 3766 negotii
3148 3694 3231 3749 sui
3264 3702 3419 3751 tenor
3464 3696 3748 3769 exigebat,

2143 3792 2277 3850 erga
2306 3794 2399 3833 eos
2427 3795 2632 3835 morem
2672 3781 2789 3836 veri
2819 3781 2980 3836 amici
3009 3798 3263 3853 sequens,
3298 3784 3555 3840 exercuit.
3600 3783 3748 3853 Quid

2141 3865 2343 3937 plura?
2374 3868 2683 3924 Romanum
2726 3869 3061 3941 pontiﬁcem,
3120 3879 3175 3925 et
3231 3887 3461 3943 quorum
3518 3873 3749 3929 consilio

2140 3954 2411 4010 nitebatur
2440 3957 2841 4014 communicata
2872 3959 3147 4029 instantia,
3178 3959 3253 4015 ita
3300 3977 3477 4016 causae
3531 3961 3747 4017 illorum

2141 4042 2378 4099 fautores
2409 4043 2587 4101 eﬁ‘ecit
2616 4054 2673 4100 ut
2701 4048 2878 4115 gratis
2910 4048 3132 4103 omnino
3165 4049 3276 4104 voti
3326 4048 3409 4103 sui
3465 4058 3750 4120 compotes

2138 4130 2345 4201 ﬁerent,
2379 4140 2430 4187 et
2459 4133 2638 4203 ipsum
2665 4135 2981 4191 Anselmum
3011 4137 3123 4206 (qui
3174 4136 3422 4207 pallium,
3481 4153 3582 4209 pro
3636 4155 3748 4211 quo

2136 4218 2366 4289 iverant,
2409 4237 2476 4276 ex
2506 4231 2663 4292 parte
2691 4223 2834 4279 beati
2864 4224 3007 4279 Petri
3038 4232 3092 4279 et
3115 4223 3319 4280 domini
3368 4242 3527 4297 papae
3591 4226 3742 4282 Can-

2138 4310 2372 4363 tuariam
2402 4310 2656 4382 deferret)
2688 4312 2935 4368 tradente
2965 4313 3115 4367 illum
3150 4314 3342 4368 eodem
3374 4329 3588 4370 summo
3608 4331 3747 4385 pon-

2138 4395 2297 4465 tiﬁce,
2329 4413 2429 4467 per
2460 4415 2679 4453 manum
2710 4400 3042 4472 accipereut.
3076 4400 3284 4469 Quibus
3332 4402 3538 4473 peracti
3594 4420 3741 4459 nun-

2135 4483 2198 4539 tii
2231 4486 2403 4542 Roma
2431 4488 2828 4560 regrediuntur.
2861 4490 3118 4545 Anselmo
3147 4507 3246 4561 pro
3277 4490 3346 4545 iis
3378 4507 3498 4561 quae
3524 4506 3622 4546 sua
3651 4492 3744 4546 in-

2138 4581 2370 4630 tererant
2404 4590 2528 4631 cum
2558 4592 2701 4649 papa
2729 4577 2937 4634 relicto.
2971 4578 3263 4635 Venientes
3280 4579 3449 4651 igitur
3474 4581 3532 4634 in
3551 4580 3749 4635 North-

2134 4663 2354 4717 mannia
2384 4665 2453 4719 ad
2484 4682 2689 4737 regem,
2719 4666 2846 4737 quid
2878 4668 3087 4738 egerint
3131 4668 3456 4734 edisserunt,
3512 4675 3564 4724 et
3622 4685 3739 4725 sua:

2131 4749 2408 4807 industriae
2449 4753 2671 4808 meritas
2726 4755 2916 4810 laudes
2970 4755 3276 4827 excipiunt.
3337 4757 3471 4812 Inde
3528 4756 3740 4813 directo

2130 4840 2319 4895 nuntio
2352 4841 2404 4895 in
2436 4842 2707 4914 Angliam,
2743 4844 2836 4916 qui
2867 4844 3283 4916 archiepiscopo
3304 4854 3458 4917 gesta
3488 4845 3737 4916 referret,

2131 4927 2237 4999 ipsi
2263 4929 2555 4984 adventum
2585 4931 2797 5001 praefati
2827 4932 3073 4987 Anselmi
3102 4939 3246 4987 trans
3301 4949 3453 4987 mare
3499 4941 3737 5005 praesto-

2129 5016 2324 5072 lantur.
2346 5016 2485 5086 Quid
2512 5019 2809 5074 adveniens
2825 5037 2857 5074 a
2885 5037 3015 5093 rege
3037 5037 3163 5077 cum
3189 5023 3395 5076 honore
3421 5022 3734 5093 suscipitur,

2130 5122 2193 5160 ac
2222 5122 2320 5176 pro
2352 5122 2451 5162 sua
2502 5107 2867 5164 sollicitudine
2906 5109 3157 5182 dignitati
3211 5109 3368 5182 regni
3425 5110 3734 5182 Anglorum

2128 5193 2380 5265 impensa
2409 5195 2589 5268 dignae
2610 5205 2791 5269 grates
2810 5198 3213 5269 persolvuntur.
3249 5196 3484 5252 Traditis
3530 5197 3733 5254 deinde

2128 5283 2320 5338 litteris
2350 5284 2452 5355 ipsi
2483 5302 2515 5340 a
2544 5300 2685 5357 papa
2711 5285 2950 5352 directis,
2993 5294 3115 5356 post
3169 5286 3380 5357 aliquot
3434 5286 3552 5342 dies
3603 5301 3730 5343 cum

2128 5386 2194 5427 eo
2261 5382 2470 5443 exacto,
2529 5374 2785 5447 Angliam
2842 5375 3015 5430 nuntii
3071 5375 3161 5445 qui
3219 5375 3391 5429 Roma
3446 5382 3726 5444 venerant,

2126 5463 2417 5516 comitatus
2448 5462 2685 5536 impiger
2744 5463 2931 5520 tendit.
2989 5463 3304 5519 Litterarum
3362 5470 3537 5520 textus
3591 5479 3727 5535 quas

2124 5550 2240 5623 regi
2271 5552 2554 5620 detulerat,
2588 5552 2675 5607 hic
2704 5560 2782 5608 est
2807 5569 2820 5608 :

2203 5672 2225 5700 α
2260 5650 2536 5707 Paschalis
2608 5650 2918 5724 episcopus,
2971 5666 3171 5709 servus
3246 5665 3526 5711 servorum
3593 5647 3719 5722 Dei,
