4044 6074
312 393 410 452 493

1390 381 1719 441 HISTORIA
1748 377 2115 443 NOVORUM.
2176 418 2245 427 —
2280 384 2421 444 LIB.
2456 386 2526 446 Υ.

3503 399 3604 459 494

311 519 510 575 dilecto
543 515 654 572 filio
684 513 917 570 Henrico
938 511 1132 567 illustri
1188 509 1481 584 Anglorum
1527 511 1646 581 regi
1684 511 1909 567 salutem
1936 509 1994 572 A
2025 512 2206 567 omnia
2251 522 2305 569 et
2364 511 2418 568 in
2473 518 2728 573 omnibus
2777 519 3160 589 exhibiturum,
3203 521 3332 580 dum
3382 526 3611 596 viveret,

307 615 362 664 et
389 605 749 677 apostolicam
778 601 1234 658 benedictionem.

387 721 408 745 α
434 696 570 752 Cum
600 694 666 749 de
696 708 860 747 manu
883 689 1116 755 Domini,
1153 712 1174 738 υ
1210 696 1318 744 etc.
1364 689 1486 743 Vide
1507 689 1570 743 in
1625 689 1906 744 Paschali.

379 786 554 857 Igitur
580 782 871 838 Anselmus
894 779 1145 852 Angliam
1177 778 1478 850 ingressus,
1541 777 1907 846 archiepisco-

310 891 440 947 pum
462 872 614 938 adiit,
657 885 816 941 aquo
857 869 1115 924 decenter
1171 875 1468 938 susceptus,
1527 866 1783 921 decenter
1831 872 1915 919 est

315 979 414 1036 per
440 961 727 1032 plurimum
760 965 972 1027 tempus
1010 956 1079 1010 ab
1102 971 1166 1010 eo
1196 955 1462 1009 detentus.
1494 955 1592 1008 Die
1615 969 1748 1024 ergo
1797 953 1914 1006 Do-

317 1051 543 1116 minica,
573 1062 692 1119 qua
719 1044 821 1101 fuit
849 1062 882 1099 v
910 1044 1030 1098 Kal.
1061 1042 1210 1107 Julii,
1234 1049 1605 1098 convenerunt
1634 1042 1692 1095 in
1709 1050 1913 1096 metro-

319 1139 432 1212 poli
462 1137 593 1193 sede
624 1135 826 1192 Cantia
855 1132 1117 1204 episcopi,
1167 1131 1410 1198 abbates,
1458 1131 1656 1202 quique
1709 1129 1918 1185 nobiles

322 1237 375 1286 et
421 1223 828 1283 innumerabilis
879 1236 1314 1292 quaquaversum
1365 1227 1554 1274 coacta
1635 1218 1916 1274 hominum

320 1315 627 1373 multitudo.
670 1312 1025 1383 Itaquejuxta
1059 1309 1204 1380 quod
1244 1309 1419 1363 fuerat
1474 1307 1916 1378 praordinatum,

321 1406 580 1480 praefatus
603 1402 888 1458 Anselmus
916 1399 1142 1471 pallium
1183 1398 1238 1452 in
1268 1412 1397 1453 vase
1424 1405 1685 1469 argenteo
1740 1397 1922 1452 hono-

321 1495 470 1551 riﬁce
493 1494 691 1559 ferens,
721 1489 1066 1545 Cantuariam
1097 1488 1269 1552 venit,
1295 1486 1536 1557 itumque
1577 1492 1659 1540 est
1704 1484 1782 1539 illi
1832 1484 1922 1539 ob-

324 1586 469 1642 viam
507 1596 678 1654 usque
707 1580 776 1634 ad
808 1582 1024 1650 portam
1080 1575 1331 1640 civitatis,
1397 1575 1466 1628 ab
1509 1583 1736 1643 utroque
1785 1589 1920 1629 con-

322 1681 486 1730 ventu
514 1671 740 1726 duarum
754 1667 1134 1732 Ecclesiarum,
1170 1663 1668 1735 archiepiscopatus
1722 1663 1927 1718 scilicet

322 1773 374 1820 et
404 1761 596 1817 vicina
625 1757 858 1814 abbatia
888 1754 1069 1812 Sancti
1126 1753 1432 1825 Augustini,
1489 1769 1618 1808 cum
1675 1751 1929 1808 omnibus

2015 603 2336 672 repromisit.
2370 605 2581 660 Eodem
2613 623 2753 663 anno
2793 609 3060 665 Henricus
3097 627 3196 666 rex
3221 613 3390 683 jussit
3424 631 3616 672 omnes

2017 695 2306 762 episcOpos
2335 701 2388 747 et
2417 695 2690 766 principes
2713 697 2874 752 totius
2903 699 3056 770 regni
3080 700 3150 755 ad
3197 702 3405 758 curiam
3461 721 3615 760 suam

2020 780 2121 834 sub
2151 796 2256 835 uno
2286 784 2491 837 venire.
2524 785 2676 840 Unde
2705 802 2890 841 rumor
2919 803 3022 857 per
3053 797 3217 845 totam
3251 799 3450 848 terram
3499 794 3609 850 dis-

2023 885 2210 940 persus
2250 880 2328 924 est
2355 871 2668 940 pontiﬁcem
2700 873 3108 932 Cantuariorum
3174 878 3431 950 generale
3487 897 3618 938 con-

2022 958 2203 1014 cilium
2225 958 2512 1029 (prasente
2541 959 2719 1032 legato
2763 963 2967 1018 domini
3034 981 3209 1035 papa,
3250 969 3406 1038 cujus
3454 986 3616 1041 supra

2025 1048 2385 1118 meminimus)
2425 1049 2838 1116 celebraturum,
2899 1061 2952 1107 et
3004 1069 3144 1110 nova
3199 1057 3446 1126 quadam
3493 1067 3618 1114 tan-

2025 1146 2186 1208 toque
2215 1139 2504 1194 conventui
2534 1138 2695 1210 digna
2747 1155 2847 1209 pro
2911 1143 3247 1198 correctione
3303 1145 3620 1204 Christiana

2026 1227 2375 1299 religionisin
2392 1228 2538 1282 omni
2569 1229 2757 1284 ordine
2776 1230 3267 1301 promulgaturum.
3327 1235 3518 1306 Itaque
3563 1246 3622 1292 ut

2025 1332 2121 1370 rex
2141 1315 2372 1384 jusserat
2439 1332 2531 1370 xvr
2588 1317 2708 1370 Kal.
2769 1316 2987 1386 Octob.,
3034 1328 3330 1376 conventus
3379 1324 3620 1379 omnium

2030 1404 2174 1476 apud
2193 1405 2740 1460 Westmonasterium
2758 1405 2813 1459 in
2858 1406 3061 1476 palatio
3110 1411 3258 1479 regis
3293 1409 3466 1466 factus
3515 1421 3619 1478 est,

2030 1503 2083 1550 et
2124 1494 2272 1565 quod
2328 1494 2396 1548 de
2425 1493 2640 1550 concilii
2682 1494 3048 1551 celebratione
3099 1503 3153 1550 et
3204 1497 3624 1554 Christianitatis

2031 1583 2406 1639 emendatione
2461 1597 2648 1636 rumor
2692 1581 3028 1651 disperserat
3080 1582 3215 1638 nihil
3261 1584 3422 1642 fuisse
3508 1603 3630 1659 qua

2033 1673 2366 1730 conﬂuxerat
2390 1669 2674 1725 multitudo
2689 1671 2906 1725 tandem
2937 1671 3185 1727 advertit.
3233 1674 3392 1730 Venit
3443 1683 3626 1732 tamen

2033 1763 2158 1817 illuc
2187 1775 2337 1830 sape
2365 1759 2680 1814 nominatus
2732 1759 3046 1828 Anselmus,
3091 1760 3182 1832 qui
3224 1762 3448 1831 pallium
3474 1763 3624 1820 Can-

322 1852 412 1924 qui
443 1865 540 1923 pro
595 1849 701 1904 hoc
756 1847 873 1918 ipso
915 1843 1008 1900 illo
1046 1843 1444 1899 conﬂuxerant.
1504 1842 1660 1897 Pater
1696 1842 1924 1914 stipatus

2041 1852 2258 1914 tuariam
2289 1847 2570 1913 detulerat,
2603 1845 2851 1902 deferens
2878 1847 3161 1918 epistolam
3189 1865 3261 1905 ex
3292 1861 3446 1923 parte
3509 1869 3635 1925 apo-

323 1939 618 2013 episcOpis,
652 1945 705 1992 et
729 1936 967 2002 indutus,
998 1941 1055 1987 ut
1084 1932 1199 2000 alii,
1226 1930 1466 1988 vestibus
1521 1931 1704 1999 sacris,
1764 1931 1924 1986 nudis

321 2029 556 2100 pedibus
617 2026 846 2082 devotus
905 2021 1161 2078 occurrit.
1216 2019 1410 2088 Sicque
1467 2019 1712 2074 delatum
1766 2036 1928 2090 super

322 2117 497 2174 altare
526 2113 828 2172 Salvatoris
883 2109 1118 2182 pallium
1168 2117 1266 2176 est,
1326 2116 1379 2164 et
1433 2124 1465 2163 a
1503 2108 1753 2179 pontiﬁce
1802 2109 1929 2163 inde

323 2213 661 2277 susceptum,
686 2203 826 2258 facta
856 2202 1003 2273 prius
1057 2201 1301 2254 Romano
1357 2197 1598 2269 pontifici
1655 2200 1723 2253 de
1759 2197 1930 2252 ﬁdeli-

331 2304 440 2352 tate
459 2303 512 2350 et
532 2292 796 2350 canonica
824 2288 1134 2346 obedientia
1161 2285 1529 2357 professione.
1577 2286 1785 2341 Deinde
1832 2301 1930 2356 pro

331 2382 635 2441 reverentia
660 2380 803 2436 beati
834 2378 978 2434 Petri
997 2377 1066 2433 ab
1097 2375 1350 2431 omnibus
1380 2375 1741 2442 deosculatur,
1772 2382 1825 2428 et
1852 2373 1932 2428 in-

332 2473 498 2528 dutus
547 2486 612 2526 eo
655 2468 896 2540 pontifex
924 2481 1166 2520 summus
1208 2463 1278 2518 ad
1333 2463 1647 2520 cathedram
1691 2463 1932 2534 patriar-

330 2562 520 2617 chatus
548 2559 848 2631 Anglorum
890 2556 1131 2628 gloriose
1189 2553 1526 2624 perducitur,
1586 2559 1641 2608 et
1675 2551 1932 2607 inthroni-

330 2658 500 2705 zatur.
530 2652 666 2703 Ante
696 2662 861 2720 quam
882 2645 1220 2710 cathedram,
1266 2642 1421 2698 dictis
1463 2641 1824 2708 orationibus,
1883 2648 1936 2695 et

331 2739 454 2795 aliis
495 2754 615 2809 qua
656 2735 823 2807 ipsius
862 2733 1124 2790 Ecclesia
1171 2749 1325 2788 sacer
1354 2748 1478 2786 usus
1534 2730 1640 2786 dici
1687 2729 1934 2797 instituit,

331 2843 461 2883 mox
492 2825 753 2881 Ecclesiae
804 2821 1162 2895 Vigornensis
1201 2820 1424 2876 antistes
1476 2819 1702 2887 electus,
1752 2819 1935 2873 Theo-

334 2916 535 2972 baldus
565 2913 804 2982 nomine,
837 2911 889 2968 ei
944 2909 1343 2967 consecrandus
1398 2915 1779 2980 prasentatur.
1832 2906 1936 2975 Qui

2035 1942 2212 2000 stolici
2242 1938 2358 2010 regi
2387 1944 2439 1992 et
2469 1934 2741 2008 episcopis
2788 1936 3016 2008 Anglia,
3077 1939 3222 1994 hunc
3266 1946 3469 1996 textum
3524 1942 3631 1997 ha-

2035 2035 2276 2089 bentem.

2112 2143 2135 2168 α
2170 2115 2443 2173 Paschalis
2479 2115 2790 2185 episcopus,
2826 2128 3013 2169 servus
3040 2130 3318 2172 servorum
3366 2118 3481 2187 Dei,
3543 2119 3623 2174 di-

2038 2211 2176 2266 lecto
2207 2205 2318 2260 ﬁlio
2349 2203 2580 2259 Henrico
2608 2202 2798 2258 illustri
2821 2201 2960 2273 regi,
3010 2209 3063 2257 et
3089 2203 3359 2275 episcopis
3414 2206 3626 2280 Anglici

2037 2297 2193 2370 regni
2225 2293 2456 2350 salutem
2488 2300 2541 2348 et
2569 2291 2924 2361 apostolicam
2952 2291 3410 2349 benedictionem.

2115 2408 2136 2434 α
2173 2381 2419 2452 Qualiter
2439 2381 2686 2437 Ecclesia
2714 2379 2812 2434 Dei
2852 2378 3074 2435 fundata
3129 2380 3215 2449 sit,
3279 2404 3301 2431 ι»
3356 2389 3464 2440 etc.
3512 2383 3638 2442 Vide

2040 2476 2105 2531 in
2137 2471 2400 2528 Paschali
2429 2470 2508 2524 ΙΙ.

2114 2563 2224 2616 Rex
2257 2559 2324 2614 ad
2354 2561 2490 2627 hac,
2523 2556 2748 2614 consilio
2786 2572 2909 2613 cum
2951 2556 3224 2629 episcopis
3279 2557 3468 2616 habito
3507 2560 3638 2634 quid

2042 2667 2205 2722 super
2241 2649 2324 2704 his
2352 2656 2405 2703 et
2457 2646 2782 2717 quibusdam
2841 2645 2962 2701 aliis
3026 2661 3152 2719 qua
3215 2646 3455 2703 animum
3486 2666 3643 2705 suum

2043 2740 2336 2814 plurimum
2367 2735 2713 2793 oﬁendebant
2735 2750 2894 2807 papa
2921 2734 3292 2805 responderet,
3337 2737 3537 2807 placuit
3590 2739 3646 2792 in

2042 2842 2331 2886 commune
2346 2833 2404 2881 ut
2433 2840 2562 2880 suos
2592 2823 2810 2880 nuntios
2859 2824 3115 2889 mitteret,
3173 2840 3274 2896 per
3330 2841 3464 2895 quos
3520 2841 3643 2898 qua

2040 2917 2202 2974 vellet
2217 2913 2460 2971 securius
2489 2929 2648 2984 papa
2671 2911 2975 2967 mandaret.
3007 2913 3150 2967 Nam
3199 2920 3323 2969 ante
3369 2916 3470 2971 hos
3525 2915 3644 2971 dies

332 3004 400 3061 ab
425 3020 490 3060 eo
534 3003 875 3060 examinatus
913 3008 967 3055 et
1005 3015 1158 3054 more
1213 2997 1368 3053 solito
1425 2997 1741 3053 canonicam
1789 2996 1842 3051 ei
1884 3001 1939 3049 et
2036 3005 2533 3080 quidamRomana
2562 3001 2826 3057 Ecclesiae
2847 3000 3137 3056 cardinalis
3195 3001 3411 3058 functus
3469 3003 3633 3076 leg...

332 3091 732 3149 successoribus
761 3089 872 3146 suis
911 3087 1273 3145 obedientiam
1336 3085 1635 3156 professus,
1688 3092 1936 3140 sacratus

2041 3095 2186 3150 tione
2216 3090 2528 3163 apostolica
2556 3089 2719 3156 sedis,
2751 3089 2902 3144 Cono
2931 3088 3170 3156 nomine,
3203 3090 3484 3146 Franciam
3542 3108 3642 3147 ve-

335 3190 419 3278 est
436 3179 746 3278 honorifice
774 3179 830 3234 in
860 3176 1231 3276 pontiﬁcatum
1264 3176 1332 3274 ad
1359 3191 1520 3278 quem
1560 3174 1742 3230 fuerat
1797 3188 1933 3278 ρξξθ-
1965 3213 2015 3278 C
2043 3189 2216 3248 uerat,
2248 3191 2298 3235 et
2321 3179 2418 3245 ibi,
2446 3179 2605 3248 juxta
2634 3192 2745 3232 sua
2781 3175 3064 3247 legationis
3083 3175 3336 3244 oﬂicium,
3361 3179 3648 3250 generalia

335 3270 594 3326 titulatus.
625 3268 767 3324 Huic
814 3265 1208 3324 consecrationi
1262 3263 1616 3320 interfuerunt
1671 3268 1726 3318 et
1779 3261 1937 3332 adju-

335 3367 482 3414 tores
508 3357 822 3414 exstiterunt
863 3353 1102 3427 episcopi
1161 3353 1252 3425 qui
1302 3359 1690 3418 convenerant,
1736 3349 1937 3406 videli-

336 3456 422 3503 cet
447 3445 747 3504 Richardus
775 3443 1186 3508 Lundoniensis,
1218 3441 1491 3514 Rogerius
1549 3439 1934 3506 Serberiensis,

336 3537 632 3592 Herbertus
685 3532 1072 3601 Norwicensis,
1158 3530 1477 3599 Radulphus
1562 3527 1935 3593 Cicestrensis,

336 3626 574 3682 Joannes
604 3623 1002 3690 Bathoniensis,
1037 3621 1280 3676 Herveus
1307 3619 1559 3674 Eliensis.
1591 3617 1751 3688 Quod
1782 3617 1937 3687 epis-

339 3730 510 3786 copus
564 3711 832 3769 Boﬁensis
883 3727 948 3766 ea
1005 3709 1115 3776 die,
1191 3708 1317 3763 licet
1384 3707 1638 3774 adfuerit,
1696 3713 1938 3760 sacratus

337 3818 446 3858 non
476 3801 594 3868 fuit,
626 3801 682 3856 in
712 3815 777 3857 eo
801 3799 1081 3864 remansit,
1122 3797 1333 3852 ratione
1395 3796 1634 3863 detento,
1703 3809 1826 3864 qua
1879 3793 1935 3847 in

337 3889 485 3944 aliud
508 3897 719 3959 tempus
746 3887 803 3941 id
848 3883 1208 3941 differendum
1258 3883 1436 3956 magis
1483 3882 1744 3954 expedire
1805 3896 1935 3952 per-

339 3979 508 4034 suasit
535 3977 720 4033 animo
750 3977 894 4047 ejus.

407 4067 637 4122 Litteras
669 4080 884 4138 quoque
913 4079 1014 4134 per
1045 4062 1099 4117 id
1156 4061 1418 4131 temporis
1482 4059 1738 4117 dominus
1794 4074 1936 4128 papa

342 4155 614 4211 Fratribus
643 4153 906 4210 Ecclesia
928 4151 1120 4206 Christi
1168 4149 1572 4206 Cantuariensis
1624 4147 1931 4215 destinavit,

341 4259 478 4317 quas
505 4244 593 4299 hic
623 4257 827 4314 ponere
849 4256 956 4296 non
981 4239 1216 4296 alienum
1249 4240 1430 4310 putavi
1462 4255 1495 4294 a
1525 4238 1736 4293 ratione
1767 4251 1780 4306 ;
1814 4243 1937 4290 sunt

341 4337 522 4388 autem
551 4333 638 4387 ba
668 4348 681 4386 :

414 4444 436 4469 α
474 4419 752 4476 Paschalis
781 4418 1090 4490 episcOpus,
1125 4432 1311 4473 servus
1340 4432 1619 4473 servorum
1641 4415 1759 4484 Dei,
1788 4415 1934 4470 Can-

336 4508 626 4566 tuariensis
669 4507 928 4564 Ecclesia
981 4506 1124 4575 ﬁliis,
1181 4506 1412 4562 salutem
1455 4514 1506 4563 et
1581 4503 1932 4578 apostolicam

337 4598 772 4656 benedictionem
786 4635 804 4654 .

416 4712 438 4738 «
471 4687 734 4744 Ecclesia
761 4693 955 4742 vestra
985 4685 1226 4757 legatos,
1263 4708 1286 4735 π
1317 4692 1421 4741 etc.
1449 4684 1572 4740 Vide
1595 4683 1726 4740 ibid.

409 4777 542 4832 Post
577 4777 676 4832 hos
702 4775 818 4831 dies
849 4773 1161 4844 Radulphus
1189 4774 1643 4844 archiepiscopus,
1704 4771 1934 4829 consilio

341 4873 394 4921 et
413 4865 680 4936 petitione
708 4864 1087 4936 episcoporum
1118 4863 1369 4934 proxime
1405 4879 1566 4932 supra
1623 4861 1934 4918 nominato-

339 4970 481 5022 rum,
515 4953 681 5022 dedit,
714 4951 1134 5007 concedentibus
1165 4958 1216 5006 et
1269 4951 1690 5022 approbantibus
1741 4965 1936 5006 mona-

341 5042 457 5098 chis
487 5040 989 5108 Cantuariensibus,
1021 5039 1516 5096 archidiaconatum
1546 5039 1716 5110 ipsius
1745 5039 1937 5094 Eccle—

338 5131 456 5199 sia,
485 5130 687 5186 Joanni
712 5129 897 5200 nepoti
933 5145 1052 5195 suo,
1084 5127 1280 5184 clerico
1305 5127 1553 5186 videlicet
1583 5129 1936 5183 honestorum

340 5235 553 5275 morum
583 5227 635 5273 et
665 5224 961 5272 mansuetae
990 5215 1410 5272 conversationis
1437 5217 1505 5270 ad
1545 5231 1750 5271 omnes.
1806 5214 1939 5284 Quae

338 5307 565 5365 donatio
595 5310 740 5362 tacta
770 5313 853 5361 est
881 5305 934 5359 in
966 5304 1224 5375 capitulo,
1260 5312 1528 5375 prasente
1555 5303 1780 5359 fratrum
1802 5319 1937 5359 con-

345 5405 535 5464 ventu,
565 5395 789 5466 copiosa
817 5393 1138 5450 clericorum
1169 5408 1240 5468 ac?
1288 5393 1553 5449 laicorum
1600 5393 1941 5449 multitudine

343 5500 448 5556 pro
508 5484 614 5540 hoc
665 5484 782 5555 ipso
838 5482 893 5535 in
930 5482 1169 5537 medium
1237 5481 1492 5548 adducta,
1561 5481 1706 5536 facto
1798 5483 1944 5554 prius

346 5589 525 5629 coram
556 5571 809 5628 omnibus
838 5570 910 5626 ab
938 5571 1128 5626 eodem
1159 5571 1386 5639 Joanne,
1429 5570 1582 5626 tactis
1608 5571 1942 5645 Evangeliis,

350 5670 692 5721 sacramento
738 5675 847 5736 quo
901 5675 961 5716 se
1017 5657 1329 5716 ﬁdelitatem
1376 5660 1635 5719 Ecclesia
1691 5661 1792 5738 ipsi
1847 5678 1947 5738 per

2044 3268 2277 3326 concilia
2323 3267 2624 3330 celebrans,
2715 3265 3002 3336 episcopos
3082 3264 3492 3324 Northmannia
3573 3269 3645 3322 ab

2042 3356 2340 3429 episcopali
2372 3353 2546 3411 olﬁcio
2568 3367 2858 3424 suspensos
2877 3352 3390 3420 excommunicavit,
3408 3369 3476 3410 eo
3499 3355 3645 3426 quod

2041 3446 2288 3502 conciliis
2317 3443 2474 3499 tertio
2504 3441 2686 3500 vocati
2715 3441 2972 3496 interesse
3019 3441 3285 3496 noluerat.
3327 3442 3462 3510 Qua
3517 3443 3641 3514 epi-

2043 3549 2338 3606 scoporum
2395 3529 2904 3597 excommunicatio,
2963 3528 3202 3584 animum
3258 3531 3404 3602 regis
3485 3531 3648 3588 valde

2041 3622 2278 3679 reddidit
2301 3619 2704 3685 conturbatum,
2739 3624 2792 3674 et
2820 3616 3042 3673 rationis
3103 3632 3221 3673 esse
3277 3618 3434 3674 duxit
3481 3635 3649 3692 super

2043 3712 2124 3766 his
2148 3725 2349 3781 papam
2379 3707 2684 3774 convenire,
2733 3705 2973 3762 maxime
3030 3706 3174 3776 quod
3232 3707 3289 3762 in
3336 3709 3648 3779 hujusmodi

2043 3800 2189 3858 visus
2233 3801 2306 3853 sit
2360 3797 2647 3870 privilegia
2699 3794 2838 3866 patri
2872 3803 2926 3850 et
2962 3794 3112 3851 fratri
3167 3811 3284 3866 suo,
3346 3797 3562 3871 sibique
3616 3814 3650 3854 a

2040 3890 2286 3945 Romana
2312 3886 2554 3943 Ecclesia
2579 3886 2695 3956 jam
2725 3885 2856 3940 olim
2877 3884 3092 3952 collata,
3147 3901 3205 3940 se
3245 3901 3355 3941 non
3413 3903 3642 3958 prome-

2041 3986 2194 4033 rente
2217 3977 2460 4032 scidisse.
2491 3975 2573 4030 Ad
2621 3975 2742 4029 haec
2783 3973 2965 4045 itaque
3020 3973 3233 4045 agenda
3300 3976 3535 4031 directus
3568 3984 3650 4032 est

2042 4066 2394 4122 Willhelmus
2424 4063 2645 4119 antistes
2704 4062 3048 4129 Exoniensis,
3107 4077 3264 4133 papa
3310 4064 3646 4132 notissimus,

2041 4163 2230 4225 utpote
2259 4154 2347 4224 qui
2370 4169 2515 4224 sape
2546 4151 2614 4205 ad
2641 4166 2765 4207 eum
2795 4159 3037 4220 tempore
3069 4151 3296 4220 gloriosi
3328 4152 3499 4207 Patris
3527 4156 3645 4208 An-

2042 4243 2221 4308 selmi,
2253 4257 2352 4313 pro
2399 4240 2632 4312 negotiis
2689 4255 2814 4312 qua
2872 4246 2999 4294 tunc
3049 4238 3190 4294 inter
3229 4255 3389 4313 reges
3428 4243 3642 4315 Anglia

2043 4343 2095 4389 et
2125 4332 2376 4388 eumdem
2414 4332 2627 4385 Patrem
2657 4328 3025 4395 versabantur,
3049 4327 3118 4383 ab
3147 4327 3280 4398 ipsis
3327 4328 3499 4385 fuerat
3551 4347 3639 4388 re-

2043 4422 2207 4495 gibus
2236 4421 2558 4476 destinatus.
2596 4418 2711 4474 Nec
2739 4416 2883 4472 enim
2913 4417 3126 4472 cacitas
3180 4433 3302 4490 qua
3356 4419 3530 4476 visum
3589 4421 3640 4476 ei

2050 4510 2321 4566 tuleratab
2355 4509 2472 4564 idso
2495 4507 2685 4563 itinere
2715 4506 2863 4562 illum
2914 4513 3129 4577 poterat
3183 4523 3464 4578 excusare,
3513 4508 3644 4580 quia

2049 4599 2315 4672 praterila
2335 4605 2490 4670 gesta
2527 4596 2644 4666 ejus
2672 4594 2927 4651 ﬁduciam
2958 4596 3075 4668 regi
3131 4595 3445 4667 praebebant
3493 4597 3645 4652 illum

2041 4704 2144 4760 pro
2181 4703 2360 4759 posse,
2389 4687 2543 4756 juxta
2580 4699 2797 4740 morem
2824 4699 3001 4752 suum,
3034 4700 3149 4740 sua
3177 4699 3357 4740 causa
3413 4683 3644 4741 ﬁdeliter

2042 4776 2183 4833 velle
2215 4775 2490 4829 insistere.

2049 4883 2061 4922 ς
2114 4866 2326 4920 Interea
2342 4861 2524 4919 clerici
2545 4859 2942 4917 Meneuwensis
3006 4859 3293 4929 Ecclesia,
3362 4877 3485 4933 qua
3541 4861 3643 4918 sub

2045 4951 2341 5024 patrocinio
2362 4950 2504 5006 beati
2539 4949 2770 5005 Andr-ea
2798 4958 2852 5005 et
2901 4949 3069 5005 sancti
3125 4949 3298 5005 David
3353 4951 3410 5005 in
3464 4949 3647 5008 Walis

2045 5042 2270 5097 fundata
2300 5039 2564 5106 consistit,
2598 5038 2910 5108 episcopum
2943 5039 3043 5093 sibi
3082 5036 3334 5096 defuncto
3390 5040 3644 5112 episcopo

2046 5145 2145 5185 suo
2174 5128 2468 5194 Walfrido,
2511 5144 2542 5182 a
2579 5143 2708 5199 rege
2739 5128 2970 5183 Henrico
2999 5127 3428 5197 postulavere,et
3443 5131 3645 5187 electus

2047 5219 2207 5277 estin
2241 5220 2341 5273 hoc
2369 5233 2505 5288 Opus
2527 5216 2832 5271 Bernardus
2889 5215 3130 5286 quidam,
3179 5217 3499 5289 capellanus
3549 5235 3643 5276 re-

2049 5309 2213 5380 gina,
2245 5308 2328 5362 vir
2374 5306 2576 5378 probus
2615 5314 2667 5361 et
2721 5304 3011 5360 multorum
3055 5305 3283 5376 judicio,
3341 5307 3645 5364 sacerdotio

2051 5398 2264 5469 dignus.
2297 5395 2515 5450 Electus
2541 5401 2622 5450 est
2667 5401 2844 5450 autem
2883 5394 3120 5450 Sabbato
3179 5394 3374 5466 jejunii
3427 5395 3644 5466 septimi

2053 5485 2274 5552 mensis,
2306 5491 2360 5539 et
2383 5482 2578 5540 eodem
2609 5481 2697 5538 die
2726 5481 2796 5538 ad
2829 5482 3261 5553 presbyteratum
3299 5499 3331 5538 a
3375 5483 3652 5538 Wentano

2055 5574 2312 5648 episcOpo
2341 5572 2662 5629 Willhelmo
2691 5571 2834 5642 apud
2856 5571 3269 5626 Suthwercham
3285 5573 3650 5629 consecratus.

2057 5665 2136 5722 De
2161 5663 2512 5742 promotione
2543 5677 2677 5721 vero
2693 5658 3064 5740 pontificatus,
3096 5673 3259 5735 quam
3289 5673 3418 5718 mox
3445 5659 3501 5718 in
3527 5674 3653 5720 cra-
