4044 6074
433 390 538 450 495

1448 373 1764 437 EADMERI
1793 371 2362 436 CANTUARIENSIS
2392 374 2708 436 MONACHI

3623 400 3728 459 496

428 519 568 575 stino
599 515 712 571 ﬁeri
742 522 796 570 et
823 527 917 568 rex
946 518 999 566 et
1023 509 1116 564 alii
1167 507 1348 578 plures
1404 506 1683 575 optabant,
1743 519 1864 557 cum
1919 500 2095 560 ubiA
2124 501 2268 557 limis
2297 505 2438 560 votis
2488 505 2864 565 desideramus
2910 519 2961 567 et
3012 516 3262 586 petimus,
3312 535 3521 583 secreto
3571 531 3729 587 nobis

429 607 607 678 aptius
661 603 774 657 ﬁeri
829 607 1010 670 posset
1065 596 1466 666 disquireretur,
1526 592 1702 647 intulit
1751 592 2016 645 Robertus

429 711 610 752 comes
638 693 706 746 de
735 689 982 744 Mellento
1013 700 1341 755 supervacue
1362 684 1430 738 de
1459 683 1580 737 loco
1609 680 1864 746 dubitari,
1884 680 2014 733 dum

429 787 696 838 constaret
722 777 1036 846 epiSCOpum
1070 775 1160 828 tali
1191 782 1384 829 eventu
1441 772 1692 836 electum,
1753 785 1819 823 ex
1877 784 2014 822 con-

429 869 710 926 suetudine
739 867 792 919 in
821 865 1033 934 capella
1052 863 1197 935 regis
1213 863 1412 916 debere
1441 859 1661 924 sacrari,
1693 867 1746 912 et
1800 858 1904 912 hoc
1959 873 2016 912 se

428 959 801 1029 probaturum,
833 954 877 1006 si
935 969 1071 1022 opus
1126 960 1265 1006 esset
1301 949 1634 1019 pronuntiat.
1695 946 1853 1014 Quod
1909 961 2018 999 non

427 1063 643 1118 aequum
672 1043 906 1099 hominis
934 1041 1140 1096 dictum
1172 1041 1326 1094 Pater
1340 1037 1614 1094 Radulfus
1629 1044 1816 1105 parato
1834 1034 2016 1088 animo

427 1137 566 1192 ferre
587 1150 695 1190 non
725 1132 932 1197 valens,
959 1130 1094 1183 dixit
1134 1144 1257 1183 eum
1314 1125 1625 1196 hujusmodi
1688 1123 2016 1194 allegatione

426 1226 618 1281 leviter
644 1237 807 1293 posse
853 1218 1089 1284 efﬁcere,
1137 1226 1194 1272 ut
1241 1231 1343 1271 nec
1399 1215 1496 1281 ibi,
1541 1230 1641 1268 nec
1703 1212 1854 1277 alibi,
1915 1210 2015 1264 nisi

424 1311 748 1378 Cantuariae,
775 1324 879 1379 pro
910 1307 1099 1377 quavis
1129 1321 1290 1361 causa
1333 1303 1575 1374 pontifex
1625 1301 1770 1356 idem
1827 1316 2014 1354 sacra-

423 1412 584 1458 retur.
620 1400 791 1456 Sciret
821 1405 1000 1452 tamen
1028 1411 1210 1450 comes
1238 1395 1373 1464 ipse,
1402 1393 1547 1464 quia,
1608 1398 1892 1461 postquam
1949 1388 2016 1443 de

424 1491 636 1563 capella
667 1495 871 1543 tantum
901 1485 1047 1556 regis
1073 1483 1229 1550 dixit,
1286 1481 1441 1536 nulla
1484 1480 1692 1534 ratione
1747 1494 1803 1532 se
1861 1477 2016 1530 illum

421 1580 575 1647 inibi,
623 1582 1080 1632 consecraturum.
1142 1572 1226 1626 Ad
1284 1587 1404 1640 quae
1448 1585 1566 1634 rex,
1616 1568 1684 1622 ad
1762 1567 2014 1622 comitem

420 1685 623 1729 versus.
656 1664 788 1718 nihil
811 1671 908 1725 est,
944 1661 1138 1731 inquit,
1198 1660 1341 1730 quod
1401 1657 1652 1712 intendis.
1704 1657 1817 1710 Nec
1869 1655 2013 1709 enim

422 1773 548 1829 ego,
580 1763 671 1810 aut
719 1751 944 1822 quilibet
977 1751 1110 1804 alter
1165 1757 1342 1820 potest
1399 1748 1714 1816 episcopum
1771 1745 2011 1799 Cantua-

419 1845 662 1900 riensem
719 1840 902 1909 aliquo
952 1838 1113 1893 modo
1171 1835 1539 1906 constringere
1615 1841 1672 1888 ut
1726 1833 2010 1901 episcopos
2036 1854 2104 1915 Β

415 1932 704 1988 Britannia
737 1928 865 1983 alibi
918 1933 1196 1982 consecret
1253 1940 1416 1994 quam
1465 1923 1593 1978 velit
1645 1922 1786 1990 ipse.
1855 1918 2008 1987 Qua-

415 2028 637 2093 propter
691 2017 904 2074 viderit.
965 2017 1132 2071 Suum
1189 2022 1287 2068 est.
1345 2012 1636 2068 Consecret
1692 2009 2009 2079 epiSCOpum

414 2127 569 2164 suum
599 2107 691 2162 ubi
720 2105 971 2162 voluerit.
1006 2102 1288 2172 Proposuit
1316 2102 1494 2170 itaque
1522 2100 1675 2153 illum
1733 2098 1786 2151 in
1830 2098 2008 2152 eccle-

415 2200 497 2254 sia
527 2196 744 2267 hospitii
774 2194 854 2249 sui
885 2193 1029 2262 apud
1059 2191 1374 2246 Lambetam
1395 2203 1749 2254 consecrare;
1814 2202 2007 2241 verum

417 2286 664 2358 quiaipsi
694 2283 871 2339 oﬂicio
888 2282 1077 2353 regina
1120 2281 1379 2334 interesse
1422 2277 1660 2343 volebat,
1707 2275 2010 2345 postulatus

414 2376 482 2430 ab
513 2381 578 2432 ea
607 2373 838 2430 sacravit
865 2371 1043 2441 ipsum
1074 2369 1130 2423 in
1159 2367 1386 2423 ecclesia
1424 2367 1567 2421 beati
1617 2365 1756 2420 Petri
1815 2366 2007 2420 West-

413 2463 723 2521 monasterii
753 2477 852 2516 xm
875 2460 994 2514 Kal.
1030 2457 1299 2525 Octobris,
1334 2465 1558 2525 accepta
1612 2454 1681 2509 ab
1737 2469 1802 2509 eo
1851 2453 2010 2508 solita

408 2553 766 2624 professione,
802 2559 855 2604 et
899 2547 1235 2617 subjectione
1293 2555 1346 2600 et
1387 2544 1698 2599 obedientia
1758 2539 2010 2598 Ecclesiaa

417 2639 792 2696 Cantuariensi
815 2647 867 2693 et
894 2635 1169 2706 episcopis
1197 2635 1314 2703 ejus
1343 2633 1668 2687 exhibenda.
1700 2631 1838 2686 Huic
1869 2646 2008 2687 con-

412 2728 697 2784 secrationi
727 2726 1108 2791 interfuerunt,
1153 2731 1207 2778 et
1263 2729 1642 2791 cooperatores
1697 2720 2012 2774 exstiterunt

409 2816 736 2889 suﬂ‘raganei
769 2814 1022 2870 Ecclesiae
1051 2809 1469 2876 Cantuariensis,
1519 2808 1759 2878 episcOpi
1810 2808 2010 2863 videli-

408 2916 493 2963 cet
519 2907 575 2961 hi
613 2903 970 2960 Willhelmus
1024 2898 1436 2965 Wintoniensis,
1489 2897 1757 2952 Robertus
1822 2896 2010 2952 Linco-

407 2996 618 3063 liensis,
649 2992 915 3064 Rogerius
944 2987 1327 3054 Serberiensis,
1346 2987 1582 3041 Joannes
1611 2985 2007 3053 Bathoniensis,

407 3083 660 3140 Urbanus
715 3077 1210 3150 Glamorgacensis,
1263 3073 1569 3131 Gilebertus
1610 3073 1911 3128 Lumiensis
1941 3072 2011 3128 de

406 3171 664 3227 Hibernia
677 3212 690 3224 .

478 3262 595 3316 Hoc
622 3259 816 3316 eodem
847 3265 1089 3326 tempore
1117 3251 1421 3309 Alexander
1448 3267 1541 3307 rex
1573 3252 1858 3308 Scotorum
1901 3250 2010 3305 mi-

409 3351 477 3405 sit
506 3348 742 3406 Radulfo
774 3345 1065 3417 epistolam
1088 3345 1228 3399 hanc
1259 3359 1272 3398 :
2011 3395 2013 3397 .

487 3462 508 3488 ιι
543 3437 777 3494 1)οωὶηο
799 3444 853 3491 et
908 3434 1054 3488 Patri
1111 3429 1436 3488 charissimo
1489 3428 1751 3496 Radulfo,
1791 3443 2017 3484 venera-

415 3529 512 3586 bili
560 3523 930 3582 Cantuariensi
1005 3519 1434 3589 archiepiscopo,
1509 3517 1835 3585 Alexander,
1917 3515 2018 3573 Dei

415 3615 810 3681 misericordia,
871 3627 966 3665 rex
1023 3612 1328 3675 Scotorum,
1373 3607 1622 3674 salutem,
1673 3615 1726 3661 et
1806 3607 2020 3664 devotae

418 3705 690 3764 ﬁdelitatis
719 3699 1061 3769 obsequium.

492 3791 874 3850 «Notiﬁcamus
901 3786 1079 3854 vobis,
1099 3783 1491 3856 benignissime
1507 3784 1681 3850 Pater,
1709 3784 1854 3854 quod
1876 3786 2016 3855 epis-

420 3899 590 3956 copus
611 3876 855 3936 ecclesiae
913 3874 1091 3929 Sancti
1150 3873 1376 3927 Andreae
1425 3870 1678 3940 apostoli,
1744 3871 2014 3941 dominus,

423 3972 674 4032 videlicet
700 3963 992 4037 Turgodus
1039 3978 1076 4016 u
1128 3961 1249 4015 Kal.
1308 3958 1612 4030 Septembr.
1670 3959 1933 4031 migravit
1989 3978 2021 4015 a

425 4059 649 4120 saecnlo.
706 4055 861 4112 Unde
919 4051 1078 4107 valde
1125 4049 1539 4104 constristamur
1593 4055 1777 4102 tanton
1831 4050 2020 4106 solatio

424 4148 685 4209 destituti.
705 4142 1049 4214 Requirimus
1071 4154 1205 4210 ergo
1236 4146 1429 4194 vestra:
1459 4137 1744 4192 consilium
1773 4145 1827 4192 et
1855 4139 2020 4194 auxi-

426 4244 578 4306 lium,
611 4237 750 4292 sicut
777 4229 1098 4288 conﬁdimus
1116 4228 1170 4281 in
1208 4226 1380 4293 vobis,
1413 4233 1471 4278 ut
1497 4226 1791 4281 secundum
1851 4229 2021 4284 Deum

435 4331 595 4386 talem
625 4323 951 4380 substituere
980 4318 1260 4375 valeamus
1290 4314 1379 4384 qui
1407 4329 1509 4368 nos
1547 4322 1600 4369 et
1625 4324 1842 4385 gentem
1891 4333 2022 4371 nos-

431 4430 571 4476 tram
601 4429 699 4487 per
742 4412 857 4466 Deo
895 4407 1148 4479 placitam
1196 4401 1665 4458 conversationem
1721 4419 1911 4474 regere
1976 4413 2030 4461 et

425 4510 620 4564 docere
648 4502 848 4557 utiliter
873 4496 1029 4552 sciat.
1062 4493 1294 4548 Petimus
1321 4490 1484 4545 etiam
1515 4497 1573 4544 ut
1610 4491 1882 4546 recordari
1937 4494 2026 4548 di-

2039 3203 2089 3269 Ο

2123 593 2496 648 certitudinem
2579 597 2762 669 dignis
2827 603 3020 658 vestris
3087 607 3330 678 apicibus
3409 619 3729 677 remandare

2123 690 2324 735 curate.
2359 682 2558 738 Valete.
2598 707 2619 733 ι)

2193 770 2316 837 Ipso
2342 785 2504 839 anno,
2644 774 2767 830 Kal.
2798 777 3059 850 Januarii,
3121 784 3383 844 Radulfus
3439 797 3725 867 archiepi-

2123 871 2324 956 scnopus
2352 861 2585 956 sae—ravit
2614 879 2781 956 super
2805 879 3157 926 memoratum
3181 875 3457 934 Ernulfum
3489 883 3542 937 in
3591 861 3744 956 pou-—

2126 943 2384 1000 tiﬁcatum
2416 950 2676 1005 Ecclesiae
2709 953 2995 1024 Roﬁ‘ensis,
3045 967 3097 1014 et
3144 961 3457 1023 Gosfridum
3517 943 3609 1027 ad;
3642 993 3725 1031 re-

2123 1033 2308 1129 gimen
2325 1037 2588 1129 Ecclesiae
2617 1040 3051 1102 Herefordensis.
3097 1049 3304 1107 Sac-rati
3363 1067 3487 1112 sunt
3541 1071 3724 1119 autem

2124 1123 2284 1175 simul
2316 1123 2695 1181 Cantuariaein
2725 1135 3008 1202 metmpoli
3066 1139 3215 1205 sede,
3273 1148 3738 1210 convenientibus

2123 1218 2176 1263 et
2200 1214 2625 1312 cooperalntibus
2654 1218 2709 1271 in
2753 1221 2854 1275 hoc
2911 1221 3090 1280 ofﬁcio
3148 1228 3506 1305 suﬂ'raganeis
3553 1241 3725 1312 ipsius

2123 1298 2637 1392 sedis,‘Willhelmo
2681 1307 2940 1378 episcopo
2998 1298 3392 1392 \Nintoniedsi,
3452 1298 3738 1390 Herberto'

2123 1388 2478 1489 Norwicensi,
2512 1393 2742 1450 Radulfo
2801 1398 3142 1472 Cicestrensi,
3193 1415 3246 1462 et
3296 1388 3566 1474 Bernardo
3608 1388 3724 1478 Me-

2122 1492 2224 1531 neu
2233 1495 2397 1534 WODSI
2408 1522 2419 1534 .

2195 1566 2319 1663 l’ost
2349 1569 2465 1624 haec
2495 1574 2748 1663 χιιι-[ζει.
2781 1579 2985 1648 Aprilis
3055 1584 3232 1642 factus
3301 1598 3381 1645 est
3426 1607 3724 1654 conventus

2121 1660 2509 1758 episcoporum
2563 1660 2820 1718 abbatum
2887 1676 2940 1722 et
2990 1673 3292 1744 principum
3345 1681 3509 1736 totius
3568 1689 3724 1758 regni

2119 1744 2623 1846 apudSerrberiam,
2658 1762 2886 1824 cogente
2917 1773 3011 1814 eos
3060 1761 3186 1818 illuc
3242 1770 3521 1826 sanctione
3577 1744 3725 1846 reugis

2121 1831 2359 1925 llenrici.
2389 1835 2667 1905 Siquidem
2700 1841 3152 1906 Northmanniam
3185 1869 3242 1908 se
3271 1859 3524 1925 proxime
3555 1831 3724 1920 trans-

2120 1920 2440 1976 fretaturum
2488 1925 2842 2001 disposuerat,
2903 1944 2957 1990 et
3007 1941 3134 2006 quid
3220 1920 3322 1998 sibi
3398 1959 3715 2009 eventurum

2119 2009 2256 2107 foret
2312 2011 2587 2112 ignorans,
2650 2018 3048 2092 Willhelmum,
3109 2046 3272 2100 quem
3329 2051 3397 2090 ex
3480 2039 3719 2112 ingenua

2117 2102 2367 2199 conjuge
2376 2117 2478 2199 sua
2509 2102 2682 2199 filium
2707 2123 3040 2181 susceperat,
3066 2116 3338 2176 haeredem
3365 2128 3519 2199 regni
3538 2102 3708 2187 vsubs-

2120 2189 2306 2281 tituere
2327 2189 2431 2243 sibi
2463 2191 2702 2281 volebat.
2736 2198 2909 2268 Igitur
2936 2204 3119 2274 agnita
3133 2211 3280 2281 regis
3295 2189 3568 2274 voluntate
3586 2238 3716 2278 mox
3735 2223 3739 2225 ’

2118 2276 2186 2372 ad
2205 2279 2554 2374 nutum-ejus
2583 2297 2774 2339 omnes
2802 2289 3078 2360 principes
3106 2276 3232 2352 facii
3288 2312 3411 2357 sunt
3463 2276 3718 2367 homines

2119 2367 2286 2455 ipsius
2326 2367 2654 2438 Willhelmi,
2714 2371 2822 2430 fide
2865 2386 2917 2432 et
2973 2396 3318 2444 sacramento
3387 2394 3689 2455 conﬁrmati

2119 2453 2386 2550 Radulfus
2443 2467 2622 2550 autem
2663 2463 3107 2540 archiepiscopus
3163 2444 3721 2550 Cantuarien-s‘i-s,met

2117 2541 2212 2595 alii
2245 2544 2486 2616 episcopi
2518 2555 2680 2618 atque
2704 2529 2929 2609 abbaies
2954 2529 3106 2630 regni
3167 2529 3611 2636 Angloru-mﬂfide

2119 2641 2456 2731 sacramento
2475 2637 2700 2731 professi
2731 2650 2854 2697 sunt
2883 2660 2940 2698 se
2971 2654 3024 2701 et
3053 2664 3279 2721 regnum
3311 2664 3363 2710 et
3416 2663 3570 2731 regni
3627 2680 3726 2721 co-

2119 2724 2434 2818 ronam,.si
2471 2723 2726 2782 defuncto
2785 2739 2940 2798 patre
2994 2751 3092 2791 suo
3148 2723 3579 2818 superviverent,
3664 2754 3723 2808 in

2120 2822 2242 2860 eum
2260 2814 2461 2905 omissa
2489 2814 2635 2867 omni
2665 2816 2942 2875 calumnia
2967 2830 3018 2878 et
3052 2829 3363 2899 occasione,
3424 2814 3720 2896 translatu-

2116 2910 2228 2988 ros,
2262 2911 2437 2988 eique,
2501 2915 2624 2954 cum
2682 2919 2781 2959 rex
2837 2906 2992 2978 foret,
3052 2912 3294 2974 hominia
3349 2920 3491 2980 fideli
3544 2939 3728 2988 mente

2118 2982 2377 3075 facturos.
2410 2987 2490 3042 De
2517 2989 2602 3043 his
2628 2989 2720 3045 ita.
2753 2993 2947 3052 Habita
2979 3015 3192 3072 quoque
3232 3014 3316 3064 est
3371 3011 3458 3068 his
3513 2982 3712 3075 diebus

2119 3087 2283 3171 causa
2312 3072 2380 3128 de
2429 3078 2649 3171 querela
2705 3097 2825 3150 qua
2881 3085 3023 3142 inter
3070 3093 3535 3171 archiepiscopum
3575 3072 3724 3162 Cari;

2120 3167 2435 3266 tuariorum,
2459 3172 2513 3219 et
2541 3167 2774 3222 electum
2825 3175 3136 3242 pontiﬁcem
3190 3167 3589 3247 Eboracensem
3624 3212 3728 3266 per

2122 3257 2407 3348 integrum
2413 3267 2563 3348 pene
2591 3271 2791 3312 annum
2824 3272 3030 3320 versata
3074 3267 3267 3326 fuerat.
3315 3275 3579 3336 Defuncto
3624 3257 3727 3339 .si-‘

2123 3338 2339 3407 quidem
2366 3341 2594 3442 "Thema,
2627 3347 2783 3442 cujus
2813 3351 2956 3442 circa
2976 3353 3146 3442 ﬁnem
3178 3364 3352 3431 quarti
3382 3363 3520 3422 libri
3557 3355 3730 3442 supra

2123 3436 2439 3522 memorata:
2468 3431 2718 3522 flistorite
2739 3437 2868 3491 satis
2898 3441 3078 3498 habita
3111 3450 3307 3506 mentio
3360 3463 3459 3522 est,
3517 3431 3729 3518 electus

2125 3517 2346 3616 eratad
2375 3519 2620 3616 regimen
2672 3526 2921 3616 praedicti
2975 3533 3322 3600 pontiﬁcatus
3377 3517 3595 3613 quidam
3656 3517 3727 3608 de

2126 3603 2338 3694 clericis
2357 3609 2520 3678 regis,
2555 3612 2822 3668 vocabulo
2851 3616 3214 3693 Thurstanus,
3245 3603 3565 3691 connivente
3611 3603 3729 3694 Ra:

2125 3692 2275 3798 dulfo
2303 3696 2734 3798 archiepiscopo,
2766 3707 2819 3757 et
2847 3705 3009 3760 aliam
3041 3692 3208 3779 quam
3235 3719 3312 3770 rei
3371 3723 3547 3778 exitus
3601 3692 3731 3798 pro-

2127 3781 2292 3882 bavit,
2323 3782 2390 3838 de
2423 3799 2486 3882 eo
2516 3786 2770 3882 .habente
2823 3793 3154 3863 Opinionem.
3216 3803 3314 3861 Hic
3371 3809 3554 3882 itaque

2125 3877 2390 3969 ctus-cum
2422 3872 2496 3969 ab
2513 3874 2630 3969 ipso
2682 3880 2935 3947 pontifice
2993 3899 3307 3948 moneretur
3357 3907 3413 3952 ut
3465 3872 3732 3963 Ecclesiae

2128 3958 2499 4051 Cantuariensi
2519 3962 2717 4021 faceret
2747 3971 2893 4040 quod
2919 3973 3152 4032 debebat
3181 3989 3234 4035 et
3290 3958 3727 4051 benedictionem

2128 4063 2282 4146 suam
2313 4050 2677 4146 ecclesiastico
2707 4071 2858 4112 more
2888 4063 3210 4136 susciperet,
3244 4077 3521 4143 respondit
3548 4050 3726 4138 bene?

2129 4136 2422 4236 dictionem
2454 4140 2670 4210 quidem
2700 4159 2758 4198 se
2795 4144 3025 4236 libenter
3069 4154 3210 4211 velle
3279 4136 3569 4236 suscipere,
3629 4136 3730 4228 sed

2130 4225 2529 4324 professionem
2561 4245 2720 4299 quam
2750 4235 3021 4308 exigebat,
3068 4251 3122 4297 et
3171 4211 3569 4311 antecessores,
3597 4211 3731 4316 sub;

2136 4313 2328 4412 fecisse
2349 4316 2577 4412 sciebat,
2611 4319 2758 4375 nulla
2790 4324 2993 4382 ratione
3021 4329 3306 4392 facturum.
3340 4338 3502 4412 cujus
3543 4313 3734 4405 verbis

2135 4402 2555 4501 quia-Radultus
2601 4423 2702 4501 nec
2766 4412 3006 4470 auditum
3061 4421 3307 4488 prabere
3358 4402 3741 4501 aequanimiter

2135 4491 2330 4557 voluit,
2351 4496 2633 4564 negotium
2663 4499 2842 4568 ipsum
2873 4518 3114 4578 eousque
3143 4491 3615 4577 indeterminatum
3641 4491 3737 4580 re;

431 4592 672 4672 gnemini
691 4589 819 4660 quid
841 4585 1002 4642 vobis
1025 4583 1141 4653 jam
1189 4581 1434 4674 quadam
1481 4579 1599 4634 vice
1653 4582 2027 4651 suggessimus
2055 4556 2112 4621 D
2135 4581 2350 4635 manSit.
2375 4583 2496 4651 Ipse
2524 4556 2739 4656 quoque
2795 4556 3739 4674 Thurstajn—u's"legatosms‘ublsu

429 4667 499 4741 de
525 4678 796 4754 episcopis
821 4672 1081 4730 Ecclesiae
1111 4669 1292 4726 Sancti
1321 4667 1584 4736 Andreae;
1613 4668 1756 4739 quod
1799 4669 1852 4723 in
1883 4672 2027 4726 anti-

427 4773 546 4845 quis
576 4765 911 4838 temporibus
938 4776 1048 4816 non
1077 4758 1323 4813 solebant
1349 4755 1676 4826 consecrari,
1708 4757 1809 4812 nisi
1825 4758 1895 4814 ab
1911 4760 2029 4831 ipso

429 4865 674 4920 Romano
699 4849 974 4924 pontifice,
995 4847 1080 4905 vel
1103 4846 1182 4906 ab
1197 4845 1603 4916 archiepiscopo
1621 4847 1986 4904 Cantuariensi
2009 4865 2028 4916 ς

431 4953 643 5019 hocque
669 4941 961 5007 tenuimus,
993 4939 1047 4992 et
1067 4951 1165 5005 per
1195 4933 1564 4989 successiones
1594 4942 1920 5007 temporum,
1963 4955 2031 4994 ex

436 5034 754 5096 auctoritate
809 5036 983 5082 ratum
1040 5023 1348 5090 habuimus,
1427 5037 1708 5092 quousque
1783 5025 2033 5084 dominus

435 5123 766 5184 Lanfrancus
821 5112 1286 5184 archiepiscopus,
1345 5110 1609 5165 nescimus
1663 5128 1770 5183 quo
1851 5124 2030 5186 pacto,

436 5210 753 5273 absentibus
782 5204 938 5260 nobis
967 5211 1018 5258 et
1042 5201 1239 5256 nostris
1277 5201 1500 5255 Thomm
1556 5199 1789 5257 Eboraci
1833 5206 2033 5261 archie-

438 5313 663 5389 piscopo
693 5304 826 5360 illud
847 5301 918 5356 ad
962 5307 1174 5369 tempus
1231 5297 1586 5355 relaxaverat.
1637 5297 1758 5366 Quo
1811 5302 2035 5358 omnino

437 5417 643 5475 vestra,
702 5403 749 5458 si
791 5399 987 5472 placet,
1049 5394 1364 5452 auctoritate
1420 5394 1643 5464 suﬂ'ulti,
1702 5404 1760 5452 ut
1805 5398 2036 5469 amplius

441 5507 525 5566 sic
581 5505 876 5567 remaneat,
932 5509 1042 5550 non
1103 5490 1469 5548 concedimus.
1524 5492 1680 5548 Nunc
1749 5493 1936 5566 igitur,
1988 5491 2035 5549 si

441 5603 511 5661 ad
539 5603 596 5658 id
625 5599 785 5656 nobis
834 5601 1136 5664 nostraeque
1194 5589 1449 5646 Ecclesiae
1500 5591 1861 5662 reparandum
1901 5607 2032 5648 ves-

449 5712 590 5768 trum
647 5695 978 5776 adjutorium
1025 5703 1252 5765 sperare
1305 5687 1588 5760 debemus,
1648 5690 1794 5762 quod
1841 5689 2036 5748 humiL

2137 4686 2293 4775 rnang
2335 4670 2563 4775 dixerat,
2624 4677 2803 4731 modis
2856 4681 3048 4749 quibus
3113 4670 3269 4757 apud
3315 4675 3589 4755 Romanos
3644 4703 3742 4775 agi

2138 4761 2647 4855 oportere-sciebat,
2679 4779 2885 4855 aipapa
2916 4774 3136 4843 cupiens
3191 4779 3583 4843 absolutionem
3641 4761 3739 4847 de-

2140 4846 2266 4900 bitae
2295 4848 2652 4917 professionis
2686 4854 2978 4927 obstinere,
3011 4864 3106 4917 sed
3132 4865 3262 4922 nihil
3318 4872 3583 4932 effecerat.
3616 4846 3738 4936 Rex

2140 4943 2324 5034 autem
2355 4936 2636 5007 Henricus,
2664 4942 2754 4996 ubi
2793 4946 3023 5004 advertit
3069 4953 3422 5014 Thurstanum
3467 4963 3521 5018 in
3563 4969 3743 5036 pervi-

2141 5024 2476 5116 caciastare,
2509 5035 2560 5082 et
2584 5031 2828 5087 eamdem
2849 5039 3205 5106 pervicaciam
3229 5048 3373 5116 quasi
3399 5066 3463 5106 ex
3495 5024 3745 5114 tuitionis

2283 5111 2699 5213 fiducia‘fulcire
2727 5135 2790 5176 ac
2846 5136 3213 5200 manutenere,
3243 5111 3407 5206 rupit
3463 5141 3511 5196 ei
3567 5111 3748 5213 ipsius

2143 5202 2357 5257 fiduciae
2387 5203 2598 5273 modos,
2630 5216 2684 5262 et
2721 5219 2907 5280 aperte
2962 5227 3288 5285 protestatus
3327 5202 3406 5281 est
3455 5202 3607 5285 illum
3647 5243 3745 5292 aut

2142 5307 2350 5347 morem
2381 5301 2779 5352 antecessorum
2807 5317 3025 5358 suorum
3057 5314 3160 5362 tam
3187 5311 3240 5364 in
3269 5315 3614 5382 professione
3649 5321 3744 5378 fa-

2143 5389 2334 5446 cienda
2363 5407 2524 5461 quam
2556 5401 2609 5448 et
2636 5395 2690 5448 in
2718 5395 2837 5452 aliis
2891 5399 3141 5471 dignitati
3192 5407 3451 5468 Ecclesiae
3501 5415 3743 5473 Cantua-

2143 5491 2332 5546 riensis
2360 5505 2428 5546 ex
2457 5491 2674 5563 antiquo
2702 5494 2826 5563 jure
2881 5505 3312 5570 competentibus
3364 5487 3738 5587 executurum,

2143 5600 2234 5648 ant
2253 5589 2566 5664 episcopatu
2598 5591 2926 5650 Eboracensi
2952 5613 3072 5653 cum
3119 5599 3492 5665 benedictione
3546 5609 3739 5670 fundi-

2143 5697 2228 5746 tus
2253 5688 2566 5745 cariturum.
2594 5690 2683 5747 Ad
2733 5705 2858 5766 quae
2899 5692 3014 5767 ille,
3071 5693 3397 5762 clericorum
3441 5709 3601 5782 quasi
3640 5705 3737 5770 di-
