4044 6074
355 244 462 306 497

1433 262 1764 322 HISTORIA
1799 264 2166 324 NOVORUM.
2206 297 2278 312 -
2314 270 2449 327 LIB.
2492 270 2555 327 V.

3545 276 3648 334 £98

358 376 582 476 gnitatis
610 377 1146 477 suaelihertati‘ﬁcta
1174 389 1472 442 reverentia
1514 391 1953 458 acclamantium,
1986 393 2041 452 A
2071 401 2124 447 et
2151 393 2376 467 inclytus
2424 398 2580 454 Pater
2617 399 2904 457 Anselmus
2932 400 3061 458 olim
3091 402 3160 459 ab
3186 402 3378 477 Anglia
3405 418 3507 474 pro
3558 405 3652 473 ju-

358 466 548 538 suique
604 470 782 524 cordis
833 472 1061 530 consilio
1124 475 1627 548 impraemeditatius
1705 480 1949 546 credens,

357 556 682 613 renuntiavit
710 559 1066 631 pontiﬁcatui,
1124 565 1396 634 spondens
1424 569 1539 640 regi
1569 577 1623 623 et
1677 568 1953 638 archiepi-

358 660 524 715 scopo
553 662 629 717 se,
662 647 791 703 dum
820 649 1044 721 viveret,
1075 652 1225 708 illum
1265 671 1372 710 non
1401 657 1836 725 reclamaturum,
1858 671 1958 714 nec

341 737 595 808 aliquam
621 739 946 794 calumniam
995 742 1120 798 inde
1160 751 1450 812 moturum,
1484 745 1790 816 quicunque
1821 746 1957 800 sub-

358 831 574 885 stitutus
630 831 837 886 fuisset.
896 831 1006 888 Sed
1064 849 1185 886 cum
1240 843 1365 903 post
1432 834 1568 899 dies,
1614 839 1668 890 et
1707 843 1961 890 consueta

360 918 624 988 obsequia
654 928 708 973 et
743 920 954 990 pristini
974 921 1206 976 honores
1228 922 1373 977 circa
1404 938 1462 976 se
1494 923 1726 978 defectui
1758 938 1963 995 magno

359 1016 624 1077 paterent,
666 1008 981 1065 tabescebat
1011 1009 1214 1075 animo,
1248 1018 1302 1065 et
1325 1027 1384 1066 se
1416 1009 1612 1067 fecisse
1661 1012 1805 1082 quod
1836 1011 1965 1066 fecit

360 1097 709 1152 vehementer
757 1096 1011 1154 indoluit.
1052 1099 1394 1170 QuaprOpter
1447 1108 1650 1156 mutato
1707 1100 1959 1167 consilio,

358 1200 548 1256 regem
607 1194 752 1241 trans
801 1203 950 1242 mare
981 1195 1198 1242 euntem
1236 1195 1454 1244 εεαιιωε
1484 1196 1586 1255 est,
1621 1204 1851 1259 sperans
1907 1203 1965 1244 se

355 1273 734 1330 revestituram
764 1276 845 1331 sui
873 1275 1218 1347 pontificatus
1267 1287 1740 1348 recuperaturum,
1789 1285 1844 1332 et
1873 1276 1966 1332 tali

355 1364 522 1418 modo
545 1379 673 1436 erga
703 1381 824 1419 eum
854 1365 1126 1421 facturum
1154 1373 1230 1430 ut,
1285 1381 1350 1421 eo
1391 1366 1758 1436 prmeipiente,
1792 1366 1966 1421 bene-

355 1451 653 1508 dictionem
683 1453 752 1508 ab
781 1454 1200 1526 archiepiscopo
1244 1455 1363 1510 sine
1386 1454 1744 1526 professionis
1799 1470 1967 1509 exac-

363 1544 511 1598 tione
542 1542 949 1613 adipisceretur.
979 1543 1075 1598 Cui
1106 1544 1326 1616 negotio
1357 1558 1477 1600 cum
1511 1559 1568 1598 se
1599 1543 1840 1598 medium
1869 1543 1969 1597 nisi

363 1649 474 1688 rem
507 1631 827 1702 protelando
857 1648 952 1687 rex
983 1632 1166 1687 facere
1203 1632 1389 1701 nollet,
1449 1633 1631 1688 sciens
1690 1632 1970 1702 archiepi-

2061 485 2210 540 stitia
2229 488 2439 556 pulsus,
2470 505 2578 544 non
2626 490 2766 546 sicut
2817 492 2971 546 exsul
3027 502 3117 549 aut
3161 493 3502 567 peregrinus,
3559 496 3655 550 sed

2066 573 2244 631 incola
2273 585 2327 631 et
2365 593 2494 634 vere
2518 578 2683 650 ipsius
2707 581 2814 637 loci
2845 584 3036 651 praesul
3065 591 3118 638 et
3146 583 3395 639 dominus
3419 584 3489 639 ab
3535 600 3659 640 om-

2063 663 2222 718 nibus
2278 666 2491 722 habitus
2572 670 2764 735 fuerat,
2831 672 3176 742 Lugdunum,
3226 673 3466 746 inquam,
3537 689 3658 729 cum

2066 755 2398 810 venissemus
2480 766 2531 813 et
2587 774 2710 815 cum
2767 761 2971 816 honore
3006 770 3058 817 et
3117 779 3303 819 arnore
3387 764 3664 835 praecipuo

2068 845 2300 914 suscepti
2357 846 2660 914 fuissemus,
2720 851 3016 905 mansimus
3058 851 3133 906 ibi
3180 853 3508 924 aliquandiu,
3555 861 3666 907 tum

2069 932 2280 989 sincera
2309 937 2553 990 omnium
2585 938 2722 992 mihi
2752 941 3187 996 conversantium
3217 941 3504 998 dilectione
3539 942 3667 998 ille-

2069 1022 2160 1084 cti.
2185 1029 2298 1077 tum
2324 1024 2489 1079 nimia
2522 1026 2716 1081 hiemis
2743 1030 3031 1098 asperitate
3053 1030 3352 1099 constricti,
3413 1038 3522 1085 tum
3580 1031 3668 1085 in-

2073 1113 2232 1166 stanti
2263 1113 2569 1169 Nativitatis
2609 1117 2811 1171 Christi
2869 1119 3209 1173 solemnitate
3255 1119 3510 1175 devincti.
3579 1120 3674 1174 His

2071 1200 2264 1256 diebus
2279 1219 2376 1273 pro
2400 1208 2530 1258 nota
2560 1205 2689 1258 mihi
2714 1206 2955 1260 locorum
3004 1216 3056 1262 et
3093 1197 3394 1263 hominum.
3429 1208 3672 1264 familia-

2073 1290 2250 1356 ritate,
2269 1292 2337 1345 ad
2355 1301 2598 1348 sanctum
2631 1295 2919 1350 Hireneum
2952 1296 3186 1365 quadam
3217 1298 3336 1353 vice
3357 1298 3672 1363 ascendens,

2075 1379 2266 1435 diverti
2298 1382 2365 1435 ad
2399 1383 2696 1438 oratorium
2727 1385 2900 1439 beatae
2922 1385 3102 1440 Mariae
3133 1386 3497 1458 Magdalenae,
3532 1389 3673 1443 dua-

2078 1469 2178 1522 bus
2209 1469 2422 1525 ancillis
2454 1472 2550 1525 Dei
2576 1471 2734 1540 juxta
2765 1474 2908 1528 idem
2943 1475 3235 1530 oratorium
3278 1491 3375 1546 pro
3432 1478 3548 1530 Deo
3597 1493 3682 1531 re-

2076 1558 2258 1625 clusis,
2283 1559 2588 1615 locuturus.
2655 1563 2749 1616 Hie
2779 1564 2923 1617 Patri
2955 1563 3219 1618 Anselmo
3251 1579 3347 1635 pro
3385 1579 3486 1619 sua
3542 1565 3677 1620 reli-

2079 1647 2239 1718 gione
2308 1649 2583 1718 quondam
2631 1659 2790 1719 notae,
2861 1651 2981 1721 ejus
3037 1653 3250 1708 fuerant
3325 1654 3680 1710 sacratissima

361 1736 590 1792 scepum
647 1720 1014 1776 abominabile
1069 1721 1274 1776 habere
1338 1726 1490 1776 tanto
1545 1720 1851 1792 praecipitio
1910 1736 1954 1775 St

361 1809 806 1833 _-_-__:n-_.12-..:
845 1810 1134 1833 -L..-..2--_.
1206 1826 1463 1833 ----..-..-..
1529 1826 1612 1833 ..--
1640 1819 1711 1833 --ι
1768 1819 1814 1833 ,ι
1866 1825 1954 1833 ..-ι

2079 1735 2411 1794 institutione
2465 1739 2520 1793 in
2574 1740 2759 1795 multis
2818 1720 3043 1798 edoctae.
3095 1744 3238 1799 Inter
3280 1745 3380 1799 has
3426 1743 3680 1800 instinctu

336 1809 670 1880 perenniter
693 1809 808 1864 ﬁeri
841 1810 1158 1879 obnoxium,
1204 1826 1472 1881 suspensa
1529 1826 1615 1865 res
1635 1819 1734 1877 est,
1764 1819 1818 1865 et
1866 1825 1969 1865 nec

357 1895 496 1965 ipse,
538 1909 641 1950 nec
687 1894 824 1950 alius
863 1895 984 1966 quis
1041 1894 1096 1949 in
1155 1895 1528 1966 episcOpatum
1559 1895 1969 1951 Eboracensem

357 1983 682 2039 substitutus
697 2025 710 2039 .

429 2110 552 2178 Ipso
596 2122 740 2164 anno
785 2109 928 2163 circa
983 2123 1228 2164 mensem
1278 2111 1599 2180 Augustum,
1633 2123 1886 2163 reversus
1940 2123 1970 2162 a

355 2198 530 2252 Roma
583 2213 748 2268 supra
804 2204 1137 2253 memoratus
1185 2196 1474 2252 Anselmus
1533 2197 1684 2253 venit
1762 2197 1968 2251 North—

353 2286 640 2341 manniam
689 2286 756 2341 ad
813 2302 998 2358 regem
1059 2287 1350 2341 Henricum
1407 2286 1612 2341 litteras
1682 2285 1967 2355 apostolici

353 2375 621 2442 deferens,
648 2391 774 2445 qua:
804 2375 910 2428 sibi
941 2375 1087 2430 vices
1117 2374 1450 2445 apostolicas
1476 2375 1529 2428 in
1561 2375 1758 2446 Anglia
1783 2374 1966 2430 admi-

353 2466 586 2520 nistrare
617 2463 1012 2520 concedebant.
1073 2463 1237 2532 Quod
1301 2479 1472 2536 regno
1529 2463 1742 2535 Angliae
1813 2461 1964 2519 brevi

337 2551 604 2608 innotuit.
637 2551 903 2607 Admirati
931 2569 1062 2626 ergo
1089 2552 1333 2623 episcopi
1359 2552 1586 2607 abbates
1644 2561 1696 2606 et
1751 2551 1963 2607 nobiles

352 2642 550 2714 quique
578 2641 876 2697 Lundoniae
903 2640 1121 2696 adunati
1153 2651 1275 2696 sunt
1326 2657 1494 2712 super
1522 2641 1624 2706 his,
1658 2648 1710 2694 et
1737 2640 1960 2710 quibus-

351 2732 478 2786 dam
538 2731 682 2797 aliis,
741 2739 1007 2802 praesente
1092 2731 1300 2801 regina,
1379 2730 1648 2785 communi
1732 2728 1959 2784 consilio

353 2821 644 2875 tractaturi.
678 2817 819 2888 Quid
870 2819 1036 2873 multa
1065 2820 1093 2870 ‘2
1123 2819 1331 2873 Placuit
1374 2819 1629 2874 omnibus
1685 2817 1958 2888 archiepi-

351 2923 579 2978 scopum
625 2908 1097 2974 Cantuariensem,
1185 2924 1346 2977 quem
1401 2908 1644 2962 maxime
1701 2923 1785 2962 res
1838 2907 1959 2960 haec

350 2996 706 3068 respiciebat,
766 3012 954 3066 regem
1013 2995 1180 3058 adire.
1243 3005 1297 3051 et
1352 2995 1601 3067 exposita
1656 2995 1706 3050 ei
1737 2996 1956 3067 antiqua

350 3084 504 3157 regni
535 3085 930 3140 consuetudine
959 3085 1117 3138 simul
1148 3101 1210 3139 ac
1239 3085 1506 3151 libertate,
1559 3085 1604 3138 si
1633 3084 1952 3149 consuleret,

2086 1827 2329 1898 maligni,
2363 1827 2688 1899 gravissima
2717 1831 2966 1900 quaedam
2997 1832 3277 1888 discordia
3332 1842 3453 1904 post
3482 1833 3683 1889 disces-

2083 1931 2204 1970 sum
2249 1917 2453 1972 domini
2517 1920 2755 1974 Anselmi
2813 1927 2930 1975 orta
2992 1929 3091 1986 est,
3151 1937 3217 1976 ex
3248 1921 3484 1990 invidiae,
3518 1931 3575 1976 ut
3603 1922 3686 1987 ﬁt,

2083 2005 2229 2061 malo
2258 2007 2534 2076 producta.
2562 2008 2701 2062 Dum
2731 2008 2900 2079 igitur
2918 2009 3060 2065 inter
3074 2026 3131 2066 se
3160 2010 3306 2079 lites,
3356 2011 3688 2081 improperia

2080 2100 2134 2148 et
2188 2095 2422 2164 plurima
2477 2113 2598 2168 qua:
2625 2113 2806 2152 earum
2838 2098 3116 2169 proposito
3171 2098 3481 2155 indecentia
3529 2101 3687 2155 erant

2081 2183 2313 2255 singulis
2365 2200 2506 2254 pene
2563 2184 2756 2240 diebus
2804 2193 3165 2255 versarentur,
3207 2187 3504 2242 secundum
3537 2188 3682 2259 quod

2078 2271 2148 2326 ab
2177 2272 2256 2327 eis
2286 2273 2419 2344 ipsis
2448 2275 2655 2343 accepi,
2689 2291 2791 2329 una
2814 2275 3052 2331 noctium
3095 2275 3266 2330 astitit
3315 2275 3407 2331 uni
3437 2277 3672 2342 illarum,

2076 2377 2238 2433 quam
2284 2363 2461 2431 major
2506 2363 2677 2433 ipsius
2732 2363 2943 2420 discidii
2991 2363 3153 2434 culpa
3208 2365 3448 2430 notabat,
3527 2367 3684 2421 Pater

2071 2451 2380 2516 Anselmus,
2413 2451 2543 2505 dura
2569 2452 2720 2506 illam
2748 2453 3055 2508 invectione
3084 2453 3408 2524 corripiens,
3459 2461 3511 2509 et
3531 2455 3678 2525 quod

2072 2537 2141 2592 ab
2179 2539 2256 2593 eis
2311 2539 2456 2594 male
2503 2539 2792 2595 observata
2848 2541 3092 2596 doctrina
3149 2557 3265 2609 sua,
3325 2542 3392 2597 de
3448 2544 3676 2599 remotis

2069 2627 2258 2681 mundi
2286 2628 2530 2698 partibus
2559 2645 2619 2684 se
2648 2628 2716 2683 ad
2738 2645 2831 2683 eas
2860 2645 3032 2700 usque
3060 2629 3392 2702 fatigaverit,
3421 2646 3631 2704 conque
3649 2662 3669 2674 -

2066 2731 2211 2770 rens.
2243 2717 2404 2772 Jussit
2435 2725 2614 2772 tamen
2650 2726 2712 2772 ut
2730 2717 2922 2788 emptis
2946 2718 3289 2786 desisterent,
3342 2726 3390 2774 et
3420 2719 3464 2773 si
3514 2735 3671 2774 suam

2065 2807 2207 2876 (quae
2246 2805 2346 2860 Dei
2375 2807 2510 2875 erat)
2565 2822 2754 2876 pacem
2798 2806 3032 2876 perdere
3087 2806 3314 2872 nollent,
3359 2809 3458 2862 sub
3517 2809 3664 2864 omni

2065 2894 2359 2960 celeritate,
2390 2894 2602 2950 omissis
2632 2895 2958 2967 ambagibus
2980 2897 3210 2961 cunctis,
3263 2896 3317 2950 in
3347 2911 3540 2966 pacem
3571 2913 3664 2952 re-

2063 2981 2264 3036 dirent.
2303 2983 2520 3039 Factum
2543 2992 2625 3038 est
2653 2984 2799 3056 quod
2839 2985 3004 3039 suasit
3055 2984 3389 3039 admirabilis
3445 2986 3660 3056 praesul,

2061 3079 2114 3124 et
2144 3086 2268 3126 ecce
2297 3071 2541 3127 habitant
2568 3073 2621 3126 in
2643 3074 2821 3128 Domo
2877 3074 2976 3127 Dei
3004 3073 3315 3140 unanimes,
3341 3089 3442 3130 nec
3491 3073 3660 3129 dubi-

351 3133 579 3229 Roomam
641 3175 741 3229 iret
775 3181 827 3229 et
855 3174 971 3229 haec
1029 3189 1170 3229 nova
1219 3173 1562 3227 annihilaret.
1623 3172 1953 3242 Amplecitur

2061 3163 2173 3212 tant
2229 3176 2350 3214 eum
2405 3161 2513 3214 sibi
2570 3176 2690 3216 esse
2721 3166 3041 3231 praesentem
3073 3177 3231 3230 quem
3266 3170 3391 3216 sunt
3418 3171 3655 3234 expertae

349 3264 441 3318 ille
493 3263 798 3330 consilium,
861 3271 914 3318 et
949 3278 1135 3317 amore
1186 3278 1347 3334 quam
1404 3261 1643 3315 maximo
1699 3260 1953 3315 visitandi

339 3351 725 3422 apostolorum
751 3351 941 3405 limina
963 3352 1157 3405 ardens
1185 3362 1333 3404 mare
1391 3349 1619 3413 transiit,
1664 3357 1714 3402 et
1765 3364 1951 3419 regem

352 3439 680 3510 Rothomagi
739 3439 957 3510 reperit.
1005 3442 1048 3493 A
1108 3453 1214 3509 quo
1246 3447 1298 3492 et
1327 3436 1567 3513 Ecclesia
1612 3435 1952 3506 pontiﬁcatus

351 3528 522 3598 ipsius
551 3527 784 3583 civitatis
806 3543 1017 3582 summo
1047 3527 1252 3598 gaudio
1304 3535 1355 3581 et
1387 3528 1590 3581 honore
1646 3532 1948 3594 susceptus,

351 3632 449 3687 per
503 3617 688 3687 plures
745 3615 864 3670 dies
912 3616 966 3669 in
1013 3615 1200 3670 eadem
1258 3615 1475 3669 civitate
1556 3613 1624 3668 ab
1672 3614 1792 3684 ipso
1823 3630 1949 3685 rege

345 3705 598 3760 detentus
654 3713 755 3760 est.
789 3704 964 3774 Supra
996 3711 1347 3760 memoratum
1367 3718 1578 3773 quoque
1634 3703 1947 3757 Anselmum

343 3793 419 3847 ibi
447 3793 1045 3863 reperimustransitum
1067 3792 1122 3846 in
1151 3793 1422 3864 Angliam,
1453 3793 1630 3864 gratia
1662 3792 1948 3864 legationis

344 3897 456 3936 suae
487 3882 831 3948 exercendae,
890 3881 1316 3952 praestolantem.
1378 3881 1484 3935 Sed
1541 3896 1636 3934 rex
1683 3881 1946 3934 Henricus

344 3969 577 4040 antiquis
603 3969 807 4041 Anglia:
829 3969 1316 4024 consuetudinibus
1345 3968 1726 4040 praeiudicium
1757 3967 1946 4022 inferri

341 4062 454 4112 non
481 4059 774 4126 sustinens,
796 4057 946 4113 illum
980 4059 1048 4112 ab
1078 4058 1326 4130 ingressu
1382 4057 1602 4127 Anglia
1649 4056 1942 4122 detinebat,

344 4147 494 4212 etei,
524 4155 712 4216 utpote
741 4147 927 4202 nuntio
974 4147 1118 4200 beati
1151 4146 1312 4216 Petri,
1361 4147 1583 4218 largiter
1627 4154 1679 4200 et
1706 4143 1946 4200 ofﬁciose

345 4235 634 4290 ministrari
656 4235 906 4291 faciebat.

415 4359 657 4415 Radulus
715 4360 880 4432 igitur
909 4361 1348 4432 archiepiscopus
1391 4378 1517 4416 cum
1574 4377 1703 4433 rege
1741 4361 1809 4415 de
1841 4377 1943 4416 ne-

345 4449 527 4520 gotiis,
582 4465 681 4519 pro
739 4449 936 4519 quibus
989 4457 1229 4518 venerat,
1273 4451 1427 4519 juxta
1473 4467 1652 4506 rerum
1691 4450 1939 4506 ordinem

343 4536 659 4609 diligentius
707 4552 895 4607 agens,
955 4539 1240 4592 consilium
1287 4540 1408 4609 ejus
1456 4540 1682 4595 Romani
1737 4541 1943 4595 itineris

343 4626 537 4681 callem
559 4626 880 4697 ingreditur.
932 4625 1036 4680 Ubi
1093 4635 1272 4681 autem
1331 4627 1384 4680 in
1434 4629 1716 4684 Franciam
1773 4630 1940 4698 venit,

344 4715 498 4787 gravi
529 4713 711 4769 ulcere
741 4714 795 4767 in
827 4714 964 4768 facie
994 4730 1279 4785 percussus
1308 4723 1407 4784 est,
1441 4724 1512 4785 et,
1552 4717 1944 4773 intumescente

344 4812 451 4859 toto
507 4802 705 4873 capite,
766 4818 940 4872 usque
996 4803 1066 4856 ad
1120 4811 1359 4858 extrema
1416 4821 1552 4874 pene
1609 4806 1942 4876 perducitur.

344 4891 463 4962 Qua
491 4891 562 4948 de
591 4905 755 4947 causa
782 4892 837 4945 in
866 4899 1040 4946 castro
1071 4891 1240 4960 (quod
1260 4892 1465 4948 Feritas
1523 4910 1553 4948 a
1603 4893 1756 4949 freno
1777 4909 1943 4949 voca-

344 4987 448 5051 tur)
477 4995 577 5051 per
630 4979 899 5050 integrum
930 4995 1171 5034 mensem
1202 4981 1340 5036 lecto
1371 4981 1642 5050 decubuit,
1677 4983 1837 5037 nobis
1855 4981 1944 5052 qui

344 5084 467 5124 cum
497 5083 562 5123 eo
592 5082 808 5122 eramus
835 5067 927 5122 vix
947 5067 1110 5122 vitam
1168 5068 1245 5122 illi
1303 5070 1700 5140 pollicentibus.
1749 5072 1942 5127 Melio-

342 5165 490 5212 ratus
560 5156 777 5210 tandem
834 5155 901 5208 ab
973 5154 1302 5223 inﬁrmitate,
1361 5168 1524 5228 prout
1577 5159 1691 5229 pati
1751 5160 1940 5230 potuit,

340 5244 604 5316 paulatim
633 5244 862 5299 Romam
881 5244 1044 5298 eundi
1075 5245 1174 5299 iter
1203 5246 1412 5316 repetit.
1444 5247 1563 5301 Ibat
1585 5256 1765 5302 autem
1823 5264 1945 5304 cum

347 5348 548 5406 magno
597 5341 650 5388 et
706 5332 862 5388 diviti
915 5332 1191 5402 comitatu,
1249 5342 1302 5389 et
1348 5334 1685 5391 admirabilis
1740 5337 1946 5392 cunctis

348 5422 561 5477 habitus
590 5419 880 5493 magniﬁce
911 5421 1305 5494 suscipiebatur
1334 5423 1400 5478 ab
1429 5425 1682 5479 omnibus
1710 5427 1780 5479 ad
1810 5440 1948 5498 quos

348 5511 621 5567 veniebat.

421 5635 743 5709 Lugdunum
800 5650 930 5694 vero
961 5651 1084 5694 cum
1111 5635 1465 5710 venissemus,
1525 5637 1620 5694 ubi
1697 5638 1950 5696 dominus

2057 3245 2344 3300 salubriter
2364 3247 2766 3317 corripientem.
2793 3249 3061 3302 Praeterea
3089 3264 3196 3303 una
3216 3247 3285 3302 de
3315 3249 3450 3316 istis,
3470 3252 3654 3305 Acha-

2055 3333 2217 3388 leidis
2239 3335 2476 3404 nomine,
2528 3335 2778 3390 familiari
2819 3335 2979 3390 affatu
3017 3336 3150 3389 mihi
3205 3337 3311 3390 sub
3345 3339 3652 3394 testimonio

2055 3423 2295 3479 veritatis
2338 3424 2582 3491 innotuit,
2614 3439 2672 3479 se
2714 3433 2835 3494 post
2863 3424 3067 3478 obitum
3125 3425 3464 3480 memorandi
3506 3427 3651 3482 Patri

2052 3513 2290 3567 Anselmi
2333 3513 2569 3584 quadam
2617 3512 2733 3567 vice
2778 3513 2901 3581 plus
2945 3512 3102 3568 solito
3158 3529 3228 3568 ex
3257 3513 3401 3569 dono
3455 3514 3647 3586 gratiae

2051 3601 2151 3655 Dei
2183 3601 2521 3656 orationibus
2562 3617 2627 3655 ac
2679 3601 2937 3672 lacrymis
2991 3601 3233 3656 deditam
3281 3601 3462 3657 subito
3500 3603 3650 3661 velut

2053 3688 2108 3741 in
2157 3689 2348 3744 mentis
2403 3705 2685 3745 excessum
2740 3706 2904 3762 super
2931 3706 2988 3745 se
3018 3699 3245 3762 raptam,
3295 3699 3349 3748 et
3389 3693 3640 3750 tribunali

2050 3778 2465 3849 gloriosissima:
2479 3778 2684 3851 reginae
2707 3779 2965 3834 ccelorum
2996 3796 3028 3834 a
3056 3781 3378 3850 quibusdam
3393 3799 3645 3840 reveren-

2051 3867 2136 3920 dis
2176 3867 2421 3937 personis
2451 3867 2758 3922 adductam.
2792 3868 2970 3935 Quam
3000 3885 3121 3924 cum
3179 3871 3363 3927 debita
3408 3887 3640 3927 venera-

2052 3955 2196 4012 tione
2225 3955 2524 4022 salutasset,
2549 3964 2602 4011 et
2620 3957 2770 4025 jussa
2786 3965 2908 4012 ante
2922 3957 3091 4026 pedes
3120 3960 3237 4028 ejus
3293 3961 3639 4030 concidisset,

2050 4051 2173 4114 post
2203 4044 2436 4112 plurima
2464 4060 2585 4113 qum
2615 4045 2752 4098 vidit
2782 4053 2833 4099 et
2852 4045 3058 4100 audivit
3085 4045 3398 4100 admiranda
3443 4049 3640 4118 patriae

2051 4133 2284 4188 caelestis
2315 4133 2604 4202 praeconia,
2635 4133 2788 4202 quasi
2819 4133 3051 4205 quadam
3084 4134 3282 4190 ﬁducia
3309 4137 3640 4192 constantior

2050 4221 2236 4277 eﬁ'ecta
2268 4229 2364 4276 est.
2397 4221 2543 4275 Inter
2572 4221 2675 4275 alia
2693 4237 2814 4292 quae
2856 4237 2886 4275 a
2915 4222 3134 4276 domina
3178 4239 3360 4278 rerum
3396 4225 3637 4298 inquisi-

2049 4311 2142 4374 vit,
2179 4325 2279 4364 nec
2308 4326 2429 4381 quae
2460 4310 2657 4364 fuerint
2689 4308 2820 4362 mihi
2856 4309 3037 4364 dicere
3067 4310 3254 4365 voluit.
3279 4313 3358 4367 De
3404 4329 3638 4370 venera-

2048 4398 2142 4451 bili
2172 4399 2402 4470 Hugone
2428 4397 2775 4470 Lugdunensi
2805 4396 3058 4468 pontiﬁce
3085 4399 3352 4456 sciscitata
3385 4411 3469 4456 est
3497 4418 3640 4472 quo-

1970 4498 2021 4558 D
2051 4487 2234 4553 modo,
2269 4487 2496 4552 scilicet,
2529 4494 2622 4540 aut
2652 4487 2708 4540 in
2761 4501 2866 4557 qua
2924 4495 3068 4543 sorte
3107 4487 3299 4557 judicii
3351 4491 3467 4558 Dei,
3521 4492 3639 4561 jam

2051 4575 2335 4631 defunctus
2376 4576 2593 4643 saculo,
2627 4583 2768 4630 esset
2794 4577 3132 4631 constitutus.
3192 4580 3258 4632 At
3304 4579 3416 4644 illa,
3474 4579 3635 4648 bene,

2050 4663 2238 4734 inquit,
2272 4662 2402 4730 ﬁlia,
2433 4663 2572 4717 bene
2625 4663 2717 4717 ille
2769 4664 2872 4717 erit
2916 4680 3018 4734 per
3072 4665 3495 4723 misericordiam
3521 4667 3641 4725 Dei.

2054 4753 2120 4806 Et
2167 4753 2235 4805 de
2265 4752 2486 4806 domino
2518 4767 2662 4818 meo,
2697 4753 2798 4819 ait,
2831 4752 3086 4809 Anselmo
3137 4755 3506 4812 Cantuariensi
3549 4774 3642 4813 ar-

2054 4839 2426 4909 chiepiSCOpo,
2459 4839 2544 4909 pia
2574 4840 2812 4907 domina,
2836 4841 2884 4894 si
2915 4841 3014 4895 tibi
3035 4842 3231 4912 placet,
3263 4861 3460 4914 precor
3514 4847 3643 4902 insi-

2053 4943 2158 4982 nua
2193 4927 2319 4997 quid
2367 4927 2676 4982 sentiemus.
2727 4929 3059 5000 Respondit:
3091 4933 3172 4987 De
3215 4933 3310 4988 illo
3351 4935 3649 4991 certissima

2055 5025 2170 5072 esto
2204 5016 2347 5086 quod
2379 5017 2433 5069 in
2462 5030 2670 5088 magna
2697 5016 2870 5087 gloria
2894 5019 2994 5073 Dei
3051 5028 3150 5075 est.
3182 5021 3258 5076 Ad
3291 5022 3408 5078 haec
3445 5024 3539 5079 illa
3578 5025 3647 5080 ad

2053 5121 2110 5161 se
2141 5120 2356 5161 reversa
2389 5121 2402 5158 :
2436 5104 2567 5176 quid
2596 5105 2802 5172 fecerit,
2832 5106 2888 5161 in
2919 5123 3030 5179 quo
3057 5110 3312 5166 videlicet
3367 5114 3646 5169 residuum

2053 5194 2224 5248 noctis
2243 5193 2563 5262 expenderit
2612 5195 2844 5251 dulcedo
2885 5205 2937 5251 et
2963 5198 3203 5270 dignitas
3256 5201 3480 5258 visionis
3507 5219 3646 5260 con-

2053 5283 2355 5337 siderantes
2387 5298 2630 5354 quosque
2656 5285 2892 5340 docebit.
2913 5288 3042 5343 Haec
3067 5289 3217 5358 quasi
3235 5305 3332 5360 per
3360 5307 3648 5348 excessum

2055 5371 2310 5436 diximus,
2337 5370 2482 5426 ducti
2514 5388 2696 5428 amore
2721 5374 3024 5446 dignissimi
3060 5377 3228 5432 Patris
3246 5380 3510 5447 Anselmi,
3543 5395 3648 5449 quo

2057 5462 2428 5528 vehementer,
2458 5461 2690 5516 Domino
2712 5465 3021 5531 miserante,
3054 5465 3265 5534 imbuti,
3315 5467 3384 5521 de
3414 5481 3479 5521 eo
3508 5483 3650 5521 sem-

2057 5565 2156 5619 per
2183 5549 2416 5604 scribere
2445 5556 2535 5603 aut
2563 5549 2711 5623 loqui
2740 5553 2896 5608 dulce
2927 5553 3208 5609 habemus.
3236 5554 3374 5610 Hinc
3392 5555 3657 5614 narrandi

2059 5638 2256 5696 ordine
2283 5639 2684 5712 progredimur.
