3996 6084
407 277 512 336 ‘99

477 405 612 460 Cum
642 402 822 475 itaque
842 404 1162 461 Placentiam
1205 401 1667 476 pervenissemus,
1713 402 2003 474 episcopus
2033 401 2085 463 A

413 491 795 562 Norwicensis,
847 493 1137 549 Herbertus
1165 493 1402 558 nomine,
1437 491 1525 562 qui
1569 492 1860 547 nobiscum
1891 493 2004 547 Ro-

411 599 559 637 mam
625 582 800 637 iturus
853 582 1104 654 Angliam
1173 583 1398 647 exierat,
1458 581 1636 636 valida
1694 580 2007 635 inﬁrmitate

407 677 689 740 correptus
719 678 818 740 est,
839 669 914 725 ita
944 679 1018 737 ut,
1050 670 1464 743 ingravescente
1483 669 1764 741 languore,
1815 669 2004 724 decem

409 759 680 815 continuis
724 759 914 814 diebus
961 759 1077 814 sine
1115 759 1238 814 cibo
1283 765 1339 813 et
1382 774 1513 814 voce
1565 767 1746 812 mutus
1781 759 2002 826 jaceret.

412 847 780 914 Quamobrem
839 855 1070 918 quatuor
1125 847 1498 902 hebdomadas
1555 847 1628 900 ibi
1703 846 2005 919 exegimus,

409 936 651 1005 suspensi
679 935 812 1007 quid
841 936 910 991 de
941 936 1200 1007 episcopo
1258 936 1464 991 faceret
1513 936 1679 990 Deus.
1729 935 1833 990 Ubi
1878 948 2008 988 vero

405 1023 557 1079 illum
587 1024 964 1080 convalescere
993 1034 1138 1080 certo
1167 1023 1516 1091 advertimus,
1569 1025 1636 1077 ad
1684 1023 2004 1094 petitionem

405 1119 458 1168 et
513 1113 800 1168 consilium
857 1113 975 1183 ejus
1026 1113 1184 1167 Pater
1235 1119 1417 1166 noster
1466 1120 1644 1182 coepto
1675 1127 1794 1166 sese
1827 1111 2009 1166 itineri

405 1201 665 1269 reddidit,
723 1201 843 1272 ipse
900 1201 1182 1256 debilitate
1211 1201 1379 1255 nimia
1411 1202 1582 1254 fessus
1621 1199 1694 1254 ibi
1723 1200 2006 1265 remansit,

405 1289 870 1361 archiepiscopum
915 1298 1006 1344 aut
1034 1290 1145 1343 illic
1201 1289 1610 1360 prastolaturus
1653 1297 1743 1342 aut
1799 1303 2007 1344 conva-

405 1377 632 1446 lescens,
675 1379 721 1433 si
776 1393 985 1434 moram
1045 1379 1267 1444 faceret,
1310 1377 1586 1432 redeundo
1617 1393 2000 1447 pracessurus.

405 1468 517 1522 Nos
571 1467 751 1538 itaque
781 1469 1034 1533 Romam,
1063 1467 1154 1522 ille
1183 1467 1655 1533 Northmanniam,
1696 1473 1857 1535 prout
1893 1465 2009 1520 Do-

403 1559 587 1610 minus
606 1571 766 1625 posse
789 1553 958 1622 dedit,
991 1562 1114 1624 post
1145 1553 1452 1610 monnullas
1479 1553 1596 1610 dies
1623 1571 1790 1624 usque
1807 1569 2008 1624 perve-

402 1643 602 1698 nimus.
627 1642 894 1711 Quoniam
915 1642 1080 1714 igitur
1102 1642 1360 1700 dominus
1376 1657 1516 1713 papa
1545 1651 1768 1713 propter
1794 1641 2010 1697 discor-

400 1732 567 1798 diam,
600 1747 724 1803 qua
742 1731 848 1785 illis
874 1731 1065 1787 diebus
1095 1731 1235 1786 inter
1289 1731 1470 1802 ipsum
1525 1738 1577 1786 et
1623 1731 2005 1801 imperatorem
2036 1763 2090 1823 Β

400 1828 538 1889 erat,
571 1824 624 1875 et
653 1821 946 1886 Romanos,
979 1819 1272 1874 Beneventi
1297 1819 1635 1888 morabatur,
1668 1835 1770 1874 nec
1798 1819 2008 1876 Radul-

397 1909 484 1964 fus
539 1925 709 1978 usque
763 1908 834 1964 ad
888 1923 1032 1976 eum,
1090 1909 1287 1980 partim
1346 1917 1570 1979 prOpter
1625 1909 1875 1978 corporis
1923 1906 2007 1963 sui

396 1997 846 2064 imbecillitatem,
881 1998 1076 2069 partim
1103 2002 1329 2069 propter
1350 1999 1633 2069 prafatam
1651 1997 2007 2065 discordiam,

395 2087 552 2156 cujus
570 2102 730 2142 causa
744 2085 1000 2142 omnibus
1025 2086 1094 2141 ad
1126 2103 1328 2157 papam
1363 2087 1442 2141 ire
1473 2087 1787 2142 volentibus
1815 2101 2011 2158 graves

403 2173 620 2231 insidia
667 2175 738 2230 ab
789 2175 984 2231 incolis
1013 2175 1376 2238 struebantur,
1425 2174 1696 2231 ullatenus
1751 2173 2012 2230 accedere

409 2267 645 2335 poterat,
677 2263 857 2320 missis
881 2263 1082 2318 nuntiis
1106 2277 1230 2320 cum
1261 2263 1451 2318 litteris
1479 2263 1712 2319 innotuit
1739 2263 1786 2318 ei
1826 2269 1878 2318 et
1905 2263 2008 2317 ad-

411 2360 654 2420 ventum,
712 2360 765 2407 et
808 2351 1076 2408 adventus
1130 2353 1215 2406 sui
1271 2366 1493 2408 causam
1521 2369 1690 2424 usque
1746 2353 2001 2408 Romam-

410 2439 561 2509 Quos
588 2439 678 2495 ille
706 2440 946 2512 benigne
965 2441 1288 2511 suscipiens,
1321 2449 1373 2496 et
1403 2441 1566 2496 verba
1595 2457 1784 2496 eorum
1812 2443 2009 2495 mode-

406 2528 804 2600 rataaquitatis
817 2529 970 2584 lance
997 2529 1362 2600 perpendens,
1375 2530 1533 2599 juxta
1551 2530 1758 2602 negotii
1787 2528 2008 2584 modum

409 2616 621 2687 scripsit
650 2615 919 2688 episcopis
946 2618 1155 2688 Anglia
1184 2626 1237 2672 et
1264 2617 1402 2688 regi,
1443 2618 1521 2672 sic
1553 2635 1564 2671 :

473 2745 502 2770 «~
538 2721 814 2777 Paschalis
844 2722 1151 2794 episcopus,
1187 2738 1376 2779 servus
1405 2739 1679 2778 servorum
1737 2723 1860 2789 Dei,
1919 2735 2011 2778 ve‘

397 2809 740 2865 nerabilibus
771 2809 1023 2866 fratribus
1051 2810 1325 2882 episcopis
1355 2811 1584 2883 Anglia,
1606 2819 1660 2866 et
1689 2810 2012 2867 charissimo

399 2897 512 2952 ﬁlio
562 2898 799 2954 Henrico
855 2897 1050 2953 illustri
1105 2899 1244 2972 regi,
1301 2899 1531 2954 salutem
1571 2906 1625 2955 et
1655 2899 2010 2970 apostolicam

398 2985 839 3042 benedictionem
853 3028 868 3043 .

477 3116 500 3140 α
536 3092 797 3149 Veniente
827 3092 897 3149 ad
927 3109 1044 3163 nos,
1073 3118 1094 3142 ιι
1130 3098 1234 3150 etc.
1277 3094 1400 3152 Vide
1421 3094 1484 3150 in
1502 3094 1769 3151 Paschali
1788 3095 1853 3151 11.

473 3201 534 3255 In
563 3199 646 3255 his
674 3201 844 3256 nuntii
896 3217 1091 3273 papam
1138 3202 1447 3258 deserentes
1503 3202 1570 3256 ad
1627 3218 1727 3258 nos
1785 3203 2010 3258 Romam

410 3289 614 3346 reversi
641 3298 787 3360 sunt,
846 3291 1002 3346 nobis
1057 3298 1235 3346 autem
1293 3307 1325 3346 a
1375 3292 1545 3346 Roma
1575 3289 1809 3346 Sutriam
1841 3308 2010 3361 usque

400 3377 654 3450 egressis,
707 3381 828 3450 post
859 3379 1062 3451 aliquot
1119 3380 1237 3436 dies
1266 3379 1531 3437 Radulfus
1559 3380 2008 3450 archiepiscOpus

403 3466 656 3522 invitatus
680 3467 748 3522 ab
780 3468 1105 3539 imperatore
1135 3485 1280 3538 eum,
1312 3477 1578 3524 annuente
1635 3483 1795 3539 papa,
1855 3469 2010 3554 adiit,

402 3563 456 3611 et
512 3571 610 3624 per
639 3565 760 3612 octo
791 3556 908 3612 dies
930 3557 985 3611 in
1014 3557 1254 3613 exercitu
1284 3573 1579 3627 suo,quem
1611 3556 1754 3612 circa
1784 3557 2012 3611 Romam

406 3642 724 3709 adduxerat,
773 3650 1127 3700 conversatus
1179 3662 1302 3700 cum
1359 3645 1452 3700 illo
1483 3653 1584 3700 est.
1646 3644 1776 3698 Inde
1823 3645 2012 3699 iterum

408 3730 636 3786 Romam
664 3747 910 3786 reversus
929 3733 1110 3787 denuo
1141 3733 1337 3788 Sutria
1368 3731 1551 3786 multis
1582 3732 1776 3786 diebus
1827 3747 2012 3787 mora-

407 3825 494 3872 tus
523 3824 623 3873 est.
661 3818 824 3872 Fama
852 3819 1117 3890 siquidem
1176 3835 1388 3892 quaque
1419 3820 1754 3889 disperserat
1809 3820 2014 3875 Roma-

407 3919 538 3961 num
566 3905 880 3976 pontificem
910 3907 1010 3962 sub
1040 3908 1319 3964 celeritate
1350 3908 1404 3962 in
1424 3907 1616 3962 urbem
1633 3914 1941 3978 venturum,
1962 3915 2015 3962 et

407 4001 558 4050 ratus
589 4001 668 4049 est
697 4012 774 4064 se,
808 3995 1139 4067 colloquium
1172 3995 1292 4065 ejus
1320 4011 1658 4068 magnOpere
1687 3996 2014 4052 desideran-

409 4089 537 4150 tem,
570 4083 678 4138 illic
705 4086 1068 4155 opportunius
1098 4085 1554 4156 prastolaturum.
1592 4086 1784 4140 Verum
1802 4085 1892 4139 ubi
1926 4087 2016 4140 in-

410 4173 682 4228 tellectum
713 4182 795 4228 est
824 4190 944 4229 rem
973 4174 1128 4230 aliter
1157 4191 1295 4242 esse,
1329 4173 1604 4230 remeandi
1633 4175 1864 4246 patriam
1916 4175 2016 4230 iter

409 4260 659 4332 arripuit.
719 4261 980 4318 Venimus
1023 4266 1205 4334 itaque
1261 4264 1658 4334 Rothomagum
1717 4263 1786 4316 ad
1826 4279 2012 4334 regem

409 4349 725 4421 Anglorum,
762 4361 814 4405 et
844 4352 914 4406 ab
945 4368 1010 4408 eo
1041 4351 1208 4406 multo
1241 4360 1484 4420 tempore
1521 4351 1577 4404 in
1605 4350 2013 4407 Nortlimannia

407 4435 605 4493 detenti
626 4455 811 4494 sumus
823 4480 837 4494 .

479 4542 688 4611 Quibus
723 4545 924 4601 diebus
955 4545 1139 4602 clerici
1182 4545 1560 4600 Eboracenses
1585 4560 1749 4614 supra
1796 4560 2012 4600 memo-

405 4640 581 4685 ratum
626 4633 1007 4704 Thurstanum,
1059 4635 1287 4689 electum
1345 4633 1599 4688 videlicet
1655 4648 1829 4701 suum,
1905 4651 2013 4692 sua

405 4719 665 4775 Ecclesia
697 4721 903 4777 restitui
931 4724 1227 4793 cupientes,
1286 4731 1338 4777 et
1393 4738 1459 4775 ne
1488 4719 1886 4791 professionem
1943 4722 2012 4779 de

403 4806 735 4874 subjectione
767 4827 862 4864 sua
890 4810 1131 4881 pontiﬁci
1161 4811 1572 4866 Cantuariorum
1625 4810 1848 4873 faceret,
1881 4826 2008 4866 mo-

400 4894 486 4948 dis
515 4896 768 4951 omnibus
798 4898 1121 4962 insistentes,
1172 4915 1308 4970 quos
1350 4899 1726 4969 prudentiores
1773 4899 1841 4954 de
1895 4901 2006 4960 suis

407 4981 698 5051 habebant,
729 4984 800 5038 ad
830 5000 1031 5055 papam
1059 4985 1317 5058 dirigunt,
1335 4986 1664 5042 desiderium
1696 5002 1852 5040 suum
1885 4986 2005 5055 ejus

396 5071 770 5126 auctoritatate
826 5082 880 5128 et
934 5074 1162 5146 imperio
1192 5092 1330 5130 nova
1361 5077 1486 5148 lege
1508 5091 1603 5146 per
1641 5090 1733 5130 eus
1763 5075 1996 5132 stabiliri

393 5157 708 5230 gestientes.
727 5158 830 5228 Qui
857 5161 999 5214 viam
1030 5163 1271 5234 aggressi
1290 5171 1341 5218 et
1370 5164 1440 5217 ad
1456 5177 1652 5233 papam
1677 5178 1847 5232 usque
1864 5179 1988 5232 pro-

385 5246 534 5312 fecti,
595 5263 755 5318 quam
784 5249 1015 5306 veridici
1055 5265 1236 5307 causa
1264 5267 1385 5306 sua
1411 5250 1680 5306 relatores
1710 5251 1852 5322 apud
1871 5268 1994 5306 eum

379 5335 696 5399 exstiterint,
751 5345 805 5392 et.
857 5353 942 5392 res
998 5347 1171 5410 gesta,
1231 5340 1433 5408 veraci,
1493 5341 1686 5406 fateor,
1742 5341 1990 5410 superius

373 5425 514 5496 stylo
545 5425 781 5498 digesta,
803 5433 855 5483 et
888 5431 1063 5482 textus
1081 5428 1327 5499 epistola
1357 5445 1518 5500 quam
1563 5429 1680 5500 ipse
1711 5444 1855 5500 papa
1883 5445 1983 5500 pro

371 5514 562 5572 eodem
593 5515 898 5572 Thurstano
930 5517 1146 5584 direxit,
1166 5519 1308 5574 scire
1327 5518 1637 5573 volentibus
1654 5518 1976 5574 declarabit.

374 5602 473 5658 Est
499 5611 676 5659 autem
709 5606 821 5662 hac
854 5623 865 5658 :

1402 277 1716 335 EADMERI
1759 277 2315 335 CANTUARIENSIS
2354 276 2669 334 MONACHI

2040 3118 2089 3184 C

3607 275 3712 327 500

2193 427 2214 451 «
2249 403 2531 459 Paschalis
2561 402 2868 474 episcopus,
2888 416 3074 456 servus
3089 413 3369 455 servorum
3385 395 3483 452 Dei
3511 395 3711 452 dilecto

2112 490 2223 547 ﬁlio
2255 493 2506 558 Henrico,
2539 491 2728 546 illustri
2758 491 3054 564 Anglorum
3086 489 3227 558 regi,
3255 486 3487 542 salutem
3500 494 3553 541 et
3573 500 3715 555 apo-

2112 581 2355 635 stolicam
2388 579 2841 636 benedictionem.

2189 692 2211 716 α
2246 671 2360 725 Nos
2379 678 2599 726 auctore
2631 670 2764 734 Deo,
2801 691 2822 716 ιι
2857 675 2958 723 etc.
3003 666 3125 723 Vide
3154 668 3218 722 in
3247 665 3530 721 Paschali.

2185 758 2479 814 Restitutus
2532 758 2584 812 in
2641 756 3006 828 pontiﬁcatum
3055 755 3390 809 Thurstanus
3419 752 3565 808 venit
3611 754 3723 806 An-

2114 847 2282 918 gliam
2338 848 2479 901 circa
2526 847 2876 902 Februarium
2954 860 3224 910 mensem,
3311 858 3454 898 anno
3513 840 3721 896 scilicet

2115 937 2354 991 secundo
2411 951 2518 1007 quo
2576 937 2699 1005 ipse
2755 938 2812 989 in
2884 934 3331 990 Northmanniam
3406 931 3477 985 ad
3532 945 3722 1001 regem

2116 1032 2355 1079 venerat.
2419 1025 2754 1080 Venerabilis
2808 1032 2992 1078 autem
3040 1024 3198 1077 Pater
3254 1020 3538 1086 Radulfus,
3585 1033 3721 1073 nec-

2115 1113 2244 1167 dum
2302 1129 2362 1168 se
2413 1130 2446 1168 a
2499 1113 2646 1184 regis
2702 1112 2976 1168 consortio
3033 1111 3318 1182 sejungere
3395 1109 3608 1174 valens,
3667 1107 3722 1160 in

2115 1202 2506 1257 Northmannia
2536 1201 2754 1270 resedit,
2771 1201 2973 1257 reditus
3000 1200 3084 1256 sui
3116 1206 3475 1270 opportunum
3503 1206 3720 1267 tempus

2116 1293 2388 1360 eperiens.
2443 1291 2707 1361 Superius
2790 1305 3005 1362 quoque
3060 1289 3372 1346 nominatus
3428 1287 3718 1342 Anselmus

2118 1396 2362 1452 eousque
2392 1380 2709 1436 morabatur
2735 1379 3065 1451 Rothomagi
3091 1394 3215 1432 cum
3237 1392 3386 1448 rege,
3418 1375 3715 1446 pecuniam

2119 1485 2240 1540 qua
2271 1470 2429 1525 beato
2485 1469 2642 1524 Petro
2699 1469 2768 1523 de
2822 1468 3016 1540 Anglia
3044 1467 3336 1540 quotannis
3371 1464 3536 1536 pendi
3582 1463 3722 1519 solet

2119 1558 2348 1612 Romam
2379 1573 2705 1613 reversurus
2733 1558 2958 1629 cupiens
2983 1572 3165 1612 secum
3198 1555 3416 1611 habere.
3443 1555 3514 1612 Ut
3541 1561 3720 1609 autem

2120 1647 2238 1718 ipse
2263 1647 2316 1701 in
2347 1647 2606 1718 Angliam
2630 1662 2733 1718 pro
2764 1647 3070 1705 exercenda
3101 1645 3376 1718 legatione
3405 1643 3506 1698 sibi
3537 1641 3721 1712 injun-

2119 1742 2207 1792 cta
2262 1735 2528 1805 transiret,
2578 1752 2693 1804 rex,
2752 1745 2811 1792 ut
2838 1735 3101 1804 diximus,
3120 1734 3424 1790 consentire
3477 1731 3720 1800 nolebat,

2119 1825 2325 1880 ratione
2354 1840 2516 1896 quam
2547 1825 2980 1896 pralibavimus,
3005 1828 3056 1880 et
3080 1824 3202 1879 aliis
3230 1838 3338 1878 non
3352 1822 3532 1877 minus
3548 1820 3723 1877 ratio-

2117 1914 2390 1968 nabilibus
2417 1931 2571 1969 usus.
2612 1914 3033 1985 Quatenusergo
3065 1912 3195 1984 quid
3227 1912 3282 1967 in
3311 1910 3626 1982 hujusmodi
3655 1909 3726 1982 (si

2119 2004 2260 2059 forte
2287 2003 2634 2076 contigerint)
2677 2003 2748 2058 sit
2797 2003 3074 2075 agendum
3133 2009 3380 2057 secutura
3439 1999 3730 2070 posteritas

2119 2092 2541 2160 animadvertat,
2583 2108 2706 2164 qua
2761 2091 2964 2146 nostris
3021 2090 3213 2146 diebus
3268 2096 3387 2146 acta
3417 2095 3540 2144 sunt
3571 2086 3725 2142 brevi

2118 2182 2558 2254 perstrinximus,
2589 2181 2720 2236 nulli
2760 2179 3158 2252 prajudicium,
3185 2179 3330 2250 quod
3363 2177 3514 2232 malit
3547 2176 3720 2249 sequi,

2116 2270 2482 2342 praﬁgentes.

2190 2361 2318 2415 Post
2346 2362 2484 2428 hac,
2516 2359 2756 2415 secundo
2787 2358 3044 2414 videlicet
3073 2371 3216 2412 anno
3239 2371 3346 2428 quo
3361 2364 3414 2413 et
3458 2353 3726 2410 Radulfus

2119 2449 2564 2520 archiepiscopus
2594 2450 2824 2503 Romam
2880 2448 3051 2502 iturus
3081 2445 3332 2518 Angliam
3389 2444 3626 2508 exierat,
3674 2451 3728 2499 et

2118 2539 2403 2593 Anselmus
2431 2552 2532 2608 pro
2563 2537 2868 2592 exercenda
2897 2535 3169 2608 legatione
3215 2533 3470 2606 Angliam
3501 2540 3560 2588 ut
3588 2548 3726 2603 spe-

2119 2628 2270 2682 rabat
2297 2627 2590 2682 intraturus
2615 2627 2684 2680 de
2713 2626 2888 2682 Roma
2917 2623 3370 2682 Northmanniam
3425 2622 3494 2677 ad
3535 2637 3722 2692 regem

2118 2715 2335 2788 Anglia
2392 2723 2631 2783 venerat,
2680 2731 2845 2770 sacra
2900 2713 3178 2769 memoriae
3236 2711 3511 2767 Paschalis
3582 2726 3728 2782 papa

2119 2805 2454 2877 defungitur,
2507 2812 2562 2859 et
2617 2803 2735 2860 loco
2793 2804 2912 2874 ejus
2982 2804 3219 2857 Joannes
3264 2801 3491 2872 quidam
3559 2800 3726 2855 Caita

2119 2902 2274 2948 natus
2327 2893 2696 2948 substituitur.
2772 2891 2876 2962 Qui
2932 2893 3170 2947 Joannes
3247 2890 3302 2944 in
3387 2888 3723 2944 monasterio

2119 2984 2320 3040 montis
2367 2983 2572 3038 Cassini
2628 2982 2697 3037 ab
2727 2980 2953 3036 infantia
3009 2979 3309 3036 monachus
3376 2978 3616 3033 nutritus
3673 2986 3729 3034 et

2121 3073 2356 3141 adultus,
2414 3072 2469 3127 in
2527 3071 2822 3126 ministerio
2862 3068 3252 3125 venerabilium
3299 3067 3726 3139 apostolicorum

2119 3161 2407 3228 Desiderii,
2443 3161 2646 3215 Urbani
2677 3168 2731 3214 et
2762 3158 3041 3215 Paschalis
3069 3158 3327 3212 assiduus
3385 3157 3562 3211 fuerat
3593 3171 3726 3211 can-

2119 3250 2329 3305 cellarii
2359 3248 2544 3305 ofﬁcio
2576 3249 2808 3304 functus.
2843 3248 3142 3304 Successor
3172 3246 3340 3318 igitur
3353 3244 3549 3301 summi
3581 3261 3733 3318 pon-_

2121 3337 2280 3394 tiﬁcis
2309 3338 2601 3406 institutus,
2652 3341 2858 3391 mutato
2889 3337 3130 3403 nomine,
3164 3334 3414 3390 Gelasius
3471 3341 3553 3389 est
3581 3350 3725 3388 nun-

2121 3433 2375 3498 cupatus.
2433 3427 2544 3481 Rex
2600 3441 2732 3481 vero
2788 3424 3134 3490 Teutonicus,
3193 3423 3284 3494 qui
3341 3430 3396 3478 et
3451 3423 3730 3478 Romanus

2120 3515 2434 3587 imperator,
2468 3514 2650 3570 audito
2680 3529 2882 3584 papam
2907 3513 3028 3568 huic
3059 3514 3182 3568 vita
3233 3511 3550 3579 decessisse,
3611 3511 3728 3566 Ro-

2119 3621 2265 3658 mam
2289 3604 2523 3672 advolat,
2545 3611 2598 3658 et
2628 3603 3053 3658 Bracharensem
3085 3601 3422 3672 episcopum,
3437 3600 3553 3671 jam
3586 3615 3728 3655 anno

2119 3693 2396 3763 praeterito
2426 3692 2493 3745 ab
2525 3692 2719 3746 eodem
2753 3706 2896 3761 papa
2928 3689 3227 3746 Beneventi
3279 3689 3729 3744 excommunica-

2123 3789 2254 3848 tum,
2273 3779 2500 3835 cedente
2529 3779 2599 3833 ab
2629 3779 2764 3834 urbe
2794 3777 3034 3844 Gelasio,
3065 3793 3224 3832 suum
3257 3792 3454 3849 papam
3475 3777 3730 3843 instituit,

2121 3876 2192 3936 et,
2251 3884 2317 3924 ex
2374 3867 2626 3933 Bnrdino,
2689 3867 3017 3940 Gregorium
3070 3867 3330 3922 nominat.
3366 3865 3499 3936 Qua
3543 3866 3729 3921 omnia

2120 3962 2178 4012 ut
2208 3957 2346 4012 scire
2380 3957 2682 4012 volentibus
2730 3957 2991 4023 clareant,
3038 3954 3322 4026 epistolam
3353 3971 3514 4026 super
3545 3956 3629 4010 his
3658 3954 3727 4009 ab

2122 4046 2238 4116 ipso
2269 4046 2488 4100 Gelasio
2521 4045 2574 4098 in
2607 4044 2818 4099 Gallias
2844 4045 3090 4110 missam,
3124 4059 3283 4114 quem
3329 4053 3378 4098 et
3411 4059 3534 4098 ecce
3585 4044 3724 4098 sub-

2123 4134 2430 4201 scribimus,
2464 4135 2664 4205 legant.

2198 4262 2218 4284 α
2256 4237 2505 4292 Gelasius
2535 4237 2852 4308 episcopus,
2887 4251 3076 4291 servus
3103 4251 3378 4293 servorum
3410 4235 3532 4302 Dei,
3551 4251 3727 4292 vene-

2119 4326 2388 4380 rabilibus
2419 4325 2700 4394 fratribus,
2743 4325 3189 4396 archiepiscopis,
3219 4325 3517 4396 episcopis,
3545 4325 3723 4380 abba-

2119 4415 2286 4478 tibus,
2319 4414 2547 4483 clericis,
2579 4413 2937 4484 principibus,
2969 4422 3022 4467 et
3062 4414 3274 4468 cateris
3331 4429 3427 4484 per
3481 4413 3723 4469 Galliam

2035 4475 2090 4537 Ῑ)
2121 4475 2388 4568 ﬁdelibus,
2430 4475 2658 4558 salutem
2691 4475 3127 4574 etapostolicam
3156 4475 3610 4559 benedictionem.

2196 4632 2216 4653 α
2253 4606 2390 4675 Quia
2419 4621 2517 4660 vos
2547 4605 2810 4661 Romana
2829 4605 3085 4662 Ecclesia
3113 4606 3358 4661 membra
3387 4607 3535 4677 estis,
3561 4626 3582 4658 ι
3611 4616 3719 4664 etc.

2129 4696 2252 4752 Vide
2277 4697 2338 4750 in
2359 4694 2584 4752 Gelasio
2606 4694 2673 4761 Il,
2701 4695 2880 4764 infra.

2189 4803 2288 4854 His
2335 4800 2527 4854 diebus
2583 4799 2738 4870 gravi
2769 4800 2968 4853 damno
3000 4798 3194 4870 Anglia
3225 4815 3481 4870 percussa
3523 4810 3628 4872 est,
3662 4807 3717 4858 in

2115 4899 2288 4945 morte
2316 4889 2538 4960 regina.
2575 4888 2841 4942 Defuncta
2867 4887 3138 4958 siquidem
3169 4897 3246 4944 est
3277 4891 3418 4962 apud
3439 4892 3717 4950 Westmo-

2114 4978 2410 5033 nasterium
2440 4977 2568 5032 Kal.
2608 4976 2754 5043 Maii,
2788 4984 2840 5030 et
2869 4975 2924 5029 in
2950 4977 3068 5046 ipso
3090 4979 3419 5034 monasterio
3462 4980 3719 5037 decenter

2113 5069 2345 5140 sepulta.
2379 5067 2499 5136 Quo
2553 5074 2733 5120 autem
2783 5064 2988 5133 judicio
3018 5064 3137 5131 Dei,
3171 5065 3502 5138 ignoramus.
3561 5071 3716 5129 Illico

2110 5166 2234 5230 post
2263 5159 2378 5212 hac
2410 5157 2591 5228 plures
2618 5154 3114 5208 Northmannorum
3147 5171 3308 5224 quam
3349 5157 3464 5229 regi
3487 5158 3715 5228 jurave-

2109 5256 2226 5302 rant
2257 5245 2573 5301 ﬁdelitatem
2603 5251 3040 5313 postposuerunt,
3077 5252 3129 5298 et
3159 5243 3212 5297 in
3243 5260 3429 5316 regem
3469 5247 3713 5306 Francia

2107 5335 2492 5406 principesque
2523 5334 2643 5404 ejus
2673 5331 3041 5400 adversarios,
3075 5331 3285 5388 scilicet
3311 5333 3488 5405 ipsius
3545 5345 3709 5394 natu-

2105 5424 2234 5479 ralis
2291 5423 2496 5478 domini
2554 5421 2639 5476 sui
2670 5435 2779 5475 non
2836 5421 2989 5476 veriti
3013 5420 3304 5491 justitiam,
3338 5439 3399 5479 se
3431 5428 3714 5482 transtule-

2102 5522 2244 5570 runt.
2304 5513 2458 5569 Unde
2515 5527 2634 5582 qua
2661 5518 2714 5566 et
2743 5517 2946 5582 quanta
2973 5510 3119 5564 mala
3148 5513 3495 5581 emerserint,
3550 5516 3709 5588 cogi-

2100 5610 2210 5659 tatu
2239 5617 2309 5658 ne
2365 5602 2544 5676 dicam
2574 5599 2719 5654 dictu
2745 5598 2944 5655 scimus
2973 5614 3090 5655 esse
3123 5598 3368 5658 difﬁcile.
3411 5605 3558 5660 [nter
3587 5621 3709 5680 qua
