4044 6074
360 271 457 325 501

1462 263 1789 323 HISTORIA
1828 264 2197 324 NOVORUM.
2231 298 2294 311 —
2329 267 2459 322 LIB.
2497 266 2561 321 V.

3561 273 3664 328 502

362 395 614 467 prtefatus
640 410 788 469 papa
818 392 1059 451 Celasius
1086 410 1183 465 per
1210 409 1354 448 mare
1382 393 1748 466 Burgundiam
1782 393 1946 461 venit,
1979 391 2039 457 Α
2066 391 2294 460 fueram,
2323 392 2502 464 aliquo
2532 409 2619 448 me
2648 393 2839 450 mortis
2867 393 3114 465 periculo
3163 395 3335 467 premi
3392 393 3658 452 ullatenus

362 490 421 541 et
449 486 718 541 adventus
749 487 867 558 ejus
895 501 1022 542 mox
1051 484 1239 540 Galliae
1287 484 1380 540 toti
1429 485 1681 540 innotuit.
1734 484 1959 540 Excitati

361 584 486 631 sunt
533 576 730 645 quique
771 580 1020 648 potentes
1071 591 1191 630 cum
1232 575 1609 630 mediocribus
1653 575 1703 630 ei
1761 590 1958 632 occur-

361 679 510 731 rere,
570 673 622 719 et
689 665 936 720 certatim
990 664 1320 736 parabantur
1394 665 1656 720 interesse
1732 665 1960 721 concilio

361 754 507 824 quod
539 754 656 825 ipse
686 755 1018 825 disponebat
1047 771 1106 810 se
1132 754 1311 809 media
1329 754 1763 825 Quadragesima
1780 755 1961 810 Remis

365 842 786 899 celebraturum.
825 843 1088 898 Radulfus
1116 859 1334 914 quoque
1363 843 1819 914 archiepiscopus,
1858 861 1960 898 au-

361 932 476 988 dito
520 947 680 1004 papae
727 933 982 999 adventu,
1057 932 1126 988 de
1173 933 1533 1003 Rothomago,
1586 931 1679 986 ubi
1725 948 1961 1004 eousque

355 1022 669 1077 morabatur
697 1037 970 1093 egressus,
1022 1021 1258 1092 impiger
1303 1022 1354 1075 ei
1397 1036 1692 1078 occurrere
1744 1023 1950 1076 statuit.

355 1110 468 1165 Sed
536 1110 630 1165 ubi
701 1109 1038 1182 aliquantum
1107 1109 1315 1165 itineris
1363 1108 1612 1177 confecit,
1667 1111 1875 1179 accepit
1930 1127 1960 1166 a

356 1197 688 1270 quibusdam
739 1198 919 1268 ipsum
969 1214 1168 1268 papam
1238 1199 1453 1269 longius
1514 1199 1854 1264 discessisse,
1909 1208 1962 1255 et

351 1302 551 1343 versus
580 1287 867 1358 Hispanias
895 1287 974 1342 ire
1003 1287 1383 1358 proposuisse.
1422 1287 1578 1344 Unde
1608 1288 1681 1343 ob
1713 1288 1957 1344 laborem

357 1383 411 1432 et
466 1376 834 1447 prolixitatem
891 1375 1125 1433 difﬁcilis
1183 1376 1317 1443 viae,
1376 1376 1608 1433 consilio
1659 1377 1961 1434 amicorum

348 1479 569 1520 suorum
601 1464 993 1536 profectionem
1024 1481 1178 1522 suam
1207 1465 1277 1520 ab
1306 1466 1520 1536 incepto
1542 1466 1764 1522 rediens
1787 1465 1960 1522 distu-

350 1552 430 1619 lit,
463 1553 735 1623 eamdem,
765 1561 822 1609 ut
868 1555 1110 1626 putabat,
1170 1555 1563 1626 perfectionem
1621 1571 1730 1611 non
1787 1555 1960 1612 multo

353 1651 478 1713 post
506 1651 904 1714 resumpturus,
937 1651 988 1699 et
1014 1645 1064 1699 ei
1095 1643 1417 1700 Cluniacum
1449 1644 1706 1715 venienti,
1740 1653 1960 1701 auctore

2069 483 2354 549 sustinens,
2389 483 2732 538 Cantuariam
2764 484 2894 537 mihi
2925 484 3003 539 ire
3033 485 3197 540 suasit
3254 501 3318 542 ac
3374 487 3660 557 persuasit,

2068 572 2310 627 scribens
2334 587 2433 641 pro
2463 572 2701 628 bonitate
2728 589 2827 627 sua
2855 575 3145 630 conventui
3187 574 3414 630 fratrum
3461 575 3660 632 Eccle-

2067 659 2160 714 size
2190 670 2389 716 nostrae
2419 663 2702 732 epistolam
2733 663 2890 730 hanc,
2948 672 3002 718 et
3057 679 3154 734 per
3199 680 3357 719 suum
3415 665 3660 720 nuntium

2067 749 2333 820 dirigens.

2144 858 2165 885 α
2203 836 2578 892 Dilectissimis
2608 839 2862 894 fratribus
2891 855 2956 895 ac
2985 839 3111 895 ﬁliis
3126 839 3449 896 Chuonrado
3472 840 3660 911 priori,

2068 925 2384 996 caeterisque
2413 928 2593 981 servis
2622 930 2741 998 Dei,
2775 929 2864 998 qui
2895 938 3018 983 sunt
3047 930 3346 986 Cantuariis
3377 930 3431 985 in
3464 930 3660 986 Eccle-

2067 1013 2144 1068 sia
2201 1014 2430 1081 Christi,
2490 1015 2836 1072 ﬁdelissimus
2907 1034 3095 1074 eorum
3153 1019 3315 1074 frater
3369 1019 3658 1086 Radulfus,

2068 1101 2318 1172 ejusdem
2362 1105 2621 1162 Ecclesia
2674 1107 2953 1177 presbyter
3003 1117 3054 1162 et
3110 1108 3356 1164 minister
3413 1110 3660 1178 devotus,

2069 1193 2301 1248 salutem
2330 1203 2383 1248 et
2408 1208 2648 1250 amorem
2681 1212 2803 1249 cum
2832 1196 3209 1252 benedictione
3239 1198 3335 1252 Dei
3359 1206 3411 1253 et
3439 1214 3554 1254 sua.

2147 1307 2168 1330 «ι
2205 1283 2482 1338 Desiderio
2512 1283 2818 1340 desideravi
2850 1286 3033 1341 videre
3063 1286 3229 1342 facies
3256 1295 3486 1352 vestras,
3518 1297 3571 1344 et
3599 1305 3665 1345 eo

2070 1371 2303 1443 amplius
2333 1374 2478 1442 quod
2509 1373 2890 1429 existimabam
2920 1390 3016 1430 vos
3046 1375 3380 1447 aliquatenus
3429 1377 3669 1434 desolari

2065 1477 2226 1531 super
2256 1461 2562 1531 prolixitate
2591 1477 2808 1518 morosa
2862 1464 3315 1536 peregrinationis
3368 1481 3527 1521 meae.
3584 1469 3667 1521 Ad

2068 1565 2165 1605 vos
2195 1549 2362 1621 igitur
2393 1559 2649 1605 venturus
2679 1552 2732 1606 in
2763 1551 2934 1620 brevi,
2967 1561 3234 1624 praemitto
3266 1554 3422 1610 vobis
3442 1554 3665 1611 fratrem

2070 1646 2122 1692 et
2152 1638 2400 1694 amicum
2423 1644 2666 1694 nostrum
2691 1640 2970 1696 dominum
3021 1641 3368 1712 Eadmerum,
3426 1644 3667 1700 omnium

358 1733 494 1800 Deo,
528 1747 884 1802 occursurus;
915 1740 1063 1788 ratus
1092 1737 1281 1789 tamen
1330 1733 1540 1789 consilii
1597 1734 1731 1800 fore,
1786 1734 1960 1790 desti-
1992 1752 2046 1812 B
2074 1726 2324 1783 laborum
2357 1735 2409 1782 et
2437 1735 2654 1784 actuum
2685 1734 2993 1785 nostrorum
3028 1732 3304 1788 conscium
3334 1739 3388 1788 et
3440 1733 3666 1802 socium,

360 1820 510 1875 navit
539 1821 607 1876 ad
648 1837 774 1876 eum
831 1822 1040 1894 legatos
1097 1837 1246 1890 suos,
1307 1823 1396 1892 qui
1455 1831 1507 1878 et
1555 1822 1766 1879 itineris
1819 1823 1964 1878 illius

352 1909 761 1978 certitudinem,
823 1919 877 1966 et
941 1909 1106 1965 animi
1165 1911 1282 1978 ejus
1347 1910 1664 1982 qualitatem
1735 1927 1866 1984 erga
1905 1929 1964 1966 se

359 1997 598 2071 quidque
620 1999 688 2055 de
721 1998 956 2072 negotiis
986 1999 1098 2054 suis
1128 1999 1274 2070 apud
1303 2015 1436 2056 eum
1467 1999 1746 2056 conﬁdere
1779 2016 1964 2071 posset

347 2085 665 2159 diligentius
698 2088 1118 2160 investigarent.
1159 2087 1293 2156 Quae
1322 2087 1414 2144 ubi
1459 2089 1764 2145 Thurslano
1806 2090 1960 2146 Ebo-

341 2177 551 2234 racensi
579 2177 948 2245 innotuerunt,
979 2176 1171 2232 relicta
1197 2177 1396 2249 Anglia
1425 2194 1644 2248 papam,
1708 2187 1764 2234 ut
1821 2196 1952 2251 spe-

339 2265 523 2332 rabat,
556 2281 667 2322 suae
695 2282 872 2322 causa
899 2266 1074 2338 gratia
1126 2265 1390 2335 petiturus
1424 2283 1576 2322 mare
1639 2268 1846 2323 transiit
1908 2277 1961 2325 et

339 2354 743 2426 Rothomagum
773 2355 939 2412 venit.
971 2355 1079 2410 Ubi
1108 2371 1141 2410 a
1169 2371 1319 2427 rege,
1353 2354 1498 2425 quod
1527 2371 1585 2412 se
1640 2355 1944 2414 inconsulto

343 2443 771 2500 transfretaverit
801 2444 1138 2516 redargutus,
1173 2444 1313 2500 ultra
1331 2445 1630 2516 procedere
1687 2445 1952 2503 inhibitus

338 2540 438 2601 est,
470 2533 646 2590 donec
676 2534 964 2590 certiorem
995 2534 1064 2588 de
1107 2549 1363 2603 processu
1410 2550 1570 2605 papae
1621 2536 1942 2591 sententiam

349 2623 636 2678 edisceret.
672 2623 781 2679 Sed
811 2622 1029 2679 evoluto
1058 2639 1168 2678 non
1215 2623 1385 2678 multo
1443 2624 1699 2694 temporis
1754 2625 1948 2695 spatio,

343 2711 515 2784 legati
543 2728 681 2784 quos
709 2711 1150 2784 archiepiscOpus
1202 2712 1490 2780 direxerat,
1538 2713 1738 2770 reversi
1794 2730 1942 2769 nun-

340 2801 478 2854 tiant
521 2816 582 2855 se
633 2801 701 2855 ad
751 2816 951 2872 papam
1000 2801 1230 2869 venisse,
1303 2817 1554 2872 eumque,
1609 2802 1776 2858 multa
1843 2818 1949 2858 no-

339 2889 467 2943 stris
495 2890 711 2945 saeculis
738 2905 882 2946 nova
929 2897 980 2944 et
1029 2890 1268 2944 inaudita
1314 2899 1706 2961 proponentem
1761 2892 1942 2946 factu-

335 2994 480 3045 rum,
513 2986 687 3034 morte
715 2987 1062 3049 praeventum
1093 2988 1145 3034 et
1177 2979 1414 3034 Cluniaci
1467 2996 1584 3036 esse
1640 2980 1934 3051 sepultum.

405 3068 594 3139 Itaque
638 3075 760 3138 post
808 3068 926 3123 haec
990 3068 1295 3124 cardinales
1347 3076 1394 3122 et
1446 3068 1536 3123 alii
1574 3069 1803 3125 Romani
1849 3072 1944 3140 qui

332 3172 533 3229 papam
563 3157 733 3211 secuti
764 3159 998 3213 Galliam
1032 3167 1316 3226 venerant,
1350 3157 1476 3225 sibi,
1520 3158 1684 3214 veluti
1742 3173 1774 3213 a
1831 3159 1941 3214 suis

340 3245 506 3318 longe
535 3247 748 3315 remoti,
791 3247 1152 3313 consulentes,
1208 3247 1516 3302 Guidonem
1572 3247 1935 3303 Viennensem

335 3335 809 3407 archiepiscopum
859 3336 961 3391 loci
1010 3337 1329 3392 auctoritate
1375 3343 1428 3391 et
1475 3336 1668 3404 Opibus
1719 3337 1933 3404 fultum,

331 3436 440 3491 quo
493 3421 713 3476 tutiores
760 3423 817 3474 in
869 3422 1046 3476 aliena
1091 3421 1372 3491 provincia
1418 3429 1613 3486 essent,
1667 3420 1788 3475 loco
1834 3421 1933 3476 de-

330 3507 494 3563 functi
525 3525 683 3580 papaa
712 3509 1060 3579 substituunt,
1093 3517 1146 3564 et
1176 3516 1381 3564 mutato
1413 3509 1637 3564 nomine
1667 3507 1933 3563 Calixtum

327 3601 658 3663 nuncupant.
689 3595 827 3648 Dum
858 3596 974 3649 haec
1005 3593 1374 3650 ecclesiastica
1403 3593 1477 3648 ita
1504 3595 1562 3647 in
1610 3593 1930 3664 Burgundia

325 3681 709 3752 disponuntur,
758 3683 1093 3753 apostolatus
1135 3683 1930 3752 RomanaeEcclesiae,prmfato

326 3768 598 3842 Gregorio
629 3771 744 3825 sedi
773 3771 916 3824 beati
947 3771 1087 3826 Petri
1119 3771 1460 3842 praesidente,
1499 3771 1926 3828 administratur.

325 3859 498 3928 Super
525 3859 612 3913 his
659 3875 790 3930 ergo
839 3859 1021 3914 multis
1069 3860 1378 3915 rumoribus
1422 3859 1623 3931 Anglia
1663 3875 1928 3916 concussa

323 3955 420 4013 est,
455 3947 575 4001 aliis
598 3947 762 4017 hunc,
795 3946 914 4002 aliis
944 3947 1114 4014 illum,
1176 3947 1297 4002 aliis
1352 3956 1601 4003 neutrum
1658 3949 1926 4005 Ecclesiae

323 4035 418 4090 Dei
457 4035 581 4104 jure
639 4036 921 4105 praelatum
977 4037 1365 4092 asserentibus.
1427 4037 1570 4091 Galli
1630 4039 1817 4092 tamen
1875 4047 1927 4093 et

323 4140 413 4178 rex
445 4124 746 4196 Anglorum
777 4141 898 4180 cum
927 4125 1183 4196 pontiﬁce
1229 4125 1644 4180 Cantuariorum
1702 4127 1756 4180 in
1816 4129 1923 4182 Ca-

320 4212 508 4266 lixtum
557 4229 614 4268 se
663 4215 1069 4283 transtulerunt,
1117 4223 1167 4268 et
1213 4231 1334 4270 eum
1377 4216 1582 4284 (spreto
1631 4215 1924 4288 Gregorio)

317 4315 416 4371 pro
461 4301 764 4370 apostolico
822 4312 1198 4373 susceperunt.
1260 4303 1445 4358 Utrum
1513 4311 1687 4357 autem
1744 4305 1923 4374 aliqua

316 4390 401 4444 vel
431 4405 467 4444 a
497 4391 712 4446 Calixto
741 4392 858 4462 regi
895 4400 948 4447 et
978 4391 1195 4461 primati
1224 4391 1541 4463 Anglorum,
1596 4392 1682 4447 vel
1713 4392 1780 4447 ab
1810 4393 1924 4447 istis

2081 1815 2172 1885 qui
2202 1832 2298 1872 cor
2326 1824 2574 1872 nostrum
2606 1816 2847 1873 funditus
2876 1819 3033 1875 vobis
3061 1819 3337 1876 denudare
3363 1827 3560 1892 potest,
3619 1830 3673 1878 et

2076 1905 2407 1960 enucleatius
2435 1905 2615 1960 omnia
2641 1923 2762 1978 quae
2794 1907 2933 1963 circa
2950 1924 3038 1963 me
3058 1916 3312 1980 aguntur,
3335 1925 3566 1982 quaeque
3579 1911 3669 1966 de-

2072 1993 2258 2048 siderii
2288 1993 2394 2048 mei
2417 1994 2544 2063 sint,
2569 1994 2833 2062 revelare,
2867 2011 3026 2066 quam
3065 1996 3228 2053 alicui
3283 1996 3490 2068 scripto
3545 2013 3670 2055 cre-

2072 2081 2208 2137 dere
2232 2081 2611 2152 judicaverim.
2647 2084 2848 2140 Precor
2879 2093 3058 2140 autem
3088 2085 3338 2142 obnixius
3367 2095 3424 2142 ut
3464 2087 3673 2159 gratias

2069 2170 2120 2226 ei
2153 2171 2362 2226 referre
2393 2171 2560 2227 semel
2590 2179 2642 2227 et
2673 2187 2822 2242 saepe
2842 2173 3285 2243 reminiscamini,
3312 2191 3413 2245 pro
3449 2176 3672 2234 servitio

2069 2268 2122 2314 et
2148 2262 2354 2316 honore
2383 2261 2529 2332 quod
2560 2260 2690 2316 mihi
2742 2277 2808 2316 ex
2837 2277 3025 2319 amore
3055 2278 3205 2335 vero,
3235 2268 3294 2319 ut
3323 2265 3408 2322 vir
3435 2265 3671 2337 prudens

2067 2355 2118 2402 et
2147 2348 2444 2418 perfectus,
2487 2349 2750 2419 exhibuit,
2809 2366 2907 2422 pro
2963 2351 3153 2408 labore
3201 2361 3255 2408 et
3301 2370 3464 2410 onere
3525 2355 3670 2426 quod

2065 2437 2184 2492 sine
2215 2453 2489 2492 murmure
2518 2453 2616 2509 pro
2647 2455 2734 2493 me
2776 2449 3018 2506 maestus,
3077 2456 3175 2511 pro
3231 2458 3290 2497 se
3347 2459 3477 2499 vero
3533 2443 3668 2499 nihil

2065 2535 2290 2596 questus
2321 2526 2602 2583 sustinuit.
2649 2529 2976 2584 Mementote
3032 2545 3170 2600 ergo
3228 2539 3285 2585 ut
3337 2531 3415 2586 illi
3470 2548 3666 2603 parem

2062 2614 2298 2686 gratiam
2329 2614 2596 2684 referatis,
2629 2617 2976 2672 ostendentes
3023 2618 3158 2674 mihi
3206 2635 3449 2676 amorem
3504 2638 3664 2692 quem

2063 2718 2192 2774 erga
2221 2719 2309 2758 me
2340 2703 2572 2771 habetis,
2609 2706 2910 2760 servientes
2939 2705 3008 2772 ei,
3042 2715 3096 2761 et
3151 2723 3272 2762 eum
3322 2710 3582 2765 honorem
3612 2719 3666 2767 et

2056 2807 2304 2848 amorem
2337 2793 2714 2864 impendentes
2752 2810 2910 2864 quem
2953 2795 3087 2849 mihi
3116 2795 3434 2867 impendere
3488 2815 3660 2870 cupe-

2058 2881 2215 2950 retis,
2247 2881 2478 2938 scientes
2508 2883 2769 2952 quoniam
2801 2883 2922 2952 ejus
2951 2883 3252 2940 absentiam
3286 2902 3432 2958 aegre
3487 2888 3660 2944 susti-

2059 2985 2191 3024 neo.
2234 2971 2340 3025 Sed
2374 2970 2563 3026 terruit
2586 2987 2672 3026 me
2696 2972 2917 3041 quidam
2942 2973 3098 3043 quasi
3127 2976 3463 3030 ramusculus
3509 2977 3656 3032 illius

2057 3056 2390 3111 inﬁrmitatis
2421 3072 2529 3128 quo
2556 3059 2832 3128 prazterito
2861 3074 3002 3114 anno
3051 3069 3275 3116 vexatus
3331 3069 3431 3128 est,
3495 3065 3651 3133 cujus

2049 3145 2125 3200 rei
2153 3145 2329 3217 gratia
2358 3162 2479 3200 eum
2517 3147 2844 3218 praemittere
2873 3156 3094 3204 coactus
3124 3165 3264 3204 sum.
3329 3153 3436 3207 Vos
3483 3153 3650 3226 igitur

2048 3241 2234 3288 curate
2274 3242 2330 3288 ut
2385 3235 2508 3288 sitis
2559 3235 2607 3288 ei
2661 3235 2891 3304 piissimi
2937 3236 3147 3307 fratres,
3207 3245 3258 3291 et
3288 3238 3645 3311 impigerrimi

2045 3321 2506 3378 administratores
2537 3324 2780 3377 omnium
2836 3340 3018 3378 earum
3073 3341 3250 3378 rerum
3308 3343 3430 3396 quae
3487 3330 3647 3385 saluti

2044 3428 2155 3466 suae
2186 3426 2432 3482 congrua
2462 3419 2516 3468 et
2545 3412 2928 3483 consequentia
2957 3413 3221 3469 videritis.
3246 3415 3440 3472 Valete
3477 3419 3642 3474 nostri

2041 3515 2328 3555 memores.
2365 3524 2387 3548 ι)

2115 3590 2268 3644 Hanc
2299 3588 2606 3659 epistolam,
2667 3605 2775 3646 non
2828 3606 2930 3662 pro
2983 3594 3454 3650 commendatione
3509 3611 3639 3667 per-

2040 3694 2191 3734 sonae
2221 3695 2378 3746 mea,
2418 3695 2576 3749 quam
2607 3680 2805 3735 nullius
2851 3680 3013 3737 laude
3069 3681 3293 3755 dignam
3345 3684 3641 3743 certissime

2041 3769 2177 3835 scio,
2211 3768 2296 3824 hic
2327 3768 2529 3834 notavi,
2563 3769 2659 3824 sed
2686 3775 2745 3823 ut
2771 3769 2856 3824 his
2887 3770 2978 3840 qui
3020 3772 3312 3842 Opinantur
3367 3783 3420 3830 et
3475 3776 3636 3833 oblo-

2041 3865 2296 3926 quuntur,
2329 3857 2574 3913 dicentes
2605 3874 2691 3913 me
2723 3868 2932 3930 patrem
2958 3876 3139 3916 meum
3171 3863 3323 3933 quasi
3372 3863 3426 3917 in
3459 3865 3636 3922 alieno

2035 3947 2268 4016 positum
2320 3946 2646 4010 deseruisse,
2707 3954 2758 4001 et
2815 3949 2863 4002 ei
2921 3949 3172 4004 solatium
3229 3951 3476 4023 obsequii
3529 3956 3633 4009 mei

2035 4050 2187 4090 more
2228 4035 2395 4104 prolis
2451 4035 2767 4090 adulterinae
2819 4036 3188 4104 subtraxisse,
3249 4055 3362 4093 rem
3418 4049 3627 4112 gestam

2033 4123 2266 4193 simplici
2298 4123 2421 4178 stilo
2475 4123 2842 4178 describenda
2896 4141 3217 4194 proponam.
3267 4127 3340 4182 Et
3388 4129 3628 4199 quidem,

2032 4227 2154 4266 cum
2209 4211 2360 4265 illum
2421 4226 2631 4266 moram
2691 4213 2829 4266 ultra
2883 4213 3189 4269 condictum
3242 4217 3294 4270 in
3351 4218 3630 4274 redeundo

2033 4301 2212 4355 facere
2244 4301 2507 4368 viderem,
2541 4301 2787 4371 profecto
2818 4301 2886 4356 ad
2931 4319 3053 4356 eum
3107 4304 3406 4372 rediissem,
3457 4308 3500 4361 si
3559 4325 3625 4364 ex

2031 4403 2129 4443 sua
2185 4397 2335 4459 parte
2416 4389 2545 4443 mihi
2627 4388 2969 4445 interdictum
3053 4407 3160 4447 non
3212 4393 3429 4448 fuisset.
3486 4396 3625 4450 Nam

315 4476 390 4531 illi
420 4481 676 4534 mandata
723 4481 848 4547 sint,
909 4480 1015 4534 illis
1066 4481 1261 4534 diebus
1319 4497 1440 4550 quae
1498 4481 1806 4536 authentica
1861 4470 1996 4538 etD
2030 4477 2319 4531 adventum
2379 4493 2535 4531 suum
2582 4477 2812 4547 jamJam
2870 4478 3072 4534 instare
3154 4479 3262 4533 suis
3313 4481 3369 4533 in
3430 4482 3627 4553 Anglia

313 4568 594 4623 memoriae
670 4569 838 4640 digna
915 4569 1240 4636 exstiterint,
1300 4584 1489 4636 necne,
1550 4567 1697 4623 nulla
1754 4571 1912 4625 nobis

312 4659 589 4728 hucusque
619 4658 884 4712 certitudo
915 4656 1120 4712 illuxit.
1159 4659 1272 4712 Nos
1301 4657 1464 4724 enim,
1517 4658 1605 4728 qui
1637 4657 1719 4711 his
1772 4659 1909 4714 scri-

309 4744 503 4799 bendis
531 4761 754 4814 operam
786 4747 1052 4815 dedimus,
1109 4747 1165 4799 in
1216 4747 1457 4818 Anglia;
1515 4747 1594 4800 illi
1649 4762 1781 4802 vero
1840 4750 1910 4803 de

307 4829 510 4900 quibus
540 4830 740 4902 agitur,
774 4839 923 4885 extra
952 4830 1208 4900 Angliam
1238 4846 1301 4885 ea
1347 4837 1658 4900 tempestate
1715 4846 1905 4886 mora-

309 4916 525 4973 bantur.
561 4919 694 4972 Cum
725 4919 867 4974 enim
912 4921 1066 4974 Pater
1110 4919 1374 4975 Radulfus
1422 4920 1596 4976 Roma
1637 4935 1902 4986 reversus,

306 5022 430 5060 cum
456 5023 587 5080 rege
615 5008 846 5064 Henrico
878 5008 932 5062 in
960 5008 1414 5064 Northmanniam
1472 5017 1901 5076 conversaretur,

304 5103 356 5150 et
410 5111 518 5153 me.
572 5097 660 5166 qui
717 5098 1003 5152 continuus
1058 5113 1241 5153 comes
1271 5097 1409 5152 beati
1456 5097 1716 5162 Anselmi,
1777 5097 1905 5151 dum

306 5183 536 5250 viveret,
569 5201 685 5240 esse
713 5185 978 5253 solebam,
1011 5186 1209 5256 quique
1239 5185 1291 5239 in
1324 5185 1584 5254 obsequio
1623 5185 1707 5239 sui
1737 5185 1904 5256 ipsius

304 5287 373 5328 ex
403 5288 510 5342 quo
546 5274 598 5326 in
656 5273 1026 5344 pontiﬁcatum
1088 5274 1528 5329 Cantuariensem
1591 5283 1902 5344 assumptus

301 5360 492 5428 fuerat,
530 5377 769 5433 eousque
798 5363 1045 5416 assiduus
1074 5377 1241 5428 eram,
1275 5362 1606 5432 aliquantum
1639 5361 1900 5416 inﬁrmari

304 5449 638 5516 adverteret,
699 5459 924 5520 paterno
983 5449 1177 5505 affectu
1234 5449 1365 5503 mihi
1419 5451 1719 5506 condoluit.
1779 5451 1902 5506 Non

304 5535 470 5608 igitur
494 5544 646 5593 extra
675 5538 992 5604 Ecclesiam,
1024 5538 1078 5592 in
1111 5552 1219 5608 qua
1274 5537 1342 5591 ab
1391 5535 1612 5593 infantia
1667 5537 1900 5594 nutritus

2027 4565 2331 4635 saepissime
2379 4565 2661 4633 mandans,
2713 4566 2937 4621 nolebat
2991 4584 3104 4623 suae
3159 4568 3376 4638 pietatis
3429 4569 3622 4626 intuitu

2017 4653 2264 4726 fatigari,
2297 4655 2394 4710 sed
2423 4670 2480 4709 se
2509 4655 2849 4724 quantocius,
2883 4663 2940 4710 ut
2967 4656 3211 4725 putabat,
3235 4657 3611 4725 adventurum,

2017 4741 2109 4795 ubi
2141 4758 2313 4811 eram,
2338 4744 2499 4812 jussit
2528 4743 2860 4813 praestolari.
2921 4745 3048 4799 Ηωο
3103 4745 3176 4798 ita
3232 4761 3289 4800 se
3338 4746 3610 4813 habuisse,

2016 4831 2212 4886 veritas
2237 4831 2355 4901 ipsa
2384 4832 2555 4886 novit.
2589 4830 2729 4900 Quia
2758 4848 2892 4904 ergo
2922 4833 2990 4887 ab
3021 4833 3139 4902 ipso
3163 4841 3318 4904 patre
3349 4851 3456 4890 non
3484 4837 3612 4905 alio,

2021 4920 2117 4974 sed
2153 4920 2255 4975 hoc
2286 4921 2446 4974 modo
2472 4921 2537 4974 ad
2569 4937 2808 4990 praesens
2836 4929 3114 4992 separatus
3141 4940 3279 4990 sum,
3303 4923 3348 4977 si
3403 4940 3468 4980 ea
3497 4943 3619 4996 quae

2013 5008 2224 5064 interim
2250 5017 2530 5080 geruntur,
2569 5016 2661 5064 aut
2706 5017 2860 5081 gesta
2915 5016 3042 5065 sunt
3099 5015 3452 5068 memoranda
3504 5030 3613 5071 non

2011 5097 2207 5165 scribo,
2255 5097 2386 5152 nulli
2444 5099 2873 5153 succensendum
2929 5099 3200 5156 existimo.
3261 5101 3408 5157 Nihil
3465 5103 3610 5158 enim

2012 5185 2160 5240 dubii
2185 5202 2285 5255 pro
2315 5195 2461 5241 certo
2490 5188 2750 5242 hactenus
2779 5188 2944 5256 volui,
2979 5189 3076 5245 sed
3101 5206 3199 5246 nec
3221 5207 3364 5245 nunc
3391 5191 3610 5261 quidem

2011 5274 2248 5329 scribere
2279 5275 2426 5330 volo.
2453 5277 2590 5330 Eum
2621 5281 2800 5331 tamen
2829 5277 3032 5348 aliquid
3061 5279 3236 5349 egisse
3291 5288 3382 5334 aut
3438 5296 3609 5352 agere

2011 5361 2344 5432 disposuisse
2411 5364 2478 5419 de
2527 5365 2766 5437 negotio,
2827 5365 2969 5435 quod
3022 5382 3258 5437 eousque
3295 5369 3612 5424 versabatur

2009 5449 2153 5506 inter
2180 5452 2357 5521 ipsum
2389 5461 2441 5507 et
2469 5469 2612 5524 saepe
2642 5453 2885 5524 superius
2941 5465 3298 5509 memoratum
3345 5457 3606 5512 Thursta-

2008 5554 2138 5593 num
2175 5538 2596 5610 Eboracensem,
2654 5541 2902 5598 dubitare
2947 5557 3059 5596 non
3110 5559 3349 5614 possum.
3408 5545 3608 5617 Magna
