3996 6084
443 314 546 368 503

1461 307 1779 365 EADMERI
1813 305 2370 364 CANTUARIENSIS
2400 305 2719 364 MONACHI

3647 299 3758 355 504

449 436 720 510 siquidem
751 437 998 494 instantia
1030 434 1392 507 privilegium,
1427 435 1572 507 quod
1605 441 1850 505 tempore
1883 447 2050 489 vene-
2076 430 2134 494 Α
2166 431 2350 488 habitu
2381 433 2699 499 monachus,
2733 431 2957 503 ingenio
2978 446 3204 506 gnarus,
3237 427 3525 502 prudentia
3567 423 3762 498 provi-

452 527 641 584 randaa
669 526 949 582 memorie
979 525 1269 582 Lanfranci
1300 522 1694 595 archiepiscopi
1729 523 1827 577 sub
1858 537 2060 593 magno

459 632 591 688 rege
617 613 936 673 Willhelmo
965 614 1035 669 de
1065 614 1182 684 ipsa
1213 629 1271 670 re
1301 617 1726 685 promulgatum,
1771 619 1823 666 et
1878 610 2062 682 sigillo

459 706 639 778 ipsius
669 706 819 778 regis
849 703 1121 758 ﬁrmatum
1153 703 1208 757 in
1257 703 1497 758 Ecclesia
1539 701 1740 758 Christi
1795 699 2065 755 Canturiaa

463 794 714 864 diligenti
745 807 879 848 cura
909 800 1174 859 servatur,
1208 791 1312 846 illis
1342 791 1534 846 diebus
1563 791 1666 845 sibi
1722 790 1859 845 mitti
1916 805 2062 860 prm-

462 883 628 954 cepit.
663 881 819 951 Quod
851 897 882 936 a
912 888 1062 936 tanto
1090 881 1209 937 viro
1233 881 1332 936 abs
1362 897 1422 936 re
1479 880 1680 935 factum
1736 895 1846 934 non
1903 877 2062 933 facile

467 971 824 1027 crediderim.
864 971 982 1026 Hoc
1010 970 1193 1040 itaque
1239 968 1596 1042 privilegium
1653 968 1721 1023 ad
1775 967 2063 1039 imperium

471 1075 628 1114 suum
661 1059 764 1115 sibi
795 1058 1016 1115 allatum
1048 1059 1208 1114 Pater
1236 1058 1500 1114 Radulfus
1537 1075 1656 1113 cum
1714 1057 2063 1127 suscepisset,

470 1164 645 1220 papae,
681 1157 737 1202 ut
766 1147 923 1203 nobis
951 1147 1006 1202 in
1039 1147 1243 1220 Anglia
1275 1147 1576 1214 dicebatur,
1609 1147 1675 1202 de
1701 1147 1810 1200 suis
1865 1154 1915 1201 et
1943 1145 2067 1200 aliis

470 1237 798 1308 quibusdam
829 1237 1204 1293 ecclesiasticis
1258 1237 1491 1309 negotiis
1541 1253 1662 1292 cum
1710 1252 1775 1292 eo
1830 1241 2063 1301 acturus,

470 1345 530 1384 se
559 1335 968 1400 prasentasset,
1001 1327 1101 1381 nisi
1134 1325 1270 1381 forte
1301 1327 1592 1398 sponsione
1648 1325 1794 1399 regis
1844 1324 2068 1381 Henrici

469 1432 596 1490 qua,
624 1433 682 1472 se
711 1417 767 1471 in
797 1432 1025 1490 regnum
1055 1431 1211 1470 suum
1253 1431 1470 1472 reverso
1526 1431 1744 1471 omnem
1795 1413 2065 1486 justitiam

468 1507 520 1560 ei
553 1505 840 1572 facturum,
875 1513 929 1560 et
982 1519 1130 1576 saepe
1185 1504 1520 1560 nominatum
1571 1505 1940 1559 Thurstanum
1997 1501 2068 1559 ad

469 1595 804 1652 voluntatem
833 1601 889 1650 et
928 1594 1319 1665 subjectionem
1378 1610 1529 1650 suam
1589 1610 1650 1650 se
1704 1592 2068 1649 exhibiturum

465 1683 842 1756 pollicebatur,
895 1683 990 1738 illo
1047 1683 1350 1755 procedere
1407 1683 1764 1739 detineretur.
1827 1683 1898 1737 Et
1950 1683 2069 1738 haec

2163 523 2262 577 dus
2317 523 2434 594 regi
2491 537 2555 578 ac
2594 537 2751 594 papae
2799 521 3182 577 familiaritatis
3238 535 3389 576 nexu
3443 516 3756 588 copulatus.

2163 612 2332 684 Igitur
2360 612 2500 666 inter
2527 611 2632 666 alia
2663 628 2782 683 quae
2811 611 2936 666 huic
2963 626 3062 666 rex
3093 625 3250 682 papae
3275 607 3506 664 dicenda
3545 604 3760 674 indixit,

2162 701 2436 772 praecipue
2459 701 2620 770 jussit
2647 703 2699 756 ei
2728 700 2834 756 dici
2881 707 3140 770 quatenus
3190 699 3249 753 id
3304 697 3627 753 observaret
3679 701 3762 762 ut,

2163 787 2362 844 nullius
2390 789 2592 861 gratias
2645 790 2722 844 rei
2778 788 3189 844 interveniente.
3245 788 3609 843 Thurstanum
3667 788 3770 838 aut

2163 878 2280 948 ipse
2311 887 2567 948 sacraret,
2599 885 2690 934 aut
2718 879 2789 934 ab
2819 878 3002 949 aliquo
3059 877 3161 932 nisi
3218 893 3246 931 a
3297 873 3556 946 pontiﬁce
3611 872 3770 928 Can-

2164 968 2484 1035 tuariorum,
2515 968 2591 1022 uti
2619 968 2789 1023 moris
2817 983 2942 1024 esse
2973 967 3133 1031 solet,
3167 965 3369 1021 sacrari
3393 964 3638 1036 juberet,
3671 966 3776 1015 aut

2165 1057 2526 1130 permitteret,
2560 1056 2802 1126 alioquin
2835 1073 2894 1110 se
2920 1055 3074 1110 illum
3116 1055 3170 1108 in
3225 1053 3428 1109 nullum
3487 1068 3609 1107 suae
3661 1049 3772 1105 do-

2165 1146 2477 1204 minationis
2503 1147 2678 1202 locum
2713 1145 2949 1217 amplius
2981 1152 3338 1216 recepturum.
3371 1144 3442 1198 Et
3469 1142 3512 1197 si
3571 1147 3770 1196 contra

2167 1237 2309 1291 hanc
2339 1235 2661 1290 sententiam
2692 1235 2832 1304 ipse,
2865 1233 3018 1304 quasi
3051 1233 3386 1304 apostolatus
3432 1230 3515 1286 sui
3570 1235 3770 1285 aucto-

2167 1325 2345 1393 ritate,
2378 1323 2517 1379 forte
2547 1323 2645 1378 niti
2694 1323 2876 1391 vellet,
2930 1331 3110 1379 certus
3148 1322 3407 1377 existeret
3460 1319 3610 1394 quod
3665 1333 3772 1373 nec

2168 1429 2270 1486 pro
2301 1412 2597 1468 amissione
2624 1426 2843 1468 coronae
2891 1427 3024 1480 sum,
3082 1415 3271 1484 utpote
3327 1409 3502 1481 spatio
3557 1414 3772 1479 septem

2169 1517 2430 1558 annorum
2487 1501 3024 1569 excommunicatus,
3092 1499 3424 1572 pr0positum
3498 1512 3656 1552 suum
3716 1495 3777 1550 in

2170 1595 2276 1649 hac
2307 1608 2470 1648 causa
2501 1595 2853 1662 permutaret.
2885 1590 3187 1662 Respondit
3219 1609 3231 1645 ε
3269 1613 3291 1637 υ
3343 1590 3425 1644 Ne
3480 1593 3633 1660 putet
3678 1601 3778 1642 rex

2171 1698 2256 1736 me
2289 1681 2356 1736 de
2385 1680 2608 1752 negotio
2653 1679 2721 1735 de
2775 1695 2882 1752 quo
2941 1679 3054 1754 agit
3104 1677 3296 1752 quavis
3348 1676 3560 1734 ratione
3614 1690 3778 1730 secus

469 1772 686 1845 quidem
714 1773 933 1845 sponsio
961 1772 1206 1828 nonnihil
1239 1789 1360 1828 eum
1400 1772 1454 1827 in
1511 1771 1880 1826 transmarinis
1929 1787 2063 1841 par-
2098 1783 2150 1843 Β
2183 1779 2422 1826 acturum
2451 1784 2612 1840 quam
2646 1769 2761 1840 ipse
2806 1769 2956 1826 velit.
3013 1769 3129 1825 Nec
3185 1767 3330 1824 enim
3387 1782 3476 1822 me
3528 1778 3777 1838 unquam

462 1863 609 1919 tibus
639 1863 932 1928 detinebat,
967 1870 1020 1918 et
1050 1870 1298 1918 eventum
1333 1861 1412 1918 rei
1444 1863 1710 1933 patienter
1745 1864 2064 1932 exspectare

464 1952 854 2025 persuadebat.
895 1953 1005 2007 Rex
1038 1967 1254 2024 quoque
1282 1951 1494 2007 bellicis
1532 1950 1846 2005 tumultibus
1897 1949 2061 2004 undi-

466 2058 570 2114 que
602 2049 917 2112 occupatus,
949 2055 1052 2097 nec
1080 2056 1158 2107 se,
1187 2047 1244 2095 ut
1285 2041 1519 2106 volebat,
1578 2037 1903 2106 deliberare,
1961 2053 2064 2094 nec

462 2130 542 2186 eis
572 2129 792 2186 omissis
819 2129 876 2184 in
904 2127 1166 2202 Angliam
1197 2126 1351 2184 salva
1382 2129 1669 2184 honestate
1715 2143 1812 2183 sua
1857 2134 2064 2199 poterat

455 2233 726 2275 remeare.

529 2310 678 2364 Inter
706 2308 844 2374 hac,
869 2306 991 2377 ipso
1021 2305 1279 2362 videlicet
1307 2305 1587 2362 electionis
1614 2322 1729 2361 suae
1757 2321 1920 2371 anno,
1954 2306 2062 2362 Ca-

458 2396 619 2452 lixtus
646 2411 790 2467 papa
818 2394 1045 2450 instituit
1074 2395 1258 2451 Remis
1286 2393 1551 2466 generale
1597 2395 1904 2461 concilium,
1961 2410 2064 2449 xm

461 2487 580 2542 Kal.
631 2485 975 2552 Novembris,
1029 2484 1126 2555 qui
1183 2483 1287 2539 fuit
1343 2499 1515 2538 annus
1567 2483 1637 2539 ab
1689 2484 2064 2539 Inearnatione

459 2573 677 2632 Domini
702 2573 1022 2629 millesimus
1054 2574 1389 2629 centesimus
1420 2589 1595 2629 nonus
1625 2573 1894 2642 decimus,
1928 2580 1976 2628 et
1999 2589 2063 2628 ex

461 2672 574 2736 quo
604 2661 866 2718 Radulfus
891 2661 1338 2734 archiepiscopus
1358 2662 1585 2717 Romam
1608 2661 1781 2716 iturus
1801 2661 2065 2734 Angliam

469 2751 700 2817 exierat,
732 2766 913 2806 annus
941 2758 1188 2821 quartus.
1249 2750 1331 2807 Ad
1388 2751 1495 2807 hoc
1549 2750 1836 2806 concilium
1894 2751 2067 2807 factus

463 2847 544 2896 est
563 2838 857 2910 multiplex
887 2837 1453 2910 archiepiscoporum,
1511 2839 1908 2911 episcoporum,
1959 2839 2066 2894 ab-

461 2929 650 2984 batum
681 2936 734 2984 et
758 2927 1076 3000 principum
1097 2927 1438 2984 diversarum
1469 2928 1874 2999 provinciarum
1930 2943 2066 2984 con-

459 3033 667 3086 cursus,
691 3031 815 3073 cum
845 3031 1137 3072 numerosa
1170 3015 1487 3072 clericorum
1519 3031 1584 3072 ac
1625 3017 1865 3086 plebium
1921 3017 2066 3072 mul-

457 3105 724 3167 titudine.
764 3104 912 3174 Quos
942 3104 1082 3159 inter
1129 3105 1240 3176 (3‘2)
1298 3104 1489 3160 directi
1547 3122 1763 3178 quoque
1820 3115 1942 3161 sunt
1997 3105 2068 3160 ab

455 3195 698 3252 Henrico
722 3211 855 3267 rege
884 3194 1184 3266 Anglorum
1212 3193 1282 3249 ad
1303 3194 1477 3266 ipsum
1501 3195 1795 3250 concilium
1820 3196 2066 3267 episcopi

459 3293 515 3341 et
543 3284 772 3340 abbates
802 3283 1219 3340 Northmannite
1249 3292 1299 3339 et
1334 3284 1552 3355 insuper
1577 3284 1825 3355 episcopi
1850 3284 2068 3356 Anglia:

459 3373 552 3445 qui
587 3380 710 3427 tunc
739 3371 1005 3441 temporis
1035 3371 1087 3425 in
1119 3371 1512 3426 Northmannia
1571 3387 1688 3426 cum
1747 3371 1838 3426 illo
1892 3371 2066 3442 dege-

458 3463 608 3529 bant,
675 3461 1014 3516 Wilhelmus
1077 3459 1337 3517 videlicet
1398 3460 1744 3527 Exonicnsis,
1802 3460 2070 3515 Ranulfus

463 3549 869 3618 Dunelmensis,
904 3549 1215 3605 Bernardus
1254 3549 1656 3616 Meneuvensis,
1715 3557 1768 3603 et
1822 3549 2070 3605 Urbanus

466 3637 970 3710 Glamorganensis.
1002 3637 1266 3692 Ranulfus
1305 3645 1483 3693 autem
1535 3636 1776 3708 pontifex
1832 3637 2069 3692 Cantua-

465 3727 698 3790 riorum,
729 3725 941 3795 parcim
973 3727 1224 3796 corporis
1255 3725 1652 3792 imbecillitate,
1696 3725 1895 3796 partim
1953 3725 2073 3780 aliis

467 3811 770 3869 rationibus
798 3811 1148 3884 prmpeditus,
1181 3813 1252 3868 ab
1277 3829 1504 3869 accessu
1548 3813 1716 3885 ipsius
1770 3821 2073 3869 conventus

468 3900 777 3974 prohibitus
806 3909 907 3956 est.
941 3901 1120 3972 Supra
1149 3902 1456 3958 nominatus
1497 3909 1676 3957 autem
1717 3902 2070 3971 Thurstanus,

467 4006 501 4046 a
533 4005 667 4064 rege
696 3989 970 4045 licentiam
1001 3995 1195 4061 petens
1237 3991 1363 4046 illuc
1417 3990 1600 4058 cundi,
1655 4005 1772 4046 eam
1831 3991 2077 4046 obtinere

468 4078 776 4135 nullatenus
806 4078 997 4149 potuit,
1033 4079 1226 4148 donec,
1271 4079 1589 4152 interposita
1645 4079 1752 4135 ﬁde
1801 4095 1919 4147 sua,
1974 4097 2076 4151 qua

468 4164 519 4220 ei
553 4165 695 4221 sicut
727 4163 949 4219 domino
981 4179 1084 4220 suo
1115 4166 1371 4220 astrictus
1416 4172 1549 4230 erat,
1608 4164 1685 4218 illi
1737 4165 2077 4235 promitteret

475 4269 533 4308 se.
562 4252 705 4324 apud
742 4268 935 4324 papam
969 4253 1103 4307 nihil
1137 4259 1414 4318 acturum,
1446 4254 1591 4309 unde
1637 4253 1880 4309 Ecclesia
1934 4254 2076 4308 Can-

470 4341 766 4397 tuariensis
794 4342 962 4396 ullum
996 4342 1235 4414 antiquas
1264 4341 1547 4413 dignitatis
1578 4359 1688 4398 suae
1737 4342 2079 4413 dispendium

467 4430 794 4496 incurreret,
831 4445 932 4486 nec
963 4431 1333 4502 episcopalem
1368 4430 1810 4486 benedictionem
1867 4431 1935 4485 ab
1991 4447 2076 4495 eo,

2169 1861 2241 1917 ad
2270 1860 2378 1916 hoc
2407 1875 2530 1914 mea
2559 1859 2681 1914 tulit
2708 1859 2965 1914 voluntas
2992 1867 3046 1913 ut
3077 1856 3478 1914 Cantuariensis
3504 1854 3770 1910 Ecclesia

2171 1950 2517 2023 dignitatem,
2546 1948 2633 2004 cui
2681 1951 2758 2003 tot
2809 1948 3054 2019 praeclari
3111 1949 3315 2015 Patres,
3374 1953 3431 2001 ut
3481 1959 3623 2016 pene
3675 1940 3775 1997 toti

2171 2038 2373 2094 mundo
2403 2037 2738 2092 notissimum
2765 2045 2865 2104 est,
2900 2036 3294 2108 praesederunt,
3327 2049 3549 2108 quoquo
3602 2029 3772 2087 modo

2170 2125 2481 2182 humiliem.
2519 2149 2542 2176 η
2603 2126 2700 2181 His
2749 2126 3030 2197 apostolici
3079 2125 3263 2183 verbis
3312 2125 3498 2196 regius
3546 2120 3774 2176 nuntius

2169 2215 2424 2272 credulus
2453 2215 2697 2279 effectus.
2731 2217 2800 2270 de
2830 2232 2964 2284 suae,
2989 2213 3280 2288 legationis
3307 2212 3501 2269 effectu
3548 2224 3777 2266 securus

2173 2305 2345 2360 factus
2371 2312 2479 2359 est.
2519 2303 2821 2375 Quaproter
2847 2321 2972 2360 cum
3003 2304 3187 2360 Remis
3213 2302 3477 2369 venisset,
3535 2307 3587 2356 et
3613 2311 3781 2354 mane

2175 2394 2444 2450 Dominici
2469 2393 2577 2449 diei
2609 2395 2969 2466 praecedentis
3015 2393 3162 2449 diem
3221 2391 3507 2464 prestituti
3561 2385 3786 2444 concilii

2171 2498 2296 2538 cum
2332 2483 2658 2538 Cantuaritis
2687 2483 2800 2538 suis
2850 2482 3011 2538 sociis
3060 2481 3272 2537 audiret
3323 2479 3465 2551 apud
3521 2479 3789 2534 Sanctum

2172 2571 2481 2645 Remigium
2538 2572 2801 2643 quosdam
2874 2577 3241 2643 protestantes
3311 2570 3360 2625 ei
3414 2569 3786 2624 Thurstanum

2173 2668 2227 2716 et
2257 2676 2387 2717 suos
2443 2660 2654 2716 alacres
2709 2661 2776 2716 ad
2827 2660 3265 2717 benedictionem
3323 2656 3668 2732 pontiﬁcatus
3725 2655 3785 2709 in

2174 2749 2302 2805 sede
2330 2749 2627 2821 episcopali
2658 2751 2978 2821 praeparari,
3011 2749 3240 2804 miratus
3265 2756 3350 2804 est
3369 2746 3509 2803 ultra
3529 2744 3783 2815 modum,

2173 2854 2274 2894 nec
2304 2837 2370 2893 iis
2400 2854 2524 2909 quae
2562 2837 2889 2894 dicebantur
2945 2837 3292 2910 aliquatenus
3347 2842 3557 2909 poterat
3608 2832 3785 2888 ﬁdem

2174 2927 2443 2998 praebere.
2477 2931 2554 2982 Ac
2584 2926 2678 2982 ubi
2709 2927 2782 2982 rei
2813 2927 3018 2982 veritas
3048 2926 3230 2998 palam
3261 2925 3511 2982 innotuit.
3540 2924 3785 2978 Joannes

2176 3015 2591 3071 archidiaconus
2661 3015 3063 3071 Cantuariensis
3119 3017 3301 3087 (quem
3359 3012 3567 3086 negotii
3625 3010 3788 3065 istius

2181 3111 2334 3159 tenor
2363 3104 2492 3159 illuc
2517 3103 2843 3175 adduxerat)
2873 3121 3034 3177 papa:
3074 3104 3264 3170 astitit,
3293 3110 3344 3159 et
3372 3103 3428 3157 in
3481 3100 3788 3173 prasentia

2180 3191 2950 3263 plurimorum'episcoporum
2980 3207 3152 3247 necne
3210 3190 3441 3246 aliarum
3499 3188 3789 3244 excellen-

2176 3280 2308 3334 tium
2338 3295 2720 3349 personarum,
2753 3280 2936 3351 ipsam
2989 3279 3425 3334 benedictionem
3483 3277 3606 3332 viva
3654 3289 3797 3330 voce

2179 3367 2500 3438 apontiﬁce
2524 3368 2937 3423 Cantuariorum
2997 3367 3113 3424 ﬁeri
3172 3367 3378 3424 debere
3435 3363 3801 3422 calumniatus

2178 3464 2297 3524 est;
2334 3473 2441 3511 nec
2474 3457 2675 3527 ipsum,
2707 3456 2832 3511 licet
2862 3455 3039 3512 officio
3063 3473 3221 3528 parte
3277 3457 3622 3528 fungeretur,
3663 3453 3797 3522 jure

2178 3561 2347 3617 posse
2371 3544 2632 3601 Ecclesiae
2684 3545 3060 3601 Cantuariensi
3113 3545 3201 3614 jus
3257 3561 3412 3599 suum
3468 3542 3796 3614 praeripere,

2179 3649 2303 3691 cum
2334 3642 2612 3690 constaret
2643 3650 2761 3689 eam
2795 3633 2928 3689 nulli
2959 3633 3103 3705 quod
3127 3636 3271 3704 juste
3293 3632 3528 3689 debebat
3550 3645 3799 3700 eousque

2181 3723 2503 3794 denegasse.
2538 3723 2617 3777 Ad
2650 3739 2770 3792 qute
2801 3723 2893 3779 ille
2922 3722 3256 3794 respondens
3285 3743 3301 3776 :
3352 3746 3373 3770 υ
3401 3721 3640 3790 Nullam,
3705 3720 3794 3775 in-

2181 3811 2319 3884 quit,
2353 3811 2672 3881 injustitiam
2704 3812 2967 3867 Ecclesia:
2992 3811 3377 3867 Cantuariensi
3410 3811 3596 3866 facere
3623 3807 3788 3866 volu-

2180 3916 2322 3964 mus,
2355 3899 2475 3967 scd,
2525 3900 2677 3956 salva
2732 3900 2941 3970 justitia
3000 3909 3053 3955 et
3109 3900 3373 3972 dignitate
3428 3898 3589 3963 illius,
3645 3897 3796 3966 quod

2183 3989 2566 4059 proposuimus
2609 4004 2993 4060 exsequemur.
3029 4011 3050 4038 ι)
3088 3987 3246 4058 Quod
3277 3987 3609 4042 audientium
3663 3986 3797 4058 qui-

2185 4092 2288 4146 que
2318 4076 2512 4130 mirum
2547 4077 2696 4132 dictu
2724 4077 3127 4147 judicaverunt,
3154 4078 3400 4134 videntes
3417 4091 3540 4130 eum
3561 4075 3798 4130 adversa

2187 4165 2378 4230 fronte,
2415 4181 2534 4236 quae
2575 4165 2793 4221 dicebat
2848 4166 3012 4221 nimis
3070 4166 3271 4235 injuste
3323 4165 3465 4221 facto
3511 4163 3791 4220 refellere.

2187 4253 2561 4310 Consecratus
2591 4270 2827 4322 namque
2856 4255 2909 4308 in
2967 4254 3335 4327 pontiﬁcatum
3388 4253 3799 4309 Eboracensem

2186 4343 2516 4398 Thurstanus
2547 4353 2645 4412 est,
2701 4342 2809 4398 ﬁde
2867 4360 3024 4415 quam
3084 4344 3319 4399 Domino
3374 4357 3474 4398 suo
3513 4341 3618 4396 sub
3673 4343 3797 4399 Deo

2187 4426 2461 4495 pollicitus
2490 4427 2689 4496 fuerat,
2723 4429 2827 4483 hoc
2849 4427 3012 4483 modo
3043 4427 3343 4482 fraudatus.
3375 4427 3455 4481 Ex
3485 4441 3592 4496 quo
3651 4426 3802 4482 facto

463 4518 577 4574 ulla
609 4519 822 4574 ratione
854 4520 1136 4585 suadente,
1171 4520 1498 4591 susciperet.
1536 4521 1723 4591 Itaque
1752 4519 1867 4576 talli
1897 4535 2068 4590 spon-
2098 4502 2150 4563 Ῑ)
2183 4520 2242 4574 in
2297 4516 2712 4571 admirationem
2761 4531 3025 4571 concussa
3077 4524 3202 4571 sunt
3257 4515 3422 4571 corda
3474 4514 3804 4570 multorum.

456 4607 611 4662 sione
645 4606 848 4680 ligatus
880 4607 984 4662 iter
1013 4607 1260 4679 arripuit,
1295 4617 1348 4664 et
1379 4609 1445 4662 ad
1475 4624 1671 4680 papam
1713 4609 2073 4680 quemadmo-

467 4693 606 4747 dum
640 4710 737 4749 suo
767 4695 990 4765 negotio
1020 4694 1280 4766 expedire
1321 4696 1546 4763 sciebat,
1607 4697 1844 4768 impiger
1897 4697 2070 4752 venit-

458 4780 603 4849 Quid
633 4782 792 4852 plura
812 4784 841 4835 ‘2
874 4783 1188 4839 Posthabita
1221 4783 1348 4840 ﬁdei
1381 4785 1678 4855 sponsione
1718 4787 1993 4841 Romanos
2021 4785 2076 4840 in

462 4884 692 4924 causam
724 4886 1051 4943 suam,-quo
1112 4872 1165 4925 in
1227 4890 1457 4944 quaeque
1511 4874 1733 4946 negotia
1787 4890 1884 4945 per
1939 4871 2075 4929 trahi

458 4957 660 5022 solent,
696 4957 972 5029 largitatis
1003 4959 1184 5016 ofﬁcio
1205 4963 1497 5028 transtulit,
1531 4971 1585 5018 et
1613 4979 1708 5032 per
1755 4979 1870 5028 eos,
1930 4971 1988 5017 ut
2041 4977 2076 5018 a

459 5060 604 5114 papa
635 5043 932 5116 episcOpus
977 5057 1297 5114 sacraretur,
1360 5065 1462 5104 sua
1519 5066 1682 5106 manu
1742 5057 2073 5120 COOperante

460 5131 794 5202 impetravit.
853 5134 1018 5201 Sane,
1052 5142 1181 5190 ante
1213 5138 1330 5193 haec
1355 5138 1597 5193 nuntium
1629 5155 1786 5194 suum
1845 5154 1944 5194 rex
2002 5138 2073 5194 ad

459 5245 657 5302 papam
688 5230 986 5300 direxerat,
1018 5241 1234 5288 cautum
1265 5233 1414 5290 illum
1461 5235 1666 5292 faciens
1723 5237 1790 5292 de
1847 5237 2070 5308 querela

467 5345 595 5401 quae
625 5345 797 5401 usque
828 5329 884 5384 id
916 5330 1178 5401 temporis
1207 5332 1523 5388 versabatur
1577 5333 1721 5390 inter
1777 5335 2070 5390 Radulfum

453 5427 930 5500 archiepiscopum
985 5429 1393 5484 Cantuariorum
1447 5439 1501 5486 et
1557 5432 1739 5502 ipsum
1799 5433 2068 5488 Thursta-

457 5542 614 5582 num.
655 5527 890 5582 Nuntius
920 5533 1098 5583 autem
1132 5528 1322 5582 horum
1354 5536 1406 5584 et
1437 5538 1732 5587 exsecutor
1763 5530 1863 5585 fuit
1917 5529 2068 5588 Sief-

450 5623 656 5695 fradus,
688 5624 1014 5700 cognomine
1043 5624 1386 5698 Pelochinus,
1420 5626 1584 5683 frater
1631 5627 2054 5701 archiepiswpi,

2190 4603 2310 4659 Rati
2373 4604 2516 4658 enim
2604 4610 2731 4659 sunt
2799 4612 3002 4660 tantam
3079 4621 3199 4660 rem
3277 4620 3402 4660 eum
3485 4603 3803 4660 nullatenus

2191 4709 2526 4763 prmsumere
2582 4694 2843 4763 potuisse,
2903 4694 2945 4749 si
3019 4695 3229 4766 regiam
3301 4692 3630 4749 voluntatem
3687 4692 3800 4748 sibi

2187 4791 2602 4839 consentaneam
2660 4784 2714 4838 in
2771 4799 2836 4838 ea
2888 4799 2994 4839 non
3049 4783 3388 4839 advertisset.
3421 4781 3560 4837 Huic
3586 4796 3794 4837 conso-

2187 4871 2417 4928 crationi
2471 4888 2595 4927 cum
2643 4873 2710 4927 ad
2765 4873 2976 4942 jussum
3005 4887 3166 4943 papa;
3194 4872 3382 4942 plures
3412 4887 3443 4926 e
3472 4869 3652 4926 Gallia
3678 4869 3798 4942 epi-

2189 4961 2340 5030 scOpi
2396 4961 2741 5029 interessent,
2802 4962 3119 5016 reverendae
3179 4960 3456 5016 memoriae
3506 4959 3799 5014 Hubaldns

2184 5049 2626 5120 archiepiscopus
2655 5049 3041 5121 Lugdunensis
3078 5048 3226 5105 nullo
3283 5057 3463 5119 pacto,
3524 5064 3632 5102 nec
3665 5048 3796 5118 ipso

2187 5153 2330 5209 papa
2384 5139 2626 5207 jubenle,
2687 5139 2945 5194 interesse
3006 5137 3208 5203 voluit,
3278 5135 3622 5209 perpendens
3679 5151 3798 5191 non

2180 5245 2327 5292 recto
2357 5236 2496 5292 calle
2526 5252 2642 5291 rem
2670 5237 2991 5307 procedere,
3025 5243 3080 5291 et
3109 5237 3338 5292 horrens
3371 5241 3574 5290 tantam
3631 5233 3790 5302 inju-

2181 5334 2319 5388 riam
2360 5333 2619 5389 Ecclesiae
2667 5332 3063 5399 Cantuariensi,
3123 5332 3208 5388 cui
3267 5331 3488 5402 speciali
3544 5330 3786 5386 amicitia

2179 5439 2237 5486 et
2266 5431 2502 5487 fraterna
2534 5431 2896 5486 familiaritate
2939 5430 3291 5504 jungebatur,
3324 5438 3512 5485 contra
3561 5445 3784 5500 mquam

2179 5528 2370 5602 inﬂigi.
2424 5529 2676 5602 Episcopi
2734 5545 2863 5585 vero
2915 5529 3072 5603 regni
3128 5528 3452 5600 Anglorum,
3513 5542 3650 5598 quos
3707 5525 3778 5582 ad

2176 5626 2464 5686 concilium
2491 5643 2524 5683 a
2548 5643 2680 5700 rege
2699 5627 2931 5686 Henrico
2961 5627 3202 5684 directos
3230 5625 3488 5698 diximus,
3526 5624 3767 5682 nondum
