4044 6074
357 302 461 360 505

1437 300 1772 360 HISTORIA
1807 296 2175 356 NOVORUM.
2209 324 2277 337 —
2315 295 2442 352 LIB.
2484 295 2532 350 V

3539 284 3644 342 506

356 427 482 486 illuc
511 441 785 498 venerant,
837 439 890 489 et
935 448 998 488 ea
1045 448 1122 499 re,
1173 431 1278 487 illis
1326 429 1658 494 absentibus,
1709 427 1828 482 hac
1875 424 1949 480 ita
1977 424 2033 485 Α
2130 423 2222 479 His
2250 424 2440 478 diebus
2476 423 2709 478 excitata
2755 427 2838 476 est
2886 414 3190 476 sollicitudo
3236 413 3532 499 multorum
3580 407 3651 499 ad

355 522 626 591 completa
655 526 795 576 sunt.
831 521 967 586 Qua
999 529 1056 576 ut
1083 521 1202 594 regi
1233 530 1381 576 certo
1409 521 1777 581 innotuerunt,
1801 529 1953 569 man-

356 609 492 664 dans
539 611 716 666 modis
755 611 1007 668 omnibus
1054 612 1358 666 Thurstano
1407 617 1460 664 et
1506 608 1621 664 suis
1680 603 1955 659 interdixit

355 698 529 754 redire
561 699 616 753 in
643 700 1094 755 Northmanniam
1122 707 1174 756 et
1202 700 1474 772 Angliam,
1529 706 1582 753 et
1627 697 1683 749 in
1727 707 1950 749 omnem

354 786 533 843 locum
599 788 982 844 dominationis
1039 806 1175 844 sua.
1237 789 1432 843 Ratum
1497 803 1560 840 ex
1626 784 1711 838 his
1754 783 1952 853 quique

358 879 695 934 audientium
743 879 980 934 habuere
1019 887 1220 949 praeter
1272 892 1596 933 consensum
1643 872 1788 944 regis
1834 885 1954 940 quae

355 967 582 1022 fuerunt
609 966 751 1023 facta
784 967 979 1023 fuisse.
1027 970 1214 1037 Itaque
1252 973 1376 1037 post
1420 967 1544 1020 hac
1589 962 1823 1018 Calixtus
1852 959 1953 1014 Gi-

357 1057 585 1112 sortium
633 1057 817 1124 venit,
868 1065 920 1112 et
968 1073 1064 1113 rex
1108 1057 1373 1112 Henricus
1417 1055 1528 1110 illic
1572 1055 1625 1109 ei
1677 1054 1954 1108 locuturus

356 1146 611 1202 accessit.
661 1147 802 1202 Acta
844 1146 1010 1219 igitur
1054 1153 1175 1201 sunt
1222 1146 1387 1200 multa
1417 1146 1556 1200 inter
1581 1159 1693 1209 eos,
1727 1157 1952 1215 quorum

355 1236 536 1308 gratia
585 1253 688 1308 par
732 1245 848 1292 erat
894 1244 1069 1291 tantas
1122 1250 1386 1306 personas
1426 1235 1767 1291 convenisse.
1813 1234 1958 1286 Inter

357 1343 480 1398 qua
513 1341 612 1381 rex
643 1342 672 1380 a
702 1341 848 1397 papa
887 1325 1194 1398 impetravit
1223 1332 1278 1380 ut
1309 1340 1498 1380 omnes
1539 1322 1958 1380 consuetudines

355 1431 496 1487 quas
524 1415 682 1470 Pater
709 1433 837 1471 suus
861 1417 917 1471 in
945 1415 1140 1488 Anglia
1168 1415 1448 1483 habuerat,
1473 1421 1526 1468 et
1555 1414 1608 1468 in
1626 1414 1958 1469 Northman-

351 1503 461 1569 nia,
483 1503 584 1557 sibi
607 1506 953 1573 concederet,
972 1514 1024 1560 et
1045 1505 1282 1560 maxime
1302 1512 1358 1559 ut
1379 1504 1653 1558 nominem
1666 1501 1956 1573 aliquando

353 1592 522 1664 legati
549 1591 729 1648 oﬂicio
760 1594 813 1648 in
835 1595 1038 1667 Anglia
1067 1594 1222 1667 fungi
1253 1592 1603 1665 permitteret,
1628 1592 1672 1646 si
1703 1606 1808 1646 non
1838 1591 1958 1660 ipse

357 1679 541 1752 aliqua
570 1682 847 1752 praecipua
877 1682 1094 1751 querela
1124 1683 1396 1755 exigente,
1429 1689 1482 1737 et
1510 1697 1633 1752 qua
1667 1680 1736 1735 ab
1774 1679 1955 1734 archi-

355 1771 612 1841 episcopo
665 1771 1074 1827 Cantuariorum
1121 1772 1436 1843 caterisque
1483 1769 1753 1842 episcopis
1801 1767 1953 1839 regni
1981 1807 2035 1868 B

358 1859 630 1914 terminari
662 1877 768 1916 non
799 1870 1000 1932 posset,
1041 1862 1146 1916 hoc
1194 1861 1309 1916 ﬁeri
1361 1877 1392 1915 a
1439 1876 1587 1933 papa
1631 1859 1948 1930 postularet.

358 1948 568 2018 Quibus
596 1950 846 2006 omnibus
884 1967 984 2021 pro
1033 1958 1172 2006 statu
1221 1951 1478 2022 temporis
1524 1947 1764 2004 deﬁnitis
1811 1963 1955 2018 papa

356 2046 521 2110 rogat
584 2053 766 2111 regem
832 2039 1130 2093 Thurstano
1203 2037 1440 2093 amicum
1515 2035 1666 2105 fieri,
1725 2050 1954 2106 eumque

355 2124 690 2199 pontificatui
713 2168 729 2195 ,
788 2127 858 2182 ad
915 2143 1076 2198 quem
1101 2168 1116 2194 ,
1182 2127 1358 2198 ipsum
1434 2134 1779 2193 sacraverat,
1854 2140 1954 2195 pro

356 2229 544 2270 amore
592 2230 692 2270 suo
740 2214 973 2270 restitui.
1033 2215 1108 2270 At
1151 2214 1241 2270 ille
1281 2215 1386 2272 hoc
1433 2231 1511 2283 se,
1552 2213 1684 2270 dum
1731 2213 1952 2279 viveret,

355 2318 466 2358 non
515 2303 784 2359 facturum
827 2317 924 2358 sua
965 2301 1071 2358 ﬁde
1112 2302 1472 2374 spopondisse
1514 2301 1799 2358 confessus
1841 2309 1945 2356 est.

359 2390 496 2447 Ait:
554 2415 576 2440 ι
609 2392 732 2464 Ego
779 2392 1107 2463 apostolicus
1153 2408 1292 2459 sum,
1339 2399 1431 2455 et,
1477 2392 1520 2446 si
1568 2392 1766 2448 feceris
1804 2390 1952 2462 quod

353 2480 592 2552 postulo,
616 2481 687 2536 ab
708 2482 810 2537 hac
830 2489 882 2536 te
903 2480 1028 2536 ﬁdei
1052 2481 1347 2552 sponsione
1367 2481 1667 2537 absolvam.
1689 2480 1954 2536 Tractabo

357 2570 426 2626 de
445 2569 546 2636 his,
569 2570 663 2636 ait,
687 2578 740 2626 et
768 2587 890 2642 qua
916 2570 1127 2628 consilii
1158 2571 1264 2626 mei
1294 2574 1450 2626 tenor
1469 2569 1750 2634 invenerit,
1774 2577 1952 2639 pater-

353 2659 511 2714 nitati
539 2667 644 2715 tua
674 2659 980 2717 notiﬁcabo.
1021 2684 1044 2708 ι»
1086 2660 1225 2716 Hinc
1272 2676 1304 2714 a
1350 2675 1492 2731 papa
1533 2659 1772 2725 recessit,
1805 2666 1856 2712 et
1902 2656 1954 2711 ei

353 2763 456 2818 per
483 2748 839 2805 internuntios
865 2766 993 2805 suos
1022 2749 1090 2804 de
1120 2749 1342 2821 negotio
1371 2749 1446 2802 ita
1470 2747 1768 2818 respondit.
1793 2746 1952 2814 Quod

361 2836 493 2891 dicit
522 2853 601 2905 se,
634 2839 893 2908 quoniam
941 2838 1270 2909 apostolicus
1297 2845 1395 2904 est,
1429 2853 1517 2892 me
1562 2853 1593 2890 a
1638 2835 1744 2891 fide
1791 2849 1952 2904 quam

353 2925 628 2996 pollicitus
655 2942 776 2982 sum
805 2927 1194 2993 absoluturum,
1219 2926 1260 2981 si
1292 2934 1478 2982 contra
1508 2925 1756 2980 eamdem
1785 2921 1954 2978 fidem

359 3014 720 3068 Thurstanum
778 3015 1011 3072 Eboraci
1055 3031 1333 3086 recepero,
1385 3031 1491 3070 non
1538 3014 1748 3068 videtur
1786 3012 1953 3083 regiae

355 3103 627 3158 honestati
658 3103 951 3159 convenire
977 3104 1351 3173 hujuscemodi
1373 3101 1697 3159 absolutioni
1727 3116 1954 3158 consen-

2061 514 2495 585 investigandum
2558 511 2905 568 auctoritates
2971 516 3026 564 et
3080 507 3298 576 antiqua
3364 497 3655 574 privilegia

2061 605 2322 674 primatus
2365 619 2523 673 quem
2567 601 2796 658 ecclesia
2824 597 3244 661 Cantuariensis,
3279 608 3399 666 qua
3430 596 3510 646 est
3535 588 3653 643 Do-

2061 693 2428 758 robemensis,
2475 692 2580 746 sibi
2620 690 2854 746 vindicat
2896 703 3060 757 super
3107 683 3398 741 Ecclesiam
3435 678 3653 734 Ebora-

2062 797 2301 836 censem.
2345 781 2504 848 Quod
2552 797 2616 835 ea
2668 796 2725 834 re
2767 777 3007 833 maxime
3044 773 3276 844 contigit
3321 769 3446 840 quia
3493 779 3655 822 causa

2062 887 2183 940 qua
2239 870 2378 924 inter
2433 869 2730 925 Radulfum
2779 864 3090 938 pontiﬁcem
3147 858 3553 917 Cantuariorum
3602 858 3657 907 at

2062 961 2422 1014 Thurstanum
2452 958 2848 1013 Eboracensem
2899 969 2964 1009 eo
3006 967 3194 1023 usque,
3248 956 3306 1004 ut
3349 940 3654 1014 descripsi-

2062 1065 2203 1118 mus,
2235 1065 2330 1102 ver
2357 1047 2570 1114 abatur,
2618 1047 2672 1099 in
2722 1044 2965 1100 notitiam
3015 1037 3494 1096 transmarinorum
3526 1029 3652 1100 epi-

2033 1153 2350 1208 -scoporum
2395 1137 2580 1192 delata
2630 1137 2821 1200 fuerat,
2853 1134 2972 1204 ipso
3000 1133 3299 1186 Thurstano
3335 1134 3655 1208 prapugna-

2063 1207 2265 1284 tionem
2313 1243 2498 1283 eorum
2549 1225 2649 1281 sibi
2699 1232 2887 1280 contra
2917 1223 3126 1277 Patrem
3155 1215 3446 1274 Radulfum
3477 1207 3658 1265 modis

2063 1317 2314 1372 omnibus
2345 1318 2664 1374 asciscente.
2699 1315 2764 1369 Et
2786 1313 2861 1367 illi
2892 1311 3130 1382 quidem,
3159 1313 3343 1377 utpote
3371 1306 3656 1358 consuetu-

2065 1406 2250 1460 dinum
2282 1412 2336 1461 et
2364 1404 2774 1476 privilegiorum
2807 1400 3060 1456 Ecclesia
3089 1395 3286 1451 Christi
3307 1388 3655 1447 Cantuarien-

2064 1496 2140 1550 sis
2170 1495 2364 1568 ignari,
2397 1492 2810 1549 immoderatius
2836 1489 3141 1544 Thurstano
3175 1483 3449 1547 favebant,
3496 1483 3655 1568 autu-

2063 1564 2302 1652 mantes,
2332 1592 2394 1639 ut
2421 1585 2537 1655 ipse
2567 1582 2795 1649 ferebat,
2826 1577 3112 1635 Radulfum
3142 1574 3196 1630 vi
3226 1571 3400 1643 magis
3426 1575 3479 1624 et
3506 1564 3655 1621 divi-

2066 1677 2257 1732 tiarum
2279 1673 2448 1745 copiis
2471 1673 2777 1744 prodeunte
2808 1683 2966 1741 quam
3001 1665 3189 1737 priscae
3214 1657 3572 1724 auctoritatis,
3602 1661 3656 1710 et

2064 1767 2428 1822 Romanorum
2483 1760 2792 1834 pontiﬁcum
2848 1754 3150 1828 privilegiis
3205 1751 3259 1806 in
3306 1748 3416 1804 suis
3474 1759 3656 1800 asser-

2065 1855 2298 1912 tionibus
2324 1854 2442 1908 niti.
2501 1853 2611 1909 Sed
2635 1866 2756 1907 cum
2789 1848 2856 1904 ad
2885 1848 3003 1902 hac
3031 1845 3307 1899 diceretur
3355 1839 3408 1892 in
3459 1847 3658 1889 vanum

2062 1946 2168 2001 tale
2214 1944 2346 2015 quid
2392 1942 2632 2014 Opinari,
2662 1947 2715 1996 et
2747 1937 2890 1995 satis
2920 1933 3186 2000 sufﬁcere,
3219 1929 3287 1985 ad
3316 1923 3656 2015 determina-

2063 2011 2265 2092 tionem
2287 2011 2447 2102 hujus
2465 2030 2706 2098 discidii,
2725 2044 2848 2101 qua
2871 2043 2901 2082 a
2923 2035 3167 2095 tempore
3188 2019 3333 2092 regis
3350 2011 3654 2077 Wilbelmi,

2063 2125 2152 2195 qui
2181 2123 2347 2179 armis
2373 2121 2623 2194 Angliam
2669 2124 2918 2189 ceperat,
2968 2114 3037 2169 de
3079 2113 3200 2183 ipso
3237 2104 3460 2178 negotio
3501 2108 3658 2173 gesta

2062 2220 2202 2279 sunt,
2259 2210 2565 2282 prasertim
2620 2223 2740 2263 cum
2799 2223 2830 2260 a
2885 2203 3078 2259 diebus
3133 2197 3282 2270 regni
3343 2195 3462 2266 ejus
3513 2203 3656 2260 pene

2061 2309 2253 2358 cuncta
2294 2315 2416 2370 qua
2454 2298 2524 2353 ab
2551 2296 2741 2368 Anglis
2788 2291 3078 2363 antiquitus
3120 2286 3274 2359 quasi
3315 2285 3656 2340 sacrosancta

2061 2390 2491 2454 celebrabantur,
2523 2401 2665 2441 nunc
2698 2384 2790 2440 vix
2814 2389 3101 2454 postrema
3140 2370 3472 2432 auctoritatis
3511 2381 3656 2440 quo-

2059 2480 2306 2534 rumdam
2332 2477 2538 2547 judicio
2567 2475 2890 2530 habeantur.
2925 2471 3048 2526 Non
3075 2468 3224 2534 hinc,
3256 2463 3426 2526 aiunt,
3446 2459 3522 2514 ita
3551 2462 3655 2521 est,

2060 2568 2169 2624 imo
2200 2583 2340 2622 nova
2371 2581 2490 2636 qua
2516 2565 2636 2619 istis
2662 2559 2997 2631 temporibus
3041 2555 3354 2611 inferuntur
3399 2547 3655 2617 antiquo-

2059 2673 2178 2712 rum
2208 2656 2533 2725 scriptorum
2561 2647 3050 2722 astipulationibus,
3083 2652 3141 2699 ut
3171 2649 3290 2696 rata
3317 2639 3450 2703 sint,
3473 2649 3660 2725 neces-

2061 2762 2119 2802 re
2145 2752 2226 2800 est
2256 2722 2564 2798 fulciantur.
2593 2742 2678 2796 Ex
2709 2739 2798 2793 his
2828 2751 2980 2808 ergo,
3005 2734 3077 2788 ad
3109 2733 3227 2787 hac
3255 2722 3654 2797 investiganda,

2060 2830 2350 2885 multorum
2414 2825 2756 2889 sollicitudo,
2817 2830 2874 2876 ut
2931 2819 3201 2882 diximus,
3247 2810 3560 2884 evigilavit,
3605 2814 3659 2860 et

2063 2917 2297 2975 conﬁsca
2317 2914 2562 2971 Ecclesia
2583 2913 2683 2969 Dei
2707 2911 2946 2981 justitia,
2971 2907 3312 2977 antiquorum
3334 2898 3658 2956 scriniorum

2061 3006 2264 3073 abdita,
2336 3017 2615 3058 sacrorum
2685 2998 3107 3071 Evangeliorum
3175 2989 3487 3052 volumina,
3553 2982 3655 3040 soli

2068 3096 2248 3152 decori
2281 3095 2475 3151 domus
2494 3090 2708 3149 Domini
2733 3096 2959 3145 eatenus
2979 3082 3333 3140 inservientia
3349 3075 3660 3150 diligentius

357 3192 480 3247 tire.
517 3191 652 3260 Quis
681 3193 824 3248 enim
857 3191 1023 3248 ﬁdem
1048 3161 1208 3247 suam
1239 3193 1408 3247 cuivis
1430 3191 1708 3262 pollicenti
1737 3190 1967 3260 amplius
1996 3175 2045 3238 C
2073 3192 2412 3256 perscrutata
2469 3190 2576 3237 est.
2655 3181 2794 3234 Ecce
2848 3184 3026 3232 autem
3046 3215 3060 3239 ,
3119 3180 3176 3226 ut
3230 3169 3479 3262 voluntas
3529 3161 3661 3262 justi

355 3281 617 3349 crederet,
649 3297 771 3338 cum
811 3297 930 3336 eam
970 3282 1075 3335 mei
1106 3281 1356 3351 exemplo
1385 3289 1496 3335 tam
1527 3280 1683 3334 facile
1730 3277 1954 3334 absolu-

359 3370 505 3425 tione
569 3370 856 3424 annihilari
919 3386 1086 3440 posse
1146 3371 1370 3425 videret.
1414 3371 1797 3423 Verumtamen
1829 3366 1956 3437 quia

357 3459 727 3513 Thurstanum
760 3458 814 3512 in
841 3457 1213 3528 pontiﬁcatum
1249 3466 1525 3528 tantopere
1559 3457 1690 3526 petit
1719 3455 1950 3522 admitti,

363 3555 622 3618 quantum
653 3562 778 3602 mea
808 3547 998 3611 refert,
1032 3561 1097 3602 ea
1127 3547 1434 3602 conditione
1477 3561 1578 3615 pro
1623 3560 1810 3600 amore
1855 3559 1953 3598 suo

357 3635 596 3690 concedo
627 3643 690 3690 ut
720 3635 836 3705 ipse
863 3636 1039 3705 primo
1083 3635 1427 3689 Cantuariam
1477 3634 1676 3702 veniat,
1709 3641 1761 3689 et
1791 3633 1953 3687 debi-

360 3731 465 3778 tam
507 3723 873 3778 obedientiam
922 3738 987 3779 ac
1034 3723 1430 3792 subjectionem
1483 3739 1644 3793 quam
1693 3723 1950 3791 Thomas,

359 3812 620 3868 Girardus
663 3821 717 3866 et
769 3812 905 3866 alter
967 3812 1206 3866 Thomas
1267 3812 1528 3867 Ecclesiae
1583 3811 1954 3866 Cantuariensi

358 3902 583 3972 ejusque
613 3901 827 3970 primati
856 3900 1089 3970 professi
1119 3909 1262 3969 sunt,
1295 3901 1499 3970 scripta
1529 3916 1596 3955 ex
1623 3916 1774 3954 more
1819 3915 1954 3969 pro-

361 3990 595 4045 fessione
660 3988 994 4060 proﬁteatur.
1044 3988 1203 4058 Quod
1249 3989 1294 4043 si
1338 3989 1518 4044 facere
1568 3989 1952 4058 supersederit,

358 4080 498 4134 sciat
526 4078 692 4148 quod,
726 4078 876 4134 nullo
923 4077 1102 4134 edicto
1146 4077 1525 4148 compellente,
1559 4092 1648 4132 me
1676 4076 1732 4130 in
1761 4078 1957 4149 Anglia

357 4173 620 4240 regnante
642 4166 878 4222 Eboraci
909 4166 1167 4222 Ecclesia
1194 4165 1522 4237 prasidebit.
1546 4166 1663 4221 Hoc
1689 4165 1956 4236 siquidem

357 4271 448 4310 me
496 4260 838 4326 servaturum
883 4255 1106 4325 promisi
1174 4263 1226 4310 et
1287 4255 1448 4310 ﬁdem
1515 4270 1690 4310 meam
1757 4255 1955 4308 vadem

355 4344 546 4415 posui,
592 4359 662 4400 ne
705 4343 1001 4415 aliquando
1043 4344 1172 4398 ﬁam
1216 4352 1580 4417 transgressor
1619 4344 1778 4413 hujus
1819 4359 1954 4413 pro-

357 4433 538 4488 missi.
577 4433 674 4488 His
705 4434 775 4488 ita
807 4434 875 4488 de
905 4433 1175 4506 legatione
1204 4434 1416 4504 Anglia
1446 4440 1498 4488 et
1521 4432 1776 4502 pontifice
1804 4433 1953 4487 Ebo-

2063 3252 2254 3331 amans
2284 3281 2469 3344 Optato
2495 3270 2687 3326 eﬁ‘ectu
2716 3283 2824 3321 non
2853 3265 3158 3335 privaretur
3195 3274 3316 3331 qua
3354 3252 3658 3310 subscribi-

2063 3381 2200 3432 mus,
2223 3362 2502 3418 revelante
2519 3360 2655 3421 Deo,
2679 3352 2971 3426 privilegia
3001 3349 3249 3420 quadam
3283 3351 3494 3432 reperta
3515 3348 3658 3432 sunt,

2063 3430 2216 3507 ﬁrma
2271 3450 2511 3520 undique
2574 3454 2626 3500 et
2689 3441 2988 3513 apostolica
3026 3437 3346 3493 auctoritate
3408 3430 3659 3485 subnixa.

2060 3543 2195 3598 Sunt
2221 3543 2399 3594 autem
2439 3539 2552 3592 hac
2583 3554 2594 3589 :

2135 3654 2156 3677 ιι
2192 3627 2514 3684 Bonefacius
2543 3639 2685 3694 papa
2712 3619 3044 3675 Ethelberto
3073 3615 3190 3686 regi
3215 3610 3532 3682 Anglorum.

2137 3741 2157 3767 ‹‹
2193 3719 2338 3772 Dum
2370 3709 2790 3769 Christianitatis
2836 3714 3032 3763 vestra
3071 3701 3356 3775 integritas
3398 3697 3476 3751 ita
3513 3695 3658 3749 circa

2062 3805 2369 3864 Conditoris
2413 3803 2497 3858 sui
2543 3799 2745 3856 cultum
2785 3794 3087 3852 excreverit
3131 3794 3189 3847 ut
3227 3789 3391 3860 longe
3452 3785 3670 3853 lateque

2063 3894 2426 3967 resplendeat,
2459 3898 2513 3946 et
2560 3889 2613 3943 in
2662 3885 2808 3943 omni
2858 3883 3058 3938 mundo
3105 3878 3438 3942 annuntiata,
3482 3880 3664 3929 vestra

2064 3987 2178 4040 Deo
2227 3983 2409 4054 digna
2454 3976 2786 4050 Operationis
2823 3979 3116 4043 augmenta
3157 3968 3380 4033 referat,
3411 3976 3664 4054 enormes

2062 4049 2314 4145 largitori
2371 4067 2613 4124 omnium
2678 4064 2946 4120 bonorum
3006 4061 3121 4114 Deo
3175 4063 3364 4128 grates
3418 4049 3662 4107 exsolvi-

2236 4183 2257 4209 υ
2296 4165 2401 4214 BNL

2063 4179 2184 4216 mus
2236 4183 2257 4209 υ
2296 4179 2401 4214 etc.

2139 4273 2160 4297 α
2191 4203 2519 4304 ’Bonefacius
2564 4256 2705 4313 papa
2743 4241 2894 4293 Justo
2926 4233 3342 4305 archiepiscopo
3370 4227 3656 4285 Dorober-

2063 4355 2238 4395 nensn

2142 4451 2163 4479 (ι
2199 4423 2471 4494 Susceptis
2503 4428 2697 4478 vestrae
2742 4413 3044 4472 dilectionis
3081 4410 3346 4482 apicibus,
3377 4407 3434 4462 in
3462 4405 3660 4477 quibus

355 4521 572 4577 racensi
613 4494 1004 4577 determinatis.
1058 4523 1212 4576 Pater
1258 4494 1540 4578 R‘adulfus-
1568 4521 1818 4592 Angliam
1868 4537 1954 4574 re-
1981 4535 2033 4596 D
2065 4517 2358 4589 reperimus
2387 4513 2526 4566 inter
2555 4508 2681 4572 alia,
2706 4505 2981 4596 plurimos
3024 4517 3092 4596 e_x
3128 4497 3426 4596 gentilitate
3452 4494 3657 4596 ibidem

356 4610 603 4679 vertitur,
636 4619 689 4666 et
718 4611 902 4667 Dofris
929 4611 1204 4681 appulsus,
1236 4625 1360 4666 cum
1393 4627 1604 4665 summo
1648 4611 1856 4666 honore
1901 4617 1952 4664 et

354 4699 559 4771 gaudio
607 4699 661 4753 in
708 4701 896 4755 sedem
944 4715 1095 4753 suam
1140 4699 1439 4754 Cantuaria
1468 4717 1505 4753 ιι
1533 4700 1680 4754 Non.
1712 4699 1950 4753 Januarii

355 4788 638 4859 recipitur.
687 4789 979 4844 Anselmus
1023 4795 1234 4857 autem,
1274 4789 1365 4859 qui
1403 4789 1676 4860 legatione
1716 4787 1947 4860 Anglia,

355 4885 418 4932 ut
457 4877 869 4947 descripsimus,
900 4877 1252 4949 gloriabatur,
1301 4893 1399 4932 nec
1427 4877 1682 4950 Angliam
1731 4877 1948 4944 intrare,

355 4981 457 5022 nec
485 4966 668 5038 aliquo
706 4965 873 5038 legati
921 4965 1098 5021 ofﬁcio
1143 4965 1297 5038 fungi
1341 4966 1541 5039 dignus
1581 4966 1801 5022 habitus
1849 4974 1947 5022 est.

354 5057 543 5126 Itaque
584 5056 762 5110 omnis
809 5055 1033 5126 hujusce
1076 5055 1360 5125 potestatis
1406 5071 1597 5110 exsors
1647 5055 1889 5123 eﬂ‘ectus,
1921 5073 1950 5110 a

352 5145 747 5200 Northmannia
774 5152 855 5200 est
883 5144 937 5198 in
967 5160 1066 5199 sua
1095 5159 1399 5216 regressus.
1451 5143 1791 5200 Thurstanus
1823 5162 1951 5202 vero

353 5247 554 5304 papam
585 5241 802 5288 secutus
832 5241 932 5302 est,
964 5233 1060 5287 sed
1087 5249 1197 5288 non
1227 5234 1320 5288 diu
1351 5234 1422 5289 ab
1450 5250 1535 5300 eo,
1570 5251 1636 5289 ne
1666 5236 1955 5304 praesentia

353 5321 473 5391 ejus
515 5330 852 5394 gravaretur,
885 5323 1152 5377 detentus.
1196 5323 1310 5378 Rex
1357 5330 1535 5378 autem
1586 5324 1849 5379 Henricus
1897 5324 1954 5379 in

350 5424 452 5466 sua
491 5411 761 5466 sententia
804 5419 1079 5482 perstans,
1128 5427 1252 5466 eum
1300 5427 1399 5467 nec
1438 5411 1775 5482 pontiﬁcatui
1805 5413 1952 5468 Ebo-

355 5501 587 5572 racensi,
618 5517 724 5557 nec
751 5501 807 5556 in
827 5517 940 5556 sua
969 5499 1250 5570 potestatis
1279 5501 1516 5572 aliquem
1538 5501 1719 5558 locum
1743 5501 1953 5558 admitti

350 5589 583 5645 sinebat.

2060 4585 2394 4679 degentium,
2426 4601 2540 4655 Deo
2570 4591 2928 4664 omnipotenti
2959 4598 3010 4646 et
3033 4587 3268 4645 Domino
3309 4589 3495 4641 nostro
3530 4585 3659 4679 Jesu

2061 4671 2271 4754 Christo
2316 4690 2647 4754 auxiliante,
2696 4696 3026 4746 conversos,
3068 4677 3308 4733 maxime
3360 4681 3540 4730 autem
3598 4671 3658 4726 in

2059 4784 2302 4857 partibus
2347 4777 2551 4834 Cantia
2598 4773 2667 4828 ad
2723 4771 2838 4828 veri
2879 4768 2979 4824 Dei
3038 4766 3204 4857 nostri
3259 4763 3420 4819 fidem
3465 4760 3658 4818 vestris

2060 4856 2336 4930 laboribus
2362 4865 2671 4938 perductos,
2702 4859 2862 4917 valde
2890 4856 3145 4930 gratulati
3172 4869 3379 4909 sumus.
3416 4876 3438 4901 υ

2137 4987 2158 5013 (ι
2202 4957 2475 5018 Honorius
2533 4966 2678 5024 papa
2727 4947 2970 5004 Honorio
3021 4943 3436 5014 archiepiscopo
3473 4941 3658 4998 Doro-

2059 5053 2282 5110 bernia.

2137 5165 2158 5191 α
2193 5137 2468 5208 Susceptis
2496 5139 2688 5188 vestra
2715 5123 3019 5181 dilectionis
3048 5122 3259 5191 litteris,
3283 5121 3337 5176 in
3357 5121 3436 5176 eis
3458 5119 3654 5210 reperi-

2064 5249 2184 5286 mus
2211 5226 2374 5285 vestri
2406 5219 2609 5278 laboris
2629 5213 3074 5272 'sollicitudinem
3119 5211 3264 5267 circa
3300 5209 3465 5266 vobis
3497 5223 3655 5264 com-

2062 5321 2288 5376 missum
2317 5327 2571 5386 gregem,
2595 5305 2764 5363 multa
2790 5301 3109 5373 fatigatione
3137 5306 3474 5370 occupatam,
3503 5320 3525 5346 ι›
3553 5305 3655 5352 etc.

2137 5429 2160 5456 α
2196 5405 2494 5462 Vitalianus
2521 5411 2670 5470 papa
2699 5391 2983 5449 Theodoro
3013 5388 3418 5458 archiepiscopo
3444 5387 3600 5442 Cant.

2137 5495 2338 5548 «Inter
2384 5485 2638 5557 plurima,
2673 5493 2791 5552 qua
2822 5473 2979 5531 nobis
3026 5489 3125 5544 per
3169 5479 3377 5527 vestras
3423 5469 3658 5541 syllabas

2060 5583 2306 5639 intimare
2331 5574 2557 5650 jussisti,
2588 5563 2949 5644 ceguovimus
2990 5561 3157 5618 etiam
3199 5557 3528 5617 desiderium
3557 5575 3659 5618 ve-
