4044 6074
424 276 530 332 507
546 270 553 276 ’

1421 269 1734 326 EADMERI
1782 266 2337 324 CAI‘ITUARIENSIS
2389 267 2718 326 MONACHI

3606 273 3709 326 508

431 408 608 458 atrurn
642 417 744 472 pro
773 398 1178 459 conﬁrmatione
1221 398 1474 455 dimcesis
1514 405 1726 462 vestrae,
1761 411 1885 469 quae
1915 402 2020 450 tuae
2049 390 2098 452 A
2133 399 2224 448 aut
2253 394 2477 450 errando
2505 404 2712 466 pereat,
2743 406 2833 452 aut
2863 397 3047 455 ferinis
3089 398 3288 455 laniata
3332 398 3600 455 morsibus
3627 412 3723 453 ra-

431 492 676 563 subjacet
701 492 914 559 ditioni,
943 508 1063 562 quae
1094 491 1146 544 in
1179 489 1428 545 omnibus
1471 503 1540 542 ex
1582 494 1768 541 nostro
1799 494 2024 556 aposto-

431 579 552 637 lica
581 581 912 637 auctoritatis
937 579 1229 652 privilegio
1260 578 1635 649 splendescere
1664 575 1962 643 desideras,
2001 595 2020 625 ο

436 680 538 726 etc.

508 786 530 810 ιι
565 761 788 833 Sergius
816 777 954 830 papa
982 761 1208 832 regibus
1235 759 1558 831 Anglorum.

505 868 535 896 α
568 848 778 902 Donum
825 847 1015 916 gratiae
1067 845 1376 916 spiritualis,
1407 845 1558 917 quod
1601 842 1772 899 sancti
1803 841 2029 914 Spiritus

433 935 789 991 illustratione
816 934 1054 990 fidelium
1086 935 1257 989 corda
1296 935 1594 1001 succendit,
1627 950 1690 988 ac
1719 933 2027 1003 reparando

431 1022 600 1076 reﬁcit
631 1030 684 1076 et
711 1021 923 1076 virtutis
953 1020 1192 1075 miriﬁcae
1223 1020 1525 1075 constantia
1554 1019 1792 1085 roborat,
1826 1025 1879 1072 et
1908 1033 2026 1074 caa-

434 1111 648 1165 lestium
706 1109 1096 1165 beneficiorum
1154 1109 1382 1163 instituit
1439 1109 1746 1180 perenniter
1799 1124 2027 1179 prome.

433 1201 538 1256 reri
571 1199 852 1272 suffragia,
879 1208 928 1254 et
952 1198 1248 1254 labentium
1279 1215 1460 1255 rerum
1491 1199 1652 1254 exitia
1678 1198 2028 1256 nihilominus

433 1305 759 1363 praecavere,
797 1311 817 1336 υ
854 1295 958 1344 etc.

510 1401 532 1426 α
565 1380 718 1432 Idem
747 1393 891 1448 papa
916 1377 1186 1449 epis00pis
1213 1377 1442 1449 Angliae.

513 1489 534 1515 α
571 1468 720 1522 Sicut
749 1466 922 1534 nobis,
956 1466 1139 1521 fratris
1167 1467 1446 1538 incogniti,
1480 1467 1674 1540 quibus
1702 1483 1891 1524 curam
1939 1468 2028 1525 of-

437 1555 542 1611 ﬁcii
572 1555 860 1627 pastoralis
889 1556 1029 1612 beati
1061 1556 1430 1626 apostolorum
1473 1557 1734 1628 principis
1765 1557 1903 1613 Petri
1933 1575 2029 1614 su-

435 1661 622 1716 perna
650 1644 891 1716 dignatio
934 1645 1294 1702 miserationis
1343 1647 1696 1718 regimenque
1742 1649 2027 1716 concessit,

437 1735 791 1790 reverendam
838 1735 1058 1790 advexit
1102 1735 1469 1805 praesentiam,
1504 1736 1578 1791 ita
1609 1752 1823 1807 quoque
1866 1735 2031 1792 vestri
2057 1776 2109 1836 Β

439 1822 836 1896 religiosissimi
865 1825 1189 1894 praesulatus
1215 1826 1433 1896 collegii
1465 1826 1648 1898 agnita
1676 1825 1820 1882 salus
1847 1825 2029 1898 gemi-

441 1928 566 1967 num
597 1913 774 1970 attulit
802 1930 997 1969 munus
1042 1914 1280 1984 tripudii.
1346 1917 1486 1970 Nam
1534 1917 1778 1971 omnium
1827 1915 2033 1972 auctori

440 2001 718 2058 bonorum
750 2003 987 2059 Domino
1019 2005 1133 2059 Deo
1156 2011 1344 2060 nostro
1375 2004 1671 2060 immensas
1720 2005 2036 2076 peregimus

441 2091 661 2162 gratias,
694 2099 910 2162 reperta
966 2093 1190 2148 fratrum
1245 2093 1488 2150 ﬁdelium
1544 2094 1598 2149 in
1657 2094 1782 2150 sinu
1834 2101 2034 2150 sancta:

441 2180 630 2236 matris
659 2180 922 2236 Ecclesiae
964 2183 1334 2239 unanimitatis
1380 2183 1582 2239 devota
1627 2184 1950 2251 constantia,
1983 2192 2040 2240 et

443 2270 646 2325 amoris
672 2270 916 2327 fervente
935 2271 1075 2326 inter
1098 2287 1157 2327 se
1189 2272 1605 2345 dilectionisque
1627 2273 1920 2330 consortio.
1948 2273 2038 2328 Sic

445 2358 589 2416 enim
618 2360 803 2432 sagaci
845 2360 1064 2417 solertia
1111 2361 1283 2417 Deum
1328 2363 1667 2433 complacare
1714 2371 2032 2431 noscuntur,

446 2446 732 2505 afferentes
769 2449 816 2504 ei
864 2467 1000 2520 pura
1048 2449 1333 2518 libamina,
1383 2467 1507 2506 cum
1554 2452 1609 2506 in
1657 2468 1750 2507 ara
1798 2451 2037 2522 pectoris

444 2537 736 2609 splendore
763 2539 880 2594 veri
925 2539 1146 2594 luminis
1191 2540 1514 2609 refoventes,
1559 2541 1720 2596 nullis
1766 2540 2039 2598 illecebris

441 2634 675 2684 mentem
706 2627 953 2696 illudant,
985 2629 1149 2684 nullis
1180 2629 1398 2685 fratrum
1428 2630 1660 2686 stimulis
1687 2631 1854 2686 corda
1887 2646 2036 2700 pra:-

443 2715 663 2786 cellant,
695 2716 856 2772 nullis
902 2717 1218 2773 nocentibus
1273 2719 1553 2789 proximos
1612 2719 1883 2774 mentibus
1940 2734 2038 2774 an-

442 2813 626 2870 nuant,
677 2805 790 2873 sed,
824 2813 881 2860 ut
904 2804 1004 2861 Dei
1051 2806 1301 2875 ministri,
1355 2807 1632 2878 speculum
1680 2825 1736 2863 se
1782 2808 2040 2878 subjectis

443 2892 564 2949 vita:
595 2909 913 2966 morumque
942 2893 1216 2964 probitate
1246 2896 1554 2951 exhibeant.
1577 2896 1715 2950 Hinc
1743 2896 1842 2950 sibi
1867 2897 2036 2951 Deum

444 2989 856 3054 prosperantem
885 2982 1166 3038 invenient
1213 2984 1268 3037 in
1316 2984 1578 3053 adversis,
1611 3001 1714 3041 nec
1745 2986 2040 3056 quidquam

443 3071 639 3141 poterit
668 3071 834 3126 hostis
865 3071 1085 3126 insidias
1111 3072 1189 3127 eis
1217 3072 1445 3128 nocendi
1475 3073 1776 3143 subripere.
1824 3074 2038 3128 Etenim

443 3159 522 3213 uti
554 3168 631 3215 est
662 3168 865 3230 praesto
896 3160 1112 3217 Domini
1160 3162 1527 3232 adjutorium,
1581 3172 1777 3218 cuncta
1823 3163 2042 3235 fugatur

444 3248 727 3318 spirituum
811 3249 1176 3322 malignorum
1249 3250 1570 3307 adversitas.
1646 3253 1887 3323 Cumque
1968 3252 2041 3306 ita

442 3336 527 3406 sit,
567 3361 588 3386 η
622 3347 726 3395 etc.

521 3449 542 3474 σι
587 3428 888 3501 Gregorius
915 3444 1057 3500 papa
1087 3430 1354 3502 episcopis
1384 3430 1610 3502 Anglias.

519 3538 547 3564 ιι
586 3515 686 3570 Dei
716 3517 1098 3587 omnipotentis
1145 3519 1428 3574 immensa:
1457 3520 1674 3590 pietatis
1703 3520 2039 3592 magnitudi-

448 3619 573 3658 nem
603 3603 996 3673 collaudamus,
1041 3607 1138 3678 qui
1184 3623 1295 3662 suae
1344 3609 1642 3675 majestatis
1685 3608 1913 3681 gloriam
1965 3607 2042 3662 sic

445 3691 674 3746 dilatare
695 3693 948 3764 dignatus
977 3702 1057 3748 est
1083 3702 1141 3748 ut
1171 3695 1225 3748 in
1253 3710 1469 3749 omnem
1493 3699 1690 3750 terram
1713 3697 1903 3751 exierit
1927 3698 2043 3767 jam

450 3793 618 3834 sonus
645 3781 1062 3850 praedicatorum
1089 3798 1327 3852 suorum,
1361 3793 1413 3838 et
1437 3783 1491 3838 in
1521 3783 1656 3839 fines
1699 3785 1845 3840 orbis
1887 3793 2041 3840 terra:

446 3869 615 3924 verba
645 3884 850 3936 eorum,
889 3891 911 3921 ι
946 3879 1049 3926 etc.

527 3980 548 4003 u
596 3959 702 4013 Leo
732 3974 875 4029 papa
903 3961 1197 4017 Athelardo
1226 3961 1658 4033 archiepiscopo.

529 4065 549 4091 ‹.
586 4043 884 4099 Pontiﬁcali
917 4046 1230 4102 diseretioni
1259 4047 1534 4117 praecipue
1561 4048 1815 4103 convenit
1843 4062 2045 4118 praesu-

451 4133 593 4188 libus
623 4133 990 4188 Ecclesiarum
1022 4137 1318 4191 secundum
1352 4153 1536 4191 eorum
1586 4136 2043 4206 irreprehensibi-

455 4222 560 4277 lem
590 4222 753 4278 tidem
784 4223 1116 4279 audientiam
1161 4225 1406 4296 prmbere
1452 4235 1505 4280 et
1552 4241 1759 4294 eorum,
1793 4242 1911 4295 quae
1949 4241 2047 4295 per

453 4313 672 4368 beatum
736 4315 952 4369 Petrum
1010 4315 1309 4385 principem
1382 4315 1747 4386 apostolorum
1823 4322 1876 4368 et
1948 4329 2046 4369 nos

453 4417 642 4474 gerere
688 4403 1136 4470 desideraverint,
1169 4420 1291 4475 quae
1321 4403 1594 4458 canonicis
1621 4419 1728 4457 non
1757 4403 2044 4475 refragan-

458 4499 542 4544 tur
564 4493 929 4548 sanctionibus
957 4492 1216 4548 aﬂ‘ectum
1249 4492 1566 4547 concedere.
1593 4512 1621 4539 »ν

537 4604 558 4628 α
592 4582 881 4636 Formosus
911 4582 1200 4652 episcopus
1232 4581 1464 4652 Angliam

536 4690 557 4719 α
592 4671 856 4737 Auditus,
898 4671 1252 4726 nefandorum
1305 4671 1438 4725 ritus
1475 4684 1809 4741 paganorum
1855 4669 1911 4723 in
1949 4685 2049 4725 ve-

461 4759 586 4811 stris
615 4759 860 4827 partibus
887 4759 1260 4831 repulullasse,
1292 4768 1344 4814 et
1375 4775 1470 4814 vos
1501 4759 1734 4814 tenuisse
1780 4758 2050 4814 silentium

463 4853 519 4898 ut
547 4862 708 4901 canes
735 4863 843 4902 non
870 4848 1114 4904 valentes
1144 4849 1360 4914 latrare,
1393 4847 1577 4921 gladio
1621 4847 1981 4919 separationis
2011 4863 2049 4917 _a

465 4948 694 5004 corpore
713 4938 809 4990 Dei
843 4938 1097 4993 Ecclesiae
1120 4953 1216 4992 vos
1236 4937 1395 4992 ferire
1426 4930 1867 5016 deliberavimus,
1898 4959 1918 4983 η
1945 4945 2046 4992 etc.

539 5048 559 5070 υ
602 5025 836 5080 Joannes
865 5042 1003 5095 papa
1035 5028 1312 5081 Dunstano
1340 5017 1776 5095 archiepiscdpo;
1991 5031 1997 5040 '

541 5136 563 5162 ι
594 5115 830 5169 Joannes
877 5117 1182 5186 episcopus,
1217 5131 1404 5171 servus
1451 5107 1727 5170 servorum
1756 5115 1875 5182 Dei,
1921 5130 2052 5170 con-

431 5255 437 5259 .
466 5203 617 5258 fratri
648 5203 943 5272 Dunstano,
980 5205 1380 5259 Dorobernensi
1410 5203 1682 5274 episcopo,
1708 5204 1834 5259 vita
1858 5219 2052 5274 perpe-

459 5293 568 5348 tuae
593 5294 1015 5364 permanendam
1045 5294 1097 5347 in
1129 5293 1338 5349 Christo
1368 5293 1614 5348 salutem.

539 5405 560 5428 α
599 5382 653 5439 Si
681 5391 928 5453 pastores
957 5382 1138 5438 ovium
1169 5382 1337 5438 solem
1368 5382 1600 5455 geluque
1622 5399 1720 5455 pro
1749 5385 1940 5456 gregis
1970 5383 2053 5437 sui

463 5471 712 5528 custodia
755 5472 843 5526 die
881 5487 944 5528 ac
989 5480 1144 5528 nocte
1177 5471 1314 5527 ferre
1360 5472 1595 5527 contenti
1637 5481 1777 5540 sunt,
1806 5481 1857 5528 et
1885 5471 2054 5528 oculis

465 5568 815 5634 conspectam
835 5560 1210 5633 vigilantibus,
1235 5576 1302 5616 ne
1325 5560 1506 5632 aliqua
1526 5561 1746 5633 quidem
1770 5578 1836 5616 ex
1859 5561 2054 5616 ovibus

2134 484 2334 561 piatur,
2367 493 2564 554 quanto
2594 486 2792 542 sudore
2821 496 3126 560 quantaque
3155 504 3283 545 cura
3314 488 3574 544 debemus
3603 501 3724 543 esse

2135 573 2427 646 pervigiles
2457 575 2526 630 ob
2557 575 2781 631 salutem
2812 578 3134 648 animarum,
3166 579 3257 650 qui
3287 587 3532 649 pastores
3581 577 3724 632 dic-i-

2135 679 2258 718 mur
2285 679 2471 719 earum
2484 666 2512 716 ‘2
2537 665 2897 722 Attendamus
2917 667 3084 740 igitur
3102 683 3202 724 nos
3220 667 3455 725 ofﬁcium
3471 667 3728 724 exhibere

2137 768 2269 824 erga
2310 753 2612 809 custodiam
2658 756 3060 812 Dominicarum
3098 758 3313 826 ovium,
3359 767 3431 825 et,
3469 773 3538 812 ne
3575 755 3729 828 quasi

2135 841 2264 912 lupo
2294 843 2542 898 veniente
2571 843 2742 899 territi
2772 843 3064 917 fugiamus,
3096 861 3164 902 ne
3194 847 3246 900 in
3276 846 3368 901 die
3397 845 3565 901 divini
3593 859 3729 900 exa-

2135 931 2293 985 minis
2322 948 2424 1002 pro
2455 933 2661 988 desidia
2691 943 2873 990 nostra
2902 943 3027 990 ante
3059 952 3329 990 summum
3361 937 3637 990 Pastorem
3677 941 3733 989 et.

2136 1021 2470 1092 negligentia
2502 1030 2685 1078 nostra
2714 1024 3106 1099 excrucientur,
3138 1025 3281 1079 unde
3310 1023 3473 1079 modo
3507 1023 3732 1078 honoris

2134 1109 2444 1165 reverentia
2469 1111 2523 1164 in
2551 1111 2866 1167 sublimiore
2917 1129 3041 1168 arce
3085 1113 3296 1170 caeteris
3336 1112 3724 1182 dijudicamur.

2137 1198 2429 1253 Primatum
2459 1201 2644 1272 itaque
2677 1210 2845 1270 tuum,
2871 1203 2925 1256 in
2957 1217 3063 1272 quo
3095 1201 3190 1258 tibi
3217 1217 3281 1257 ex
3311 1216 3464 1258 more
3493 1209 3735 1257 anteces-

2137 1303 2317 1343 sorum
2351 1296 2584 1356 tuorum,
2618 1289 2765 1346 vices
2794 1290 3109 1362 apostolicae
3140 1291 3284 1346 sedis
3313 1306 3563 1346 exercere
3592 1305 3730 1347 con-

2137 1378 2302 1446 venit,
2336 1377 2410 1434 ita
2442 1378 2539 1434 tibi
2569 1379 2636 1433 ad
2667 1381 2890 1450 plenum
2920 1379 3321 1447 conﬁrmamus,
3355 1381 3491 1436 sicut
3518 1381 3733 1436 beatum

2137 1468 2519 1538 Augustinum,
2552 1467 2775 1540 ejusque
2816 1485 3176 1533 successores,
3210 1470 3451 1540 praefatae
3480 1468 3736 1526 Ecclesia

2137 1556 2450 1626 pontiﬁces,
2506 1556 2720 1627 plenius
2774 1559 3026 1614 habuisse
3077 1558 3436 1632 dignoscitur.
3505 1558 3735 1613 Pallium

2139 1661 2268 1700 vero
2299 1645 2624 1701 fraternitati
2653 1649 2782 1714 tum,
2816 1663 2882 1702 ex
2912 1663 3084 1716 more,
3117 1647 3183 1702 ad
3216 1647 3496 1703 missarum
3528 1646 3737 1703 solem-

2138 1734 2229 1788 nia
2257 1734 2584 1790 celebranda
2625 1737 3091 1804 commendamus,
3137 1751 3246 1808 quo
3287 1736 3381 1791 tibi
3425 1751 3536 1791 non
3581 1735 3740 1792 aliter

2141 1823 2402 1879 Ecclesiae
2433 1832 2536 1879 tuae
2565 1824 2870 1897 privilegiis
2899 1825 2956 1880 in
2987 1841 3085 1880 suo
3110 1833 3254 1881 statu
3283 1824 3631 1882 manentibus
3661 1825 3737 1879 uti

2142 1912 2511 1981 consedimus,
2539 1929 2700 1982 quam
2731 1931 2888 1969 usum
2919 1923 3294 1970 antecessores
3337 1913 3502 1970 nostri
3543 1912 3738 1986 prodi-

2143 2002 2373 2058 derunt.
2408 2002 2599 2072 Neque
2630 2005 2718 2058 tua
2747 2002 3035 2074 prudentia
3063 2005 3167 2059 hoc
3197 2004 3537 2075 incognitum
3573 2003 3743 2058 habet

2142 2091 2228 2145 vel
2259 2092 2599 2162 cujusquam,
2631 2091 2888 2163 quoniam
2915 2091 3214 2147 indumenti
3264 2093 3437 2148 honor
3477 2091 3741 2148 modera-

2144 2180 2291 2235 tione
2317 2187 2536 2235 actuum
2566 2181 2877 2237 tremendus
2905 2181 3022 2236 erit.
3057 2181 3342 2237 Honestati
3373 2195 3584 2236 morum
3611 2188 3740 2236 tuo-

2144 2285 2265 2324 rum
2315 2270 2430 2324 haee
2471 2278 2791 2326 ornamenta
2835 2271 3184 2337 conveniunt,
3217 2278 3484 2342 quatenus
3525 2278 3747 2326 auctore

2143 2359 2279 2426 Deo,
2312 2358 2490 2430 possis
2516 2375 2633 2414 esse
2662 2360 3005 2430 conspicuus,
3029 2361 3104 2414 ita
3133 2367 3189 2414 ut
3217 2359 3328 2414 vita
3357 2366 3449 2415 tua
3477 2359 3601 2414 ﬁliis
3631 2359 3750 2416 tuis

2145 2447 2214 2502 sit
2244 2453 2452 2520 regula,
2498 2456 2549 2504 et
2592 2449 2647 2503 in
2689 2449 2839 2519 ipsa,
2886 2450 2932 2504 si
2978 2466 3086 2520 qua
3125 2449 3383 2505 tortitudo
3431 2448 3536 2504 illis
3576 2449 3746 2516 inest,

2144 2536 2432 2609 dirigatur,
2457 2539 2586 2592 dum
2616 2538 2670 2592 in
2689 2553 2754 2594 ea
2772 2539 2918 2611 quod
2940 2538 3218 2594 imitentur
3231 2538 3526 2610 aspiciant,
3549 2538 3605 2592 in
3623 2537 3748 2608 ipsa

2145 2641 2364 2696 semper
2390 2626 2787 2682 considerando
2817 2627 3120 2698 proﬁciant,
3154 2636 3211 2682 ut
3241 2635 3415 2682 tecum
3441 2628 3614 2683 Deum
3645 2642 3748 2698 per

2145 2715 2271 2784 hoc,
2305 2715 2450 2786 quod
2479 2715 2618 2770 bene
2647 2717 2904 2782 vixerint,
2929 2717 3116 2772 videre
3137 2725 3461 2772 mereantur.
3479 2717 3586 2771 Cor
3611 2729 3750 2788 ergo

2151 2811 2302 2857 tuum
2333 2819 2509 2875 neque
2539 2805 2807 2875 prosperis
2851 2821 2957 2874 qua
2999 2806 3364 2875 temporaliter
3400 2804 3752 2860 blandiuntur

2148 2892 2451 2960 extollatur,
2483 2909 2660 2964 neque
2691 2894 2932 2949 adversis
2963 2894 3270 2964 dejiciatur.
3303 2893 3579 2963 Quidquid
3610 2892 3750 2948 illud

2149 2981 2310 3036 fuerit
2338 2981 2568 3048 adversi,
2603 2983 2794 3038 virtute
2824 2984 2876 3036 in
2909 2983 3120 3037 Christo
3150 2983 3424 3053 patientiae
3471 2998 3504 3037 a
3550 2990 3601 3037 te
3643 2981 3750 3036 de-

2149 3071 2415 3126 vincatur.
2447 3071 2670 3126 Nullum
2708 3071 2853 3142 apud
2905 3081 2953 3126 te
3003 3073 3181 3126 locum
3227 3072 3380 3128 favor
3419 3071 3754 3126 indiscretus

2151 3159 2388 3215 inveniat
2421 3179 2431 3214 :
2465 3160 2520 3214 in
2546 3160 2796 3215 omnibus
2839 3160 3217 3217 discretionem
3249 3161 3340 3216 alii
3370 3161 3423 3216 in
3455 3169 3506 3216 te
3534 3175 3751 3232 cogno-

2151 3256 2321 3305 scant.
2357 3251 2628 3305 Insontem
2657 3250 2800 3320 apud
2833 3255 2883 3304 te
2913 3249 3239 3321 culpabilem
3283 3249 3563 3322 suggestio
3606 3249 3758 3304 mala

2151 3354 2260 3394 non
2292 3338 2476 3405 faciat,
2510 3347 2796 3393 nocentem
2827 3338 3003 3409 gratia
3032 3354 3142 3393 non
3173 3346 3415 3393 excuset.
3447 3338 3754 3393 Remissum

2153 3436 2202 3482 te
2235 3427 2676 3499 delinquentibus
2707 3443 2816 3481 non
2847 3427 3136 3489 ostendas;
3171 3441 3273 3482 nec
3315 3426 3459 3496 quod
3498 3426 3608 3480 illis
3643 3442 3757 3482 non

2152 3517 2450 3588 profuerit,
2497 3518 2594 3572 hos
2637 3523 2949 3586 perpetrare
2990 3517 3294 3586 permittas.
3352 3515 3449 3570 Sic
3495 3515 3550 3570 in
3600 3523 3652 3570 te
3701 3523 3758 3570 et

2155 3605 2281 3658 boni
2307 3605 2540 3660 Pastoris
2571 3605 2805 3659 dulcedo
2836 3604 2924 3672 sit,
2955 3611 3006 3658 et
3021 3603 3219 3672 judicis
3242 3619 3426 3658 severa
3448 3603 3752 3660 districtio:

2151 3711 2315 3749 unum
2347 3694 2556 3750 scilicet
2599 3694 2745 3764 quod
2787 3694 3100 3748 innocentes
3145 3693 3365 3763 foveas,
3415 3693 3560 3748 aliud
3607 3695 3756 3764 quod

2154 3785 2427 3854 inquietos
2467 3782 2714 3838 feriendo
2736 3799 2764 3836 a
2797 3783 3060 3852 pravitate
3091 3797 3432 3854 compescas.
3472 3781 3581 3837 Sed
3609 3798 3757 3854 quo-

2155 3871 2301 3926 niam
2341 3887 2725 3942 nonnunquam
2784 3872 3201 3941 preepositorum
3253 3872 3438 3941 zelus,
3485 3871 3612 3926 dum
3659 3871 3757 3926 di-

2152 3961 2386 4015 strictius
2407 3961 2685 4014 malorum
2717 3960 2917 4014 vindex
2944 3967 3044 4028 est,
3077 3959 3266 4014 transit
3285 3960 3338 4013 in
3359 3959 3755 4026 crudelitatem,

2151 4050 2545 4119 correptionem
2589 4049 2644 4102 in
2677 4048 2885 4118 judicio
2917 4048 3148 4113 refrena,
3183 4056 3236 4102 et
3264 4063 3550 4103 censuram
3581 4047 3756 4104 disci-

2153 4139 2316 4210 plinae
2345 4138 2572 4206 discute,
2596 4145 2654 4191 ut
2684 4145 2736 4192 et
2765 4137 2950 4207 culpas
2980 4135 3162 4202 ferias,
3188 4143 3288 4190 eta
3313 4136 3604 4191 dilectione
3633 4153 3756 4208 per-

2152 4242 2438 4283 versorum
2469 4242 2604 4297 quos
2633 4225 2881 4297 corripis,
2910 4241 3020 4280 non
3049 4224 3294 4280 recedas.
3324 4225 3756 4281 Misericordiam

2156 4325 2311 4387 prout
2341 4315 2508 4370 virtus
2559 4315 2779 4386 patitur,
2825 4314 3156 4384 pauperibus
3199 4313 3417 4369 exhibe.
3465 4314 3756 4385 Oppressis

2154 4404 2400 4458 defensio
2433 4412 2520 4458 tua
2548 4404 2846 4458 subveniat.
2891 4402 3341 4473 Opprimentibus
3379 4404 3628 4458 modesta
3656 4418 3756 4458 ra-

2076 4497 2128 4558 D
2159 4491 2306 4546 tione
2345 4493 2706 4547 contradicas.
2766 4491 2979 4546 Nullius
3022 4491 3218 4546 faciem
3261 4499 3452 4546 contra
3485 4491 3758 4560 justitiam

2159 4580 2411 4650 accipias.
2445 4581 2671 4635 Nullum
2702 4587 3032 4651 quaerentem
3057 4579 3197 4648 justa
3229 4580 3519 4650 despicias.
3561 4582 3620 4634 In
3651 4596 3756 4635 cu-

2162 4671 2340 4724 stodia
2368 4669 2638 4738 aquitatis
2669 4669 2922 4737 excellas,
2941 4677 3000 4723 ut
3026 4684 3128 4723 nec
3153 4667 3373 4723 divitem
3396 4669 3635 4738 potentia
3657 4683 3761 4724 sua

2161 4758 2308 4827 apud
2339 4774 2434 4813 vos
2463 4759 2667 4830 aliquid
2716 4766 2870 4812 extra
2919 4758 3062 4812 viam
3105 4772 3259 4812 suam
3301 4757 3370 4812 de
3413 4758 3762 4813 accusatione

2163 4847 2372 4914 audias,
2405 4863 2503 4900 nec
2534 4863 2824 4918 pauperem
2870 4845 3029 4900 faciat
3068 4845 3344 4900 humilitas
3371 4861 3468 4900 sua
3495 4847 3566 4901 de
3595 4862 3758 4917 pera-

2163 4951 2242 5003 re,
2289 4943 2573 5004 quatenus,
2614 4935 2729 4989 Deo
2773 4934 3096 5000 miserante,
3142 4933 3266 4988 talis
3303 4933 3483 5005 possis
3525 4934 3761 4991 existere

2163 5023 2373 5094 qualem
2407 5040 2562 5078 sacra
2579 5023 2738 5078 lectio
2755 5023 3025 5094 praecipit,
3045 5022 3265 5077 dicens:
3293 5023 3522 5094 Oportet
3546 5025 3760 5096 episco-

2162 5130 2296 5186 pum
2327 5113 2878 5185 irreprehensibitem
2905 5127 3025 5168 esse
3056 5111 3106 5180 (ι
3136 5113 3276 5168 Tim.
3311 5126 3392 5180 ιιι,
3424 5113 3501 5183 2).
3536 5112 3642 5167 Sed
3673 5113 3759 5168 his

2162 5203 2416 5258 omnibus
2496 5202 2572 5256 uti
2649 5201 2951 5256 salutariter
3018 5199 3256 5271 poteris,
3325 5200 3369 5254 si
3434 5202 3758 5274 magistram

2163 5291 2479 5346 charitatem
2539 5291 2826 5354 habueris;
2880 5304 3044 5361 quam
3087 5289 3176 5358 qui
3228 5297 3444 5344 secutus
3488 5289 3668 5355 fuerit,
3726 5306 3758 5346 a

2160 5388 2306 5436 recto
2366 5381 2571 5435 tramite
2613 5395 2721 5436 non
2765 5378 2983 5434 recedit.
3026 5377 3187 5444 Ecce,
3220 5377 3388 5433 frater
3416 5377 3753 5445 charissime,

2161 5469 2300 5525 inter
2345 5469 2511 5524 multa
2545 5468 2676 5539 alia,
2723 5467 2827 5523 ista
2869 5476 2997 5522 sunt
3064 5465 3437 5534 sacerdotum,
3487 5466 3588 5520 ista
3628 5475 3754 5521 sunt

2166 5557 2314 5628 pallii
2343 5559 2487 5629 jura,
2519 5573 2639 5627 quae
2684 5557 2728 5610 si
2772 5555 3011 5610 studiose
3050 5554 3371 5624 servaveris,
3422 5553 3568 5628 quod
3619 5553 3753 5610 foris
