  <div class='ocr_page' id='page_1' title='image "/cluster/home/n/w/nwhite01/storage/ocr_20150623/159/hvd.32044054760178/260.png"; bbox 0 0 4044 6074; ppageno 0'>
   <div class='ocr_carea' id='block_1_1' title="bbox 307 313 410 368">
    <p class='ocr_par' dir='ltr' id='par_1_1' title="bbox 307 313 410 368">
     <span class='ocr_line' id='line_1_1' title="bbox 307 313 410 368; baseline 0.019 -2"><span class='ocrx_word' id='word_1_1' title='bbox 307 313 410 368; x_wconf 80' lang='grc'>509</span> 
     </span>
    </p>
   </div>
   <div class='ocr_carea' id='block_1_2' title="bbox 1402 311 2524 371">
    <p class='ocr_par' dir='ltr' id='par_1_2' title="bbox 1402 311 2524 371">
     <span class='ocr_line' id='line_1_2' title="bbox 1402 311 2524 371; baseline 0 -3"><span class='ocrx_word' id='word_1_2' title='bbox 1402 313 1727 371; x_wconf 80' lang='lat' dir='ltr'><strong>HISTORIA</strong></span> <span class='ocrx_word' id='word_1_3' title='bbox 1762 311 2139 371; x_wconf 79' lang='lat' dir='ltr'>NOVORUM.</span> <span class='ocrx_word' id='word_1_4' title='bbox 2185 343 2253 355; x_wconf 92' lang='lat'><strong>-</strong></span> <span class='ocrx_word' id='word_1_5' title='bbox 2293 313 2420 370; x_wconf 85' lang='lat' dir='ltr'>LIB.</span> <span class='ocrx_word' id='word_1_6' title='bbox 2463 313 2524 368; x_wconf 85' lang='lat' dir='ltr'>V.</span> 
     </span>
    </p>
   </div>
   <div class='ocr_carea' id='block_1_3' title="bbox 3515 314 3620 371">
    <p class='ocr_par' dir='ltr' id='par_1_3' title="bbox 3515 314 3620 371">
     <span class='ocr_line' id='line_1_3' title="bbox 3515 314 3620 371; baseline 0.019 -2"><span class='ocrx_word' id='word_1_7' title='bbox 3515 314 3620 371; x_wconf 86' lang='grc'>510</span> 
     </span>
    </p>
   </div>
   <div class='ocr_carea' id='block_1_4' title="bbox 305 436 3619 510">
    <p class='ocr_par' dir='ltr' id='par_1_4' title="bbox 305 436 3619 510">
     <span class='ocr_line' id='line_1_4' title="bbox 305 436 3619 510; baseline 0.001 -18"><span class='ocrx_word' id='word_1_8' title='bbox 305 437 587 509; x_wconf 80' lang='lat' dir='ltr'>accepisse</span> <span class='ocrx_word' id='word_1_9' title='bbox 617 439 922 496; x_wconf 86' lang='lat' dir='ltr'>ostenderis</span> <span class='ocrx_word' id='word_1_10' title='bbox 953 440 1100 496; x_wconf 91' lang='lat' dir='ltr'>intus</span> <span class='ocrx_word' id='word_1_11' title='bbox 1119 440 1511 497; x_wconf 85' lang='lat' dir='ltr'>habes.Sancta</span> <span class='ocrx_word' id='word_1_12' title='bbox 1540 440 1770 497; x_wconf 81' lang='lat' dir='ltr'>Trinitas</span> <span class='ocrx_word' id='word_1_13' title='bbox 1793 440 1908 496; x_wconf 88' lang='lat' dir='ltr'>fra-</span> <span class='ocrx_word' id='word_1_14' title='bbox 1945 445 1993 500; x_wconf 84' lang='lat' dir='ltr'>A</span> <span class='ocrx_word' id='word_1_15' title='bbox 2024 436 2226 509; x_wconf 80' lang='lat' dir='ltr'>gorius,</span> <span class='ocrx_word' id='word_1_16' title='bbox 2259 439 2493 510; x_wconf 76' lang='lat' dir='ltr'>privent,</span> <span class='ocrx_word' id='word_1_17' title='bbox 2525 437 2569 493; x_wconf 88' lang='lat' dir='ltr'>si</span> <span class='ocrx_word' id='word_1_18' title='bbox 2625 437 2847 509; x_wconf 80' lang='lat' dir='ltr'>audent,</span> <span class='ocrx_word' id='word_1_19' title='bbox 2883 453 3220 496; x_wconf 82' lang='lat' dir='ltr'>successores</span> <span class='ocrx_word' id='word_1_20' title='bbox 3272 438 3416 495; x_wconf 91' lang='lat' dir='ltr'>beati</span> <span class='ocrx_word' id='word_1_21' title='bbox 3477 441 3619 497; x_wconf 87' lang='lat' dir='ltr'>Petri</span> 
     </span>
    </p>
   </div>
   <div class='ocr_carea' id='block_1_5' title="bbox 305 528 1907 604">
    <p class='ocr_par' dir='ltr' id='par_1_5' title="bbox 305 528 1907 604">
     <span class='ocr_line' id='line_1_5' title="bbox 305 528 1907 604; baseline 0.001 -22"><span class='ocrx_word' id='word_1_22' title='bbox 305 528 614 583; x_wconf 89' lang='lat' dir='ltr'>ternitatem</span> <span class='ocrx_word' id='word_1_23' title='bbox 641 539 874 585; x_wconf 78' lang='lat' dir='ltr'>vestram</span> <span class='ocrx_word' id='word_1_24' title='bbox 906 531 1100 604; x_wconf 79' lang='lat' dir='ltr'>gratia</span> <span class='ocrx_word' id='word_1_25' title='bbox 1138 547 1250 586; x_wconf 90' lang='lat' dir='ltr'>sua</span> <span class='ocrx_word' id='word_1_26' title='bbox 1298 531 1630 602; x_wconf 88' lang='lat' dir='ltr'>protectione</span> <span class='ocrx_word' id='word_1_27' title='bbox 1671 532 1907 586; x_wconf 80' lang='lat' dir='ltr'>circum-</span> 
     </span>
    </p>
   </div>
   <div class='ocr_carea' id='block_1_6' title="bbox 302 615 1906 692">
    <p class='ocr_par' dir='ltr' id='par_1_6' title="bbox 302 615 1906 692">
     <span class='ocr_line' id='line_1_6' title="bbox 302 615 1906 692; baseline 0.003 -23"><span class='ocrx_word' id='word_1_28' title='bbox 302 615 413 684; x_wconf 92' lang='lat' dir='ltr'><strong>det,</strong></span> <span class='ocrx_word' id='word_1_29' title='bbox 444 624 603 688; x_wconf 90' lang='lat' dir='ltr'>atque</span> <span class='ocrx_word' id='word_1_30' title='bbox 631 619 705 673; x_wconf 88' lang='lat' dir='ltr'>ita</span> <span class='ocrx_word' id='word_1_31' title='bbox 755 619 809 672; x_wconf 93' lang='lat' dir='ltr'>in</span> <span class='ocrx_word' id='word_1_32' title='bbox 856 619 1064 674; x_wconf 82' lang='lat' dir='ltr'>timoris</span> <span class='ocrx_word' id='word_1_33' title='bbox 1117 621 1199 674; x_wconf 92' lang='lat' dir='ltr'>sui</span> <span class='ocrx_word' id='word_1_34' title='bbox 1256 620 1398 675; x_wconf 88' lang='lat' dir='ltr'>viam</span> <span class='ocrx_word' id='word_1_35' title='bbox 1466 627 1518 675; x_wconf 90' lang='lat' dir='ltr'>te</span> <span class='ocrx_word' id='word_1_36' title='bbox 1570 619 1772 692; x_wconf 80' lang='lat' dir='ltr'><strong>dirigat</strong></span> <span class='ocrx_word' id='word_1_37' title='bbox 1829 628 1906 686; x_wconf 92' lang='lat' dir='ltr'>ut,</span> 
     </span>
    </p>
   </div>
   <div class='ocr_carea' id='block_1_7' title="bbox 300 705 1908 776">
    <p class='ocr_par' dir='ltr' id='par_1_7' title="bbox 300 705 1908 776">
     <span class='ocr_line' id='line_1_7' title="bbox 300 705 1908 776; baseline 0.003 -17"><span class='ocrx_word' id='word_1_38' title='bbox 300 714 425 774; x_wconf 91' lang='lat' dir='ltr'>post</span> <span class='ocrx_word' id='word_1_39' title='bbox 451 705 576 762; x_wconf 91' lang='lat' dir='ltr'>vita</span> <span class='ocrx_word' id='word_1_40' title='bbox 605 706 770 776; x_wconf 84' lang='lat' dir='ltr'>hujus</span> <span class='ocrx_word' id='word_1_41' title='bbox 819 708 1262 773; x_wconf 87' lang='lat' dir='ltr'>amaritudinem,</span> <span class='ocrx_word' id='word_1_42' title='bbox 1315 707 1383 763; x_wconf 90' lang='lat' dir='ltr'><strong>ad</strong></span> <span class='ocrx_word' id='word_1_43' title='bbox 1439 717 1694 764; x_wconf 74' lang='lat' dir='ltr'>aeternam</span> <span class='ocrx_word' id='word_1_44' title='bbox 1753 709 1908 764; x_wconf 88' lang='lat' dir='ltr'>simul</span> 
     </span>
    </p>
   </div>
   <div class='ocr_carea' id='block_1_8' title="bbox 301 793 1909 868">
    <p class='ocr_par' dir='ltr' id='par_1_8' title="bbox 301 793 1909 868">
     <span class='ocr_line' id='line_1_8' title="bbox 301 793 1909 868; baseline 0.001 -20"><span class='ocrx_word' id='word_1_45' title='bbox 301 793 644 849; x_wconf 89' lang='lat' dir='ltr'>dulcedinem</span> <span class='ocrx_word' id='word_1_46' title='bbox 678 797 959 864; x_wconf 78' lang='lat' dir='ltr'>pervenire</span> <span class='ocrx_word' id='word_1_47' title='bbox 991 814 1314 852; x_wconf 85' lang='lat' dir='ltr'>mereamur.</span> <span class='ocrx_word' id='word_1_48' title='bbox 1347 822 1367 844; x_wconf 87' lang='lat'><strong>»</strong></span> <span class='ocrx_word' id='word_1_49' title='bbox 1403 799 1469 852; x_wconf 88' lang='lat' dir='ltr'>Et</span> <span class='ocrx_word' id='word_1_50' title='bbox 1500 800 1604 853; x_wconf 91' lang='lat' dir='ltr'>hoc</span> <span class='ocrx_word' id='word_1_51' title='bbox 1650 797 1909 868; x_wconf 85' lang='lat' dir='ltr'>scriptum</span> 
     </span>
    </p>
   </div>
   <div class='ocr_carea' id='block_1_9' title="bbox 301 885 1910 956">
    <p class='ocr_par' dir='ltr' id='par_1_9' title="bbox 301 885 1910 956">
     <span class='ocr_line' id='line_1_9' title="bbox 301 885 1910 956; baseline 0.002 -20"><span class='ocrx_word' id='word_1_52' title='bbox 301 890 381 937; x_wconf 90' lang='lat' dir='ltr'>est</span> <span class='ocrx_word' id='word_1_53' title='bbox 411 899 515 953; x_wconf 88' lang='lat' dir='ltr'>per</span> <span class='ocrx_word' id='word_1_54' title='bbox 546 899 771 937; x_wconf 86' lang='lat' dir='ltr'>manum</span> <span class='ocrx_word' id='word_1_55' title='bbox 803 885 1004 939; x_wconf 87' lang='lat' dir='ltr'>Leonis</span> <span class='ocrx_word' id='word_1_56' title='bbox 1033 886 1305 941; x_wconf 87' lang='lat' dir='ltr'>scrinialis</span> <span class='ocrx_word' id='word_1_57' title='bbox 1333 886 1478 941; x_wconf 90' lang='lat' dir='ltr'>sedis</span> <span class='ocrx_word' id='word_1_58' title='bbox 1507 886 1826 956; x_wconf 87' lang='lat' dir='ltr'>apostolica</span> <span class='ocrx_word' id='word_1_59' title='bbox 1858 886 1910 939; x_wconf 91' lang='lat' dir='ltr'>in</span> 
     </span>
    </p>
   </div>
   <div class='ocr_carea' id='block_1_10' title="bbox 300 971 1906 1040">
    <p class='ocr_par' dir='ltr' id='par_1_10' title="bbox 300 971 1906 1040">
     <span class='ocr_line' id='line_1_10' title="bbox 300 971 1906 1040; baseline 0.002 -15"><span class='ocrx_word' id='word_1_60' title='bbox 300 987 487 1025; x_wconf 87' lang='lat' dir='ltr'>mense</span> <span class='ocrx_word' id='word_1_61' title='bbox 517 971 788 1040; x_wconf 87' lang='lat' dir='ltr'>Octobris,</span> <span class='ocrx_word' id='word_1_62' title='bbox 824 973 1117 1028; x_wconf 88' lang='lat' dir='ltr'>indictione</span> <span class='ocrx_word' id='word_1_63' title='bbox 1152 989 1208 1028; x_wconf 91' lang='lat' dir='ltr'>III</span> <span class='ocrx_word' id='word_1_64' title='bbox 1237 975 1517 1039; x_wconf 87' lang='lat' dir='ltr'>Datarum,</span> <span class='ocrx_word' id='word_1_65' title='bbox 1561 975 1649 1029; x_wconf 88' lang='lat' dir='ltr'>die</span> <span class='ocrx_word' id='word_1_66' title='bbox 1709 993 1727 1028; x_wconf 86' lang='grc' dir='ltr'>ι</span> <span class='ocrx_word' id='word_1_67' title='bbox 1785 974 1906 1028; x_wconf 86' lang='lat' dir='ltr'>Kal.</span> 
     </span>
    </p>
   </div>
   <div class='ocr_carea' id='block_1_11' title="bbox 302 1059 1711 1133">
    <p class='ocr_par' dir='ltr' id='par_1_11' title="bbox 302 1059 1711 1133">
     <span class='ocr_line' id='line_1_11' title="bbox 302 1059 1711 1133; baseline 0.002 -19"><span class='ocrx_word' id='word_1_68' title='bbox 302 1059 572 1125; x_wconf 89' lang='lat' dir='ltr'>Octobris,</span> <span class='ocrx_word' id='word_1_69' title='bbox 606 1075 748 1114; x_wconf 88' lang='lat' dir='ltr'>anno</span> <span class='ocrx_word' id='word_1_70' title='bbox 780 1076 854 1114; x_wconf 87' lang='lat' dir='ltr'>xu</span> <span class='ocrx_word' id='word_1_71' title='bbox 885 1062 1079 1115; x_wconf 91' lang='lat' dir='ltr'>summi</span> <span class='ocrx_word' id='word_1_72' title='bbox 1112 1061 1380 1133; x_wconf 90' lang='lat' dir='ltr'>pontiﬁcis</span> <span class='ocrx_word' id='word_1_73' title='bbox 1408 1063 1650 1118; x_wconf 86' lang='lat' dir='ltr'>Joannis.</span> <span class='ocrx_word' id='word_1_74' title='bbox 1691 1085 1711 1111; x_wconf 78' lang='grc' dir='ltr'><em>η</em></span> 
     </span>
    </p>
   </div>
   <div class='ocr_carea' id='block_1_12' title="bbox 377 1175 1909 1244">
    <p class='ocr_par' dir='ltr' id='par_1_12' title="bbox 377 1175 1909 1244">
     <span class='ocr_line' id='line_1_12' title="bbox 377 1175 1909 1244; baseline 0.005 -16"><span class='ocrx_word' id='word_1_75' title='bbox 377 1175 525 1240; x_wconf 88' lang='lat' dir='ltr'>Hac,</span> <span class='ocrx_word' id='word_1_76' title='bbox 555 1183 612 1229; x_wconf 94' lang='lat' dir='ltr'>ut</span> <span class='ocrx_word' id='word_1_77' title='bbox 642 1175 1069 1244; x_wconf 86' lang='lat' dir='ltr'>pralibavimus,</span> <span class='ocrx_word' id='word_1_78' title='bbox 1103 1178 1157 1231; x_wconf 94' lang='lat' dir='ltr'>in</span> <span class='ocrx_word' id='word_1_79' title='bbox 1207 1178 1445 1234; x_wconf 89' lang='lat' dir='ltr'>archivis</span> <span class='ocrx_word' id='word_1_80' title='bbox 1483 1178 1734 1234; x_wconf 82' lang='lat' dir='ltr'>ecclesia</span> <span class='ocrx_word' id='word_1_81' title='bbox 1791 1180 1909 1235; x_wconf 89' lang='lat' dir='ltr'>Do-</span> 
     </span>
    </p>
   </div>
   <div class='ocr_carea' id='block_1_13' title="bbox 305 1263 1910 1335">
    <p class='ocr_par' dir='ltr' id='par_1_13' title="bbox 305 1263 1910 1335">
     <span class='ocr_line' id='line_1_13' title="bbox 305 1263 1910 1335; baseline 0.004 -18"><span class='ocrx_word' id='word_1_82' title='bbox 305 1263 440 1318; x_wconf 89' lang='lat' dir='ltr'><strong>mini</strong></span> <span class='ocrx_word' id='word_1_83' title='bbox 472 1263 772 1319; x_wconf 87' lang='lat' dir='ltr'>Salvatoris</span> <span class='ocrx_word' id='word_1_84' title='bbox 801 1274 1037 1335; x_wconf 90' lang='lat' dir='ltr'>reperta,</span> <span class='ocrx_word' id='word_1_85' title='bbox 1072 1267 1306 1322; x_wconf 85' lang='lat' dir='ltr'>futurum</span> <span class='ocrx_word' id='word_1_86' title='bbox 1335 1269 1619 1324; x_wconf 78' lang='lat' dir='ltr'>memoriae</span> <span class='ocrx_word' id='word_1_87' title='bbox 1651 1284 1758 1324; x_wconf 89' lang='lat' dir='ltr'>non</span> <span class='ocrx_word' id='word_1_88' title='bbox 1806 1267 1910 1324; x_wconf 92' lang='lat' dir='ltr'>ab-</span> 
     </span>
    </p>
   </div>
   <div class='ocr_carea' id='block_1_14' title="bbox 306 1351 1913 1427">
    <p class='ocr_par' dir='ltr' id='par_1_14' title="bbox 306 1351 1913 1427">
     <span class='ocr_line' id='line_1_14' title="bbox 306 1351 1913 1427; baseline 0.004 -21"><span class='ocrx_word' id='word_1_89' title='bbox 306 1351 530 1407; x_wconf 90' lang='lat' dir='ltr'>surdum</span> <span class='ocrx_word' id='word_1_90' title='bbox 563 1353 950 1408; x_wconf 83' lang='lat' dir='ltr'>astimavimus</span> <span class='ocrx_word' id='word_1_91' title='bbox 979 1357 1382 1412; x_wconf 89' lang='lat' dir='ltr'>commendare.</span> <span class='ocrx_word' id='word_1_92' title='bbox 1431 1358 1496 1412; x_wconf 90' lang='lat' dir='ltr'>Et</span> <span class='ocrx_word' id='word_1_93' title='bbox 1553 1357 1768 1427; x_wconf 84' lang='lat' dir='ltr'>quidem</span> <span class='ocrx_word' id='word_1_94' title='bbox 1827 1357 1913 1413; x_wconf 89' lang='lat' dir='ltr'>his</span> 
     </span>
    </p>
   </div>
   <div class='ocr_carea' id='block_1_15' title="bbox 307 1440 1909 1514">
    <p class='ocr_par' dir='ltr' id='par_1_15' title="bbox 307 1440 1909 1514">
     <span class='ocr_line' id='line_1_15' title="bbox 307 1440 1909 1514; baseline 0.006 -20"><span class='ocrx_word' id='word_1_95' title='bbox 307 1440 466 1512; x_wconf 89' lang='lat' dir='ltr'>plura</span> <span class='ocrx_word' id='word_1_96' title='bbox 497 1440 720 1496; x_wconf 89' lang='lat' dir='ltr'>inventa</span> <span class='ocrx_word' id='word_1_97' title='bbox 743 1451 888 1509; x_wconf 90' lang='lat' dir='ltr'>sunt,</span> <span class='ocrx_word' id='word_1_98' title='bbox 922 1443 1018 1498; x_wconf 86' lang='lat' dir='ltr'>sed</span> <span class='ocrx_word' id='word_1_99' title='bbox 1047 1444 1319 1514; x_wconf 88' lang='lat' dir='ltr'>aliquibus</span> <span class='ocrx_word' id='word_1_100' title='bbox 1349 1461 1535 1501; x_wconf 91' lang='lat' dir='ltr'>eorum</span> <span class='ocrx_word' id='word_1_101' title='bbox 1566 1446 1729 1500; x_wconf 87' lang='lat' dir='ltr'>nimia</span> <span class='ocrx_word' id='word_1_102' title='bbox 1750 1455 1909 1502; x_wconf 90' lang='lat' dir='ltr'>vetu-</span> 
     </span>
    </p>
   </div>
   <div class='ocr_carea' id='block_1_16' title="bbox 312 1529 1910 1608">
    <p class='ocr_par' dir='ltr' id='par_1_16' title="bbox 312 1529 1910 1608">
     <span class='ocr_line' id='line_1_16' title="bbox 312 1529 1910 1608; baseline 0.006 -24"><span class='ocrx_word' id='word_1_103' title='bbox 312 1536 450 1586; x_wconf 87' lang='lat' dir='ltr'>state</span> <span class='ocrx_word' id='word_1_104' title='bbox 481 1529 800 1600; x_wconf 84' lang='lat' dir='ltr'>obliteratis,</span> <span class='ocrx_word' id='word_1_105' title='bbox 823 1531 1092 1604; x_wconf 89' lang='lat' dir='ltr'>aliquibus</span> <span class='ocrx_word' id='word_1_106' title='bbox 1122 1534 1176 1587; x_wconf 93' lang='lat' dir='ltr'>in</span> <span class='ocrx_word' id='word_1_107' title='bbox 1193 1536 1390 1590; x_wconf 88' lang='lat' dir='ltr'>chartis</span> <span class='ocrx_word' id='word_1_108' title='bbox 1418 1551 1487 1589; x_wconf 91' lang='lat' dir='ltr'>ex</span> <span class='ocrx_word' id='word_1_109' title='bbox 1509 1534 1662 1591; x_wconf 93' lang='lat' dir='ltr'>Biblo</span> <span class='ocrx_word' id='word_1_110' title='bbox 1683 1551 1910 1608; x_wconf 93' lang='lat' dir='ltr'>compo-</span> 
     </span>
    </p>
   </div>
   <div class='ocr_carea' id='block_1_17' title="bbox 308 1618 1912 1696">
    <p class='ocr_par' dir='ltr' id='par_1_17' title="bbox 308 1618 1912 1696">
     <span class='ocr_line' id='line_1_17' title="bbox 308 1618 1912 1696; baseline 0.004 -24"><span class='ocrx_word' id='word_1_111' title='bbox 308 1618 443 1687; x_wconf 90' lang='lat' dir='ltr'>sitis,</span> <span class='ocrx_word' id='word_1_112' title='bbox 479 1627 532 1674; x_wconf 93' lang='lat' dir='ltr'><strong>et</strong></span> <span class='ocrx_word' id='word_1_113' title='bbox 556 1620 860 1691; x_wconf 83' lang='lat' dir='ltr'>peregrinis</span> <span class='ocrx_word' id='word_1_114' title='bbox 889 1621 1296 1678; x_wconf 85' lang='lat' dir='ltr'>characteribus</span> <span class='ocrx_word' id='word_1_115' title='bbox 1324 1623 1623 1694; x_wconf 88' lang='lat' dir='ltr'>inscriptis,</span> <span class='ocrx_word' id='word_1_116' title='bbox 1672 1633 1725 1680; x_wconf 89' lang='lat' dir='ltr'>et</span> <span class='ocrx_word' id='word_1_117' title='bbox 1779 1626 1912 1696; x_wconf 87' lang='lat' dir='ltr'>ipsis</span> 
     </span>
    </p>
   </div>
   <div class='ocr_carea' id='block_1_18' title="bbox 307 1709 1910 1781">
    <p class='ocr_par' dir='ltr' id='par_1_18' title="bbox 307 1709 1910 1781">
     <span class='ocr_line' id='line_1_18' title="bbox 307 1709 1910 1781; baseline 0.004 -19"><span class='ocrx_word' id='word_1_118' title='bbox 307 1722 526 1778; x_wconf 89' lang='lat' dir='ltr'>quoque</span> <span class='ocrx_word' id='word_1_119' title='bbox 547 1723 612 1764; x_wconf 83' lang='lat' dir='ltr'>ex</span> <span class='ocrx_word' id='word_1_120' title='bbox 646 1709 839 1778; x_wconf 85' lang='lat' dir='ltr'>majori</span> <span class='ocrx_word' id='word_1_121' title='bbox 868 1717 1020 1781; x_wconf 88' lang='lat' dir='ltr'>parte</span> <span class='ocrx_word' id='word_1_122' title='bbox 1049 1710 1278 1779; x_wconf 87' lang='lat' dir='ltr'>detritis,</span> <span class='ocrx_word' id='word_1_123' title='bbox 1308 1712 1513 1769; x_wconf 85' lang='lat' dir='ltr'>notitia</span> <span class='ocrx_word' id='word_1_124' title='bbox 1560 1721 1762 1770; x_wconf 87' lang='lat' dir='ltr'>nostra</span> <span class='ocrx_word' id='word_1_125' title='bbox 1817 1731 1910 1770; x_wconf 90' lang='lat' dir='ltr'>us-</span> 
     </span>
    </p>
   </div>
   <div class='ocr_carea' id='block_1_19' title="bbox 305 1801 1908 1874">
    <p class='ocr_par' dir='ltr' id='par_1_19' title="bbox 305 1801 1908 1874">
     <span class='ocr_line' id='line_1_19' title="bbox 305 1801 1908 1874; baseline 0.004 -23"><span class='ocrx_word' id='word_1_126' title='bbox 305 1812 632 1869; x_wconf 87' lang='lat' dir='ltr'>quequaque</span> <span class='ocrx_word' id='word_1_127' title='bbox 661 1813 769 1853; x_wconf 92' lang='lat' dir='ltr'>non</span> <span class='ocrx_word' id='word_1_128' title='bbox 798 1806 1107 1870; x_wconf 88' lang='lat' dir='ltr'>patuerunt.</span> <span class='ocrx_word' id='word_1_129' title='bbox 1138 1802 1212 1856; x_wconf 90' lang='lat' dir='ltr'>Ac</span> <span class='ocrx_word' id='word_1_130' title='bbox 1242 1817 1341 1856; x_wconf 88' lang='lat' dir='ltr'>nos</span> <span class='ocrx_word' id='word_1_131' title='bbox 1386 1801 1574 1874; x_wconf 88' lang='lat' dir='ltr'>ignota</span> <span class='ocrx_word' id='word_1_132' title='bbox 1615 1818 1713 1874; x_wconf 87' lang='lat' dir='ltr'>pro</span> <span class='ocrx_word' id='word_1_133' title='bbox 1766 1803 1908 1859; x_wconf 90' lang='lat' dir='ltr'>notis</span> 
     </span>
    </p>
   </div>
   <div class='ocr_carea' id='block_1_20' title="bbox 303 1885 1907 1964">
    <p class='ocr_par' dir='ltr' id='par_1_20' title="bbox 303 1885 1907 1964">
     <span class='ocr_line' id='line_1_20' title="bbox 303 1885 1907 1964; baseline 0.006 -25"><span class='ocrx_word' id='word_1_134' title='bbox 303 1885 545 1941; x_wconf 90' lang='lat' dir='ltr'>scribere</span> <span class='ocrx_word' id='word_1_135' title='bbox 574 1886 786 1942; x_wconf 88' lang='lat' dir='ltr'>horrori</span> <span class='ocrx_word' id='word_1_136' title='bbox 817 1887 1102 1957; x_wconf 88' lang='lat' dir='ltr'>habentes,</span> <span class='ocrx_word' id='word_1_137' title='bbox 1133 1891 1441 1946; x_wconf 89' lang='lat' dir='ltr'>necessario</span> <span class='ocrx_word' id='word_1_138' title='bbox 1489 1907 1551 1946; x_wconf 88' lang='lat' dir='ltr'>ea</span> <span class='ocrx_word' id='word_1_139' title='bbox 1583 1893 1707 1947; x_wconf 88' lang='lat' dir='ltr'>huic</span> <span class='ocrx_word' id='word_1_140' title='bbox 1759 1893 1907 1964; x_wconf 89' lang='lat' dir='ltr'>operi</span> 
     </span>
    </p>
   </div>
   <div class='ocr_carea' id='block_1_21' title="bbox 301 1972 1905 2051">
    <p class='ocr_par' dir='ltr' id='par_1_21' title="bbox 301 1972 1905 2051">
     <span class='ocr_line' id='line_1_21' title="bbox 301 1972 1905 2051; baseline 0.006 -23"><span class='ocrx_word' id='word_1_141' title='bbox 301 1972 837 2032; x_wconf 85' lang='lat' dir='ltr'>alienavimus.Sane</span> <span class='ocrx_word' id='word_1_142' title='bbox 853 1977 998 2046; x_wconf 90' lang='lat' dir='ltr'>quod</span> <span class='ocrx_word' id='word_1_143' title='bbox 1029 1977 1296 2048; x_wconf 91' lang='lat' dir='ltr'>quosdam</span> <span class='ocrx_word' id='word_1_144' title='bbox 1322 1993 1430 2034; x_wconf 91' lang='lat' dir='ltr'>non</span> <span class='ocrx_word' id='word_1_145' title='bbox 1453 1979 1620 2051; x_wconf 85' lang='lat' dir='ltr'>pudet</span> <span class='ocrx_word' id='word_1_146' title='bbox 1647 1988 1905 2049; x_wconf 88' lang='lat' dir='ltr'>astruere,</span> 
     </span>
    </p>
   </div>
   <div class='ocr_carea' id='block_1_22' title="bbox 307 2061 1908 2142">
    <p class='ocr_par' dir='ltr' id='par_1_22' title="bbox 307 2061 1908 2142">
     <span class='ocr_line' id='line_1_22' title="bbox 307 2061 1908 2142; baseline 0.005 -25"><span class='ocrx_word' id='word_1_147' title='bbox 307 2061 417 2118; x_wconf 89' lang='lat' dir='ltr'>soli</span> <span class='ocrx_word' id='word_1_148' title='bbox 448 2063 659 2119; x_wconf 84' lang='lat' dir='ltr'>scilicet</span> <span class='ocrx_word' id='word_1_149' title='bbox 688 2081 938 2136; x_wconf 89' lang='lat' dir='ltr'>persona</span> <span class='ocrx_word' id='word_1_150' title='bbox 961 2065 1104 2122; x_wconf 83' lang='lat' dir='ltr'>beati</span> <span class='ocrx_word' id='word_1_151' title='bbox 1134 2067 1417 2140; x_wconf 72' lang='lat' dir='ltr'>Augustini</span> <span class='ocrx_word' id='word_1_152' title='bbox 1446 2069 1610 2142; x_wconf 88' lang='lat' dir='ltr'>primi</span> <span class='ocrx_word' id='word_1_153' title='bbox 1639 2069 1908 2142; x_wconf 88' lang='lat' dir='ltr'>pontiﬁcis</span> 
     </span>
    </p>
   </div>
   <div class='ocr_carea' id='block_1_23' title="bbox 305 2151 1908 2228">
    <p class='ocr_par' dir='ltr' id='par_1_23' title="bbox 305 2151 1908 2228">
     <span class='ocr_line' id='line_1_23' title="bbox 305 2151 1908 2228; baseline 0.004 -20"><span class='ocrx_word' id='word_1_154' title='bbox 305 2151 718 2208; x_wconf 84' lang='lat' dir='ltr'>Cantuariorum</span> <span class='ocrx_word' id='word_1_155' title='bbox 757 2153 976 2210; x_wconf 88' lang='lat' dir='ltr'>beatum</span> <span class='ocrx_word' id='word_1_156' title='bbox 1035 2154 1362 2228; x_wconf 71' lang='lat' dir='ltr'>Gregorium</span> <span class='ocrx_word' id='word_1_157' title='bbox 1417 2159 1749 2216; x_wconf 86' lang='lat' dir='ltr'>concessisse</span> <span class='ocrx_word' id='word_1_158' title='bbox 1800 2175 1908 2217; x_wconf 91' lang='lat' dir='ltr'>non</span> 
     </span>
    </p>
   </div>
   <div class='ocr_carea' id='block_1_24' title="bbox 299 2239 1908 2318">
    <p class='ocr_par' dir='ltr' id='par_1_24' title="bbox 299 2239 1908 2318">
     <span class='ocr_line' id='line_1_24' title="bbox 299 2239 1908 2318; baseline 0.006 -23"><span class='ocrx_word' id='word_1_159' title='bbox 299 2239 477 2296; x_wconf 87' lang='lat' dir='ltr'>solum</span> <span class='ocrx_word' id='word_1_160' title='bbox 509 2242 798 2314; x_wconf 83' lang='lat' dir='ltr'>episcOpos</span> <span class='ocrx_word' id='word_1_161' title='bbox 825 2258 962 2315; x_wconf 87' lang='lat' dir='ltr'>quos</span> <span class='ocrx_word' id='word_1_162' title='bbox 998 2244 1294 2315; x_wconf 88' lang='lat' dir='ltr'>ordinaret,</span> <span class='ocrx_word' id='word_1_163' title='bbox 1327 2262 1502 2318; x_wconf 89' lang='lat' dir='ltr'>neque</span> <span class='ocrx_word' id='word_1_164' title='bbox 1547 2248 1647 2303; x_wconf 89' lang='lat' dir='ltr'>hos</span> <span class='ocrx_word' id='word_1_165' title='bbox 1675 2256 1908 2304; x_wconf 86' lang='lat' dir='ltr'>tantum-</span> 
     </span>
    </p>
   </div>
   <div class='ocr_carea' id='block_1_25' title="bbox 299 2329 1904 2406">
    <p class='ocr_par' dir='ltr' id='par_1_25' title="bbox 299 2329 1904 2406">
     <span class='ocr_line' id='line_1_25' title="bbox 299 2329 1904 2406; baseline 0.004 -22"><span class='ocrx_word' id='word_1_166' title='bbox 299 2329 464 2386; x_wconf 90' lang='lat' dir='ltr'>modo</span> <span class='ocrx_word' id='word_1_167' title='bbox 488 2330 578 2401; x_wconf 88' lang='lat' dir='ltr'>qui</span> <span class='ocrx_word' id='word_1_168' title='bbox 607 2347 710 2403; x_wconf 88' lang='lat' dir='ltr'>per</span> <span class='ocrx_word' id='word_1_169' title='bbox 740 2332 1008 2388; x_wconf 87' lang='lat' dir='ltr'>Eboraca</span> <span class='ocrx_word' id='word_1_170' title='bbox 1037 2333 1361 2406; x_wconf 86' lang='lat' dir='ltr'>episcopum</span> <span class='ocrx_word' id='word_1_171' title='bbox 1409 2345 1595 2392; x_wconf 88' lang='lat' dir='ltr'>essent</span> <span class='ocrx_word' id='word_1_172' title='bbox 1649 2336 1904 2405; x_wconf 83' lang='lat' dir='ltr'>ordinati,</span> 
     </span>
    </p>
   </div>
   <div class='ocr_carea' id='block_1_26' title="bbox 299 2418 1908 2494">
    <p class='ocr_par' dir='ltr' id='par_1_26' title="bbox 299 2418 1908 2494">
     <span class='ocr_line' id='line_1_26' title="bbox 299 2418 1908 2494; baseline 0.006 -22"><span class='ocrx_word' id='word_1_173' title='bbox 299 2418 397 2473; x_wconf 89' lang='lat' dir='ltr'>sed</span> <span class='ocrx_word' id='word_1_174' title='bbox 428 2419 592 2474; x_wconf 89' lang='lat' dir='ltr'>etiam</span> <span class='ocrx_word' id='word_1_175' title='bbox 623 2435 814 2476; x_wconf 89' lang='lat' dir='ltr'>omnes</span> <span class='ocrx_word' id='word_1_176' title='bbox 841 2421 1133 2479; x_wconf 90' lang='lat' dir='ltr'>Britannia</span> <span class='ocrx_word' id='word_1_177' title='bbox 1163 2425 1477 2480; x_wconf 84' lang='lat' dir='ltr'>sacerdotes</span> <span class='ocrx_word' id='word_1_178' title='bbox 1518 2425 1740 2494; x_wconf 89' lang='lat' dir='ltr'>habere,</span> <span class='ocrx_word' id='word_1_179' title='bbox 1801 2427 1908 2482; x_wconf 85' lang='lat' dir='ltr'>Do-</span> 
     </span>
    </p>
   </div>
   <div class='ocr_carea' id='block_1_27' title="bbox 297 2506 1902 2586">
    <p class='ocr_par' dir='ltr' id='par_1_27' title="bbox 297 2506 1902 2586">
     <span class='ocr_line' id='line_1_27' title="bbox 297 2506 1902 2586; baseline 0.006 -26"><span class='ocrx_word' id='word_1_180' title='bbox 297 2506 447 2564; x_wconf 90' lang='lat' dir='ltr'>mino</span> <span class='ocrx_word' id='word_1_181' title='bbox 477 2508 592 2564; x_wconf 89' lang='lat' dir='ltr'>Deo</span> <span class='ocrx_word' id='word_1_182' title='bbox 624 2517 811 2565; x_wconf 86' lang='lat' dir='ltr'>nostro</span> <span class='ocrx_word' id='word_1_183' title='bbox 839 2511 973 2565; x_wconf 85' lang='lat' dir='ltr'>Jesu</span> <span class='ocrx_word' id='word_1_184' title='bbox 1022 2512 1232 2568; x_wconf 87' lang='lat' dir='ltr'>Christo</span> <span class='ocrx_word' id='word_1_185' title='bbox 1289 2521 1528 2584; x_wconf 91' lang='lat' dir='ltr'>auctore,</span> <span class='ocrx_word' id='word_1_186' title='bbox 1588 2515 1902 2586; x_wconf 88' lang='lat' dir='ltr'>subjectos;</span> 
     </span>
    </p>
   </div>
   <div class='ocr_carea' id='block_1_28' title="bbox 299 2596 1907 2672">
    <p class='ocr_par' dir='ltr' id='par_1_28' title="bbox 299 2596 1907 2672">
     <span class='ocr_line' id='line_1_28' title="bbox 299 2596 1907 2672; baseline 0.004 -22"><span class='ocrx_word' id='word_1_187' title='bbox 299 2596 461 2668; x_wconf 88' lang='lat' dir='ltr'>quale</span> <span class='ocrx_word' id='word_1_188' title='bbox 487 2597 574 2663; x_wconf 88' lang='lat' dir='ltr'>sit,</span> <span class='ocrx_word' id='word_1_189' title='bbox 607 2613 762 2653; x_wconf 89' lang='lat' dir='ltr'>sacra</span> <span class='ocrx_word' id='word_1_190' title='bbox 792 2614 1171 2657; x_wconf 81' lang='lat' dir='ltr'>successorum</span> <span class='ocrx_word' id='word_1_191' title='bbox 1229 2602 1349 2672; x_wconf 88' lang='lat' dir='ltr'>ejus</span> <span class='ocrx_word' id='word_1_192' title='bbox 1405 2604 1648 2670; x_wconf 88' lang='lat' dir='ltr'>decreta,</span> <span class='ocrx_word' id='word_1_193' title='bbox 1682 2619 1907 2661; x_wconf 88' lang='lat' dir='ltr'>succes-</span> 
     </span>
    </p>
   </div>
   <div class='ocr_carea' id='block_1_29' title="bbox 299 2683 1906 2763">
    <p class='ocr_par' dir='ltr' id='par_1_29' title="bbox 299 2683 1906 2763">
     <span class='ocr_line' id='line_1_29' title="bbox 299 2683 1906 2763; baseline 0.006 -25"><span class='ocrx_word' id='word_1_194' title='bbox 299 2683 516 2740; x_wconf 83' lang='lat' dir='ltr'>scribus</span> <span class='ocrx_word' id='word_1_195' title='bbox 547 2685 720 2756; x_wconf 89' lang='lat' dir='ltr'>ipsius</span> <span class='ocrx_word' id='word_1_196' title='bbox 747 2689 1036 2760; x_wconf 78' lang='lat' dir='ltr'>Augustini</span> <span class='ocrx_word' id='word_1_197' title='bbox 1063 2689 1286 2759; x_wconf 88' lang='lat' dir='ltr'>directa,</span> <span class='ocrx_word' id='word_1_198' title='bbox 1347 2708 1467 2762; x_wconf 89' lang='lat' dir='ltr'>qua</span> <span class='ocrx_word' id='word_1_199' title='bbox 1520 2692 1714 2762; x_wconf 91' lang='lat' dir='ltr'>paucis</span> <span class='ocrx_word' id='word_1_200' title='bbox 1768 2708 1906 2763; x_wconf 88' lang='lat' dir='ltr'>prae-</span> 
     </span>
    </p>
   </div>
   <div class='ocr_carea' id='block_1_30' title="bbox 299 2773 1904 2852">
    <p class='ocr_par' dir='ltr' id='par_1_30' title="bbox 299 2773 1904 2852">
     <span class='ocr_line' id='line_1_30' title="bbox 299 2773 1904 2852; baseline 0.006 -25"><span class='ocrx_word' id='word_1_201' title='bbox 299 2773 633 2841; x_wconf 86' lang='lat' dir='ltr'>notavimus,</span> <span class='ocrx_word' id='word_1_202' title='bbox 665 2775 793 2830; x_wconf 91' lang='lat' dir='ltr'>satis</span> <span class='ocrx_word' id='word_1_203' title='bbox 841 2777 1152 2833; x_wconf 90' lang='lat' dir='ltr'>ostendunt.</span> <span class='ocrx_word' id='word_1_204' title='bbox 1211 2781 1274 2834; x_wconf 91' lang='lat' dir='ltr'><strong>In</strong></span> <span class='ocrx_word' id='word_1_205' title='bbox 1319 2779 1405 2834; x_wconf 90' lang='lat' dir='ltr'>his</span> <span class='ocrx_word' id='word_1_206' title='bbox 1461 2781 1660 2852; x_wconf 90' lang='lat' dir='ltr'>quippe</span> <span class='ocrx_word' id='word_1_207' title='bbox 1716 2781 1904 2837; x_wconf 88' lang='lat' dir='ltr'>videre</span> 
     </span>
    </p>
   </div>
   <div class='ocr_carea' id='block_1_31' title="bbox 303 2860 1901 2941">
    <p class='ocr_par' dir='ltr' id='par_1_31' title="bbox 303 2860 1901 2941">
     <span class='ocr_line' id='line_1_31' title="bbox 303 2860 1901 2941; baseline 0.007 -26"><span class='ocrx_word' id='word_1_208' title='bbox 303 2860 525 2932; x_wconf 88' lang='lat' dir='ltr'>planum</span> <span class='ocrx_word' id='word_1_209' title='bbox 555 2871 638 2918; x_wconf 89' lang='lat' dir='ltr'>est</span> <span class='ocrx_word' id='word_1_210' title='bbox 666 2879 759 2919; x_wconf 91' lang='lat' dir='ltr'>eos</span> <span class='ocrx_word' id='word_1_211' title='bbox 787 2865 1117 2920; x_wconf 85' lang='lat' dir='ltr'>intellexisse</span> <span class='ocrx_word' id='word_1_212' title='bbox 1147 2882 1256 2922; x_wconf 90' lang='lat' dir='ltr'>non</span> <span class='ocrx_word' id='word_1_213' title='bbox 1283 2869 1732 2941; x_wconf 89' lang='lat' dir='ltr'>magnimuneris</span> <span class='ocrx_word' id='word_1_214' title='bbox 1763 2886 1901 2938; x_wconf 85' lang='lat' dir='ltr'>esse,</span> 
     </span>
    </p>
   </div>
   <div class='ocr_carea' id='block_1_32' title="bbox 304 2948 1898 3028">
    <p class='ocr_par' dir='ltr' id='par_1_32' title="bbox 304 2948 1898 3028">
     <span class='ocr_line' id='line_1_32' title="bbox 304 2948 1898 3028; baseline 0.005 -23"><span class='ocrx_word' id='word_1_215' title='bbox 304 2948 350 3005; x_wconf 88' lang='lat' dir='ltr'>si</span> <span class='ocrx_word' id='word_1_216' title='bbox 381 2949 462 3006; x_wconf 88' lang='lat' dir='ltr'>eis</span> <span class='ocrx_word' id='word_1_217' title='bbox 491 2950 836 3009; x_wconf 86' lang='lat' dir='ltr'>solummodo</span> <span class='ocrx_word' id='word_1_218' title='bbox 864 2953 959 3008; x_wconf 91' lang='lat' dir='ltr'>illa</span> <span class='ocrx_word' id='word_1_219' title='bbox 985 2954 1234 3023; x_wconf 86' lang='lat' dir='ltr'>dixisset,</span> <span class='ocrx_word' id='word_1_220' title='bbox 1274 2973 1420 3025; x_wconf 88' lang='lat' dir='ltr'>cum,</span> <span class='ocrx_word' id='word_1_221' title='bbox 1448 2965 1507 3012; x_wconf 90' lang='lat' dir='ltr'>ut</span> <span class='ocrx_word' id='word_1_222' title='bbox 1535 2959 1642 3013; x_wconf 92' lang='lat' dir='ltr'>alia</span> <span class='ocrx_word' id='word_1_223' title='bbox 1671 2965 1898 3028; x_wconf 87' lang='lat' dir='ltr'>taceam,</span> 
     </span>
    </p>
   </div>
   <div class='ocr_carea' id='block_1_33' title="bbox 297 3038 1902 3115">
    <p class='ocr_par' dir='ltr' id='par_1_33' title="bbox 297 3038 1902 3115">
     <span class='ocr_line' id='line_1_33' title="bbox 297 3038 1902 3115; baseline 0.007 -23"><span class='ocrx_word' id='word_1_224' title='bbox 297 3038 409 3094; x_wconf 85' lang='lat' dir='ltr'>suis</span> <span class='ocrx_word' id='word_1_225' title='bbox 437 3039 630 3095; x_wconf 89' lang='lat' dir='ltr'>diebus</span> <span class='ocrx_word' id='word_1_226' title='bbox 659 3041 1028 3098; x_wconf 87' lang='lat' dir='ltr'>Eboracensis</span> <span class='ocrx_word' id='word_1_227' title='bbox 1066 3044 1348 3115; x_wconf 91' lang='lat' dir='ltr'>provincia</span> <span class='ocrx_word' id='word_1_228' title='bbox 1378 3061 1478 3102; x_wconf 90' lang='lat' dir='ltr'>nec</span> <span class='ocrx_word' id='word_1_229' title='bbox 1509 3045 1670 3102; x_wconf 88' lang='lat' dir='ltr'>ﬁdem</span> <span class='ocrx_word' id='word_1_230' title='bbox 1699 3047 1902 3104; x_wconf 89' lang='lat' dir='ltr'>Christi</span> 
     </span>
    </p>
   </div>
   <div class='ocr_carea' id='block_1_34' title="bbox 301 3127 1979 3218">
    <p class='ocr_par' dir='ltr' id='par_1_34' title="bbox 301 3127 1979 3218">
     <span class='ocr_line' id='line_1_34' title="bbox 301 3127 1979 3218; baseline 0.007 -37"><span class='ocrx_word' id='word_1_231' title='bbox 301 3127 626 3198; x_wconf 88' lang='lat' dir='ltr'>susceperit,</span> <span class='ocrx_word' id='word_1_232' title='bbox 659 3145 760 3185; x_wconf 90' lang='lat' dir='ltr'>nec</span> <span class='ocrx_word' id='word_1_233' title='bbox 787 3131 878 3200; x_wconf 89' lang='lat' dir='ltr'>qui</span> <span class='ocrx_word' id='word_1_234' title='bbox 909 3145 1030 3186; x_wconf 92' lang='lat' dir='ltr'>eam</span> <span class='ocrx_word' id='word_1_235' title='bbox 1061 3132 1385 3203; x_wconf 83' lang='lat' dir='ltr'>praedicaret</span> <span class='ocrx_word' id='word_1_236' title='bbox 1415 3149 1480 3189; x_wconf 89' lang='lat' dir='ltr'>eo</span> <span class='ocrx_word' id='word_1_237' title='bbox 1521 3135 1755 3192; x_wconf 92' lang='lat' dir='ltr'>directus</span> <span class='ocrx_word' id='word_1_238' title='bbox 1810 3138 1897 3192; x_wconf 89' lang='lat' dir='ltr'>sit.</span> <span class='ocrx_word' id='word_1_239' title='bbox 1929 3156 1979 3218; x_wconf 69' lang='grc' dir='ltr'><strong>ρ</strong></span> 
     </span>
    </p>
   </div>
   <div class='ocr_carea' id='block_1_35' title="bbox 300 3215 1897 3296">
    <p class='ocr_par' dir='ltr' id='par_1_35' title="bbox 300 3215 1897 3296">
     <span class='ocr_line' id='line_1_35' title="bbox 300 3215 1897 3296; baseline 0.007 -27"><span class='ocrx_word' id='word_1_240' title='bbox 300 3215 468 3271; x_wconf 88' lang='lat' dir='ltr'>Tanta</span> <span class='ocrx_word' id='word_1_241' title='bbox 528 3217 667 3272; x_wconf 90' lang='lat' dir='ltr'>enim</span> <span class='ocrx_word' id='word_1_242' title='bbox 726 3217 782 3273; x_wconf 90' lang='lat' dir='ltr'>in</span> <span class='ocrx_word' id='word_1_243' title='bbox 831 3219 1017 3274; x_wconf 86' lang='lat' dir='ltr'>Cantia</span> <span class='ocrx_word' id='word_1_244' title='bbox 1073 3229 1126 3276; x_wconf 89' lang='lat' dir='ltr'>et</span> <span class='ocrx_word' id='word_1_245' title='bbox 1170 3221 1520 3278; x_wconf 90' lang='lat' dir='ltr'>vicinioribus</span> <span class='ocrx_word' id='word_1_246' title='bbox 1566 3225 1897 3296; x_wconf 84' lang='lat' dir='ltr'>regionibus,</span> 
     </span>
    </p>
   </div>
   <div class='ocr_carea' id='block_1_36' title="bbox 297 3305 1899 3384">
    <p class='ocr_par' dir='ltr' id='par_1_36' title="bbox 297 3305 1899 3384">
     <span class='ocr_line' id='line_1_36' title="bbox 297 3305 1899 3384; baseline 0.009 -28"><span class='ocrx_word' id='word_1_247' title='bbox 297 3305 351 3357; x_wconf 92' lang='lat' dir='ltr'>in</span> <span class='ocrx_word' id='word_1_248' title='bbox 383 3305 779 3374; x_wconf 73' lang='lat' dir='ltr'>praedicatione</span> <span class='ocrx_word' id='word_1_249' title='bbox 835 3308 1074 3363; x_wconf 88' lang='lat' dir='ltr'>nominis</span> <span class='ocrx_word' id='word_1_250' title='bbox 1130 3309 1349 3378; x_wconf 89' lang='lat' dir='ltr'>Christi,</span> <span class='ocrx_word' id='word_1_251' title='bbox 1409 3319 1460 3366; x_wconf 93' lang='lat' dir='ltr'>et</span> <span class='ocrx_word' id='word_1_252' title='bbox 1516 3313 1630 3384; x_wconf 91' lang='lat' dir='ltr'>ipse</span> <span class='ocrx_word' id='word_1_253' title='bbox 1687 3323 1740 3368; x_wconf 93' lang='lat' dir='ltr'>et</span> <span class='ocrx_word' id='word_1_254' title='bbox 1803 3330 1899 3371; x_wconf 92' lang='lat' dir='ltr'>so-</span> 
     </span>
    </p>
   </div>
   <div class='ocr_carea' id='block_1_37' title="bbox 293 3393 1899 3474">
    <p class='ocr_par' dir='ltr' id='par_1_37' title="bbox 293 3393 1899 3474">
     <span class='ocr_line' id='line_1_37' title="bbox 293 3393 1899 3474; baseline 0.007 -28"><span class='ocrx_word' id='word_1_255' title='bbox 293 3393 362 3447; x_wconf 88' lang='lat' dir='ltr'>cii</span> <span class='ocrx_word' id='word_1_256' title='bbox 392 3394 513 3463; x_wconf 91' lang='lat' dir='ltr'>ejus</span> <span class='ocrx_word' id='word_1_257' title='bbox 538 3395 850 3451; x_wconf 89' lang='lat' dir='ltr'>habuerunt</span> <span class='ocrx_word' id='word_1_258' title='bbox 880 3397 948 3450; x_wconf 90' lang='lat' dir='ltr'>ad</span> <span class='ocrx_word' id='word_1_259' title='bbox 971 3398 1283 3453; x_wconf 86' lang='lat' dir='ltr'>faciendum</span> <span class='ocrx_word' id='word_1_260' title='bbox 1307 3408 1362 3454; x_wconf 92' lang='lat' dir='ltr'>ut</span> <span class='ocrx_word' id='word_1_261' title='bbox 1413 3416 1442 3452; x_wconf 94' lang='lat' dir='ltr'>a</span> <span class='ocrx_word' id='word_1_262' title='bbox 1503 3409 1615 3455; x_wconf 91' lang='lat' dir='ltr'>tam</span> <span class='ocrx_word' id='word_1_263' title='bbox 1672 3402 1899 3474; x_wconf 89' lang='lat' dir='ltr'>longin-</span> 
     </span>
    </p>
   </div>
   <div class='ocr_carea' id='block_1_38' title="bbox 293 3480 1900 3559">
    <p class='ocr_par' dir='ltr' id='par_1_38' title="bbox 293 3480 1900 3559">
     <span class='ocr_line' id='line_1_38' title="bbox 293 3480 1900 3559; baseline 0.007 -26"><span class='ocrx_word' id='word_1_264' title='bbox 293 3480 414 3550; x_wconf 91' lang='lat' dir='ltr'>quis</span> <span class='ocrx_word' id='word_1_265' title='bbox 435 3483 685 3552; x_wconf 91' lang='lat' dir='ltr'>partibus</span> <span class='ocrx_word' id='word_1_266' title='bbox 707 3485 786 3540; x_wconf 90' lang='lat' dir='ltr'>eis</span> <span class='ocrx_word' id='word_1_267' title='bbox 810 3485 974 3540; x_wconf 86' lang='lat' dir='ltr'>fuerit</span> <span class='ocrx_word' id='word_1_268' title='bbox 995 3486 1398 3542; x_wconf 87' lang='lat' dir='ltr'>abstinendum.</span> <span class='ocrx_word' id='word_1_269' title='bbox 1415 3489 1613 3544; x_wconf 89' lang='lat' dir='ltr'>Beatus</span> <span class='ocrx_word' id='word_1_270' title='bbox 1634 3489 1900 3559; x_wconf 88' lang='lat' dir='ltr'>siquidem</span> 
     </span>
    </p>
   </div>
   <div class='ocr_carea' id='block_1_39' title="bbox 294 3570 1896 3651">
    <p class='ocr_par' dir='ltr' id='par_1_39' title="bbox 294 3570 1896 3651">
     <span class='ocr_line' id='line_1_39' title="bbox 294 3570 1896 3651; baseline 0.007 -28"><span class='ocrx_word' id='word_1_271' title='bbox 294 3570 569 3638; x_wconf 88' lang='lat' dir='ltr'>Paulinus,</span> <span class='ocrx_word' id='word_1_272' title='bbox 620 3572 711 3642; x_wconf 92' lang='lat' dir='ltr'>qui</span> <span class='ocrx_word' id='word_1_273' title='bbox 755 3574 959 3642; x_wconf 91' lang='lat' dir='ltr'>primus</span> <span class='ocrx_word' id='word_1_274' title='bbox 1012 3576 1588 3631; x_wconf 87' lang='lat' dir='ltr'>Northumbriensibus</span> <span class='ocrx_word' id='word_1_275' title='bbox 1643 3579 1896 3651; x_wconf 87' lang='lat' dir='ltr'>Evange-</span> 
     </span>
    </p>
   </div>
   <div class='ocr_carea' id='block_1_40' title="bbox 295 3656 1896 3738">
    <p class='ocr_par' dir='ltr' id='par_1_40' title="bbox 295 3656 1896 3738">
     <span class='ocr_line' id='line_1_40' title="bbox 295 3656 1896 3738; baseline 0.007 -28"><span class='ocrx_word' id='word_1_276' title='bbox 295 3656 432 3712; x_wconf 89' lang='lat' dir='ltr'>lium</span> <span class='ocrx_word' id='word_1_277' title='bbox 463 3658 795 3728; x_wconf 70' lang='lat' dir='ltr'>praedicavit,</span> <span class='ocrx_word' id='word_1_278' title='bbox 828 3667 883 3716; x_wconf 91' lang='lat' dir='ltr'>et</span> <span class='ocrx_word' id='word_1_279' title='bbox 910 3662 1144 3718; x_wconf 89' lang='lat' dir='ltr'>Eboraci</span> <span class='ocrx_word' id='word_1_280' title='bbox 1171 3665 1388 3734; x_wconf 86' lang='lat' dir='ltr'>primus</span> <span class='ocrx_word' id='word_1_281' title='bbox 1417 3665 1735 3720; x_wconf 86' lang='lat' dir='ltr'>cathedram</span> <span class='ocrx_word' id='word_1_282' title='bbox 1754 3684 1896 3738; x_wconf 91' lang='lat' dir='ltr'>pon-</span> 
     </span>
    </p>
   </div>
   <div class='ocr_carea' id='block_1_41' title="bbox 296 3744 1899 3824">
    <p class='ocr_par' dir='ltr' id='par_1_41' title="bbox 296 3744 1899 3824">
     <span class='ocr_line' id='line_1_41' title="bbox 296 3744 1899 3824; baseline 0.008 -25"><span class='ocrx_word' id='word_1_283' title='bbox 296 3744 546 3801; x_wconf 86' lang='lat' dir='ltr'>tiﬁcalem</span> <span class='ocrx_word' id='word_1_284' title='bbox 578 3749 796 3804; x_wconf 90' lang='lat' dir='ltr'>sortitus</span> <span class='ocrx_word' id='word_1_285' title='bbox 827 3757 928 3816; x_wconf 91' lang='lat' dir='ltr'>est,</span> <span class='ocrx_word' id='word_1_286' title='bbox 961 3767 1070 3807; x_wconf 91' lang='lat' dir='ltr'>non</span> <span class='ocrx_word' id='word_1_287' title='bbox 1119 3766 1152 3806; x_wconf 92' lang='lat' dir='ltr'><strong>a</strong></span> <span class='ocrx_word' id='word_1_288' title='bbox 1211 3752 1369 3807; x_wconf 90' lang='lat' dir='ltr'>beato</span> <span class='ocrx_word' id='word_1_289' title='bbox 1427 3755 1746 3824; x_wconf 80' lang='lat' dir='ltr'>Augustino,</span> <span class='ocrx_word' id='word_1_290' title='bbox 1803 3758 1899 3812; x_wconf 91' lang='lat' dir='ltr'>sed</span> 
     </span>
    </p>
   </div>
   <div class='ocr_carea' id='block_1_42' title="bbox 290 3835 1896 3914">
    <p class='ocr_par' dir='ltr' id='par_1_42' title="bbox 290 3835 1896 3914">
     <span class='ocr_line' id='line_1_42' title="bbox 290 3835 1896 3914; baseline 0.008 -27"><span class='ocrx_word' id='word_1_291' title='bbox 290 3848 323 3886; x_wconf 87' lang='lat' dir='ltr'>a</span> <span class='ocrx_word' id='word_1_292' title='bbox 351 3835 528 3900; x_wconf 80' lang='lat' dir='ltr'>Justo,</span> <span class='ocrx_word' id='word_1_293' title='bbox 562 3837 652 3908; x_wconf 90' lang='lat' dir='ltr'>qui</span> <span class='ocrx_word' id='word_1_294' title='bbox 683 3846 906 3908; x_wconf 89' lang='lat' dir='ltr'>quartus</span> <span class='ocrx_word' id='word_1_295' title='bbox 933 3839 1000 3893; x_wconf 91' lang='lat' dir='ltr'>ab</span> <span class='ocrx_word' id='word_1_296' title='bbox 1045 3839 1164 3911; x_wconf 90' lang='lat' dir='ltr'>ipso</span> <span class='ocrx_word' id='word_1_297' title='bbox 1219 3841 1521 3914; x_wconf 81' lang='lat' dir='ltr'>Augustino</span> <span class='ocrx_word' id='word_1_298' title='bbox 1580 3843 1896 3902; x_wconf 89' lang='lat' dir='ltr'>Cantuario-</span> 
     </span>
    </p>
   </div>
   <div class='ocr_carea' id='block_1_43' title="bbox 289 3925 1895 4001">
    <p class='ocr_par' dir='ltr' id='par_1_43' title="bbox 289 3925 1895 4001">
     <span class='ocr_line' id='line_1_43' title="bbox 289 3925 1895 4001; baseline 0.007 -25"><span class='ocrx_word' id='word_1_299' title='bbox 289 3937 408 3977; x_wconf 88' lang='lat' dir='ltr'>rum</span> <span class='ocrx_word' id='word_1_300' title='bbox 439 3925 687 3994; x_wconf 81' lang='lat' dir='ltr'>pontifex</span> <span class='ocrx_word' id='word_1_301' title='bbox 710 3928 931 3996; x_wconf 83' lang='lat' dir='ltr'>exstitit,</span> <span class='ocrx_word' id='word_1_302' title='bbox 962 3928 1250 4001; x_wconf 91' lang='lat' dir='ltr'>episcopus</span> <span class='ocrx_word' id='word_1_303' title='bbox 1307 3930 1530 4001; x_wconf 90' lang='lat' dir='ltr'>electus,</span> <span class='ocrx_word' id='word_1_304' title='bbox 1594 3933 1895 4001; x_wconf 90' lang='lat' dir='ltr'>ordinatus,</span> 
     </span>
    </p>
   </div>
   <div class='ocr_carea' id='block_1_44' title="bbox 292 4011 1900 4088">
    <p class='ocr_par' dir='ltr' id='par_1_44' title="bbox 292 4011 1900 4088">
     <span class='ocr_line' id='line_1_44' title="bbox 292 4011 1900 4088; baseline 0.006 -22"><span class='ocrx_word' id='word_1_305' title='bbox 292 4016 350 4066; x_wconf 89' lang='lat' dir='ltr'><strong>et</strong></span> <span class='ocrx_word' id='word_1_306' title='bbox 375 4011 503 4068; x_wconf 92' lang='lat' dir='ltr'>illuc</span> <span class='ocrx_word' id='word_1_307' title='bbox 535 4014 835 4070; x_wconf 88' lang='lat' dir='ltr'>destinatus</span> <span class='ocrx_word' id='word_1_308' title='bbox 894 4016 1012 4086; x_wconf 87' lang='lat' dir='ltr'>fuit,</span> <span class='ocrx_word' id='word_1_309' title='bbox 1047 4019 1509 4088; x_wconf 90' lang='lat' dir='ltr'>quemadmodum</span> <span class='ocrx_word' id='word_1_310' title='bbox 1568 4022 1900 4076; x_wconf 87' lang='lat' dir='ltr'>venerabilis</span> 
     </span>
    </p>
   </div>
   <div class='ocr_carea' id='block_1_45' title="bbox 286 4100 1896 4178">
    <p class='ocr_par' dir='ltr' id='par_1_45' title="bbox 286 4100 1896 4178">
     <span class='ocr_line' id='line_1_45' title="bbox 286 4100 1896 4178; baseline 0.007 -24"><span class='ocrx_word' id='word_1_311' title='bbox 286 4100 435 4155; x_wconf 87' lang='lat' dir='ltr'><strong>Beda</strong></span> <span class='ocrx_word' id='word_1_312' title='bbox 465 4101 519 4155; x_wconf 91' lang='lat' dir='ltr'>in</span> <span class='ocrx_word' id='word_1_313' title='bbox 548 4102 780 4159; x_wconf 85' lang='lat' dir='ltr'>Historia</span> <span class='ocrx_word' id='word_1_314' title='bbox 825 4107 1004 4177; x_wconf 88' lang='lat' dir='ltr'>gentis</span> <span class='ocrx_word' id='word_1_315' title='bbox 1032 4107 1333 4178; x_wconf 76' lang='lat' dir='ltr'>Anglorum</span> <span class='ocrx_word' id='word_1_316' title='bbox 1391 4107 1572 4164; x_wconf 89' lang='lat' dir='ltr'>veraci</span> <span class='ocrx_word' id='word_1_317' title='bbox 1625 4109 1750 4164; x_wconf 89' lang='lat' dir='ltr'>stilo</span> <span class='ocrx_word' id='word_1_318' title='bbox 1806 4109 1896 4165; x_wconf 89' lang='lat' dir='ltr'>di-</span> 
     </span>
    </p>
   </div>
   <div class='ocr_carea' id='block_1_46' title="bbox 286 4189 1897 4269">
    <p class='ocr_par' dir='ltr' id='par_1_46' title="bbox 286 4189 1897 4269">
     <span class='ocr_line' id='line_1_46' title="bbox 286 4189 1897 4269; baseline 0.006 -25"><span class='ocrx_word' id='word_1_319' title='bbox 286 4189 480 4259; x_wconf 78' lang='lat' dir='ltr'>gessit,</span> <span class='ocrx_word' id='word_1_320' title='bbox 507 4199 557 4246; x_wconf 92' lang='lat' dir='ltr'><strong>et</strong></span> <span class='ocrx_word' id='word_1_321' title='bbox 588 4192 840 4248; x_wconf 86' lang='lat' dir='ltr'>omnibus</span> <span class='ocrx_word' id='word_1_322' title='bbox 866 4194 1210 4249; x_wconf 90' lang='lat' dir='ltr'>notissimum</span> <span class='ocrx_word' id='word_1_323' title='bbox 1239 4204 1336 4251; x_wconf 84' lang='lat' dir='ltr'>est.</span> <span class='ocrx_word' id='word_1_324' title='bbox 1389 4196 1523 4264; x_wconf 82' lang='lat' dir='ltr'>Qua</span> <span class='ocrx_word' id='word_1_325' title='bbox 1554 4194 1742 4269; x_wconf 61' lang='lat' dir='ltr'>igitur&#39;</span> <span class='ocrx_word' id='word_1_326' title='bbox 1764 4198 1897 4254; x_wconf 90' lang='lat' dir='ltr'>bea-</span> 
     </span>
    </p>
   </div>
   <div class='ocr_carea' id='block_1_47' title="bbox 288 4277 1896 4357">
    <p class='ocr_par' dir='ltr' id='par_1_47' title="bbox 288 4277 1896 4357">
     <span class='ocr_line' id='line_1_47' title="bbox 288 4277 1896 4357; baseline 0.006 -26"><span class='ocrx_word' id='word_1_327' title='bbox 288 4283 376 4332; x_wconf 88' lang='lat' dir='ltr'>tus</span> <span class='ocrx_word' id='word_1_328' title='bbox 406 4277 706 4350; x_wconf 76' lang='lat' dir='ltr'>Gregorius</span> <span class='ocrx_word' id='word_1_329' title='bbox 755 4283 1061 4352; x_wconf 78' lang='lat' dir='ltr'>Augustino</span> <span class='ocrx_word' id='word_1_330' title='bbox 1121 4284 1274 4352; x_wconf 86' lang='lat' dir='ltr'>dixit,</span> <span class='ocrx_word' id='word_1_331' title='bbox 1309 4285 1363 4339; x_wconf 89' lang='lat' dir='ltr'>in</span> <span class='ocrx_word' id='word_1_332' title='bbox 1419 4286 1726 4357; x_wconf 77' lang='lat' dir='ltr'>Augustino</span> <span class='ocrx_word' id='word_1_333' title='bbox 1785 4287 1896 4341; x_wconf 90' lang='lat' dir='ltr'>suis</span> 
     </span>
    </p>
   </div>
   <div class='ocr_carea' id='block_1_48' title="bbox 283 4368 1894 4445">
    <p class='ocr_par' dir='ltr' id='par_1_48' title="bbox 283 4368 1894 4445">
     <span class='ocr_line' id='line_1_48' title="bbox 283 4368 1894 4445; baseline 0.007 -27"><span class='ocrx_word' id='word_1_334' title='bbox 283 4368 702 4424; x_wconf 84' lang='lat' dir='ltr'>successoribus</span> <span class='ocrx_word' id='word_1_335' title='bbox 732 4369 886 4437; x_wconf 81' lang='lat' dir='ltr'>dixit,</span> <span class='ocrx_word' id='word_1_336' title='bbox 921 4387 1018 4442; x_wconf 92' lang='lat' dir='ltr'>per</span> <span class='ocrx_word' id='word_1_337' title='bbox 1065 4387 1200 4444; x_wconf 91' lang='lat' dir='ltr'>quos</span> <span class='ocrx_word' id='word_1_338' title='bbox 1232 4374 1346 4429; x_wconf 92' lang='lat' dir='ltr'>Deo</span> <span class='ocrx_word' id='word_1_339' title='bbox 1403 4373 1634 4444; x_wconf 90' lang='lat' dir='ltr'>implere</span> <span class='ocrx_word' id='word_1_340' title='bbox 1692 4375 1894 4445; x_wconf 88' lang='lat' dir='ltr'>placuit</span> 
     </span>
    </p>
   </div>
   <div class='ocr_carea' id='block_1_49' title="bbox 285 4457 1890 4533">
    <p class='ocr_par' dir='ltr' id='par_1_49' title="bbox 285 4457 1890 4533">
     <span class='ocr_line' id='line_1_49' title="bbox 285 4457 1890 4533; baseline 0.007 -25"><span class='ocrx_word' id='word_1_341' title='bbox 285 4471 412 4525; x_wconf 86' lang='lat' dir='ltr'>qua</span> <span class='ocrx_word' id='word_1_342' title='bbox 444 4471 542 4525; x_wconf 90' lang='lat' dir='ltr'>per</span> <span class='ocrx_word' id='word_1_343' title='bbox 581 4457 760 4526; x_wconf 90' lang='lat' dir='ltr'>ipsum</span> <span class='ocrx_word' id='word_1_344' title='bbox 813 4460 1173 4532; x_wconf 76' lang='lat' dir='ltr'>Augustinum</span> <span class='ocrx_word' id='word_1_345' title='bbox 1230 4479 1328 4516; x_wconf 92' lang='lat' dir='ltr'>sua</span> <span class='ocrx_word' id='word_1_346' title='bbox 1386 4462 1738 4533; x_wconf 85' lang='lat' dir='ltr'>dispositione</span> <span class='ocrx_word' id='word_1_347' title='bbox 1793 4464 1890 4518; x_wconf 91' lang='lat' dir='ltr'>im-</span> 
     </span>
    </p>
   </div>
   <div class='ocr_carea' id='block_1_50' title="bbox 287 4542 1892 4624">
    <p class='ocr_par' dir='ltr' id='par_1_50' title="bbox 287 4542 1892 4624">
     <span class='ocr_line' id='line_1_50' title="bbox 287 4542 1892 4624; baseline 0.007 -28"><span class='ocrx_word' id='word_1_348' title='bbox 287 4542 442 4612; x_wconf 88' lang='lat' dir='ltr'>plere</span> <span class='ocrx_word' id='word_1_349' title='bbox 473 4545 661 4600; x_wconf 86' lang='lat' dir='ltr'>voluit.</span> <span class='ocrx_word' id='word_1_350' title='bbox 695 4547 817 4602; x_wconf 90' lang='lat' dir='ltr'>Non</span> <span class='ocrx_word' id='word_1_351' title='bbox 843 4548 966 4618; x_wconf 86' lang='lat' dir='ltr'>jure</span> <span class='ocrx_word' id='word_1_352' title='bbox 1021 4549 1202 4622; x_wconf 86' lang='lat' dir='ltr'>itaque</span> <span class='ocrx_word' id='word_1_353' title='bbox 1259 4549 1547 4622; x_wconf 86' lang='lat' dir='ltr'>privilegio</span> <span class='ocrx_word' id='word_1_354' title='bbox 1590 4553 1892 4624; x_wconf 81' lang='lat' dir='ltr'>Augustino</span> 
     </span>
    </p>
   </div>
   <div class='ocr_carea' id='block_1_51' title="bbox 285 4631 1894 4710">
    <p class='ocr_par' dir='ltr' id='par_1_51' title="bbox 285 4631 1894 4710">
     <span class='ocr_line' id='line_1_51' title="bbox 285 4631 1894 4710; baseline 0.005 -24"><span class='ocrx_word' id='word_1_355' title='bbox 285 4631 485 4688; x_wconf 87' lang='lat' dir='ltr'>collato</span> <span class='ocrx_word' id='word_1_356' title='bbox 508 4635 758 4703; x_wconf 81' lang='lat' dir='ltr'>privandi</span> <span class='ocrx_word' id='word_1_357' title='bbox 790 4645 913 4690; x_wconf 92' lang='lat' dir='ltr'>sunt</span> <span class='ocrx_word' id='word_1_358' title='bbox 943 4638 1055 4708; x_wconf 92' lang='lat' dir='ltr'>qui,</span> <span class='ocrx_word' id='word_1_359' title='bbox 1075 4639 1216 4693; x_wconf 90' lang='lat' dir='ltr'>sedis</span> <span class='ocrx_word' id='word_1_360' title='bbox 1234 4640 1351 4709; x_wconf 86' lang='lat' dir='ltr'>ejus</span> <span class='ocrx_word' id='word_1_361' title='bbox 1373 4639 1894 4710; x_wconf 89' lang='lat' dir='ltr'>prasidentes,vices</span> 
     </span>
    </p>
   </div>
   <div class='ocr_carea' id='block_1_52' title="bbox 281 4719 1889 4812">
    <p class='ocr_par' dir='ltr' id='par_1_52' title="bbox 281 4719 1889 4812">
     <span class='ocr_line' id='line_1_52' title="bbox 281 4719 1889 4812; baseline 0.007 -39"><span class='ocrx_word' id='word_1_362' title='bbox 281 4719 458 4788; x_wconf 89' lang='lat' dir='ltr'>ipsius</span> <span class='ocrx_word' id='word_1_363' title='bbox 487 4724 823 4794; x_wconf 82' lang='lat' dir='ltr'>exsequendi</span> <span class='ocrx_word' id='word_1_364' title='bbox 851 4724 1031 4812; x_wconf 69' lang='lat' dir='ltr'>oﬁicio</span> <span class='ocrx_word' id='word_1_365' title='bbox 1060 4728 1225 4782; x_wconf 80' lang='lat' dir='ltr'>functi</span> <span class='ocrx_word' id='word_1_366' title='bbox 1257 4735 1397 4781; x_wconf 90' lang='lat' dir='ltr'>sunt.</span> <span class='ocrx_word' id='word_1_367' title='bbox 1424 4728 1584 4796; x_wconf 88' lang='lat' dir='ltr'>Quod</span> <span class='ocrx_word' id='word_1_368' title='bbox 1615 4745 1745 4786; x_wconf 93' lang='lat' dir='ltr'>vero</span> <span class='ocrx_word' id='word_1_369' title='bbox 1799 4730 1889 4784; x_wconf 91' lang='lat' dir='ltr'>di-</span> 
     </span>
    </p>
   </div>
   <div class='ocr_carea' id='block_1_53' title="bbox 279 4810 1890 4889">
    <p class='ocr_par' dir='ltr' id='par_1_53' title="bbox 279 4810 1890 4889">
     <span class='ocr_line' id='line_1_53' title="bbox 279 4810 1890 4889; baseline 0.007 -27"><span class='ocrx_word' id='word_1_370' title='bbox 279 4814 412 4863; x_wconf 89' lang='lat' dir='ltr'>cunt</span> <span class='ocrx_word' id='word_1_371' title='bbox 442 4810 662 4865; x_wconf 88' lang='lat' dir='ltr'>beatum</span> <span class='ocrx_word' id='word_1_372' title='bbox 693 4810 1019 4889; x_wconf 81' lang='lat' dir='ltr'>GregOrium</span> <span class='ocrx_word' id='word_1_373' title='bbox 1078 4815 1206 4870; x_wconf 89' lang='lat' dir='ltr'>satis</span> <span class='ocrx_word' id='word_1_374' title='bbox 1236 4815 1416 4872; x_wconf 90' lang='lat' dir='ltr'>dicere</span> <span class='ocrx_word' id='word_1_375' title='bbox 1445 4833 1606 4886; x_wconf 90' lang='lat' dir='ltr'>posse</span> <span class='ocrx_word' id='word_1_376' title='bbox 1655 4826 1709 4873; x_wconf 93' lang='lat' dir='ltr'><strong>et</strong></span> <span class='ocrx_word' id='word_1_377' title='bbox 1764 4835 1890 4874; x_wconf 84' lang='lat' dir='ltr'>nos.</span> 
     </span>
    </p>
   </div>
   <div class='ocr_carea' id='block_1_54' title="bbox 277 4889 1882 4977">
    <p class='ocr_par' dir='ltr' id='par_1_54' title="bbox 277 4889 1882 4977">
     <span class='ocr_line' id='line_1_54' title="bbox 277 4889 1882 4977; baseline 0.007 -25"><span class='ocrx_word' id='word_1_378' title='bbox 277 4913 362 4965; x_wconf 90' lang='lat' dir='ltr'>se,</span> <span class='ocrx_word' id='word_1_379' title='bbox 395 4899 437 4952; x_wconf 91' lang='lat' dir='ltr'>si</span> <span class='ocrx_word' id='word_1_380' title='bbox 461 4899 738 4967; x_wconf 88' lang='lat' dir='ltr'>voluisset,</span> <span class='ocrx_word' id='word_1_381' title='bbox 753 4899 888 4956; x_wconf 85' lang='lat' dir='ltr'>«tua</span> <span class='ocrx_word' id='word_1_382' title='bbox 910 4889 1240 4975; x_wconf 82' lang='lat' dir='ltr'>fraternitas,</span> <span class='ocrx_word' id='word_1_383' title='bbox 1275 4912 1325 4960; x_wconf 91' lang='lat' dir='ltr'><strong>et</strong></span> <span class='ocrx_word' id='word_1_384' title='bbox 1356 4922 1695 4962; x_wconf 87' lang='lat' dir='ltr'>successores</span> <span class='ocrx_word' id='word_1_385' title='bbox 1722 4909 1822 4977; x_wconf 91' lang='lat' dir='ltr'>sui,</span> <span class='ocrx_word' id='word_1_386' title='bbox 1863 4932 1882 4956; x_wconf 78' lang='grc' dir='ltr'><strong>υ</strong></span> 
     </span>
    </p>
   </div>
   <div class='ocr_carea' id='block_1_55' title="bbox 277 4980 1888 5053">
    <p class='ocr_par' dir='ltr' id='par_1_55' title="bbox 277 4980 1888 5053">
     <span class='ocr_line' id='line_1_55' title="bbox 277 4980 1888 5053; baseline 0.009 -14"><span class='ocrx_word' id='word_1_387' title='bbox 277 5001 474 5042; x_wconf 85' lang='lat' dir='ltr'>verum</span> <span class='ocrx_word' id='word_1_388' title='bbox 504 4989 833 5044; x_wconf 88' lang='lat' dir='ltr'>omnimodis</span> <span class='ocrx_word' id='word_1_389' title='bbox 853 4980 984 5046; x_wconf 83' lang='lat' dir='ltr'>esse</span> <span class='ocrx_word' id='word_1_390' title='bbox 1042 4992 1294 5048; x_wconf 80' lang='lat' dir='ltr'>fatemur.</span> <span class='ocrx_word' id='word_1_391' title='bbox 1357 4994 1422 5048; x_wconf 91' lang='lat' dir='ltr'>Et</span> <span class='ocrx_word' id='word_1_392' title='bbox 1473 4994 1725 5051; x_wconf 90' lang='lat' dir='ltr'>similiter</span> <span class='ocrx_word' id='word_1_393' title='bbox 1781 5013 1888 5053; x_wconf 91' lang='lat' dir='ltr'>non</span> 
     </span>
    </p>
   </div>
   <div class='ocr_carea' id='block_1_56' title="bbox 276 5075 1887 5149">
    <p class='ocr_par' dir='ltr' id='par_1_56' title="bbox 276 5075 1887 5149">
     <span class='ocr_line' id='line_1_56' title="bbox 276 5075 1887 5149; baseline 0.007 -20"><span class='ocrx_word' id='word_1_394' title='bbox 276 5075 598 5132; x_wconf 85' lang='lat' dir='ltr'>dubitamus</span> <span class='ocrx_word' id='word_1_395' title='bbox 627 5079 921 5134; x_wconf 90' lang='lat' dir='ltr'>Dominum</span> <span class='ocrx_word' id='word_1_396' title='bbox 953 5080 1244 5149; x_wconf 86' lang='lat' dir='ltr'>Christum,</span> <span class='ocrx_word' id='word_1_397' title='bbox 1277 5081 1550 5138; x_wconf 90' lang='lat' dir='ltr'>dicentem</span> <span class='ocrx_word' id='word_1_398' title='bbox 1582 5084 1742 5140; x_wconf 89' lang='lat' dir='ltr'>beato</span> <span class='ocrx_word' id='word_1_399' title='bbox 1791 5088 1887 5140; x_wconf 88' lang='lat' dir='ltr'>Pe-</span> 
     </span>
    </p>
   </div>
   <div class='ocr_carea' id='block_1_57' title="bbox 278 5167 1887 5244">
    <p class='ocr_par' dir='ltr' id='par_1_57' title="bbox 278 5167 1887 5244">
     <span class='ocr_line' id='line_1_57' title="bbox 278 5167 1887 5244; baseline 0.006 -24"><span class='ocrx_word' id='word_1_400' title='bbox 278 5167 785 5240; x_wconf 79' lang='lat' dir='ltr'>tronuodcunque</span> <span class='ocrx_word' id='word_1_401' title='bbox 806 5169 1068 5240; x_wconf 80' lang='lat' dir='ltr'>ligaveris</span> <span class='ocrx_word' id='word_1_402' title='bbox 1087 5186 1257 5242; x_wconf 80' lang='lat' dir='ltr'>super</span> <span class='ocrx_word' id='word_1_403' title='bbox 1279 5175 1494 5226; x_wconf 87' lang='lat' dir='ltr'>terram</span> <span class='ocrx_word' id='word_1_404' title='bbox 1515 5174 1624 5228; x_wconf 87' lang='lat' dir='ltr'>erit</span> <span class='ocrx_word' id='word_1_405' title='bbox 1643 5172 1887 5244; x_wconf 82' lang='lat' dir='ltr'>ligatum</span> 
     </span>
    </p>
   </div>
   <div class='ocr_carea' id='block_1_58' title="bbox 275 5255 1890 5332">
    <p class='ocr_par' dir='ltr' id='par_1_58' title="bbox 275 5255 1890 5332">
     <span class='ocr_line' id='line_1_58' title="bbox 275 5255 1890 5332; baseline 0.006 -22"><span class='ocrx_word' id='word_1_406' title='bbox 275 5258 337 5310; x_wconf 83' lang='lat' dir='ltr'>et</span> <span class='ocrx_word' id='word_1_407' title='bbox 370 5255 432 5310; x_wconf 83' lang='lat' dir='ltr'>in</span> <span class='ocrx_word' id='word_1_408' title='bbox 463 5258 706 5322; x_wconf 53' lang='lat' dir='ltr'>caligat</span> <span class='ocrx_word' id='word_1_409' title='bbox 729 5267 1096 5328; x_wconf 83' lang='lat' dir='ltr'>quodcunque</span> <span class='ocrx_word' id='word_1_410' title='bbox 1112 5261 1342 5316; x_wconf 80' lang='lat' dir='ltr'>solveris</span> <span class='ocrx_word' id='word_1_411' title='bbox 1359 5275 1529 5332; x_wconf 74' lang='lat' dir='ltr'>super</span> <span class='ocrx_word' id='word_1_412' title='bbox 1551 5266 1762 5318; x_wconf 84' lang='lat' dir='ltr'>terram</span> <span class='ocrx_word' id='word_1_413' title='bbox 1777 5265 1890 5320; x_wconf 80' lang='lat' dir='ltr'>erit</span> 
     </span>
    </p>
   </div>
   <div class='ocr_carea' id='block_1_59' title="bbox 267 5344 1882 5421">
    <p class='ocr_par' dir='ltr' id='par_1_59' title="bbox 267 5344 1882 5421">
     <span class='ocr_line' id='line_1_59' title="bbox 267 5344 1882 5421; baseline 0.005 -21"><span class='ocrx_word' id='word_1_414' title='bbox 267 5344 528 5400; x_wconf 83' lang='lat' dir='ltr'>solutum</span> <span class='ocrx_word' id='word_1_415' title='bbox 546 5345 684 5401; x_wconf 80' lang='lat' dir='ltr'>etin</span> <span class='ocrx_word' id='word_1_416' title='bbox 701 5347 856 5403; x_wconf 76' lang='lat' dir='ltr'>catis</span> <span class='ocrx_word' id='word_1_417' title='bbox 906 5347 1126 5416; x_wconf 78' lang='lat' dir='ltr'>(Matth.</span> <span class='ocrx_word' id='word_1_418' title='bbox 1151 5363 1266 5413; x_wconf 78' lang='lat' dir='ltr'>xvr,</span> <span class='ocrx_word' id='word_1_419' title='bbox 1302 5352 1411 5417; x_wconf 79' lang='lat' dir='ltr'>i9),</span> <span class='ocrx_word' id='word_1_420' title='bbox 1475 5352 1650 5406; x_wconf 89' lang='lat' dir='ltr'>scisse</span> <span class='ocrx_word' id='word_1_421' title='bbox 1678 5352 1882 5421; x_wconf 90' lang='lat' dir='ltr'>dicere,</span> 
     </span>
    </p>
   </div>
   <div class='ocr_carea' id='block_1_60' title="bbox 271 5433 1885 5511">
    <p class='ocr_par' dir='ltr' id='par_1_60' title="bbox 271 5433 1885 5511">
     <span class='ocr_line' id='line_1_60' title="bbox 271 5433 1885 5511; baseline 0.007 -26"><span class='ocrx_word' id='word_1_422' title='bbox 271 5433 318 5486; x_wconf 89' lang='lat' dir='ltr'>si</span> <span class='ocrx_word' id='word_1_423' title='bbox 351 5434 612 5490; x_wconf 88' lang='lat' dir='ltr'>voluisset</span> <span class='ocrx_word' id='word_1_424' title='bbox 675 5456 696 5483; x_wconf 74' lang='grc' dir='ltr'>«ι</span> <span class='ocrx_word' id='word_1_425' title='bbox 729 5451 1068 5492; x_wconf 89' lang='lat' dir='ltr'>successores</span> <span class='ocrx_word' id='word_1_426' title='bbox 1099 5437 1196 5492; x_wconf 91' lang='lat' dir='ltr'>tui.</span> <span class='ocrx_word' id='word_1_427' title='bbox 1243 5460 1263 5485; x_wconf 78' lang='grc' dir='ltr'><em>η</em></span> <span class='ocrx_word' id='word_1_428' title='bbox 1328 5437 1431 5504; x_wconf 84' lang='lat' dir='ltr'>Qui</span> <span class='ocrx_word' id='word_1_429' title='bbox 1471 5455 1608 5510; x_wconf 90' lang='lat' dir='ltr'>ergo</span> <span class='ocrx_word' id='word_1_430' title='bbox 1669 5440 1885 5511; x_wconf 90' lang='lat' dir='ltr'>privare</span> 
     </span>
    </p>
   </div>
   <div class='ocr_carea' id='block_1_61' title="bbox 269 5526 1885 5604">
    <p class='ocr_par' dir='ltr' id='par_1_61' title="bbox 269 5526 1885 5604">
     <span class='ocr_line' id='line_1_61' title="bbox 269 5526 1885 5604; baseline 0.005 -22"><span class='ocrx_word' id='word_1_431' title='bbox 269 5526 520 5582; x_wconf 85' lang='lat' dir='ltr'>nituntur</span> <span class='ocrx_word' id='word_1_432' title='bbox 549 5543 890 5585; x_wconf 90' lang='lat' dir='ltr'>successores</span> <span class='ocrx_word' id='word_1_433' title='bbox 939 5530 1113 5585; x_wconf 88' lang='lat' dir='ltr'>sancti</span> <span class='ocrx_word' id='word_1_434' title='bbox 1168 5531 1454 5602; x_wconf 79' lang='lat' dir='ltr'>Augustini</span> <span class='ocrx_word' id='word_1_435' title='bbox 1511 5541 1774 5604; x_wconf 89' lang='lat' dir='ltr'>potestate</span> <span class='ocrx_word' id='word_1_436' title='bbox 1829 5539 1885 5590; x_wconf 88' lang='lat' dir='ltr'><strong>et</strong></span> 
     </span>
    </p>
   </div>
   <div class='ocr_carea' id='block_1_62' title="bbox 271 5615 1883 5691">
    <p class='ocr_par' dir='ltr' id='par_1_62' title="bbox 271 5615 1883 5691">
     <span class='ocr_line' id='line_1_62' title="bbox 271 5615 1883 5691; baseline 0.006 -21"><span class='ocrx_word' id='word_1_437' title='bbox 271 5615 563 5686; x_wconf 85' lang='lat' dir='ltr'>dignitate,</span> <span class='ocrx_word' id='word_1_438' title='bbox 597 5632 761 5690; x_wconf 87' lang='lat' dir='ltr'>quam</span> <span class='ocrx_word' id='word_1_439' title='bbox 791 5617 1208 5691; x_wconf 86' lang='lat' dir='ltr'>ipsiAugustino</span> <span class='ocrx_word' id='word_1_440' title='bbox 1237 5622 1510 5678; x_wconf 89' lang='lat' dir='ltr'>concessit</span> <span class='ocrx_word' id='word_1_441' title='bbox 1529 5623 1716 5678; x_wconf 89' lang='lat' dir='ltr'>beatus</span> <span class='ocrx_word' id='word_1_442' title='bbox 1747 5625 1883 5680; x_wconf 90' lang='lat' dir='ltr'>Gre-</span> 
     </span>
    </p>
   </div>
   <div class='ocr_carea' id='block_1_63' title="bbox 2015 527 3620 600">
    <p class='ocr_par' dir='ltr' id='par_1_63' title="bbox 2015 527 3620 600">
     <span class='ocr_line' id='line_1_63' title="bbox 2015 527 3620 600; baseline 0.001 -18"><span class='ocrx_word' id='word_1_443' title='bbox 2015 535 2282 598; x_wconf 87' lang='lat' dir='ltr'>potestate</span> <span class='ocrx_word' id='word_1_444' title='bbox 2331 536 2382 582; x_wconf 90' lang='lat' dir='ltr'>et</span> <span class='ocrx_word' id='word_1_445' title='bbox 2440 527 2722 600; x_wconf 80' lang='lat' dir='ltr'>dignitate,</span> <span class='ocrx_word' id='word_1_446' title='bbox 2758 545 2916 600; x_wconf 91' lang='lat' dir='ltr'>quam</span> <span class='ocrx_word' id='word_1_447' title='bbox 2973 529 3078 600; x_wconf 91' lang='lat' dir='ltr'>ipsi</span> <span class='ocrx_word' id='word_1_448' title='bbox 3138 531 3294 585; x_wconf 89' lang='lat' dir='ltr'>Petro</span> <span class='ocrx_word' id='word_1_449' title='bbox 3351 529 3620 585; x_wconf 88' lang='lat' dir='ltr'>concessit</span> 
     </span>
    </p>
   </div>
   <div class='ocr_carea' id='block_1_64' title="bbox 2016 618 3626 689">
    <p class='ocr_par' dir='ltr' id='par_1_64' title="bbox 2016 618 3626 689">
     <span class='ocr_line' id='line_1_64' title="bbox 2016 618 3626 689; baseline 0.004 -20"><span class='ocrx_word' id='word_1_450' title='bbox 2016 625 2240 672; x_wconf 91' lang='lat' dir='ltr'>sanctus</span> <span class='ocrx_word' id='word_1_451' title='bbox 2268 622 2321 671; x_wconf 92' lang='lat' dir='ltr'><strong>et</strong></span> <span class='ocrx_word' id='word_1_452' title='bbox 2347 618 2528 686; x_wconf 89' lang='lat' dir='ltr'>justus</span> <span class='ocrx_word' id='word_1_453' title='bbox 2556 618 2843 673; x_wconf 92' lang='lat' dir='ltr'>Dominus.</span> <span class='ocrx_word' id='word_1_454' title='bbox 2887 619 3099 674; x_wconf 88' lang='lat' dir='ltr'>Eodem</span> <span class='ocrx_word' id='word_1_455' title='bbox 3127 619 3273 674; x_wconf 88' lang='lat' dir='ltr'>enim</span> <span class='ocrx_word' id='word_1_456' title='bbox 3304 620 3490 684; x_wconf 90' lang='lat' dir='ltr'>modo,</span> <span class='ocrx_word' id='word_1_457' title='bbox 3521 633 3626 689; x_wconf 91' lang='lat' dir='ltr'>quo</span> 
     </span>
    </p>
   </div>
   <div class='ocr_carea' id='block_1_65' title="bbox 2019 705 3627 776">
    <p class='ocr_par' dir='ltr' id='par_1_65' title="bbox 2019 705 3627 776">
     <span class='ocr_line' id='line_1_65' title="bbox 2019 705 3627 776; baseline 0.002 -17"><span class='ocrx_word' id='word_1_458' title='bbox 2019 705 2282 760; x_wconf 90' lang='lat' dir='ltr'>Dominus</span> <span class='ocrx_word' id='word_1_459' title='bbox 2313 706 2523 760; x_wconf 90' lang='lat' dir='ltr'>locutus</span> <span class='ocrx_word' id='word_1_460' title='bbox 2553 707 2692 774; x_wconf 89' lang='lat' dir='ltr'>aliis,</span> <span class='ocrx_word' id='word_1_461' title='bbox 2724 707 2779 760; x_wconf 91' lang='lat' dir='ltr'>in</span> <span class='ocrx_word' id='word_1_462' title='bbox 2810 708 3058 776; x_wconf 82' lang='lat' dir='ltr'>apostolo</span> <span class='ocrx_word' id='word_1_463' title='bbox 3107 723 3209 763; x_wconf 89' lang='lat' dir='ltr'>suo</span> <span class='ocrx_word' id='word_1_464' title='bbox 3241 709 3416 774; x_wconf 87' lang='lat' dir='ltr'>Petro,</span> <span class='ocrx_word' id='word_1_465' title='bbox 3476 707 3627 762; x_wconf 90' lang='lat' dir='ltr'>locu-</span> 
     </span>
    </p>
   </div>
   <div class='ocr_carea' id='block_1_66' title="bbox 2023 794 3626 867">
    <p class='ocr_par' dir='ltr' id='par_1_66' title="bbox 2023 794 3626 867">
     <span class='ocr_line' id='line_1_66' title="bbox 2023 794 3626 867; baseline 0.003 -20"><span class='ocrx_word' id='word_1_466' title='bbox 2023 803 2107 847; x_wconf 91' lang='lat' dir='ltr'>tus</span> <span class='ocrx_word' id='word_1_467' title='bbox 2145 802 2227 848; x_wconf 89' lang='lat' dir='ltr'>est</span> <span class='ocrx_word' id='word_1_468' title='bbox 2259 794 2555 866; x_wconf 84' lang='lat' dir='ltr'>Gregorius</span> <span class='ocrx_word' id='word_1_469' title='bbox 2586 796 2997 851; x_wconf 87' lang='lat' dir='ltr'>successoribus</span> <span class='ocrx_word' id='word_1_470' title='bbox 3025 798 3142 866; x_wconf 87' lang='lat' dir='ltr'>ejus</span> <span class='ocrx_word' id='word_1_471' title='bbox 3170 796 3226 851; x_wconf 92' lang='lat' dir='ltr'>in</span> <span class='ocrx_word' id='word_1_472' title='bbox 3241 795 3506 867; x_wconf 91' lang='lat' dir='ltr'>discipulo</span> <span class='ocrx_word' id='word_1_473' title='bbox 3528 811 3626 852; x_wconf 91' lang='lat' dir='ltr'>suo</span> 
     </span>
    </p>
   </div>
   <div class='ocr_carea' id='block_1_67' title="bbox 2019 883 3620 954">
    <p class='ocr_par' dir='ltr' id='par_1_67' title="bbox 2019 883 3620 954">
     <span class='ocr_line' id='line_1_67' title="bbox 2019 883 3620 954; baseline 0.002 -19"><span class='ocrx_word' id='word_1_474' title='bbox 2019 883 2363 954; x_wconf 88' lang='lat' dir='ltr'>Augustino:</span> <span class='ocrx_word' id='word_1_475' title='bbox 2396 885 2546 938; x_wconf 86' lang='lat' dir='ltr'>Juste</span> <span class='ocrx_word' id='word_1_476' title='bbox 2573 884 2837 954; x_wconf 75' lang='lat' dir='ltr'>judicate,</span> <span class='ocrx_word' id='word_1_477' title='bbox 2891 885 2983 938; x_wconf 90' lang='lat' dir='ltr'>ﬁlii</span> <span class='ocrx_word' id='word_1_478' title='bbox 3043 885 3347 953; x_wconf 89' lang='lat' dir='ltr'>hominum,</span> <span class='ocrx_word' id='word_1_479' title='bbox 3381 894 3436 939; x_wconf 91' lang='lat' dir='ltr'><strong>et</strong></span> <span class='ocrx_word' id='word_1_480' title='bbox 3490 899 3620 954; x_wconf 89' lang='lat' dir='ltr'>per-</span> 
     </span>
    </p>
   </div>
   <div class='ocr_carea' id='block_1_68' title="bbox 2020 972 3624 1043">
    <p class='ocr_par' dir='ltr' id='par_1_68' title="bbox 2020 972 3624 1043">
     <span class='ocr_line' id='line_1_68' title="bbox 2020 972 3624 1043; baseline 0.001 -17"><span class='ocrx_word' id='word_1_481' title='bbox 2020 972 2237 1041; x_wconf 89' lang='lat' dir='ltr'>pendite</span> <span class='ocrx_word' id='word_1_482' title='bbox 2270 973 2338 1027; x_wconf 88' lang='lat' dir='ltr'>de</span> <span class='ocrx_word' id='word_1_483' title='bbox 2367 972 2632 1027; x_wconf 85' lang='lat' dir='ltr'>similibus</span> <span class='ocrx_word' id='word_1_484' title='bbox 2663 972 2808 1029; x_wconf 91' lang='lat' dir='ltr'>idem</span> <span class='ocrx_word' id='word_1_485' title='bbox 2839 989 2962 1029; x_wconf 84' lang='lat' dir='ltr'>esse</span> <span class='ocrx_word' id='word_1_486' title='bbox 2986 974 3270 1043; x_wconf 90' lang='lat' dir='ltr'>judicium.</span> <span class='ocrx_word' id='word_1_487' title='bbox 3297 973 3433 1029; x_wconf 92' lang='lat' dir='ltr'>Illud</span> <span class='ocrx_word' id='word_1_488' title='bbox 3455 973 3624 1028; x_wconf 91' lang='lat' dir='ltr'>etiam</span> 
     </span>
    </p>
   </div>
   <div class='ocr_carea' id='block_1_69' title="bbox 2018 1060 3627 1134">
    <p class='ocr_par' dir='ltr' id='par_1_69' title="bbox 2018 1060 3627 1134">
     <span class='ocr_line' id='line_1_69' title="bbox 2018 1060 3627 1134; baseline 0.003 -21"><span class='ocrx_word' id='word_1_489' title='bbox 2018 1060 2136 1114; x_wconf 89' lang='lat' dir='ltr'>istis</span> <span class='ocrx_word' id='word_1_490' title='bbox 2164 1062 2566 1116; x_wconf 89' lang='lat' dir='ltr'>annectendum</span> <span class='ocrx_word' id='word_1_491' title='bbox 2601 1062 2785 1132; x_wconf 88' lang='lat' dir='ltr'>putavi</span> <span class='ocrx_word' id='word_1_492' title='bbox 2816 1063 2961 1134; x_wconf 91' lang='lat' dir='ltr'>quod</span> <span class='ocrx_word' id='word_1_493' title='bbox 3001 1062 3255 1132; x_wconf 86' lang='lat' dir='ltr'>prafatus</span> <span class='ocrx_word' id='word_1_494' title='bbox 3287 1063 3432 1118; x_wconf 86' lang='lat' dir='ltr'>Beda</span> <span class='ocrx_word' id='word_1_495' title='bbox 3461 1062 3627 1118; x_wconf 81' lang='lat' dir='ltr'>refert</span> 
     </span>
    </p>
   </div>
   <div class='ocr_carea' id='block_1_70' title="bbox 2019 1150 3622 1223">
    <p class='ocr_par' dir='ltr' id='par_1_70' title="bbox 2019 1150 3622 1223">
     <span class='ocr_line' id='line_1_70' title="bbox 2019 1150 3622 1223; baseline 0.001 -20"><span class='ocrx_word' id='word_1_496' title='bbox 2019 1150 2383 1214; x_wconf 86' lang='lat' dir='ltr'>Theodorum,</span> <span class='ocrx_word' id='word_1_497' title='bbox 2441 1150 2531 1222; x_wconf 92' lang='lat' dir='ltr'>qui</span> <span class='ocrx_word' id='word_1_498' title='bbox 2587 1150 2848 1220; x_wconf 80' lang='lat' dir='ltr'>septimus</span> <span class='ocrx_word' id='word_1_499' title='bbox 2897 1168 2928 1204; x_wconf 88' lang='lat' dir='ltr'><strong>a</strong></span> <span class='ocrx_word' id='word_1_500' title='bbox 2982 1151 3143 1206; x_wconf 92' lang='lat' dir='ltr'>beato</span> <span class='ocrx_word' id='word_1_501' title='bbox 3205 1151 3508 1223; x_wconf 86' lang='lat' dir='ltr'>Augustino</span> <span class='ocrx_word' id='word_1_502' title='bbox 3564 1152 3622 1204; x_wconf 90' lang='lat' dir='ltr'>in</span> 
     </span>
    </p>
   </div>
   <div class='ocr_carea' id='block_1_71' title="bbox 2017 1239 3620 1310">
    <p class='ocr_par' dir='ltr' id='par_1_71' title="bbox 2017 1239 3620 1310">
     <span class='ocr_line' id='line_1_71' title="bbox 2017 1239 3620 1310; baseline -0.001 -17"><span class='ocrx_word' id='word_1_503' title='bbox 2017 1239 2331 1294; x_wconf 87' lang='lat' dir='ltr'>cathedram</span> <span class='ocrx_word' id='word_1_504' title='bbox 2362 1239 2479 1308; x_wconf 89' lang='lat' dir='ltr'>ejus</span> <span class='ocrx_word' id='word_1_505' title='bbox 2524 1240 2798 1306; x_wconf 90' lang='lat' dir='ltr'>successit,</span> <span class='ocrx_word' id='word_1_506' title='bbox 2861 1239 3093 1310; x_wconf 89' lang='lat' dir='ltr'>primum</span> <span class='ocrx_word' id='word_1_507' title='bbox 3152 1256 3272 1295; x_wconf 88' lang='lat' dir='ltr'>esse</span> <span class='ocrx_word' id='word_1_508' title='bbox 3329 1240 3383 1294; x_wconf 92' lang='lat' dir='ltr'>in</span> <span class='ocrx_word' id='word_1_509' title='bbox 3439 1239 3620 1295; x_wconf 86' lang='lat' dir='ltr'>archi—</span> 
     </span>
    </p>
   </div>
   <div class='ocr_carea' id='block_1_72' title="bbox 2017 1328 3624 1400">
    <p class='ocr_par' dir='ltr' id='par_1_72' title="bbox 2017 1328 3624 1400">
     <span class='ocr_line' id='line_1_72' title="bbox 2017 1328 3624 1400; baseline 0.002 -18"><span class='ocrx_word' id='word_1_510' title='bbox 2017 1328 2315 1399; x_wconf 85' lang='lat' dir='ltr'>episcOpis,</span> <span class='ocrx_word' id='word_1_511' title='bbox 2348 1329 2430 1382; x_wconf 82' lang='lat' dir='ltr'>cui</span> <span class='ocrx_word' id='word_1_512' title='bbox 2465 1329 2643 1384; x_wconf 90' lang='lat' dir='ltr'>omnis</span> <span class='ocrx_word' id='word_1_513' title='bbox 2668 1329 2970 1400; x_wconf 86' lang='lat' dir='ltr'>Anglorum</span> <span class='ocrx_word' id='word_1_514' title='bbox 3002 1328 3243 1385; x_wconf 91' lang='lat' dir='ltr'>Ecclesia</span> <span class='ocrx_word' id='word_1_515' title='bbox 3272 1344 3462 1383; x_wconf 89' lang='lat' dir='ltr'>manus</span> <span class='ocrx_word' id='word_1_516' title='bbox 3491 1328 3624 1386; x_wconf 88' lang='lat' dir='ltr'>dare</span> 
     </span>
    </p>
   </div>
   <div class='ocr_carea' id='block_1_73' title="bbox 2016 1416 3619 1488">
    <p class='ocr_par' dir='ltr' id='par_1_73' title="bbox 2016 1416 3619 1488">
     <span class='ocr_line' id='line_1_73' title="bbox 2016 1416 3619 1488; baseline -0.001 -16"><span class='ocrx_word' id='word_1_517' title='bbox 2016 1416 2371 1472; x_wconf 88' lang='lat' dir='ltr'>consentiret.</span> <span class='ocrx_word' id='word_1_518' title='bbox 2414 1418 2476 1472; x_wconf 90' lang='lat' dir='ltr'>Et</span> <span class='ocrx_word' id='word_1_519' title='bbox 2509 1417 2592 1471; x_wconf 87' lang='lat' dir='ltr'>hic</span> <span class='ocrx_word' id='word_1_520' title='bbox 2619 1417 2803 1488; x_wconf 90' lang='lat' dir='ltr'>utique</span> <span class='ocrx_word' id='word_1_521' title='bbox 2835 1433 2965 1473; x_wconf 88' lang='lat' dir='ltr'>cum</span> <span class='ocrx_word' id='word_1_522' title='bbox 2997 1417 3177 1488; x_wconf 86' lang='lat' dir='ltr'>primo</span> <span class='ocrx_word' id='word_1_523' title='bbox 3210 1417 3431 1472; x_wconf 89' lang='lat' dir='ltr'>functus</span> <span class='ocrx_word' id='word_1_524' title='bbox 3484 1432 3619 1488; x_wconf 86' lang='lat' dir='ltr'>pon-</span> 
     </span>
    </p>
   </div>
   <div class='ocr_carea' id='block_1_74' title="bbox 2016 1503 3618 1561">
    <p class='ocr_par' dir='ltr' id='par_1_74' title="bbox 2016 1503 3618 1561">
     <span class='ocr_line' id='line_1_74' title="bbox 2016 1503 3618 1561; baseline 0 -2"><span class='ocrx_word' id='word_1_525' title='bbox 2016 1503 2217 1561; x_wconf 89' lang='lat' dir='ltr'>tiﬁcatu</span> <span class='ocrx_word' id='word_1_526' title='bbox 2250 1505 2577 1560; x_wconf 85' lang='lat' dir='ltr'>Britanniam</span> <span class='ocrx_word' id='word_1_527' title='bbox 2609 1506 2860 1561; x_wconf 78' lang='lat' dir='ltr'>venisset.</span> <span class='ocrx_word' id='word_1_528' title='bbox 2893 1506 3167 1561; x_wconf 88' lang='lat' dir='ltr'>Ceaddam</span> <span class='ocrx_word' id='word_1_529' title='bbox 3216 1505 3618 1560; x_wconf 88' lang='lat' dir='ltr'>Eboracensem</span> 
     </span>
    </p>
   </div>
   <div class='ocr_carea' id='block_1_75' title="bbox 2016 1592 3621 1664">
    <p class='ocr_par' dir='ltr' id='par_1_75' title="bbox 2016 1592 3621 1664">
     <span class='ocr_line' id='line_1_75' title="bbox 2016 1592 3621 1664; baseline 0.001 -17"><span class='ocrx_word' id='word_1_530' title='bbox 2016 1594 2297 1664; x_wconf 87' lang='lat' dir='ltr'>praelatum</span> <span class='ocrx_word' id='word_1_531' title='bbox 2329 1610 2361 1648; x_wconf 92' lang='lat' dir='ltr'>a</span> <span class='ocrx_word' id='word_1_532' title='bbox 2391 1593 2708 1664; x_wconf 91' lang='lat' dir='ltr'>pontiﬁcatu</span> <span class='ocrx_word' id='word_1_533' title='bbox 2739 1594 3031 1661; x_wconf 88' lang='lat' dir='ltr'>submovit,</span> <span class='ocrx_word' id='word_1_534' title='bbox 3066 1610 3130 1649; x_wconf 92' lang='lat' dir='ltr'>eo</span> <span class='ocrx_word' id='word_1_535' title='bbox 3162 1595 3305 1664; x_wconf 91' lang='lat' dir='ltr'>quod</span> <span class='ocrx_word' id='word_1_536' title='bbox 3345 1609 3450 1648; x_wconf 91' lang='lat' dir='ltr'>non</span> <span class='ocrx_word' id='word_1_537' title='bbox 3499 1592 3621 1662; x_wconf 89' lang='lat' dir='ltr'>jure</span> 
     </span>
    </p>
   </div>
   <div class='ocr_carea' id='block_1_76' title="bbox 2016 1680 3621 1752">
    <p class='ocr_par' dir='ltr' id='par_1_76' title="bbox 2016 1680 3621 1752">
     <span class='ocr_line' id='line_1_76' title="bbox 2016 1680 3621 1752; baseline -0.001 -15"><span class='ocrx_word' id='word_1_538' title='bbox 2016 1687 2285 1751; x_wconf 89' lang='lat' dir='ltr'>sacratus,</span> <span class='ocrx_word' id='word_1_539' title='bbox 2319 1683 2512 1752; x_wconf 89' lang='lat' dir='ltr'>injuria</span> <span class='ocrx_word' id='word_1_540' title='bbox 2547 1683 2704 1738; x_wconf 87' lang='lat' dir='ltr'>fuerit</span> <span class='ocrx_word' id='word_1_541' title='bbox 2733 1683 2912 1738; x_wconf 91' lang='lat' dir='ltr'>eidem</span> <span class='ocrx_word' id='word_1_542' title='bbox 2944 1683 3224 1750; x_wconf 88' lang='lat' dir='ltr'>Ecclesia,</span> <span class='ocrx_word' id='word_1_543' title='bbox 3258 1698 3356 1752; x_wconf 89' lang='lat' dir='ltr'>per</span> <span class='ocrx_word' id='word_1_544' title='bbox 3383 1680 3621 1738; x_wconf 82' lang='lat' dir='ltr'>ofﬁcium</span> 
     </span>
    </p>
   </div>
   <div class='ocr_carea' id='block_1_77' title="bbox 1935 1770 3620 1861">
    <p class='ocr_par' dir='ltr' id='par_1_77' title="bbox 1935 1770 3620 1861">
     <span class='ocr_line' id='line_1_77' title="bbox 1935 1770 3620 1861; baseline -0.001 -36"><span class='ocrx_word' id='word_1_545' title='bbox 1935 1799 1991 1861; x_wconf 83' lang='lat' dir='ltr'><strong>B</strong></span> <span class='ocrx_word' id='word_1_546' title='bbox 2020 1771 2360 1861; x_wconf 89' lang='lat' dir='ltr'>sacerdotale</span> <span class='ocrx_word' id='word_1_547' title='bbox 2391 1773 2736 1842; x_wconf 76' lang='lat' dir='ltr'>praepositus.</span> <span class='ocrx_word' id='word_1_548' title='bbox 2768 1773 3003 1861; x_wconf 86' lang='lat' dir='ltr'>Moxque</span> <span class='ocrx_word' id='word_1_549' title='bbox 3043 1771 3360 1861; x_wconf 89' lang='lat' dir='ltr'>Wilfridum</span> <span class='ocrx_word' id='word_1_550' title='bbox 3416 1770 3620 1861; x_wconf 89' lang='lat' dir='ltr'>substi-</span> 
     </span>
    </p>
   </div>
   <div class='ocr_carea' id='block_1_78' title="bbox 2020 1860 3621 1932">
    <p class='ocr_par' dir='ltr' id='par_1_78' title="bbox 2020 1860 3621 1932">
     <span class='ocr_line' id='line_1_78' title="bbox 2020 1860 3621 1932; baseline 0.001 -18"><span class='ocrx_word' id='word_1_551' title='bbox 2020 1860 2137 1928; x_wconf 90' lang='lat' dir='ltr'>tuit,</span> <span class='ocrx_word' id='word_1_552' title='bbox 2171 1867 2224 1915; x_wconf 91' lang='lat' dir='ltr'>et</span> <span class='ocrx_word' id='word_1_553' title='bbox 2244 1860 2293 1916; x_wconf 91' lang='lat' dir='ltr'>ei</span> <span class='ocrx_word' id='word_1_554' title='bbox 2325 1861 2678 1932; x_wconf 89' lang='lat' dir='ltr'>integerrime</span> <span class='ocrx_word' id='word_1_555' title='bbox 2709 1860 3085 1932; x_wconf 87' lang='lat' dir='ltr'>pontiﬁcatum</span> <span class='ocrx_word' id='word_1_556' title='bbox 3115 1860 3400 1930; x_wconf 85' lang='lat' dir='ltr'>Eboraca,</span> <span class='ocrx_word' id='word_1_557' title='bbox 3453 1860 3621 1915; x_wconf 88' lang='lat' dir='ltr'>fretus</span> 
     </span>
    </p>
   </div>
   <div class='ocr_carea' id='block_1_79' title="bbox 2014 1947 3620 2021">
    <p class='ocr_par' dir='ltr' id='par_1_79' title="bbox 2014 1947 3620 2021">
     <span class='ocr_line' id='line_1_79' title="bbox 2014 1947 3620 2021; baseline 0.001 -18"><span class='ocrx_word' id='word_1_558' title='bbox 2014 1949 2333 2004; x_wconf 91' lang='lat' dir='ltr'>auctoritate</span> <span class='ocrx_word' id='word_1_559' title='bbox 2363 1950 2623 2004; x_wconf 86' lang='lat' dir='ltr'>Romana</span> <span class='ocrx_word' id='word_1_560' title='bbox 2651 1949 2816 2016; x_wconf 89' lang='lat' dir='ltr'>sedis,</span> <span class='ocrx_word' id='word_1_561' title='bbox 2841 1949 3132 2021; x_wconf 89' lang='lat' dir='ltr'>delegavit.</span> <span class='ocrx_word' id='word_1_562' title='bbox 3157 1948 3333 2014; x_wconf 88' lang='lat' dir='ltr'>Quem</span> <span class='ocrx_word' id='word_1_563' title='bbox 3361 1947 3620 2018; x_wconf 88' lang='lat' dir='ltr'>deinceps</span> 
     </span>
    </p>
   </div>
   <div class='ocr_carea' id='block_1_80' title="bbox 2017 2037 3622 2107">
    <p class='ocr_par' dir='ltr' id='par_1_80' title="bbox 2017 2037 3622 2107">
     <span class='ocr_line' id='line_1_80' title="bbox 2017 2037 3622 2107; baseline 0 -15"><span class='ocrx_word' id='word_1_564' title='bbox 2017 2037 2086 2092; x_wconf 91' lang='lat' dir='ltr'>ad</span> <span class='ocrx_word' id='word_1_565' title='bbox 2119 2037 2354 2094; x_wconf 91' lang='lat' dir='ltr'>concilia</span> <span class='ocrx_word' id='word_1_566' title='bbox 2383 2053 2482 2094; x_wconf 90' lang='lat' dir='ltr'>sua</span> <span class='ocrx_word' id='word_1_567' title='bbox 2510 2038 2693 2093; x_wconf 90' lang='lat' dir='ltr'>venire</span> <span class='ocrx_word' id='word_1_568' title='bbox 2721 2038 2978 2107; x_wconf 84' lang='lat' dir='ltr'>faciebat,</span> <span class='ocrx_word' id='word_1_569' title='bbox 3027 2047 3076 2093; x_wconf 94' lang='lat' dir='ltr'>et</span> <span class='ocrx_word' id='word_1_570' title='bbox 3134 2037 3254 2107; x_wconf 89' lang='lat' dir='ltr'>ejus</span> <span class='ocrx_word' id='word_1_571' title='bbox 3311 2037 3622 2093; x_wconf 85' lang='lat' dir='ltr'>obedientia</span> 
     </span>
    </p>
   </div>
   <div class='ocr_carea' id='block_1_81' title="bbox 2015 2124 3620 2201">
    <p class='ocr_par' dir='ltr' id='par_1_81' title="bbox 2015 2124 3620 2201">
     <span class='ocr_line' id='line_1_81' title="bbox 2015 2124 3620 2201; baseline -0.002 -20"><span class='ocrx_word' id='word_1_572' title='bbox 2015 2142 2080 2183; x_wconf 92' lang='lat' dir='ltr'>ac</span> <span class='ocrx_word' id='word_1_573' title='bbox 2109 2126 2446 2198; x_wconf 87' lang='lat' dir='ltr'>subjectione</span> <span class='ocrx_word' id='word_1_574' title='bbox 2475 2143 2577 2197; x_wconf 93' lang='lat' dir='ltr'>pro</span> <span class='ocrx_word' id='word_1_575' title='bbox 2609 2135 2917 2199; x_wconf 89' lang='lat' dir='ltr'>temporum</span> <span class='ocrx_word' id='word_1_576' title='bbox 2974 2126 3236 2201; x_wconf 83' lang='lat' dir='ltr'>qualitate</span> <span class='ocrx_word' id='word_1_577' title='bbox 3290 2141 3389 2196; x_wconf 91' lang='lat' dir='ltr'>per</span> <span class='ocrx_word' id='word_1_578' title='bbox 3439 2124 3620 2180; x_wconf 90' lang='lat' dir='ltr'>omnia</span> 
     </span>
    </p>
   </div>
   <div class='ocr_carea' id='block_1_82' title="bbox 2013 2213 3620 2286">
    <p class='ocr_par' dir='ltr' id='par_1_82' title="bbox 2013 2213 3620 2286">
     <span class='ocr_line' id='line_1_82' title="bbox 2013 2213 3620 2286; baseline -0.001 -16"><span class='ocrx_word' id='word_1_579' title='bbox 2013 2215 2282 2270; x_wconf 88' lang='lat' dir='ltr'>utebatur.</span> <span class='ocrx_word' id='word_1_580' title='bbox 2345 2216 2502 2271; x_wconf 85' lang='lat' dir='ltr'>Hunc</span> <span class='ocrx_word' id='word_1_581' title='bbox 2557 2216 2719 2271; x_wconf 88' lang='lat' dir='ltr'>etiam</span> <span class='ocrx_word' id='word_1_582' title='bbox 2787 2215 3152 2284; x_wconf 90' lang='lat' dir='ltr'>postmodum,</span> <span class='ocrx_word' id='word_1_583' title='bbox 3211 2213 3620 2286; x_wconf 84' lang='lat' dir='ltr'>emergentibus</span> 
     </span>
    </p>
   </div>
   <div class='ocr_carea' id='block_1_83' title="bbox 2015 2303 3620 2376">
    <p class='ocr_par' dir='ltr' id='par_1_83' title="bbox 2015 2303 3620 2376">
     <span class='ocr_line' id='line_1_83' title="bbox 2015 2303 3620 2376; baseline -0.002 -17"><span class='ocrx_word' id='word_1_584' title='bbox 2015 2305 2274 2376; x_wconf 87' lang='lat' dir='ltr'>querelis,</span> <span class='ocrx_word' id='word_1_585' title='bbox 2307 2321 2441 2375; x_wconf 90' lang='lat' dir='ltr'>quas</span> <span class='ocrx_word' id='word_1_586' title='bbox 2470 2318 2901 2360; x_wconf 89' lang='lat' dir='ltr'>commemorare</span> <span class='ocrx_word' id='word_1_587' title='bbox 2957 2303 3341 2375; x_wconf 87' lang='lat' dir='ltr'>longissimum</span> <span class='ocrx_word' id='word_1_588' title='bbox 3401 2311 3502 2371; x_wconf 88' lang='lat' dir='ltr'>est,</span> <span class='ocrx_word' id='word_1_589' title='bbox 3561 2303 3620 2357; x_wconf 91' lang='lat' dir='ltr'>in</span> 
     </span>
    </p>
   </div>
   <div class='ocr_carea' id='block_1_84' title="bbox 2013 2391 3616 2464">
    <p class='ocr_par' dir='ltr' id='par_1_84' title="bbox 2013 2391 3616 2464">
     <span class='ocr_line' id='line_1_84' title="bbox 2013 2391 3616 2464; baseline -0.002 -16"><span class='ocrx_word' id='word_1_590' title='bbox 2013 2411 2110 2449; x_wconf 88' lang='lat' dir='ltr'>sua</span> <span class='ocrx_word' id='word_1_591' title='bbox 2138 2393 2383 2449; x_wconf 90' lang='lat' dir='ltr'>Ecclesia</span> <span class='ocrx_word' id='word_1_592' title='bbox 2414 2393 2666 2461; x_wconf 89' lang='lat' dir='ltr'>Eboraci,</span> <span class='ocrx_word' id='word_1_593' title='bbox 2699 2407 2805 2449; x_wconf 91' lang='lat' dir='ltr'>non</span> <span class='ocrx_word' id='word_1_594' title='bbox 2836 2392 3014 2448; x_wconf 90' lang='lat' dir='ltr'>solum</span> <span class='ocrx_word' id='word_1_595' title='bbox 3051 2391 3375 2464; x_wconf 87' lang='lat' dir='ltr'>episc0patu</span> <span class='ocrx_word' id='word_1_596' title='bbox 3429 2391 3616 2462; x_wconf 87' lang='lat' dir='ltr'>priva-</span> 
     </span>
    </p>
   </div>
   <div class='ocr_carea' id='block_1_85' title="bbox 2013 2479 3621 2552">
    <p class='ocr_par' dir='ltr' id='par_1_85' title="bbox 2013 2479 3621 2552">
     <span class='ocr_line' id='line_1_85' title="bbox 2013 2479 3621 2552; baseline -0.002 -15"><span class='ocrx_word' id='word_1_597' title='bbox 2013 2483 2108 2548; x_wconf 85' lang='lat' dir='ltr'>vit,</span> <span class='ocrx_word' id='word_1_598' title='bbox 2141 2483 2233 2538; x_wconf 89' lang='lat' dir='ltr'>sed</span> <span class='ocrx_word' id='word_1_599' title='bbox 2264 2490 2318 2536; x_wconf 92' lang='lat' dir='ltr'>et</span> <span class='ocrx_word' id='word_1_600' title='bbox 2347 2481 2665 2552; x_wconf 87' lang='lat' dir='ltr'>parochiam</span> <span class='ocrx_word' id='word_1_601' title='bbox 2695 2482 2808 2550; x_wconf 91' lang='lat' dir='ltr'>ejus</span> <span class='ocrx_word' id='word_1_602' title='bbox 2836 2479 2890 2537; x_wconf 92' lang='lat' dir='ltr'>in</span> <span class='ocrx_word' id='word_1_603' title='bbox 2922 2488 3032 2536; x_wconf 91' lang='lat' dir='ltr'>tres</span> <span class='ocrx_word' id='word_1_604' title='bbox 3078 2481 3390 2552; x_wconf 87' lang='lat' dir='ltr'>episcopos,</span> <span class='ocrx_word' id='word_1_605' title='bbox 3447 2481 3621 2534; x_wconf 88' lang='lat' dir='ltr'>libera</span> 
     </span>
    </p>
   </div>
   <div class='ocr_carea' id='block_1_86' title="bbox 2013 2568 3619 2644">
    <p class='ocr_par' dir='ltr' id='par_1_86' title="bbox 2013 2568 3619 2644">
     <span class='ocr_line' id='line_1_86' title="bbox 2013 2568 3619 2644; baseline -0.001 -20"><span class='ocrx_word' id='word_1_606' title='bbox 2013 2579 2172 2625; x_wconf 90' lang='lat' dir='ltr'>utens</span> <span class='ocrx_word' id='word_1_607' title='bbox 2200 2578 2488 2644; x_wconf 85' lang='lat' dir='ltr'>potestate,</span> <span class='ocrx_word' id='word_1_608' title='bbox 2520 2568 2816 2625; x_wconf 89' lang='lat' dir='ltr'>distribuit.</span> <span class='ocrx_word' id='word_1_609' title='bbox 2851 2569 3084 2636; x_wconf 89' lang='lat' dir='ltr'>Deinde,</span> <span class='ocrx_word' id='word_1_610' title='bbox 3116 2570 3294 2624; x_wconf 88' lang='lat' dir='ltr'>soluto</span> <span class='ocrx_word' id='word_1_611' title='bbox 3323 2569 3490 2641; x_wconf 88' lang='lat' dir='ltr'>ipsius</span> <span class='ocrx_word' id='word_1_612' title='bbox 3528 2568 3619 2622; x_wconf 91' lang='lat' dir='ltr'>di-</span> 
     </span>
    </p>
   </div>
   <div class='ocr_carea' id='block_1_87' title="bbox 2011 2657 3619 2730">
    <p class='ocr_par' dir='ltr' id='par_1_87' title="bbox 2011 2657 3619 2730">
     <span class='ocr_line' id='line_1_87' title="bbox 2011 2657 3619 2730; baseline -0.001 -17"><span class='ocrx_word' id='word_1_613' title='bbox 2011 2659 2164 2714; x_wconf 90' lang='lat' dir='ltr'>scidii</span> <span class='ocrx_word' id='word_1_614' title='bbox 2195 2659 2359 2727; x_wconf 91' lang='lat' dir='ltr'>nodo,</span> <span class='ocrx_word' id='word_1_615' title='bbox 2387 2661 2544 2730; x_wconf 81' lang='lat' dir='ltr'>juxta</span> <span class='ocrx_word' id='word_1_616' title='bbox 2574 2658 2837 2728; x_wconf 91' lang='lat' dir='ltr'>placitum</span> <span class='ocrx_word' id='word_1_617' title='bbox 2892 2658 3188 2714; x_wconf 86' lang='lat' dir='ltr'>voluntatis</span> <span class='ocrx_word' id='word_1_618' title='bbox 3236 2675 3364 2723; x_wconf 86' lang='lat' dir='ltr'>sua,</span> <span class='ocrx_word' id='word_1_619' title='bbox 3397 2657 3619 2714; x_wconf 89' lang='lat' dir='ltr'>remotis</span> 
     </span>
    </p>
   </div>
   <div class='ocr_carea' id='block_1_88' title="bbox 2012 2745 3612 2819">
    <p class='ocr_par' dir='ltr' id='par_1_88' title="bbox 2012 2745 3612 2819">
     <span class='ocr_line' id='line_1_88' title="bbox 2012 2745 3612 2819; baseline -0.001 -17"><span class='ocrx_word' id='word_1_620' title='bbox 2012 2749 2149 2818; x_wconf 89' lang='lat' dir='ltr'>ipsis</span> <span class='ocrx_word' id='word_1_621' title='bbox 2179 2747 2470 2819; x_wconf 82' lang='lat' dir='ltr'>episcOpis,</span> <span class='ocrx_word' id='word_1_622' title='bbox 2503 2746 2753 2802; x_wconf 90' lang='lat' dir='ltr'>eumdem</span> <span class='ocrx_word' id='word_1_623' title='bbox 2785 2747 3104 2802; x_wconf 88' lang='lat' dir='ltr'>Wilfridum</span> <span class='ocrx_word' id='word_1_624' title='bbox 3135 2746 3380 2818; x_wconf 88' lang='lat' dir='ltr'>pristina</span> <span class='ocrx_word' id='word_1_625' title='bbox 3420 2745 3612 2818; x_wconf 86' lang='lat' dir='ltr'>digni-</span> 
     </span>
    </p>
   </div>
   <div class='ocr_carea' id='block_1_89' title="bbox 2014 2835 3610 2902">
    <p class='ocr_par' dir='ltr' id='par_1_89' title="bbox 2014 2835 3610 2902">
     <span class='ocr_line' id='line_1_89' title="bbox 2014 2835 3610 2902; baseline 0 -12"><span class='ocrx_word' id='word_1_626' title='bbox 2014 2837 2104 2890; x_wconf 91' lang='lat' dir='ltr'><strong>tati</strong></span> <span class='ocrx_word' id='word_1_627' title='bbox 2136 2836 2396 2891; x_wconf 89' lang='lat' dir='ltr'>restituit.</span> <span class='ocrx_word' id='word_1_628' title='bbox 2433 2836 2580 2890; x_wconf 87' lang='lat' dir='ltr'>Nihil</span> <span class='ocrx_word' id='word_1_629' title='bbox 2612 2837 2739 2891; x_wconf 91' lang='lat' dir='ltr'>novi</span> <span class='ocrx_word' id='word_1_630' title='bbox 2769 2835 3002 2898; x_wconf 90' lang='lat' dir='ltr'>dicitur;</span> <span class='ocrx_word' id='word_1_631' title='bbox 3055 2844 3241 2891; x_wconf 82' lang='lat' dir='ltr'>vetera</span> <span class='ocrx_word' id='word_1_632' title='bbox 3294 2843 3417 2890; x_wconf 91' lang='lat' dir='ltr'>sunt</span> <span class='ocrx_word' id='word_1_633' title='bbox 3471 2836 3610 2902; x_wconf 87' lang='lat' dir='ltr'>hac,</span> 
     </span>
    </p>
   </div>
   <div class='ocr_carea' id='block_1_90' title="bbox 2011 2923 3619 2997">
    <p class='ocr_par' dir='ltr' id='par_1_90' title="bbox 2011 2923 3619 2997">
     <span class='ocr_line' id='line_1_90' title="bbox 2011 2923 3619 2997; baseline -0.002 -15"><span class='ocrx_word' id='word_1_634' title='bbox 2011 2933 2064 2982; x_wconf 90' lang='lat' dir='ltr'>et</span> <span class='ocrx_word' id='word_1_635' title='bbox 2093 2927 2435 2997; x_wconf 90' lang='lat' dir='ltr'>antiquorum</span> <span class='ocrx_word' id='word_1_636' title='bbox 2465 2933 2622 2997; x_wconf 87' lang='lat' dir='ltr'>gesta</span> <span class='ocrx_word' id='word_1_637' title='bbox 2666 2923 2959 2980; x_wconf 91' lang='lat' dir='ltr'>scientibus</span> <span class='ocrx_word' id='word_1_638' title='bbox 3013 2924 3445 2981; x_wconf 87' lang='lat' dir='ltr'>evidentissima.</span> <span class='ocrx_word' id='word_1_639' title='bbox 3478 2925 3619 2980; x_wconf 88' lang='lat' dir='ltr'>Illud</span> 
     </span>
    </p>
   </div>
   <div class='ocr_carea' id='block_1_91' title="bbox 2010 3012 3617 3086">
    <p class='ocr_par' dir='ltr' id='par_1_91' title="bbox 2010 3012 3617 3086">
     <span class='ocr_line' id='line_1_91' title="bbox 2010 3012 3617 3086; baseline -0.002 -17"><span class='ocrx_word' id='word_1_640' title='bbox 2010 3031 2224 3086; x_wconf 91' lang='lat' dir='ltr'>quoque</span> <span class='ocrx_word' id='word_1_641' title='bbox 2255 3031 2359 3070; x_wconf 91' lang='lat' dir='ltr'>non</span> <span class='ocrx_word' id='word_1_642' title='bbox 2392 3013 2616 3069; x_wconf 91' lang='lat' dir='ltr'>minoris</span> <span class='ocrx_word' id='word_1_643' title='bbox 2664 3013 2950 3070; x_wconf 87' lang='lat' dir='ltr'>evidentia</span> <span class='ocrx_word' id='word_1_644' title='bbox 2978 3012 3099 3070; x_wconf 90' lang='lat' dir='ltr'>luce</span> <span class='ocrx_word' id='word_1_645' title='bbox 3128 3013 3382 3084; x_wconf 90' lang='lat' dir='ltr'>patescit,</span> <span class='ocrx_word' id='word_1_646' title='bbox 3444 3012 3617 3069; x_wconf 80' lang='lat' dir='ltr'>Brith-</span> 
     </span>
    </p>
   </div>
   <div class='ocr_carea' id='block_1_92' title="bbox 2010 3101 3618 3174">
    <p class='ocr_par' dir='ltr' id='par_1_92' title="bbox 2010 3101 3618 3174">
     <span class='ocr_line' id='line_1_92' title="bbox 2010 3101 3618 3174; baseline 0 -18"><span class='ocrx_word' id='word_1_647' title='bbox 2010 3103 2248 3159; x_wconf 87' lang='lat' dir='ltr'>waldum</span> <span class='ocrx_word' id='word_1_648' title='bbox 2278 3117 2641 3158; x_wconf 86' lang='lat' dir='ltr'>successorem</span> <span class='ocrx_word' id='word_1_649' title='bbox 2673 3103 2848 3174; x_wconf 90' lang='lat' dir='ltr'>ipsius</span> <span class='ocrx_word' id='word_1_650' title='bbox 2905 3102 3196 3170; x_wconf 90' lang='lat' dir='ltr'>Theodori,</span> <span class='ocrx_word' id='word_1_651' title='bbox 3230 3102 3382 3156; x_wconf 91' lang='lat' dir='ltr'>illum</span> <span class='ocrx_word' id='word_1_652' title='bbox 3441 3101 3618 3172; x_wconf 88' lang='lat' dir='ltr'>ipsum</span> 
     </span>
    </p>
   </div>
   <div class='ocr_carea' id='block_1_93' title="bbox 2007 3191 3610 3262">
    <p class='ocr_par' dir='ltr' id='par_1_93' title="bbox 2007 3191 3610 3262">
     <span class='ocr_line' id='line_1_93' title="bbox 2007 3191 3610 3262; baseline 0 -18"><span class='ocrx_word' id='word_1_653' title='bbox 2007 3191 2354 3258; x_wconf 89' lang='lat' dir='ltr'>Wilfridnm,</span> <span class='ocrx_word' id='word_1_654' title='bbox 2375 3191 2666 3261; x_wconf 88' lang='lat' dir='ltr'>cujusdam</span> <span class='ocrx_word' id='word_1_655' title='bbox 2685 3191 3072 3246; x_wconf 70' lang='lat' dir='ltr'>inobedientia</span> <span class='ocrx_word' id='word_1_656' title='bbox 3085 3191 3248 3262; x_wconf 91' lang='lat' dir='ltr'>culpa</span> <span class='ocrx_word' id='word_1_657' title='bbox 3279 3197 3610 3256; x_wconf 90' lang='lat' dir='ltr'>accusatum,</span> 
     </span>
    </p>
   </div>
   <div class='ocr_carea' id='block_1_94' title="bbox 2007 3279 3613 3350">
    <p class='ocr_par' dir='ltr' id='par_1_94' title="bbox 2007 3279 3613 3350">
     <span class='ocr_line' id='line_1_94' title="bbox 2007 3279 3613 3350; baseline -0.001 -16"><span class='ocrx_word' id='word_1_658' title='bbox 2007 3281 2243 3336; x_wconf 88' lang='lat' dir='ltr'>secundo</span> <span class='ocrx_word' id='word_1_659' title='bbox 2275 3280 2342 3333; x_wconf 87' lang='lat' dir='ltr'>ab</span> <span class='ocrx_word' id='word_1_660' title='bbox 2373 3280 2689 3350; x_wconf 91' lang='lat' dir='ltr'>episcopatu</span> <span class='ocrx_word' id='word_1_661' title='bbox 2720 3279 3054 3349; x_wconf 85' lang='lat' dir='ltr'>deposuisse,</span> <span class='ocrx_word' id='word_1_662' title='bbox 3089 3293 3153 3334; x_wconf 91' lang='lat' dir='ltr'>ac</span> <span class='ocrx_word' id='word_1_663' title='bbox 3201 3288 3396 3349; x_wconf 90' lang='lat' dir='ltr'>postea</span> <span class='ocrx_word' id='word_1_664' title='bbox 3452 3295 3613 3334; x_wconf 90' lang='lat' dir='ltr'>sene-</span> 
     </span>
    </p>
   </div>
   <div class='ocr_carea' id='block_1_95' title="bbox 2008 3365 3616 3440">
    <p class='ocr_par' dir='ltr' id='par_1_95' title="bbox 2008 3365 3616 3440">
     <span class='ocr_line' id='line_1_95' title="bbox 2008 3365 3616 3440; baseline -0.001 -18"><span class='ocrx_word' id='word_1_665' title='bbox 2008 3369 2138 3422; x_wconf 90' lang='lat' dir='ltr'>ctuti</span> <span class='ocrx_word' id='word_1_666' title='bbox 2171 3369 2285 3436; x_wconf 88' lang='lat' dir='ltr'>ejus</span> <span class='ocrx_word' id='word_1_667' title='bbox 2315 3376 2366 3422; x_wconf 91' lang='lat' dir='ltr'>et</span> <span class='ocrx_word' id='word_1_668' title='bbox 2404 3367 2655 3440; x_wconf 86' lang='lat' dir='ltr'>religioni</span> <span class='ocrx_word' id='word_1_669' title='bbox 2713 3383 3084 3437; x_wconf 88' lang='lat' dir='ltr'>compassum,</span> <span class='ocrx_word' id='word_1_670' title='bbox 3141 3367 3224 3421; x_wconf 92' lang='lat' dir='ltr'>sui</span> <span class='ocrx_word' id='word_1_671' title='bbox 3270 3365 3616 3436; x_wconf 90' lang='lat' dir='ltr'>pontiﬁcatus</span> 
     </span>
    </p>
   </div>
   <div class='ocr_carea' id='block_1_96' title="bbox 2009 3455 3606 3528">
    <p class='ocr_par' dir='ltr' id='par_1_96' title="bbox 2009 3455 3606 3528">
     <span class='ocr_line' id='line_1_96' title="bbox 2009 3455 3606 3528; baseline -0.002 -18"><span class='ocrx_word' id='word_1_672' title='bbox 2009 3457 2202 3528; x_wconf 81' lang='lat' dir='ltr'>gradui</span> <span class='ocrx_word' id='word_1_673' title='bbox 2235 3455 2534 3511; x_wconf 88' lang='lat' dir='ltr'>restituisse</span> <span class='ocrx_word' id='word_1_674' title='bbox 2559 3457 2626 3510; x_wconf 92' lang='lat' dir='ltr'>ab</span> <span class='ocrx_word' id='word_1_675' title='bbox 2668 3455 2970 3528; x_wconf 88' lang='lat' dir='ltr'>apostolica</span> <span class='ocrx_word' id='word_1_676' title='bbox 3019 3457 3152 3510; x_wconf 90' lang='lat' dir='ltr'>sede</span> <span class='ocrx_word' id='word_1_677' title='bbox 3210 3455 3606 3524; x_wconf 88' lang='lat' dir='ltr'>interpellatus.</span> 
     </span>
    </p>
   </div>
   <div class='ocr_carea' id='block_1_97' title="bbox 2007 3541 3603 3616">
    <p class='ocr_par' dir='ltr' id='par_1_97' title="bbox 2007 3541 3603 3616">
     <span class='ocr_line' id='line_1_97' title="bbox 2007 3541 3603 3616; baseline -0.003 -17"><span class='ocrx_word' id='word_1_678' title='bbox 2007 3545 2118 3599; x_wconf 88' lang='lat' dir='ltr'>Sed</span> <span class='ocrx_word' id='word_1_679' title='bbox 2149 3543 2277 3616; x_wconf 88' lang='lat' dir='ltr'>quid</span> <span class='ocrx_word' id='word_1_680' title='bbox 2301 3544 2457 3613; x_wconf 88' lang='lat' dir='ltr'>juvat</span> <span class='ocrx_word' id='word_1_681' title='bbox 2487 3544 2693 3598; x_wconf 86' lang='lat' dir='ltr'>inﬁnita</span> <span class='ocrx_word' id='word_1_682' title='bbox 2723 3552 3017 3598; x_wconf 84' lang='lat' dir='ltr'>contexere</span> <span class='ocrx_word' id='word_1_683' title='bbox 3039 3544 3066 3594; x_wconf 72' lang='lat'>‘2</span> <span class='ocrx_word' id='word_1_684' title='bbox 3097 3545 3282 3614; x_wconf 90' lang='lat' dir='ltr'>Itaque</span> <span class='ocrx_word' id='word_1_685' title='bbox 3312 3541 3379 3596; x_wconf 91' lang='lat' dir='ltr'>de</span> <span class='ocrx_word' id='word_1_686' title='bbox 3409 3541 3603 3608; x_wconf 87' lang='lat' dir='ltr'>hisita,</span> 
     </span>
    </p>
   </div>
   <div class='ocr_carea' id='block_1_98' title="bbox 2007 3629 3610 3703">
    <p class='ocr_par' dir='ltr' id='par_1_98' title="bbox 2007 3629 3610 3703">
     <span class='ocr_line' id='line_1_98' title="bbox 2007 3629 3610 3703; baseline -0.001 -17"><span class='ocrx_word' id='word_1_687' title='bbox 2007 3642 2063 3687; x_wconf 87' lang='lat' dir='ltr'>ut</span> <span class='ocrx_word' id='word_1_688' title='bbox 2093 3633 2182 3703; x_wconf 92' lang='lat' dir='ltr'>qui</span> <span class='ocrx_word' id='word_1_689' title='bbox 2215 3631 2480 3688; x_wconf 89' lang='lat' dir='ltr'>Ecclesia</span> <span class='ocrx_word' id='word_1_690' title='bbox 2509 3633 2705 3687; x_wconf 89' lang='lat' dir='ltr'>Christi</span> <span class='ocrx_word' id='word_1_691' title='bbox 2739 3631 3143 3686; x_wconf 70' lang='lat' dir='ltr'>(lantuariensis</span> <span class='ocrx_word' id='word_1_692' title='bbox 3173 3629 3475 3686; x_wconf 91' lang='lat' dir='ltr'>auctoritati</span> <span class='ocrx_word' id='word_1_693' title='bbox 3504 3630 3610 3684; x_wconf 87' lang='lat' dir='ltr'>de-</span> 
     </span>
    </p>
   </div>
   <div class='ocr_carea' id='block_1_99' title="bbox 2005 3720 3614 3794">
    <p class='ocr_par' dir='ltr' id='par_1_99' title="bbox 2005 3720 3614 3794">
     <span class='ocr_line' id='line_1_99' title="bbox 2005 3720 3614 3794; baseline -0.002 -17"><span class='ocrx_word' id='word_1_694' title='bbox 2005 3737 2200 3794; x_wconf 88' lang='lat' dir='ltr'>rOgare</span> <span class='ocrx_word' id='word_1_695' title='bbox 2231 3738 2341 3776; x_wconf 93' lang='lat' dir='ltr'>non</span> <span class='ocrx_word' id='word_1_696' title='bbox 2364 3725 2631 3788; x_wconf 91' lang='lat' dir='ltr'>metuunt,</span> <span class='ocrx_word' id='word_1_697' title='bbox 2656 3720 2844 3774; x_wconf 91' lang='lat' dir='ltr'>saltem</span> <span class='ocrx_word' id='word_1_698' title='bbox 2875 3736 2935 3775; x_wconf 90' lang='lat' dir='ltr'>se</span> <span class='ocrx_word' id='word_1_699' title='bbox 2967 3720 3020 3773; x_wconf 93' lang='lat' dir='ltr'>in</span> <span class='ocrx_word' id='word_1_700' title='bbox 3039 3721 3244 3774; x_wconf 88' lang='lat' dir='ltr'>lumine</span> <span class='ocrx_word' id='word_1_701' title='bbox 3273 3720 3484 3790; x_wconf 90' lang='lat' dir='ltr'>positos</span> <span class='ocrx_word' id='word_1_702' title='bbox 3505 3734 3614 3774; x_wconf 90' lang='lat' dir='ltr'>non</span> 
     </span>
    </p>
   </div>
   <div class='ocr_carea' id='block_1_100' title="bbox 2007 3807 3609 3881">
    <p class='ocr_par' dir='ltr' id='par_1_100' title="bbox 2007 3807 3609 3881">
     <span class='ocr_line' id='line_1_100' title="bbox 2007 3807 3609 3881; baseline -0.002 -15"><span class='ocrx_word' id='word_1_703' title='bbox 2007 3826 2167 3881; x_wconf 91' lang='lat' dir='ltr'>posse</span> <span class='ocrx_word' id='word_1_704' title='bbox 2198 3811 2387 3868; x_wconf 87' lang='lat' dir='ltr'>videre</span> <span class='ocrx_word' id='word_1_705' title='bbox 2412 3810 2752 3873; x_wconf 81' lang='lat' dir='ltr'>erubescant,</span> <span class='ocrx_word' id='word_1_706' title='bbox 2787 3816 2836 3864; x_wconf 90' lang='lat' dir='ltr'>et</span> <span class='ocrx_word' id='word_1_707' title='bbox 2868 3809 2954 3865; x_wconf 89' lang='lat' dir='ltr'>vel</span> <span class='ocrx_word' id='word_1_708' title='bbox 2983 3809 3180 3864; x_wconf 91' lang='lat' dir='ltr'>amodo</span> <span class='ocrx_word' id='word_1_709' title='bbox 3211 3824 3306 3863; x_wconf 91' lang='lat' dir='ltr'>ora</span> <span class='ocrx_word' id='word_1_710' title='bbox 3353 3807 3609 3864; x_wconf 89' lang='lat' dir='ltr'>claudant</span> 
     </span>
    </p>
   </div>
   <div class='ocr_carea' id='block_1_101' title="bbox 2007 3895 3611 3970">
    <p class='ocr_par' dir='ltr' id='par_1_101' title="bbox 2007 3895 3611 3970">
     <span class='ocr_line' id='line_1_101' title="bbox 2007 3895 3611 3970; baseline -0.001 -17"><span class='ocrx_word' id='word_1_711' title='bbox 2007 3915 2075 3954; x_wconf 92' lang='lat' dir='ltr'>ne</span> <span class='ocrx_word' id='word_1_712' title='bbox 2104 3915 2274 3970; x_wconf 89' lang='lat' dir='ltr'>prava</span> <span class='ocrx_word' id='word_1_713' title='bbox 2301 3901 2605 3970; x_wconf 91' lang='lat' dir='ltr'>loquentes,</span> <span class='ocrx_word' id='word_1_714' title='bbox 2638 3903 2786 3953; x_wconf 91' lang='lat' dir='ltr'>recta</span> <span class='ocrx_word' id='word_1_715' title='bbox 2818 3899 3127 3952; x_wconf 89' lang='lat' dir='ltr'>amantibus</span> <span class='ocrx_word' id='word_1_716' title='bbox 3140 3895 3440 3967; x_wconf 88' lang='lat' dir='ltr'>opprobrio</span> <span class='ocrx_word' id='word_1_717' title='bbox 3462 3895 3611 3952; x_wconf 84' lang='lat' dir='ltr'>ﬁant.</span> 
     </span>
    </p>
   </div>
   <div class='ocr_carea' id='block_1_102' title="bbox 2006 3985 3613 4057">
    <p class='ocr_par' dir='ltr' id='par_1_102' title="bbox 2006 3985 3613 4057">
     <span class='ocr_line' id='line_1_102' title="bbox 2006 3985 3613 4057; baseline -0.001 -17"><span class='ocrx_word' id='word_1_718' title='bbox 2006 3988 2130 4057; x_wconf 89' lang='lat' dir='ltr'>Ipso</span> <span class='ocrx_word' id='word_1_719' title='bbox 2163 4003 2306 4042; x_wconf 89' lang='lat' dir='ltr'>anno</span> <span class='ocrx_word' id='word_1_720' title='bbox 2338 4003 2445 4056; x_wconf 91' lang='lat' dir='ltr'>quo</span> <span class='ocrx_word' id='word_1_721' title='bbox 2472 3987 2735 4041; x_wconf 84' lang='lat' dir='ltr'>Radulfus</span> <span class='ocrx_word' id='word_1_722' title='bbox 2792 3986 3234 4056; x_wconf 86' lang='lat' dir='ltr'>archiepiscopus</span> <span class='ocrx_word' id='word_1_723' title='bbox 3290 3985 3613 4039; x_wconf 89' lang='lat' dir='ltr'>Cantuario-</span> 
     </span>
    </p>
   </div>
   <div class='ocr_carea' id='block_1_103' title="bbox 2006 4073 3613 4143">
    <p class='ocr_par' dir='ltr' id='par_1_103' title="bbox 2006 4073 3613 4143">
     <span class='ocr_line' id='line_1_103' title="bbox 2006 4073 3613 4143; baseline -0.001 -16"><span class='ocrx_word' id='word_1_724' title='bbox 2006 4091 2124 4128; x_wconf 89' lang='lat' dir='ltr'>rum</span> <span class='ocrx_word' id='word_1_725' title='bbox 2156 4076 2224 4132; x_wconf 86' lang='lat' dir='ltr'>de</span> <span class='ocrx_word' id='word_1_726' title='bbox 2256 4075 2633 4128; x_wconf 89' lang='lat' dir='ltr'>transmarinis</span> <span class='ocrx_word' id='word_1_727' title='bbox 2663 4074 2902 4143; x_wconf 87' lang='lat' dir='ltr'>partibus</span> <span class='ocrx_word' id='word_1_728' title='bbox 2946 4074 3001 4126; x_wconf 91' lang='lat' dir='ltr'>in</span> <span class='ocrx_word' id='word_1_729' title='bbox 3057 4073 3306 4143; x_wconf 88' lang='lat' dir='ltr'>Angliam</span> <span class='ocrx_word' id='word_1_730' title='bbox 3366 4088 3613 4127; x_wconf 90' lang='lat' dir='ltr'>reversus</span> 
     </span>
    </p>
   </div>
   <div class='ocr_carea' id='block_1_104' title="bbox 2006 4159 3609 4234">
    <p class='ocr_par' dir='ltr' id='par_1_104' title="bbox 2006 4159 3609 4234">
     <span class='ocr_line' id='line_1_104' title="bbox 2006 4159 3609 4234; baseline -0.001 -18"><span class='ocrx_word' id='word_1_731' title='bbox 2006 4171 2107 4231; x_wconf 89' lang='lat' dir='ltr'>est,</span> <span class='ocrx_word' id='word_1_732' title='bbox 2142 4163 2232 4234; x_wconf 93' lang='lat' dir='ltr'>qui</span> <span class='ocrx_word' id='word_1_733' title='bbox 2266 4162 2363 4215; x_wconf 91' lang='lat' dir='ltr'>fuit</span> <span class='ocrx_word' id='word_1_734' title='bbox 2393 4178 2566 4215; x_wconf 90' lang='lat' dir='ltr'>annus</span> <span class='ocrx_word' id='word_1_735' title='bbox 2596 4163 2664 4216; x_wconf 89' lang='lat' dir='ltr'>ab</span> <span class='ocrx_word' id='word_1_736' title='bbox 2687 4161 3063 4216; x_wconf 88' lang='lat' dir='ltr'>lncarnatione</span> <span class='ocrx_word' id='word_1_737' title='bbox 3093 4159 3273 4214; x_wconf 86' lang='lat' dir='ltr'>Verbi</span> <span class='ocrx_word' id='word_1_738' title='bbox 3300 4160 3399 4214; x_wconf 88' lang='lat' dir='ltr'>Dei</span> <span class='ocrx_word' id='word_1_739' title='bbox 3427 4159 3609 4214; x_wconf 87' lang='lat' dir='ltr'>mille-</span> 
     </span>
    </p>
   </div>
   <div class='ocr_carea' id='block_1_105' title="bbox 2002 4247 3610 4315">
    <p class='ocr_par' dir='ltr' id='par_1_105' title="bbox 2002 4247 3610 4315">
     <span class='ocr_line' id='line_1_105' title="bbox 2002 4247 3610 4315; baseline 0 -12"><span class='ocrx_word' id='word_1_740' title='bbox 2002 4252 2174 4305; x_wconf 89' lang='lat' dir='ltr'>simus</span> <span class='ocrx_word' id='word_1_741' title='bbox 2204 4250 2531 4305; x_wconf 88' lang='lat' dir='ltr'>centesimus</span> <span class='ocrx_word' id='word_1_742' title='bbox 2563 4249 2874 4315; x_wconf 86' lang='lat' dir='ltr'>vicesimus,</span> <span class='ocrx_word' id='word_1_743' title='bbox 2906 4257 3168 4303; x_wconf 91' lang='lat' dir='ltr'>venerunt</span> <span class='ocrx_word' id='word_1_744' title='bbox 3197 4247 3266 4302; x_wconf 91' lang='lat' dir='ltr'><strong>ad</strong></span> <span class='ocrx_word' id='word_1_745' title='bbox 3298 4263 3422 4302; x_wconf 90' lang='lat' dir='ltr'>eum</span> <span class='ocrx_word' id='word_1_746' title='bbox 3453 4248 3610 4304; x_wconf 90' lang='lat' dir='ltr'>missi</span> 
     </span>
    </p>
   </div>
   <div class='ocr_carea' id='block_1_106' title="bbox 2001 4336 3600 4411">
    <p class='ocr_par' dir='ltr' id='par_1_106' title="bbox 2001 4336 3600 4411">
     <span class='ocr_line' id='line_1_106' title="bbox 2001 4336 3600 4411; baseline -0.002 -18"><span class='ocrx_word' id='word_1_747' title='bbox 2001 4339 2069 4393; x_wconf 91' lang='lat' dir='ltr'>ab</span> <span class='ocrx_word' id='word_1_748' title='bbox 2100 4339 2408 4395; x_wconf 87' lang='lat' dir='ltr'>Alexandro</span> <span class='ocrx_word' id='word_1_749' title='bbox 2439 4355 2574 4411; x_wconf 88' lang='lat' dir='ltr'>rege</span> <span class='ocrx_word' id='word_1_750' title='bbox 2632 4338 2913 4393; x_wconf 88' lang='lat' dir='ltr'>Scotorum</span> <span class='ocrx_word' id='word_1_751' title='bbox 2971 4336 3192 4406; x_wconf 85' lang='lat' dir='ltr'>quidam</span> <span class='ocrx_word' id='word_1_752' title='bbox 3251 4337 3495 4391; x_wconf 90' lang='lat' dir='ltr'>honorati</span> <span class='ocrx_word' id='word_1_753' title='bbox 3549 4345 3600 4391; x_wconf 95' lang='lat' dir='ltr'>et</span> 
     </span>
    </p>
   </div>
   <div class='ocr_carea' id='block_1_107' title="bbox 2000 4425 3610 4496">
    <p class='ocr_par' dir='ltr' id='par_1_107' title="bbox 2000 4425 3610 4496">
     <span class='ocr_line' id='line_1_107' title="bbox 2000 4425 3610 4496; baseline -0.002 -14"><span class='ocrx_word' id='word_1_754' title='bbox 2000 4429 2201 4483; x_wconf 89' lang='lat' dir='ltr'>strenui</span> <span class='ocrx_word' id='word_1_755' title='bbox 2233 4429 2353 4484; x_wconf 91' lang='lat' dir='ltr'>viri.</span> <span class='ocrx_word' id='word_1_756' title='bbox 2387 4429 2590 4483; x_wconf 84' lang='lat' dir='ltr'>Horum</span> <span class='ocrx_word' id='word_1_757' title='bbox 2624 4444 2758 4482; x_wconf 89' lang='lat' dir='ltr'>unus</span> <span class='ocrx_word' id='word_1_758' title='bbox 2789 4426 3009 4496; x_wconf 91' lang='lat' dir='ltr'>quidem</span> <span class='ocrx_word' id='word_1_759' title='bbox 3040 4426 3354 4491; x_wconf 84' lang='lat' dir='ltr'>monachus,</span> <span class='ocrx_word' id='word_1_760' title='bbox 3387 4434 3437 4479; x_wconf 91' lang='lat' dir='ltr'><strong>et</strong></span> <span class='ocrx_word' id='word_1_761' title='bbox 3460 4425 3610 4496; x_wconf 92' lang='lat' dir='ltr'>prior</span> 
     </span>
    </p>
   </div>
   <div class='ocr_carea' id='block_1_108' title="bbox 1921 4503 3604 4583">
    <p class='ocr_par' dir='ltr' id='par_1_108' title="bbox 1921 4503 3604 4583">
     <span class='ocr_line' id='line_1_108' title="bbox 1921 4503 3604 4583; baseline -0.002 -12"><span class='ocrx_word' id='word_1_762' title='bbox 1921 4503 1974 4563; x_wconf 86' lang='lat' dir='ltr'><strong>D</strong></span> <span class='ocrx_word' id='word_1_763' title='bbox 2003 4517 2264 4573; x_wconf 86' lang='lat' dir='ltr'>Ecclesia</span> <span class='ocrx_word' id='word_1_764' title='bbox 2295 4515 2758 4583; x_wconf 83' lang='lat' dir='ltr'>Dunifermelina,</span> <span class='ocrx_word' id='word_1_765' title='bbox 2786 4517 2973 4570; x_wconf 90' lang='lat' dir='ltr'>Petrus</span> <span class='ocrx_word' id='word_1_766' title='bbox 3001 4515 3238 4581; x_wconf 89' lang='lat' dir='ltr'>nomine,</span> <span class='ocrx_word' id='word_1_767' title='bbox 3263 4513 3448 4568; x_wconf 89' lang='lat' dir='ltr'>clerici</span> <span class='ocrx_word' id='word_1_768' title='bbox 3472 4514 3604 4579; x_wconf 91' lang='lat' dir='ltr'>duo,</span> 
     </span>
    </p>
   </div>
   <div class='ocr_carea' id='block_1_109' title="bbox 2002 4601 3608 4676">
    <p class='ocr_par' dir='ltr' id='par_1_109' title="bbox 2002 4601 3608 4676">
     <span class='ocr_line' id='line_1_109' title="bbox 2002 4601 3608 4676; baseline -0.002 -16"><span class='ocrx_word' id='word_1_769' title='bbox 2002 4623 2140 4660; x_wconf 90' lang='lat' dir='ltr'>unus</span> <span class='ocrx_word' id='word_1_770' title='bbox 2172 4606 2383 4661; x_wconf 85' lang='lat' dir='ltr'>exstitit</span> <span class='ocrx_word' id='word_1_771' title='bbox 2412 4605 2589 4660; x_wconf 90' lang='lat' dir='ltr'>miles.</span> <span class='ocrx_word' id='word_1_772' title='bbox 2623 4605 2915 4676; x_wconf 84' lang='lat' dir='ltr'>Negotium</span> <span class='ocrx_word' id='word_1_773' title='bbox 2947 4611 3128 4658; x_wconf 91' lang='lat' dir='ltr'>autem</span> <span class='ocrx_word' id='word_1_774' title='bbox 3188 4601 3472 4673; x_wconf 84' lang='lat' dir='ltr'>legationis</span> <span class='ocrx_word' id='word_1_775' title='bbox 3519 4615 3608 4656; x_wconf 87' lang='lat' dir='ltr'>eo-</span> 
     </span>
    </p>
   </div>
   <div class='ocr_carea' id='block_1_110' title="bbox 2001 4688 3608 4765">
    <p class='ocr_par' dir='ltr' id='par_1_110' title="bbox 2001 4688 3608 4765">
     <span class='ocr_line' id='line_1_110' title="bbox 2001 4688 3608 4765; baseline -0.003 -18"><span class='ocrx_word' id='word_1_776' title='bbox 2001 4709 2122 4747; x_wconf 90' lang='lat' dir='ltr'>rum</span> <span class='ocrx_word' id='word_1_777' title='bbox 2165 4694 2256 4765; x_wconf 90' lang='lat' dir='ltr'>qui</span> <span class='ocrx_word' id='word_1_778' title='bbox 2307 4710 2463 4749; x_wconf 89' lang='lat' dir='ltr'>nosse</span> <span class='ocrx_word' id='word_1_779' title='bbox 2516 4702 2686 4760; x_wconf 87' lang='lat' dir='ltr'>curat,</span> <span class='ocrx_word' id='word_1_780' title='bbox 2745 4708 2903 4763; x_wconf 90' lang='lat' dir='ltr'>quam</span> <span class='ocrx_word' id='word_1_781' title='bbox 2959 4691 3267 4746; x_wconf 91' lang='lat' dir='ltr'>detulerunt</span> <span class='ocrx_word' id='word_1_782' title='bbox 3322 4688 3608 4761; x_wconf 89' lang='lat' dir='ltr'>epistolam</span> 
     </span>
    </p>
   </div>
   <div class='ocr_carea' id='block_1_111' title="bbox 2001 4781 3389 4854">
    <p class='ocr_par' dir='ltr' id='par_1_111' title="bbox 2001 4781 3389 4854">
     <span class='ocr_line' id='line_1_111' title="bbox 2001 4781 3389 4854; baseline -0.003 -18"><span class='ocrx_word' id='word_1_783' title='bbox 2001 4783 2385 4854; x_wconf 90' lang='lat' dir='ltr'>subscriptam,</span> <span class='ocrx_word' id='word_1_784' title='bbox 2418 4783 2650 4854; x_wconf 87' lang='lat' dir='ltr'>legendo</span> <span class='ocrx_word' id='word_1_785' title='bbox 2682 4781 2768 4835; x_wconf 80' lang='lat' dir='ltr'>vel</span> <span class='ocrx_word' id='word_1_786' title='bbox 2797 4781 3068 4835; x_wconf 88' lang='lat' dir='ltr'>audiendo</span> <span class='ocrx_word' id='word_1_787' title='bbox 3095 4787 3389 4850; x_wconf 89' lang='lat' dir='ltr'>percurrat.</span> 
     </span>
    </p>
   </div>
   <div class='ocr_carea' id='block_1_112' title="bbox 2078 4874 3603 4950">
    <p class='ocr_par' dir='ltr' id='par_1_112' title="bbox 2078 4874 3603 4950">
     <span class='ocr_line' id='line_1_112' title="bbox 2078 4874 3603 4950; baseline -0.002 -16"><span class='ocrx_word' id='word_1_788' title='bbox 2078 4903 2098 4926; x_wconf 73' lang='grc' dir='ltr'>«ι</span> <span class='ocrx_word' id='word_1_789' title='bbox 2136 4880 2464 4948; x_wconf 81' lang='lat' dir='ltr'>Alexander,</span> <span class='ocrx_word' id='word_1_790' title='bbox 2497 4879 2597 4934; x_wconf 91' lang='lat' dir='ltr'>Dei</span> <span class='ocrx_word' id='word_1_791' title='bbox 2626 4877 2822 4950; x_wconf 86' lang='lat' dir='ltr'>gratia,</span> <span class='ocrx_word' id='word_1_792' title='bbox 2856 4893 2948 4932; x_wconf 87' lang='lat' dir='ltr'>rex</span> <span class='ocrx_word' id='word_1_793' title='bbox 3001 4877 3310 4942; x_wconf 90' lang='lat' dir='ltr'>Scotorum,</span> <span class='ocrx_word' id='word_1_794' title='bbox 3371 4874 3603 4932; x_wconf 81' lang='lat' dir='ltr'>Radulfo</span> 
     </span>
    </p>
   </div>
   <div class='ocr_carea' id='block_1_113' title="bbox 2002 4967 3599 5037">
    <p class='ocr_par' dir='ltr' id='par_1_113' title="bbox 2002 4967 3599 5037">
     <span class='ocr_line' id='line_1_113' title="bbox 2002 4967 3599 5037; baseline 0 -15"><span class='ocrx_word' id='word_1_795' title='bbox 2002 4970 2303 5024; x_wconf 82' lang='lat' dir='ltr'>reverendo</span> <span class='ocrx_word' id='word_1_796' title='bbox 2337 4967 2705 5024; x_wconf 80' lang='lat' dir='ltr'>Cantuariensi</span> <span class='ocrx_word' id='word_1_797' title='bbox 2751 4967 3181 5037; x_wconf 84' lang='lat' dir='ltr'>arcliiepiscOpo,</span> <span class='ocrx_word' id='word_1_798' title='bbox 3216 4975 3266 5021; x_wconf 89' lang='lat' dir='ltr'>et</span> <span class='ocrx_word' id='word_1_799' title='bbox 3297 4982 3418 5020; x_wconf 90' lang='lat' dir='ltr'>cum</span> <span class='ocrx_word' id='word_1_800' title='bbox 3450 4981 3599 5022; x_wconf 82' lang='lat' dir='ltr'>reve-</span> 
     </span>
    </p>
   </div>
   <div class='ocr_carea' id='block_1_114' title="bbox 1998 5057 2778 5130">
    <p class='ocr_par' dir='ltr' id='par_1_114' title="bbox 1998 5057 2778 5130">
     <span class='ocr_line' id='line_1_114' title="bbox 1998 5057 2778 5130; baseline -0.003 -20"><span class='ocrx_word' id='word_1_801' title='bbox 1998 5059 2172 5112; x_wconf 89' lang='lat' dir='ltr'>rentia</span> <span class='ocrx_word' id='word_1_802' title='bbox 2202 5058 2502 5130; x_wconf 86' lang='lat' dir='ltr'>diligendo,</span> <span class='ocrx_word' id='word_1_803' title='bbox 2528 5057 2778 5111; x_wconf 90' lang='lat' dir='ltr'>salutem.</span> 
     </span>
    </p>
   </div>
   <div class='ocr_carea' id='block_1_115' title="bbox 2072 5179 3598 5252">
    <p class='ocr_par' dir='ltr' id='par_1_115' title="bbox 2072 5179 3598 5252">
     <span class='ocr_line' id='line_1_115' title="bbox 2072 5179 3598 5252; baseline -0.001 -16"><span class='ocrx_word' id='word_1_804' title='bbox 2072 5205 2093 5230; x_wconf 69' lang='grc' dir='ltr'>ει</span> <span class='ocrx_word' id='word_1_805' title='bbox 2128 5182 2326 5236; x_wconf 84' lang='lat' dir='ltr'>Audita</span> <span class='ocrx_word' id='word_1_806' title='bbox 2349 5182 2592 5252; x_wconf 90' lang='lat' dir='ltr'>prosperi</span> <span class='ocrx_word' id='word_1_807' title='bbox 2620 5182 2884 5236; x_wconf 88' lang='lat' dir='ltr'>adventus</span> <span class='ocrx_word' id='word_1_808' title='bbox 2915 5180 3076 5236; x_wconf 90' lang='lat' dir='ltr'>vestri</span> <span class='ocrx_word' id='word_1_809' title='bbox 3105 5180 3160 5234; x_wconf 92' lang='lat' dir='ltr'>in</span> <span class='ocrx_word' id='word_1_810' title='bbox 3189 5179 3443 5252; x_wconf 87' lang='lat' dir='ltr'>Angliam</span> <span class='ocrx_word' id='word_1_811' title='bbox 3462 5180 3598 5250; x_wconf 88' lang='lat' dir='ltr'>jam-</span> 
     </span>
    </p>
   </div>
   <div class='ocr_carea' id='block_1_116' title="bbox 1997 5268 3596 5336">
    <p class='ocr_par' dir='ltr' id='par_1_116' title="bbox 1997 5268 3596 5336">
     <span class='ocr_line' id='line_1_116' title="bbox 1997 5268 3596 5336; baseline -0.001 -11"><span class='ocrx_word' id='word_1_812' title='bbox 1997 5271 2092 5326; x_wconf 90' lang='lat' dir='ltr'>diu</span> <span class='ocrx_word' id='word_1_813' title='bbox 2120 5287 2265 5326; x_wconf 90' lang='lat' dir='ltr'>ame</span> <span class='ocrx_word' id='word_1_814' title='bbox 2295 5270 2590 5325; x_wconf 91' lang='lat' dir='ltr'>desiderati</span> <span class='ocrx_word' id='word_1_815' title='bbox 2639 5268 2925 5325; x_wconf 80' lang='lat' dir='ltr'>manifesta</span> <span class='ocrx_word' id='word_1_816' title='bbox 2979 5269 3260 5336; x_wconf 90' lang='lat' dir='ltr'>relatione,</span> <span class='ocrx_word' id='word_1_817' title='bbox 3321 5269 3388 5324; x_wconf 92' lang='lat' dir='ltr'>de</span> <span class='ocrx_word' id='word_1_818' title='bbox 3441 5268 3596 5324; x_wconf 86' lang='lat' dir='ltr'>inco-</span> 
     </span>
    </p>
   </div>
   <div class='ocr_carea' id='block_1_117' title="bbox 1993 5357 3595 5430">
    <p class='ocr_par' dir='ltr' id='par_1_117' title="bbox 1993 5357 3595 5430">
     <span class='ocr_line' id='line_1_117' title="bbox 1993 5357 3595 5430; baseline -0.002 -16"><span class='ocrx_word' id='word_1_819' title='bbox 1993 5359 2237 5414; x_wconf 90' lang='lat' dir='ltr'>lumitate</span> <span class='ocrx_word' id='word_1_820' title='bbox 2259 5373 2324 5413; x_wconf 89' lang='lat' dir='ltr'>ac</span> <span class='ocrx_word' id='word_1_821' title='bbox 2349 5359 2711 5430; x_wconf 88' lang='lat' dir='ltr'>prosperitate</span> <span class='ocrx_word' id='word_1_822' title='bbox 2742 5364 2925 5414; x_wconf 87' lang='lat' dir='ltr'>vestra</span> <span class='ocrx_word' id='word_1_823' title='bbox 2955 5357 3304 5429; x_wconf 87' lang='lat' dir='ltr'>congaudens</span> <span class='ocrx_word' id='word_1_824' title='bbox 3359 5372 3595 5411; x_wconf 89' lang='lat' dir='ltr'>summo-</span> 
     </span>
    </p>
   </div>
   <div class='ocr_carea' id='block_1_118' title="bbox 1995 5447 3600 5520">
    <p class='ocr_par' dir='ltr' id='par_1_118' title="bbox 1995 5447 3600 5520">
     <span class='ocr_line' id='line_1_118' title="bbox 1995 5447 3600 5520; baseline -0.003 -18"><span class='ocrx_word' id='word_1_825' title='bbox 1995 5465 2102 5518; x_wconf 91' lang='lat' dir='ltr'>que</span> <span class='ocrx_word' id='word_1_826' title='bbox 2128 5447 2422 5516; x_wconf 84' lang='lat' dir='ltr'>protectori</span> <span class='ocrx_word' id='word_1_827' title='bbox 2449 5447 2652 5520; x_wconf 90' lang='lat' dir='ltr'>gratias</span> <span class='ocrx_word' id='word_1_828' title='bbox 2680 5447 2807 5503; x_wconf 92' lang='lat' dir='ltr'>inde</span> <span class='ocrx_word' id='word_1_829' title='bbox 2836 5447 3101 5511; x_wconf 86' lang='lat' dir='ltr'>referens,</span> <span class='ocrx_word' id='word_1_830' title='bbox 3153 5461 3273 5500; x_wconf 92' lang='lat' dir='ltr'>cum</span> <span class='ocrx_word' id='word_1_831' title='bbox 3332 5451 3600 5512; x_wconf 82' lang='lat' dir='ltr'>tempora-</span> 
     </span>
    </p>
   </div>
   <div class='ocr_carea' id='block_1_119' title="bbox 1995 5534 3596 5614">
    <p class='ocr_par' dir='ltr' id='par_1_119' title="bbox 1995 5534 3596 5614">
     <span class='ocr_line' id='line_1_119' title="bbox 1995 5534 3596 5614; baseline -0.002 -24"><span class='ocrx_word' id='word_1_832' title='bbox 1995 5537 2133 5591; x_wconf 91' lang='lat' dir='ltr'>lium</span> <span class='ocrx_word' id='word_1_833' title='bbox 2180 5536 2416 5606; x_wconf 92' lang='lat' dir='ltr'>undique</span> <span class='ocrx_word' id='word_1_834' title='bbox 2474 5537 2760 5614; x_wconf 87' lang='lat' dir='ltr'>occupatio</span> <span class='ocrx_word' id='word_1_835' title='bbox 2816 5551 3066 5592; x_wconf 91' lang='lat' dir='ltr'>curarum</span> <span class='ocrx_word' id='word_1_836' title='bbox 3124 5534 3228 5589; x_wconf 89' lang='lat' dir='ltr'>iter</span> <span class='ocrx_word' id='word_1_837' title='bbox 3280 5547 3482 5597; x_wconf 89' lang='lat' dir='ltr'>meum,</span> <span class='ocrx_word' id='word_1_838' title='bbox 3539 5539 3596 5586; x_wconf 93' lang='lat' dir='ltr'>ut</span> 
     </span>
    </p>
   </div>
   <div class='ocr_carea' id='block_1_120' title="bbox 1994 5619 3592 5697">
    <p class='ocr_par' dir='ltr' id='par_1_120' title="bbox 1994 5619 3592 5697">
     <span class='ocr_line' id='line_1_120' title="bbox 1994 5619 3592 5697; baseline -0.004 -15"><span class='ocrx_word' id='word_1_839' title='bbox 1994 5632 2170 5682; x_wconf 89' lang='lat' dir='ltr'>vestra</span> <span class='ocrx_word' id='word_1_840' title='bbox 2200 5626 2270 5680; x_wconf 89' lang='lat' dir='ltr'><strong>ad</strong></span> <span class='ocrx_word' id='word_1_841' title='bbox 2294 5641 2539 5697; x_wconf 87' lang='lat' dir='ltr'>prasens</span> <span class='ocrx_word' id='word_1_842' title='bbox 2568 5626 2776 5682; x_wconf 85' lang='lat' dir='ltr'>valeam</span> <span class='ocrx_word' id='word_1_843' title='bbox 2807 5624 2912 5681; x_wconf 83' lang='lat' dir='ltr'>frui</span> <span class='ocrx_word' id='word_1_844' title='bbox 2955 5623 3264 5697; x_wconf 75' lang='lat' dir='ltr'>praesentia,</span> <span class='ocrx_word' id='word_1_845' title='bbox 3313 5619 3592 5696; x_wconf 86' lang='lat' dir='ltr'>impediat,</span> 
     </span>
    </p>
   </div>
  </div>
