4044 6074
481 299 579 354 511

1504 299 1829 358 EADMERI
1858 297 2298 358 CANTUARIEN
2310 302 2410 358 SlS
2440 302 2759 359 MONACHI

3677 300 3791 360 512

479 430 590 481 tam
620 425 917 483 litterarum
939 427 1316 502 designatione
1347 446 1508 502 quam
1567 429 1870 500 legatorum
1928 427 2075 483 rela-
2105 444 2160 506 Α
2191 428 2265 485 tio
2295 438 2493 486 nostra
2521 431 2836 487 humilitatis
2892 431 3173 489 concessio
3225 430 3526 489 roboratur.
3587 429 3793 488 Omni-

481 513 628 570 tione
656 517 819 572 animi
849 518 952 572 mei
985 518 1232 574 affectum
1260 527 1456 574 vestra
1487 518 1711 573 bonitati
1743 517 1902 585 cupio
1952 533 2075 571 ma-

483 603 761 661 nifestare.
796 607 985 662 Tanta
1015 608 1213 664 etenim
1244 608 1583 664 discretionis
1608 622 1854 679 persona
1910 606 2078 661 fretus

480 692 723 758 consilio,
757 694 958 750 bonum
988 699 1324 767 propositum
1354 698 1662 767 perOptime
1690 697 1760 750 ad
1792 696 1922 751 boni
1951 710 2082 764 ope-

476 779 550 834 ris
577 781 851 853 eﬂ‘ectum,
885 784 1000 840 Deo
1032 795 1324 855 annuente,
1357 803 1463 843 non
1524 786 1714 841 dubito
1773 801 1860 838 me
1919 798 2082 855 posse

475 869 789 938 perducere.
822 873 1072 928 Vestram
1122 875 1287 947 igitur
1313 877 1487 931 latere
1516 876 1643 932 nolo
1675 874 2078 931 excellentiam,

476 955 775 1014 Eoclesiam
808 961 988 1017 Sancti
1019 964 1246 1019 Andreae
1278 965 1330 1019 in
1361 981 1529 1036 regno
1579 980 1699 1019 meo
1757 963 2080 1018 existentem

471 1044 685 1114 jamdiu
714 1052 977 1120 pastorali
1007 1069 1133 1107 cura
1164 1053 1494 1121 destitutam,
1528 1054 1627 1108 Dei
1657 1061 1709 1109 et
1738 1061 1930 1109 vestra
1976 1050 2079 1105 be-

474 1133 762 1206 nignitatis
792 1141 1135 1210 providentia
1165 1152 1382 1212 pastoro
1424 1143 1620 1198 idoneo
1677 1142 2082 1198 desiderantum

481 1239 570 1279 me
598 1225 738 1282 velle
796 1230 1082 1285 consolari.
1146 1231 1414 1299 Quocirca
1469 1240 1664 1286 vestra
1720 1231 1930 1302 pietatis
1987 1232 2084 1286 de-

438 1322 441 1324 ·
481 1328 653 1383 posco
683 1317 1043 1388 clementiam,
1075 1327 1134 1374 ut
1165 1321 1457 1392 quamdam
1487 1336 1778 1391 personam
1810 1337 1840 1375 a
1879 1321 2080 1392 pleris-

485 1420 591 1476 que
625 1405 753 1460 mihi
781 1407 1076 1476 laudatam,
1119 1410 1446 1466 Eadmerum
1476 1410 1701 1466 sc-illicet
1723 1409 2080 1478 monachum,

485 1492 529 1546 si
556 1494 712 1550 vobis
742 1495 936 1552 idonea
969 1499 1092 1553 visa
1134 1498 1318 1566 fuerit,
1350 1507 1408 1553 ut
1462 1498 1760 1570 pontiﬁcali
1815 1497 2082 1553 inthroni-

485 1591 634 1637 zetur
690 1583 954 1658 dignitate
1013 1587 1142 1642 mihi
1199 1587 1432 1642 liberam
1491 1588 1820 1644 concedatis.
1880 1589 2084 1643 Verens

485 1671 628 1726 enim
659 1689 929 1730 summum
988 1676 1269 1732 Pastorem
1329 1693 1416 1732 me
1475 1677 1714 1749 graviter
1769 1675 2080 1743 offendisse,

486 1775 608 1816 cum
640 1779 864 1836 gregem
897 1781 1074 1834 suum,
1107 1767 1436 1840 negligentia
1468 1784 1590 1823 mea
1617 1767 1848 1840 aliisque
1900 1767 2082 1822 forsan

487 1849 803 1907 criminibus
833 1853 1259 1922 impedientibus
1317 1857 1551 1927 pastoris
1605 1855 1835 1928 penuria
1866 1855 2082 1911 desola-

489 1945 620 2006 tum,
657 1948 709 1995 et
741 1956 774 1996 a
803 1944 1022 1998 tramite
1049 1945 1295 2000 veritatis
1324 1947 1377 1998 in
1426 1946 1674 2014 pluribus
1729 1944 2090 2000 exorbitatum

489 2027 581 2082 diu
611 2030 968 2100 permiserim,
1002 2032 1154 2089 ﬁliali
1187 2034 1352 2089 etiam
1378 2035 1573 2090 timore
1627 2035 1821 2090 timens
1877 2034 1933 2087 in
1988 2033 2093 2090 hac

489 2132 546 2172 re
575 2133 698 2172 cum
727 2120 924 2177 amodo
955 2123 1251 2190 offendere,
1285 2124 1354 2177 ad
1385 2131 1577 2179 vestra
1626 2122 1829 2178 fontem
1876 2121 2090 2178 discre-

488 2205 652 2263 tionis
683 2225 925 2280 recurro,
956 2219 1014 2265 ut
1039 2211 1281 2282 pristina
1309 2229 1519 2269 memor
1543 2211 1783 2269 existens
1837 2210 2090 2267 dilectio-

490 2293 575 2349 nis
603 2295 741 2352 inter
769 2313 870 2354 nos
905 2300 1126 2369 habita,
1187 2317 1275 2356 me
1330 2300 1503 2356 ﬁlium
1563 2309 1800 2357 vestrum
1858 2307 2091 2371 paterno

491 2382 685 2441 affectu
719 2387 1072 2458 spiritualiter
1092 2389 1306 2459 jamdiu
1337 2391 1536 2446 avobis
1566 2391 1906 2461 adoptatum,
1925 2388 2092 2445 vestri

494 2474 791 2530 munimine
821 2477 1036 2532 consilii
1067 2477 1120 2532 in
1149 2481 1251 2534 hac
1279 2496 1336 2533 re
1358 2480 1636 2536 tueamini.
1663 2479 1812 2534 Vale.
1851 2501 1872 2527 υ

564 2563 792 2619 Miratus
822 2581 885 2621 ex
915 2567 998 2620 his
1029 2568 1193 2622 Pater
1221 2568 1506 2636 Radulfus,
1539 2578 1592 2624 et
1620 2576 1768 2624 ratus
1806 2569 1912 2624 hoc
1965 2583 2092 2622 ver-

439 2675 442 2677 λ
491 2650 620 2706 hum
652 2668 684 2706 a
714 2653 830 2708 Deo
859 2670 1142 2726 egressum
1189 2657 1470 2724 (maxime,
1527 2658 1621 2729 qui
1677 2657 1901 2713 omnino
1955 2671 2093 2712 con-

493 2739 666 2794 stabat
696 2742 946 2796 eumdem
977 2743 1222 2812 fratrem,
1257 2761 1356 2800 nec
1383 2762 1480 2816 per
1508 2760 1566 2799 se
1594 2760 1694 2800 nec
1748 2761 1846 2815 per
1898 2760 2093 2816 quem-

495 2826 627 2882 libet
655 2829 948 2898 hominem,
980 2848 1219 2903 unquam
1252 2832 1318 2888 de
1348 2833 1466 2903 ipso
1483 2833 1701 2905 negotio
1729 2833 1914 2903 aliquo
1933 2834 2095 2889 modo

494 2917 640 2987 apud
671 2933 997 2989 quemquam
1029 2921 1229 2993 egisse,
1260 2922 1387 2976 licet
1444 2923 1561 2992 ejus
1615 2921 1914 2976 absentiam
1968 2937 2093 2976 mo-

484 3004 632 3062 leste
688 3006 850 3062 ferret
876 3025 890 3074 ;
924 3023 1049 3063 nam
1081 3010 1219 3064 sicut
1246 3010 1301 3063 in
1331 3010 1548 3065 servitio
1568 3010 1707 3065 beati
1731 3011 2094 3081 pradecesso-

497 3095 571 3148 ris
603 3096 683 3150 sui
712 3097 972 3165 Anselmi,
1004 3098 1084 3154 sic
1115 3106 1165 3152 et
1195 3098 1248 3152 in
1276 3115 1375 3153 suo
1405 3099 1655 3154 assiduus
1685 3114 1805 3153 esse
1836 3099 2091 3169 solebat),

495 3184 668 3239 noluit
698 3192 877 3240 tamen
903 3187 1067 3258 regia
1093 3187 1338 3257 petitioni
1369 3203 1644 3242 assensum
1682 3203 1790 3243 non
1822 3189 2092 3258 prahere,

497 3288 564 3326 ne
585 3273 859 3329 videretur
889 3276 986 3330 Dei
1016 3276 1344 3331 ordinationi
1376 3277 1649 3331 resistere.
1684 3276 1952 3341 Quoniam
1983 3277 2094 3348 igi-

499 3368 582 3416 tur
610 3371 899 3432 acceperat
930 3365 1076 3434 ipsos
1094 3364 1306 3437 legatos
1333 3381 1434 3435 pro
1464 3365 1655 3420 eadem
1685 3373 1830 3432 re,et
1857 3381 1955 3434 pro
1977 3365 2096 3420 aliis

495 3466 680 3524 regem
711 3452 1008 3524 Anglorum
1041 3469 1106 3508 ex
1136 3457 1292 3522 parte
1323 3454 1527 3509 domini
1558 3455 1637 3507 sui
1667 3454 1926 3516 adituros,
1979 3454 2095 3524 ipse

497 3548 549 3594 et
579 3549 881 3596 conventus
914 3542 1136 3596 fratrum
1168 3543 1639 3597 Cantuariensium
1684 3544 1950 3597 miserunt
1997 3559 2096 3612 per

501 3644 691 3682 manus
717 3629 932 3682 illorum
963 3629 1068 3699 ipsi
1098 3631 1214 3701 regi
1243 3631 1532 3699 epistolam
1564 3631 1733 3685 hanc:

574 3739 594 3762 α
631 3717 862 3772 Henrico
893 3719 1006 3789 regi
1037 3719 1356 3787 Anglorum,
1390 3719 1556 3773 charo
1588 3719 1810 3774 domino
1867 3734 1964 3774 suo
2028 3734 2096 3775 ac

499 3819 713 3859 summo
742 3804 952 3860 honore
982 3805 1321 3871 venerando,
1357 3806 1520 3861 frater
1559 3806 1842 3873 Radulfus,
1894 3815 2095 3863 sancta

501 3888 909 3944 Cantuariensis
939 3888 1195 3945 Ecclesia
1223 3890 1478 3961 indignu
1526 3891 1811 3958 sacerdos,
1845 3899 1897 3945 et
1955 3899 2094 3946 totus

499 3981 797 4028 conventus
825 3974 1073 4044 ejusdem
1099 3974 1378 4041 Eccleria,
1411 3975 1665 4042 salutem,
1711 3984 1764 4030 et
1819 3976 2092 4033 orationes

496 4068 548 4117 et
576 4061 760 4118 ﬁdelia
784 4063 1064 4136 obsequia.

574 4197 595 4223 ει
630 4173 831 4229 Notum
861 4174 1086 4231 facimus
1114 4175 1429 4232 sublimitati
1460 4185 1652 4234 vestra
1695 4179 2090 4248 Alexandrum,

498 4280 686 4337 regem
717 4265 1022 4334 Scotorum,
1054 4282 1174 4321 cum
1204 4282 1467 4322 consensu
1498 4268 1627 4322 cleri
1661 4269 1914 4338 etpopuli
1935 4270 2090 4340 regni

495 4355 599 4424 sui,
630 4355 839 4428 legatos
866 4372 991 4411 suos
1022 4355 1091 4410 ad
1122 4372 1221 4410 nos
1249 4357 1478 4422 misisse,
1511 4365 1558 4410 st
1604 4357 1888 4412 consilium
1944 4374 2088 4412 cura

493 4445 778 4517 pastoralis
803 4444 872 4499 ad
900 4461 1038 4516 opus
1063 4445 1320 4499 Ecclesia
1351 4444 1531 4498 Sancti
1562 4445 1801 4499 Andreae
1830 4461 1861 4499 a
1907 4455 2090 4502 nostra

2183 525 2376 589 potens
2404 520 2549 575 Deus
2579 521 2970 577 sublimitatem
2988 531 3222 578 vestram
3254 521 3320 576 ad
3343 522 3605 576 honorem
3630 535 3794 576 suum

2184 615 2241 662 et
2269 609 2549 664 munimen
2577 611 2833 666 Ecclesia
2864 627 2978 666 sua
3007 627 3109 682 per
3135 611 3299 683 longa
3345 617 3588 679 tempora
3634 608 3798 665 inco-

2186 696 2388 753 lumem
2423 700 2912 771 custodire,etpost
2937 701 3238 771 temporale
3267 714 3496 772 regnum
3522 698 3793 772 dignitate

2187 787 2437 856 perennis
2465 789 2618 860 regni
2650 789 2947 844 sublimare
2975 790 3249 862 dignetur.

2260 875 2595 946 Rescriptum
2627 878 2770 948 regis
2797 877 2870 932 ad
2902 880 3016 933 hac
3047 891 3060 932 :

2265 986 2287 1011 α
2323 965 2603 1032 Henricus,
2636 982 2732 1020 rex
2761 967 3080 1038 Anglorum,
3122 964 3354 1021 Radulfo
3411 966 3788 1037 archiepisco-

2188 1063 2258 1120 po
2290 1048 2614 1118 Cantuaria,
2643 1050 2890 1106 salutem.

2266 1159 2287 1184 α
2327 1137 2461 1193 Volo
2491 1145 2544 1192 et
2569 1138 2810 1194 concedo
2838 1146 2895 1193 ut
2924 1141 3250 1194 monachum
3291 1138 3466 1201 illum,
3499 1139 3642 1194 unde
3694 1153 3792 1193 rex

2190 1225 2393 1282 Scotia
2422 1234 2476 1281 te
2505 1227 2800 1297 requisivit,
2835 1228 3064 1284 liberum
3095 1228 3141 1283 ei
3173 1229 3449 1284 concedas
3477 1227 3545 1283 ad
3563 1242 3794 1283 consue-

2191 1313 2431 1370 tudinem
2463 1323 2622 1370 terra
2652 1317 2848 1372 suain
2901 1317 3221 1387 episcopatu
3280 1317 3461 1373 Sancti
3521 1315 3790 1371 Andrea.

2191 1403 2349 1458 Teste
2378 1404 2656 1458 Everardo
2687 1404 2756 1460 de
2785 1405 2952 1460 Calna
2981 1405 3126 1475 apud
3157 1406 3578 1477 Rothomagum.
3619 1429 3639 1452 ιι

2267 1492 2387 1546 Post
2417 1492 2533 1548 hac
2563 1494 2708 1547 misit
2738 1494 2989 1549 eumdem
3047 1494 3287 1564 fratrem,
3320 1501 3480 1564 prout
3535 1501 3792 1565 Oportere

2191 1580 2430 1650 putabat,
2463 1582 2532 1636 ad
2564 1597 2750 1654 regem
2781 1582 2999 1649 Scotia,
3031 1581 3275 1637 scribens
3303 1581 3403 1652 ipsi
3434 1581 3550 1652 regi
3581 1580 3690 1636 sic:

2269 1719 2291 1744 «ι
2327 1697 2501 1752 Charo
2531 1696 2750 1752 domino
2780 1704 2828 1752 et
2859 1697 3035 1753 amico
3079 1695 3412 1764 Alexandro,
3439 1695 3540 1751 Dei
3592 1695 3796 1768 gratia,

2112 1809 2165 1869 B
2195 1785 2312 1858 regi
2343 1785 2654 1855 Scotorum,
2687 1785 2952 1841 Radulfus
2981 1784 3445 1856 archiepiscopus,
3478 1783 3708 1840 salutem
3739 1790 3797 1839 et

2199 1874 2500 1929 orationes.

2274 2004 2295 2030 (ι
2332 1982 2547 2037 Gratias
2579 1982 2692 2037 Deo
2738 1980 3170 2037 innumerabiles
3226 1981 3538 2048 referimus,
3571 1978 3663 2051 qui
3724 1981 3799 2035 ad

2199 2068 2636 2138 cognoscendum
2668 2075 2830 2139 atque
2859 2067 3143 2138 petecdum
3175 2082 3295 2137 qua
3341 2065 3645 2133 debebatis,
3705 2080 3799 2120 re-

2198 2156 2356 2210 motis
2385 2156 2618 2220 nebutis,
2653 2156 2846 2211 mentis
2872 2164 3066 2211 vestra
3096 2154 3292 2211 oculos
3319 2155 3549 2224 aperuit.
3579 2153 3801 2210 Gratias

2199 2243 2554 2299 nihilominus
2582 2243 2926 2315 generalitati
2957 2251 3166 2313 vestra,
3201 2243 3290 2315 qui
3321 2242 3675 2315 petitionibus
3705 2258 3800 2298 ve-

2199 2334 2328 2387 stris
2357 2333 2619 2405 legitimis
2649 2349 2754 2389 nos
2787 2333 2946 2388 vobis
2978 2349 3046 2388 ex
3079 2332 3275 2387 amicis
3323 2331 3700 2396 amicissimos,
3732 2346 3805 2386 ex

2201 2420 2556 2477 familiaribus
2587 2422 3044 2477 familiarissimos
3086 2431 3139 2478 et
3175 2420 3553 2492 junctissimos
3607 2419 3804 2475 reddi-

2199 2512 2372 2566 distis.
2404 2512 2551 2569 Licet
2598 2512 2748 2567 enim
2783 2511 2914 2583 ipsis
2969 2510 3318 2583 petitionibus
3375 2509 3531 2584 quasi
3583 2509 3803 2566 oculum

2201 2609 2292 2656 aut
2322 2601 2596 2656 dexteram
2633 2617 2664 2655 a
2711 2615 2940 2671 corpore
2997 2609 3180 2655 nostro
3237 2600 3468 2656 avellere
3526 2597 3800 2669 quantis,

2201 2688 2421 2745 laudare
2453 2699 2634 2744 tamen
2666 2689 2843 2745 habeo
2880 2690 3092 2760 justum
3152 2687 3481 2744 desiderium
3539 2693 3798 2754 vestrum,

2201 2785 2272 2846 et,
2305 2777 2359 2832 in
2391 2787 2650 2848 quantum
2679 2786 2886 2849 potero,
2919 2776 3214 2834 secundum
3267 2778 3441 2832 Deum
3472 2773 3552 2829 illi
3580 2775 3800 2831 obtem-

2200 2882 2413 2936 perare.
2447 2866 2648 2921 Volens
2680 2865 2924 2938 quidem,
2957 2875 3011 2921 et
3042 2866 3085 2920 si
3113 2881 3245 2937 pace
3269 2865 3367 2920 Dei
3399 2872 3453 2919 et
3479 2869 3658 2920 vestra
3685 2877 3796 2933 po-

2202 2961 2308 3008 test
2335 2953 2462 3022 dici,
2497 2953 2696 3008 invitus
2728 2953 2996 3008 assentior
3037 2952 3196 3008 bona
3252 2959 3451 3007 vestra
3507 2949 3794 3018 voluntati,

2201 3041 2392 3096 volens
2421 3056 2568 3107 vero,
2603 3041 2726 3111 quia
2757 3041 2856 3096 Dei
2888 3041 3170 3108 voluntati,
3201 3057 3358 3111 quem
3390 3039 3444 3094 in
3503 3040 3603 3094 hoc
3655 3039 3802 3095 facto

2125 3167 2173 3230 Ο
2205 3138 2540 3200 praenentem
2574 3139 2733 3200 atque
2763 3131 3056 3201 pr0pitium
3085 3128 3380 3201 conspicio,
3411 3127 3665 3183 resistere
3695 3142 3809 3183 non

2203 3220 2400 3286 audeo,
2432 3235 2530 3274 nec
2563 3234 2658 3275 cor
2685 3227 2917 3274 vestrum
2948 3219 3003 3272 in
3064 3235 3161 3274 nos
3215 3217 3530 3272 amaricare.
3590 3216 3805 3271 Invitus

2197 3316 2399 3376 autem,
2433 3308 2578 3379 quod
2612 3308 2786 3378 (quasi
2818 3307 2981 3377 solus)
3013 3314 3063 3360 et
3093 3308 3266 3377 patris
3311 3305 3708 3371 consolatione,
3736 3319 3804 3360 ao

2193 3391 2523 3446 relevatione
2553 3392 2786 3457 assidua,
2821 3399 2873 3445 et
2904 3391 2998 3445 ﬁlii
3029 3391 3287 3461 sapientis
3317 3389 3544 3444 consilio
3583 3393 3640 3443 et
3695 3404 3800 3442 au-

2194 3479 2326 3534 xilio
2355 3480 2408 3533 in
2438 3479 2752 3534 inﬁrmitate
2783 3488 2970 3534 nostra
3003 3495 3064 3534 ac
3094 3487 3252 3533 atate
3303 3478 3589 3533 destituor.
3625 3475 3671 3532 Ο
3699 3492 3794 3530 sa-

2194 3568 2394 3638 pientis
2421 3569 2522 3622 viri
2553 3568 2849 3624 consilium
2883 3569 2952 3639 (si
2995 3585 3096 3622 nos
3127 3583 3191 3622 eo
3219 3584 3326 3621 non
3383 3565 3706 3637 spoliaretis,
3739 3573 3794 3620 et

2193 3673 2313 3711 cum
2340 3657 2611 3728 spolietis)
2642 3659 2732 3728 qui
2765 3665 2972 3712 tantum
3012 3657 3208 3722 virum,
3242 3665 3349 3711 tam
3381 3656 3789 3720 famosum,tam

2195 3745 2452 3800 Ecclesiae
2510 3746 2608 3800 Dei
2663 3746 2867 3811 utilem,
2899 3747 3031 3813 vita,
3066 3753 3120 3800 et
3179 3745 3438 3812 moribus,
3494 3751 3547 3799 et
3589 3741 3783 3798 litteris

2191 3831 2407 3901 divinis,
2441 3843 2513 3900 et,
2547 3837 2595 3888 si
2635 3850 2771 3905 opus
2825 3834 3006 3903 fuerit,
3068 3833 3414 3889 sacularibus
3469 3849 3500 3887 a
3556 3829 3792 3904 pueritia

2191 3921 2537 3993 instructum,
2571 3931 2725 3979 terra
2755 3932 2949 3978 vestra
2991 3923 3219 3978 consilio
3273 3937 3537 3993 praesse,
3593 3921 3651 3974 in
3707 3920 3792 3974 his

2192 4027 2312 4082 qua
2343 4013 2410 4066 ad
2442 4013 2613 4074 Deum
2643 4013 2940 4082 pertinent,
2973 4011 3252 4083 satagatis.
3287 4011 3345 4067 Si
3375 4010 3512 4065 alius
3544 4025 3608 4064 ex
3662 4024 3790 4080 par-

2192 4099 2337 4155 tibus
2393 4101 2706 4172 longinquis
2765 4100 2913 4170 quod
2971 4101 3152 4171 petitis
3209 4107 3432 4171 peteret,
3487 4113 3588 4171 pro
3644 4105 3791 4154 certo

2190 4189 2378 4244 sciatis
2408 4205 2513 4244 non
2541 4197 2757 4260 paterer
2785 4189 3028 4260 elongari
3086 4203 3117 4243 a
3170 4188 3326 4244 nobis
3378 4187 3559 4243 cordis
3613 4185 3789 4242 nostri

2191 4292 2469 4342 arcanum,
2503 4279 2599 4332 sed
2630 4277 2788 4332 vobis
2819 4278 2952 4332 nihil
2984 4285 3064 4332 est
3093 4277 3390 4332 secundum
3422 4277 3616 4343 Deum,
3638 4275 3786 4347 quod

2185 4366 2425 4421 abnuere
2454 4367 2703 4422 velimus.
2734 4367 2993 4420 Mittimus
3023 4382 3155 4438 ergo
3205 4366 3273 4420 ad
3334 4381 3433 4420 vos
3487 4379 3786 4436 personam

2200 4471 2360 4524 quam
2392 4456 2590 4526 petitis,
2623 4463 2674 4510 et
2703 4455 2924 4510 omnino
2952 4455 3198 4520 liberam,
3232 4462 3290 4509 ut
3319 4470 3350 4509 a
3378 4453 3535 4509 vobis
3589 4452 3791 4509 certius

495 4531 742 4588 Ecclesia
758 4528 1505 4601 expetiisse.Considerantes
1535 4544 1666 4601 ergo
1691 4544 1873 4584 eorum
1890 4529 2093 4599 justam
2124 4539 2176 4599 D
2199 4543 2368 4598 discat
2393 4544 2437 4597 si
2466 4545 2534 4598 ad
2564 4547 2820 4600 honorem
2843 4544 2940 4598 Dei
2971 4551 3022 4598 ει
3053 4548 3258 4599 sanctae
3311 4542 3495 4597 matris
3550 4542 3790 4598 (ζτιιιιιια-

492 4621 838 4694 petitionem,
872 4627 943 4684 et,
977 4626 1080 4672 tam
1113 4617 1282 4672 divini
1312 4618 1510 4673 amoris
1535 4619 1892 4674 reverentiam
1923 4636 2086 4690 quam

492 4717 690 4765 sancta
722 4708 905 4762 matris
937 4707 1198 4763 Ecclesia
1228 4707 1512 4762 utilitatem
1545 4707 1905 4776 attendentes,
1961 4710 2085 4765 lau-

493 4797 688 4853 dandis
717 4795 1002 4853 desideriis
1028 4797 1178 4868 pium
1211 4798 1547 4869 praebuimus
1575 4814 1883 4854 assensum.
1937 4800 2085 4855 Con-

495 4887 759 4943 cessimus
790 4904 944 4961 ergo,
970 4889 1126 4959 juxta
1155 4889 1468 4961 petitionem
1526 4906 1733 4956 eorum,
1792 4906 2088 4960 personam

491 4976 754 5033 Ecclesra
783 4986 978 5033 nostra
1006 4979 1076 5032 ab
1103 4978 1181 5034 eis
1211 4978 1631 5048 denominatam,
1663 4979 1926 5034 domuum
1947 4980 2088 5035 Ead-

495 5081 725 5136 merum,
758 5083 917 5137 quem
975 5082 1007 5122 a
1061 5069 1294 5138 pueritia
1349 5069 1650 5141 disciplinis
1703 5071 2092 5126 ecclesiasticis

494 5155 797 5211 sublimiter
824 5156 1128 5211 institutum
1177 5165 1229 5212 et
1283 5159 1482 5214 sanctis
1539 5159 1780 5216 moribus
1835 5161 2091 5218 decenter

498 5253 750 5301 ornatum
781 5245 848 5300 ad
906 5243 1148 5300 ofﬁcium
1207 5248 1549 5305 sacerdotale
1607 5250 1829 5306 omnino
1887 5251 2089 5306 scimus

494 5332 776 5390 idoneum.
816 5334 1057 5390 Vestram
1089 5335 1254 5406 igitur
1280 5339 1640 5393 venerabilem
1699 5340 2087 5396 sublimitatem

496 5422 768 5480 submisso
796 5424 965 5480 corde
1007 5425 1375 5496 deposcimus,
1409 5433 1466 5482 ut
1511 5437 1702 5486 vestra
1758 5429 2089 5485 celsitudinis

495 5513 587 5585 pia
614 5513 898 5570 voluntate
913 5522 1076 5586 atque
1104 5517 1450 5585 auctoritate,
1472 5525 1525 5572 et
1548 5517 1768 5574 illorum
1783 5519 1899 5573 Deo
1920 5518 2089 5590 digna

495 5603 686 5675 petitio
715 5610 770 5660 et
797 5619 958 5676 super
984 5611 1093 5660 tam
1124 5606 1430 5662 necessario
1461 5605 1720 5662 Ecclesiae
1756 5607 1858 5662 Dei
1905 5623 2085 5679 nego-

2195 4633 2383 4687 riensis
2438 4633 2692 4689 videlicet
2745 4633 3010 4688 Ecclesiae
3065 4640 3269 4704 spectet
3332 4631 3519 4701 petitio
3574 4637 3780 4686 vestra.

2196 4722 2360 4776 Caute
2389 4722 2554 4793 igitur
2583 4732 2787 4776 etcum
2844 4721 3070 4777 consilio
3129 4727 3354 4776 tractate
3405 4719 3551 4791 quod
3603 4719 3788 4792 agitis,

2196 4811 2287 4882 qui
2314 4819 2438 4864 sunt
2470 4810 2626 4865 multi
2659 4810 2748 4880 qui
2779 4809 3011 4866 libenter
3053 4809 3409 4866 sacrationem
3465 4808 3618 4863 istius
3675 4807 3791 4862 dis-

2197 4899 2492 4963 turbarent,
2551 4908 2604 4954 et
2660 4900 2705 4953 si
2763 4899 3020 4967 valerent,
3081 4897 3436 4953 disturbando
3493 4905 3793 4962 cessarent,

2199 4988 2428 5043 Proinde
2463 4995 2706 5042 nostrum
2737 4995 2882 5042 esset
2937 4986 3219 5042 consilium
3251 4993 3308 5041 ut
3337 5001 3498 5057 quam
3526 4985 3685 5041 citius
3713 4985 3788 5040 ad

2197 5092 2297 5130 nos
2325 5075 2685 5131 remitteretur
2713 5075 3028 5144 sacrandus,
3060 5092 3128 5131 ne
3159 5074 3418 5130 dilatione
3446 5075 3591 5145 quod
3621 5074 3789 5129 time-

2200 5181 2320 5220 mus
2350 5165 2692 5233 interveniat,
2714 5165 2821 5235 {vel
2869 5165 3015 5234 quod
3071 5164 3362 5220 nollemus.
3424 5163 3633 5218 Salutat
3687 5178 3793 5218 vos

2197 5262 2496 5311 conventus
2550 5255 2778 5308 fratrum
2828 5253 3087 5309 Ecclesia
3153 5260 3356 5308 nostra
3411 5267 3540 5308 vero
3595 5250 3787 5307 ﬁdeles

2198 5344 2391 5410 vestri,
2426 5351 2478 5398 et
2505 5343 2727 5398 omnino
2751 5341 2820 5398 ad
2849 5342 3126 5398 servitium
3177 5350 3414 5396 vestrum
3472 5340 3667 5413 parati.
3727 5342 3792 5396 In

2197 5447 2488 5488 commune
2517 5440 2697 5487 autem
2727 5447 2982 5504 rogamus
3010 5439 3069 5486 ut
3099 5431 3174 5486 ita
3199 5446 3296 5486 vos
3351 5429 3598 5486 habeatis
3655 5445 3792 5502 erga

2197 5521 2391 5577 fratres
2419 5529 2652 5589 nostros,
2687 5520 2779 5591 qui
2811 5520 2866 5575 in
2895 5535 3066 5592 regno
3095 5528 3272 5576 vestro
3326 5526 3471 5587 sunt,
3527 5526 3584 5576 ut
3638 5518 3789 5575 Deus

2195 5610 2352 5668 vobis
2382 5611 2507 5666 inde
2531 5609 2732 5682 gratias
2760 5609 2956 5664 habeat
2983 5617 3036 5666 et
3063 5625 3182 5664 nos.
3217 5607 3427 5665 Valete.
3457 5629 3480 5655 ι
