4044 6074
280 353 380 410 513

1383 338 1710 398 HISTORIA
1739 337 2106 396 NOVORUM.
2137 363 2207 378 —-
2236 336 2362 393 LIB.
2397 331 2460 392 V.

3473 333 3574 396 51L

340 479 772 550 veniensitaque
805 476 968 532 frater
997 471 1117 542 ipse
1147 471 1200 524 in
1239 467 1499 536 Scotiam,
1557 484 1684 521 mox
1741 474 1858 521 ter-
1889 464 1946 526 Α
1975 480 2076 518 nec
2122 478 2220 534 pro
2275 470 2386 517 tota
2418 461 2598 517 Scotia
2628 463 2929 535 abnegaret
2976 478 3034 520 se
3080 424 3196 522 esse
3254 473 3576 528 monachum

268 573 344 628 tio
377 569 468 625 die
514 569 786 624 adventus
833 565 914 620 sui
947 562 1060 630 illo,
1122 561 1215 630 qui
1274 558 1369 612 fuit
1427 558 1542 611 dies
1571 555 1875 611 festivitatis

267 658 789 733 gloriosissimornm
820 651 1188 723 apostolorum
1220 647 1359 703 Petri
1391 653 1445 700 et
1476 643 1648 709 Pauli,
1682 661 1871 697 susce-

265 750 364 821 pit,
397 749 630 820 eligente
660 761 780 800 eum
813 743 988 797 clerco
1019 747 1071 794 et
1098 737 1301 808 populo
1334 744 1513 797 terrae,
1565 742 1619 787 et
1674 748 1874 785 conce-

266 820 428 896 dente
481 852 636 907 rege,
695 830 1070 903 pontiﬁcatum
1121 825 1294 880 sancti
1346 822 1577 876 Andreae
1644 820 1872 889 apostoli

270 923 790 983 Chenrimuntensis.
819 919 952 988 Quae
983 934 1071 973 res
1101 916 1180 969 ita
1209 914 1533 982 disponente
1590 910 1706 964 Deo
1753 917 1873 962 acta

267 1027 349 1074 est
379 1025 434 1072 ut
463 1030 562 1070 nec
589 1011 742 1084 virga
761 1007 1041 1079 pastorali,
1074 1004 1158 1060 vel
1192 1001 1390 1057 annulo
1421 1016 1452 1054 a
1511 1014 1642 1070 rege
1712 997 1870 1052 inve-

267 1107 424 1162 stitus
447 1102 627 1167 fuerit,
660 1115 760 1154 nec
791 1095 1090 1152 hominium
1123 1092 1172 1148 ei
1204 1089 1412 1145 fecerit.
1468 1088 1643 1142 Laetus
1690 1086 1872 1157 itaque

272 1195 393 1250 dies
423 1191 636 1248 habitus
661 1196 762 1254 est,
790 1194 950 1255 atque
978 1184 1037 1237 in
1063 1181 1281 1236 laudem
1322 1178 1422 1233 Dei
1471 1175 1720 1230 alacriter
1771 1190 1872 1228 ex-

277 1299 499 1355 pensus.
534 1282 594 1334 In
623 1277 855 1333 crastino
887 1282 1064 1329 autem
1094 1287 1214 1339 rex,
1248 1285 1370 1324 cum
1401 1268 1575 1321 electo
1628 1265 1696 1318 de
1735 1280 1872 1318 con-

273 1373 580 1430 secratione
612 1368 756 1422 illius
785 1363 1041 1419 secretius
1061 1376 1247 1433 agens,
1279 1365 1332 1412 et
1379 1355 1559 1410 modis
1625 1353 1876 1408 omnibus

265 1479 394 1519 eum
427 1477 459 1515 a
508 1455 764 1530 pontiﬁce
817 1447 1148 1508 Eboracensi
1191 1443 1500 1502 consecrari
1555 1443 1872 1507 exhorrens,

263 1551 380 1618 ubi,
411 1566 476 1606 eo
503 1529 754 1614 docente,
795 1541 1007 1610 accepit
1028 1535 1404 1593 auctoritatem
1437 1530 1698 1588 Ecclesiae
1727 1529 1872 1584 Can-

276 1637 578 1706 tuariensis,
611 1651 678 1690 ex
725 1632 947 1700 antiquo
1008 1627 1100 1681 toti
1158 1621 1446 1678 Britannias
1501 1617 1874 1690 przeeminere.

271 1736 325 1785 et
355 1727 581 1793 idcirco,
612 1723 731 1792 ipso
761 1720 1109 1790 disponente,
1137 1730 1194 1768 se
1229 1709 1530 1767 Cantuarize
1579 1707 1878 1776 episcopa-

1983 551 2448 621 Cantuariensem,
2509 551 2717 608 turbato
2774 551 2960 620 spiritu
3021 571 3034 607 :
3103 557 3328 623 «Nihil,
3387 560 3557 633 inquit

1983 642 2210 695 fecimus
2237 656 2270 694 a
2301 640 2588 694 Cantuaria
2617 648 2865 710 petentes
2899 640 3057 696 nobis
3089 605 3580 716 episcopumjulilvx,

1982 732 2086 784 hoc
2143 730 2324 800 igitur,
2386 728 2565 782 cordis
2598 730 2676 782 sui
2730 744 2954 784 rancore
3007 731 3306 803 devinctus,
3330 739 3582 794 eumdem

1987 819 2156 874 virum
2189 818 2240 871 in
2273 817 2452 870 multis
2481 817 2644 886 coepit
2679 818 2925 888 fatigare,
2958 821 3145 874 multis
3198 824 3412 895 injuriis
3441 829 3581 883 clam

1982 915 2033 962 et
2060 907 2245 977 palam
2276 905 2570 976 exagitare,
2606 922 2725 958 eum
2759 906 3020 977 dignitate
3063 926 3124 964 ac
3154 927 3330 967 rerum
3362 916 3582 984 episco-

1981 996 2188 1066 palium
2243 1003 2509 1064 proventu
2539 993 2872 1063 despoliare.
2938 997 3059 1052 Non
3090 999 3254 1070 igitur
3281 1018 3403 1056 eum
3434 1014 3582 1060 recto

1981 1084 2136 1140 oculo
2159 1084 2426 1154 aspicere,
2458 1098 2566 1137 non
2597 1083 2761 1137 verba
2794 1083 2906 1151 ejus
2935 1085 3020 1139 vel
3051 1087 3210 1142 etiam
3242 1090 3308 1144 de
3331 1093 3446 1148 Deo
3456 1111 3583 1163 pro-

1983 1172 2110 1241 lata,
2143 1176 2357 1242 poterat
2388 1171 2656 1240 patienter
2683 1171 2866 1226 audire
2895 1191 2908 1233 ;
2943 1191 3063 1243 quae
3081 1191 3163 1229 res
3192 1177 3387 1250 vulgus
3415 1180 3582 1239 latere

1982 1276 2089 1315 non
2145 1260 2335 1332 potuit.
2371 1260 2632 1314 Rumores
2659 1259 2840 1329 itaque
2857 1262 3021 1315 multi
3048 1265 3225 1319 exorti
3274 1276 3416 1336 sunt,
3447 1285 3578 1340 par-

1985 1359 2062 1405 tes
2090 1349 2334 1405 diversas
2361 1348 2416 1402 in
2444 1348 2659 1404 diversa
2690 1350 2979 1404 trahentes.
3014 1350 3171 1419 Quod
3228 1355 3431 1411 electus
3477 1359 3580 1413 ad-

1984 1447 2220 1504 vertens,
2252 1445 2302 1492 et
2360 1454 2518 1492 suum
2575 1453 2691 1492 esse
2737 1437 2792 1491 in
2850 1439 3046 1494 talibus
3075 1441 3152 1510 (ut
3181 1443 3582 1513 praelibavimus

1983 1543 2092 1582 non
2141 1526 2274 1580 utile
2332 1541 2451 1580 esse
2479 1525 2840 1596 perpendens,
2887 1542 2982 1597 per
3006 1527 3363 1588 internuntios
3420 1551 3580 1589 man-

1994 1615 2143 1673 (lavit
2172 1615 2221 1669 ei
2254 1615 2371 1668 haec
2406 1629 2418 1667 :
2456 1637 2477 1661 α
2513 1612 2652 1682 Quia
2682 1614 2839 1670 video
2871 1623 2920 1670 te
2949 1631 3055 1671 non
3085 1634 3224 1688 esse,
3257 1628 3314 1674 ut
3344 1621 3471 1676 mihi
3493 1640 3582 1678 ex-

1985 1704 2219 1773 pediret,
2283 1718 2536 1758 serenum
2596 1718 2731 1774 erga
2788 1719 2894 1772 me,
2929 1721 3029 1760 nec
3052 1705 3162 1761 scio
3193 1724 3355 1778 quare
3388 1711 3488 1768 hoc
3503 1713 3582 1769 sic

272 1817 380 1872 lem
426 1811 863 1869 benedictionem
957 1805 1097 1861 velle
1170 1801 1463 1873 requirere,
1527 1796 1875 1853 conturbatus
1904 1812 1956 1871 Β
1984 1809 2071 1846 me
2091 1791 2480 1861 promeruisse,
2512 1807 2634 1846 cum
2655 1800 2865 1845 certum
2895 1794 3160 1850 habeatur
3185 1814 3273 1853 me
3305 1816 3416 1854 non
3440 1802 3580 1858 mul-

266 1907 450 1963 animo
475 1916 704 1974 surgens
725 1895 966 1952 discessit
994 1893 1058 1947 ab
1097 1907 1182 1946 eo.
1214 1889 1446 1944 Nolebat
1474 1886 1619 1941 enim
1682 1884 1873 1938 Eccle-

270 1996 407 2050 siam
438 1989 878 2047 Cantuariensem
927 1980 1178 2038 anteferri
1233 1976 1493 2032 Ecclesia:
1549 1970 1729 2026 Sancti
1756 1973 1872 2023 An-

261 2085 409 2138 dreae
439 2083 508 2137 de
534 2078 742 2136 Scotia.
781 2076 993 2129 Vocans
1022 2072 1201 2138 itaque
1227 2063 1604 2121 Willhelmum
1678 2075 1873 2113 mona-

265 2173 428 2230 chum
453 2168 633 2225 Sancti
665 2162 932 2220 Edmundi
966 2159 1075 2231 qui,
1108 2165 1230 2227 post
1294 2151 1650 2224 Thurgodum
1695 2147 1870 2201 eidem

275 2256 612 2332 episcopatui
684 2250 1030 2324 praepositus,
1087 2260 1226 2316 pene
1283 2242 1433 2296 illum
1491 2240 1869 2302 evacuaverat,

265 2325 530 2426 piaecepit
560 2353 615 2399 ut
655 2357 805 2397 more
848 2339 1011 2394 solito
1041 2336 1095 2389 in
1151 2332 1461 2403 episc0patu
1510 2344 1566 2382 se
1622 2325 1865 2392 haberet,

265 2414 570 2509 ἐχθροὶ-ἱειιο
599 2432 810 2488 noviter
837 2426 1108 2483 investito.
1142 2421 1371 2491 Expleto
1402 2424 1580 2473 autem
1603 2422 1725 2484 post
1753 2414 1869 2467 haec

263 2542 452 2584 mense
471 2525 705 2594 integro,
751 2527 803 2574 et
862 2517 945 2571 his
1001 2530 1124 2586 quae
1153 2511 1488 2582 supererant
1540 2504 1654 2574 jam
1715 2500 1871 2555 terris

267 2591 615 2688 episcopatus
643 2607 883 2664 funditus
911 2601 1206 2666 evacuatis,
1228 2614 1326 2669 pro
1383 2604 1509 2652 voto
1560 2591 1867 2662 principum

260 2706 418 2781 regni
449 2719 546 2758 rex
576 2697 880 2757 Alexander
899 2694 1073 2764 ipsum
1103 2691 1332 2746 electum
1353 2681 1623 2747 convenit,
1668 2679 1868 2747 vixque

270 2766 358 2858 ab”
373 2816 437 2856 eo
468 2791 697 2854 obtinuit
724 2797 779 2844 ut
809 2784 959 2857 quod
988 2797 1114 2852 sper
1166 2777 1416 2833 inimicos
1470 2786 1595 2826 suos
1651 2766 1866 2823 exerci-

273 2901 386 2946 tum
418 2888 616 2942 ducere
647 2878 988 2949 disponebat,
1021 2871 1229 2940 virgam
1259 2860 1583 2935 pastoralem
1632 2858 1870 2925 desuper

269 2981 458 3043 altare,
487 2971 638 3044 quasi
669 2970 736 3024 de
765 2979 929 3020 manu
960 2957 1176 3015 Domini
1204 2953 1520 3023 susciperet,
1579 2952 1635 3002 et
1691 2946 1764 2998 ita
1812 2943 1867 2995 in

267 3075 378 3125 toto
405 3078 574 3136 regno
599 3072 742 3115 curae
769 3052 1073 3108 animarum
1104 3043 1481 3110 omnium,pro
1510 3050 1693 3106 posse,
1713 3032 1867 3087 dein-

266 3122 394 3228 ceps
421 3122 743 3224 intenderet.
769 3144 892 3197 Post
919 3141 1036 3193 haec
1065 3134 1136 3190 ad
1165 3130 1456 3230 ecclesiam
1506 3122 1710 3230 Sancti‘
1746 3123 1864 3176 An-
1892 3167 1942 3230 Ο

264 3216 410 3303 dress
438 3222 606 3306 venit,
655 3242 710 3290 et
765 3233 1078 3287 occurrente
1135 3221 1182 3277 ei
1231 3217 1440 3290 regina,
1496 3216 1781 3281 susceptus
1829 3225 1862 3263 a

259 3302 601 3392 scholasticis.
617 3331 668 3380 et
705 3319 884 3393 plebe,
917 3310 1186 3385 pontiﬁcis
1212 3309 1331 3363 loco
1363 3302 1646 3360 successit.

332 3387 479 3478 inter
544 3417 662 3470 haec
707 3387 952 3477 eousque
1004 3403 1332 3456 Thurstanus
1380 3390 1742 3448 Eboracensis
1808 3387 1865 3442 in

257 3504 650 3587 gransmarinis
691 3495 940 3570 partibus
967 3489 1300 3552 morabatur,
1359 3487 1414 3538 et
1442 3496 1607 3552 supra
1653 3491 1866 3533 memo-

259 3566 377 3659 rato
408 3597 626 3671 negotio
654 3566 751 3648 suo
790 3587 1020 3644 viriliter
1075 3579 1354 3642 insudans,
1421 3573 1487 3628 ad
1543 3572 1646 3625 hoc
1701 3566 1866 3622 etiam

265 3655 794 3765 regemlnglorum
855 3669 1200 3747 provocavit,
1258 3671 1522 3738 quatenus
1577 3667 1630 3714 et
1681 3655 1866 3727 ponti-

267 3744 366 3836 ﬁci
389 3744 798 3833 Cantuavriorum
830 3744 996 3820 semel
1028 3767 1080 3814 et
1107 3757 1228 3827 regi
1257 3754 1544 3808 Scotorum
1601 3756 1678 3802 ter
1732 3744 1870 3800 scri-

271 3868 378 3940 ptis
407 3863 709 3927 mandaret,
763 3872 830 3910 ne
855 3859 945 3908 aut
971 3849 1063 3904 ille
1116 3844 1346 3900 electum
1405 3837 1586 3894 Sancti
1642 3835 1871 3888 Andreas

268 3925 630 4015 consecraret,
663 3925 756 4002 aut
793 3944 890 3997 iste
913 3940 1025 3995 ulla
1062 3934 1271 3990 ratione
1336 3927 1537 3982 sacrari
1589 3925 1870 3995 permitte—

269 4053 369 4101 ret.
412 4040 546 4110 Quae
578 4053 666 4093 res
695 4033 987 4088 multorum
1017 4025 1228 4080 animos
1258 4016 1633 4077 vulneravitet
1675 4014 1730 4067 in
1782 4011 1871 4066 di-

279 4147 443 4189 versa
468 4125 732 4193 distraxit,
767 4130 818 4177 et
845 4119 1099 4182 electum,
1133 4128 1204 4167 ne
1261 4103 1645 4162 Christianitati
1699 4102 1871 4157 corri-

272 4221 471 4294 gendae
498 4218 625 4290 jure
662 4190 954 4285 pontificali
996 4201 1319 4265 intenderet,
1359 4211 1464 4251 non
1505 4207 1688 4265 parum
1711 4190 1874 4245 debi-

276 4279 469 4366 litavit.
499 4279 738 4362 Dnde-hi
770 4297 964 4370 quibus
989 4291 1140 4350 cordi
1184 4296 1299 4344 erat
1355 4285 1464 4340 suis
1509 4279 1876 4350 voluptatibus

273 4399 451 4470 magis
487 4409 652 4467 quam
680 4368 801 4446 Dei
834 4381 1164 4458 jussionibus
1222 4376 1598 4444 obtemperare
1636 4368 1873 4424 roborati

273 4457 418 4555 sunt,
451 4492 506 4541 et
534 4481 789 4555 quoniam
817 4489 1037 4530 suorum
1064 4482 1274 4524 morum
1305 4462 1692 4519 correctionem
1758 4457 1874 4512 for-

276 4574 577 4640 midabant,
595 4572 706 4639 jam

279 4668 399 4738 ipse
447 4661 514 4717 ad
566 4636 719 4729 regis
773 4651 1076 4724 Anglorum
1101 4647 1251 4714 jussa
1297 4655 1613 4712 pavescens,
1674 4649 1744 4691 ex
1776 4636 1880 4690 hoc

280 4729 557 4810 hominem
592 4744 822 4802 minoris
877 4739 1017 4811 apud
1072 4751 1130 4790 se
1160 4730 1378 4787 honoris
1405 4729 1606 4782 habere
1656 4733 1709 4780 et
1749 4740 1878 4779 sen-

284 4842 391 4899 sim
450 4853 552 4894 sua
605 4832 771 4904 coepit
825 4827 1168 4884 imminuere.
1226 4818 1386 4888 Quod
1420 4817 1536 4886 ipse
1567 4814 1875 4879 advertens,

283 4946 448 5002 seque
506 4903 804 4987 modicum,
863 4933 928 4973 eo
957 4913 1059 4969 sibi
1089 4910 1343 4975 adverso,
1375 4903 1666 4960 secundum
1705 4903 1878 4956 Deum

282 5021 338 5075 in
359 4990 540 5089 .regno
574 5011 718 5067 illius
747 5004 1008 5080 proﬁcere
1038 4997 1345 5056 certissime
1376 4993 1574 5058 sciens,
1600 4990 1880 5060 proposuit

285 5075 628 5165 Cantuariam
659 5075 764 5165 ire,
786 5103 839 5151 et
867 5092 994 5148 inde
1022 5089 1149 5161 quid
1179 5085 1281 5141 sibi
1312 5080 1650 5154 potissimum
1707 5077 1760 5130 in
1786 5075 1878 5130 tali

286 5180 454 5254 causa
507 5193 647 5247 foret
671 5163 943 5261 agendum
989 5175 1276 5236 consilium
1333 5185 1534 5243 quaere.
1592 5165 1750 5234 Quod
1804 5163 1879 5218 uti

285 5284 402 5357 regi
438 5278 687 5347 innotuit,
705 5251 883 5330 "dixit
941 5285 1064 5326 eum
1104 5263 1174 5321 ab
1231 5259 1475 5318 Ecclesia
1504 5251 1880 5313 Cantuariensi

284 5341 497 5447 penitus
526 5341 856 5432 absolutum,
887 5375 989 5416 nec
1025 5356 1245 5413 omnino
1275 5347 1480 5420 aliquid
1506 5348 1563 5400 in
1591 5360 1654 5399 ea
1704 5341 1881 5414 parti-

286 5443 492 5534 cipium
551 5456 776 5523 habere,
807 5466 970 5521 seque
999 5448 1054 5501 in
1090 5443 1202 5502 vita
1256 5455 1349 5494 sua
1396 5447 1716 5493 consensum
1772 5445 1882 5486 non

287 5517 662 5624 praebiturum,
713 5517 772 5597 ut
809 5517 1102 5611 episcopus
1132 5529 1328 5589 Scotiae
1359 5524 1683 5582 subderetur
1710 5517 1883 5591 ponti-

288 5608 376 5698 iici
407 5608 861 5697 Cantuariorum:
904 5625 1110 5700 Quibus
1136 5636 1260 5679 cum
1290 5619 1407 5694 ipse
1438 5612 1684 5684 referret,
1735 5608 1883 5683 quod

1985 1889 2115 1948 tum,
2137 1891 2186 1935 te
2201 1880 2429 1948 offenso,
2453 1881 2508 1933 in
2525 1879 2940 1936 Christianitatis
2959 1886 3296 1941 correctione
3325 1887 3379 1942 in
3409 1906 3579 1964 regno

1982 1979 2069 2026 tuo
2128 1968 2490 2040 profuturum,
2538 1983 2671 2040 rogo
2738 1976 2792 2021 ut
2851 1978 2940 2024 tuo
2997 1972 3184 2028 favore
3240 1988 3558 2044 prosecutus

1981 2059 2324 2114 Cantuariam
2373 2059 2452 2112 ire
2526 2073 2613 2111 me
2696 2057 2859 2125 sinas,
2938 2069 3198 2129 quatenus
3240 2023 3578 2122 rconsilium"

1983 2147 2126 2219 quod
2185 2147 2315 2200 mihi
2365 2147 2434 2200 sit
2491 2146 2785 2217 agendum,
2843 2121 2972 2202 inde
3003 2151 3290 2221 requiram,
3324 2163 3376 2208 et
3403 2121 3580 2212 bene:

1978 2237 2269 2290 dictionem
2322 2233 2686 2305 pontiﬁcalem
2719 2235 2788 2288 ad
2827 2237 3086 2292 honorem
3140 2240 3235 2292 Dei
3269 2249 3316 2296 et
3365 2245 3578 2300 exalta-

1978 2325 2181 2379 tionem
2213 2323 2369 2393 regni
2399 2323 2682 2377 Scotorum
2714 2323 2837 2376 inde
2863 2325 3179 2395 suspiciam.
3219 2348 3242 2379 ι
3275 2331 3395 2386 Non
3413 2335 3579 2389 sede-

1977 2421 2101 2468 runt
2133 2414 2245 2468 hac
2276 2412 2455 2465 animo
2477 2411 2617 2481 ejus,
2642 2417 2694 2465 et
2723 2411 2964 2482 petitioni
2983 2413 3127 2469 illius
3157 2433 3212 2470 se
3235 2434 3578 2491 nequaquam

1977 2517 2258 2556 assensum
2299 2499 2645 2568 praebiturum
2719 2502 3070 2567 asseveravit,
3130 2513 3439 2562 contestans
3486 2526 3580 2566 re-

1975 2606 2141 2662 gnum
2176 2587 2378 2644 Scotiae
2407 2587 2782 2642 Cantuariensi
2814 2589 3068 2645 Ecclesiae
3110 2591 3244 2647 nihil
3274 2595 3580 2667 subjectio-

1978 2678 2064 2732 nis
2091 2677 2315 2746 debere,
2349 2683 2402 2730 et
2430 2676 2606 2746 ipsum
2629 2675 2698 2730 ab
2715 2691 2782 2731 ea
2811 2677 3024 2746 penitus
3054 2678 3347 2737 immunem
3377 2685 3580 2743 factum

1976 2766 2079 2821 sibi
2112 2766 2294 2820 datum
2317 2780 2460 2819 esse.
2482 2763 2578 2819 Cui
2598 2780 2718 2819 cum
2750 2765 2842 2819 ille
2874 2766 2974 2821 hoc
3003 2783 3060 2822 se
3090 2777 3313 2826 eatenus
3344 2776 3578 2832 nescisse
3603 2779 3608 2782 ’

1975 2854 2345 2925 responderet,
2410 2852 2714 2923 praesertim
2770 2868 2894 2909 cum
2961 2855 3192 2924 epistola
3246 2875 3344 2930 pro
3392 2879 3449 2918 se
3506 2866 3579 2921 ab

1975 2942 2389 3013 archiepiscopo
2447 2941 2529 2995 illi
2557 2941 2770 2997 directa
2799 2942 2938 2998 inter
2968 2943 3080 2998 alia
3101 2947 3407 3007 contineret
3441 2968 3568 3008 eum

1975 3031 2046 3088 ad
2099 3032 2205 3086 hoc
2261 3031 2500 3085 Scotiam
2523 3030 2823 3085 destinasse
2851 3039 2908 3086 ut
2928 3031 3160 3089 disceret
3189 3043 3365 3092 utrum
3388 3043 3574 3111 petitio

1974 3136 2136 3192 quam
2166 3120 2222 3173 in
2251 3118 2504 3192 eligendo
2534 3135 2658 3173 eum
2687 3119 2981 3191 suggessit,
3039 3123 3108 3176 ad
3166 3124 3428 3184 honorem
3481 3131 3578 3187 Dei

1973 3217 2024 3266 et
2054 3216 2253 3264 sanctae
2283 3207 2490 3272 matris,
2547 3207 2949 3262 Cantuariensis
3007 3209 3257 3268 videlicet
3286 3215 3550 3274 Ecclesia:

1971 3303 2256 3396 spectaret,
2281 3311 2391 3350 non
2419 3297 2478 3348 ut
2508 3293 2772 3366 dignitate
2806 3295 2921 3365 jam
3286 3261 3574 3364 ﬁnisti;

1971 3401 2035 3441 ea
2060 3385 2377 3440 inconcusse
2404 3397 2670 3453 possessa,
2703 3383 2822 3452 ipse
2839 3399 2941 3453 per
2958 3400 3017 3438 se
3040 3385 3094 3440 in
3122 3389 3381 3444 nutritum
3398 3391 3573 3452 ﬁlium
3613 3415 3621 3430 π

1971 3481 2282 3572 evacuaret,
2314 3471 2624 3570 indignatus
2649 3470 2877 3525 nimium
2912 3472 3152 3544 quotidie
3188 3491 3329 3533 uova
3367 3481 3570 3549 placita,

1973 3562 2152 3629 inisto
2177 3559 2398 3632 negotio
2428 3559 2562 3615 inire
2612 3560 2818 3614 nescire
2867 3560 3085 3628 juravit.
3142 3565 3224 3618 Ad
3282 3567 3403 3624 haec
3456 3571 3549 3629 ille

1974 3657 2166 3706 vocato
2205 3650 2259 3703 in
2287 3648 2571 3705 consilium
2601 3664 2757 3703 suum
2783 3649 2990 3704 Joanne
3009 3651 3269 3724 episcopo
3283 3616 3573 3716 Clascho:

1977 3739 2148 3806 nensi,
2208 3745 2262 3793 et
2317 3737 2530 3793 duobus
2585 3737 2864 3792 monachis
2915 3737 3391 3800 Cantuariensibus
3439 3765 3576 3820 quos

1977 3837 2104 3928 tunc
2133 3827 2392 3928 temporis
2416 3842 2596 3925 secum
2647 3825 2904 3928 habebat,
2969 3829 3267 3887 sciscitatus
3316 3844 3395 3891 est
3451 3839 3581 3910 quid

1979 3917 2032 3970 in
2090 3917 2180 3970 tali
2240 3932 2338 3970 suo
2393 3915 2611 3987 negotio
2664 3915 2766 3968 sibi
2822 3915 3014 3971 melius
3060 3918 3412 3979 decernerent
3465 3926 3581 3984 fore

1980 4004 2280 4078 agendum.
2321 4005 2470 4058 Tunc
2499 4003 2578 4057 illi
2608 4018 2795 4073 regem
2820 4004 3100 4075 adeuntes,
3122 4016 3388 4066 etstatum
3413 4016 3579 4070 animi

1981 4095 2098 4164 ejus
2126 4108 2290 4163 super
2317 4092 2433 4146 viro
2463 4091 2675 4160 plenius
2704 4091 3024 4158 ediscentes,
3061 4095 3213 4166 quasi
3243 4114 3351 4153 non
3382 4102 3451 4156 ab
3490 4119 3556 4159 eo

1981 4184 2079 4239 sed
2110 4180 2428 4253 simpliciter
2454 4193 2486 4232 a
2516 4194 2573 4233 se
2603 4179 2810 4233 consilii
2838 4196 3047 4235 summa
3067 4146 3345 4255 1prodiret,
3382 4146 3588 4249 intui;

1982 4279 2104 4327 runt
2124 4267 2330 4324 homini
2352 4267 2468 4322 haec
2501 4285 2512 4320 :
2551 4287 2574 4317 α
2611 4267 2667 4321 Si
2696 4273 2753 4321 ut
2781 4266 2922 4321 ﬁlius
2949 4269 3101 4337 pacis
3130 4271 3182 4325 in
3214 4289 3350 4343 pace
3403 4278 3584 4336 vivere

1981 4361 2152 4432 cupis,
2194 4359 2327 4414 alias
2345 4373 2464 4412 eam
2492 4357 2722 4428 require.
2755 4357 2872 4424 Hic,
2907 4359 3036 4412 dum
3100 4359 3203 4416 iste
3257 4370 3562 4436 regnaverit

1986 4412 2151 4432 ν-τηι
2570 4412 2585 4428 .
2861 4412 2872 4424 ι
3257 4412 3312 4418 --
3357 4412 3562 4426 πη...

1982 4450 2130 4505 nulla
2158 4448 2256 4504 tibi
2288 4455 2338 4503 et
2369 4447 2489 4518 paci
2516 4446 2824 4502 communio
2855 4447 2972 4502 erit.
3005 4447 3267 4506 Novimus
3283 4412 3582 4512 heminem’

735 4564 906 4622 securi
945 4557 1261 4615 irridebant.
1311 4551 1452 4621 Quid
1510 4549 1663 4620 plura
1693 4548 1721 4600 ?
1761 4547 1874 4601 Rex
1902 4531 1955 4591 D
1985 4541 2103 4610 Ipse
2132 4539 2187 4592 in
2212 4552 2381 4610 regno
2410 4552 2507 4591 suo
2535 4534 2648 4592 vult
2675 4551 2792 4591 esse
2822 4536 3004 4591 omnia
3027 4537 3191 4606 solus,
3263 4558 3367 4598 nec
3413 4548 3585 4602 susti-

1986 4626 2134 4683 nebit
2184 4634 2241 4680 ut
2322 4625 2527 4696 quaevis
2583 4631 2823 4693 potestas
2891 4623 3006 4680 sine
3059 4627 3180 4697 ejus
3235 4628 3586 4700 dispositione

1988 4710 2283 4782 quidquam
2307 4708 2360 4763 in
2382 4709 2568 4778 aliquo
2599 4707 2815 4779 negotio
2834 4709 3033 4778 possit.
3099 4711 3218 4767 Jam
3235 4719 3586 4776 exacerbatus

1989 4809 2070 4857 est
2097 4806 2285 4854 contra
2312 4805 2387 4863 te,
2419 4805 2473 4853 et
2500 4796 2671 4852 nescit
2701 4812 2890 4868 quare,
2940 4815 3215 4872 nunquam
3275 4805 3368 4858 tibi
3425 4808 3584 4879 plene

1988 4887 2382 4952 reconciliatur,
2461 4885 2669 4939 etiamsi
2725 4885 2918 4941 viderit
2977 4903 3158 4958 quare.
3218 4890 3586 4960 Quamobrem

1989 4989 2079 5036 aut
2107 4978 2351 5048 linquere
2380 4982 2432 5030 te
2463 4980 2658 5029 cuncta
2682 4975 2896 5030 noveris
2923 4985 3192 5048 oportere,
3239 4989 3329 5037 aut
3384 5000 3585 5058 perpe-

1990 5079 2080 5125 tuo
2109 5068 2252 5122 inter
2282 5065 2680 5132 Scotos,eorum
2710 5079 2838 5117 usus
2867 5066 3166 5134 sequendo,
3191 5078 3376 5128 contra
3390 5074 3588 5132 anima,

1989 5165 2093 5212 tuae
2147 5155 2373 5211 salutem
2428 5153 2482 5207 in
2538 5151 2839 5223 opprobrio
2867 5153 3032 5208 vitam
3079 5155 3300 5216 ducere.
3354 5160 3512 5232 Quod
3542 5164 3590 5221 si

1988 5244 2270 5301 discedere
2303 5242 2493 5308 mavis,
2543 5249 2596 5295 et
2622 5239 2882 5294 annulum
2963 5259 3120 5312 quem
3177 5263 3209 5301 a
3238 5264 3402 5306 manu
3446 5251 3594 5310 illius

1989 5331 2296 5403 suscepisti,
2329 5338 2382 5386 et
2410 5329 2657 5384 baculum
2714 5345 2873 5400 quem
2931 5329 3171 5403 desuper
3207 5335 3376 5392 altare
3400 5339 3586 5408 tulisti,

1991 5422 2068 5478 illi
2098 5418 2316 5493 cogeris
2338 5418 2642 5475 restituere.
2702 5417 2955 5490 Alioquin
3011 5427 3208 5478 terram
3251 5440 3424 5494 suam,
3483 5426 3618 5484 nisi

1989 5527 2112 5569 eam
2141 5508 2477 5566 transvolare
2500 5506 2746 5577 potueris
2803 5523 2913 5564 non
2953 5510 3274 5582 egredieris.
3316 5537 3340 5563 ι»
3372 5512 3454 5569 Ad
3469 5514 3589 5573 hec

1993 5607 2197 5676 quanta
2247 5597 2408 5671 dicta,
2441 5603 2641 5672 quanta
2686 5595 2894 5668 objecta
2949 5597 3078 5672 sint,
3127 5600 3254 5660 hinc
3279 5609 3334 5663 et
3360 5602 3486 5663 inde
3513 5605 3587 5666 ad
