4044 6074
450 360 552 415 515

1459 336 1776 408 EADMERI
1813 339 2370 406 CANTUARIENSIS
2408 340 2723 404 MONACHI

3632 349 3760 407 516

445 485 549 542 alia
609 483 918 541 tendentem
973 481 1210 537 scribere
1268 479 1420 550 piget
1477 494 1490 541 ;
1541 485 1663 547 post
1692 490 1812 545 quae
1870 473 2048 530 omnia
2079 472 2428 546 Aregimine
2482 472 2707 542 sciebat,
2759 482 2830 543 et,
2892 476 2939 529 si
2999 484 3319 543 remaneret,
3378 475 3760 532 detrimentum

445 575 653 632 electus
683 571 1175 645 ipse,considerato
1233 567 1419 623 ordine
1450 581 1558 636 quo
1614 582 1734 634 quae
1761 580 1930 634 penes
1989 579 2048 618 se

445 671 564 719 acta
594 663 824 727 fuerunt,
858 659 1107 714 videlicet
1162 656 1392 726 qualiter
1447 653 1704 708 annulum
1761 653 1829 707 de
1881 667 2048 706 manu

445 752 616 824 regis,
647 748 917 817 acceperit
943 746 1172 816 qualiter
1202 745 1515 814 episcopatu
1557 741 1838 796 investitus
1869 741 2045 806 fuerit,

443 839 673 911 qualiter
731 835 984 891 baculum
1043 834 1274 904 desuper
1303 832 1473 886 altare
1528 831 1732 897 tulerit,
1770 829 1836 884 ita
1899 827 2046 883 brevi

449 925 733 998 respondit
764 944 781 979 :
813 923 1082 978 Annulum
1139 922 1381 993 quidem,
1412 937 1570 991 quem
1603 919 1670 972 de
1701 935 1863 972 manu
1909 917 2050 971 illius

441 1014 682 1086 suscepi,
716 1013 891 1066 libens
917 1011 1165 1081 reddam,
1199 1026 1262 1064 ea
1312 1026 1368 1064 re
1420 1009 1564 1078 quod
1587 1006 1716 1060 nihil
1746 1006 2044 1077 potestatis,

440 1121 561 1174 qua:
616 1119 683 1158 eo
742 1100 1093 1173 signiﬁcatur,
1156 1099 1211 1152 in
1265 1098 1358 1152 illo
1391 1096 1599 1167 accepi,
1641 1095 1780 1150 laico
1838 1094 2048 1151 scilicet

435 1192 616 1260 dante,
649 1192 734 1247 cui
767 1192 871 1245 tale
933 1188 1062 1261 quid
1111 1188 1244 1242 nihil
1281 1187 1496 1241 attinet.
1561 1185 1814 1240 Baculum
1845 1193 2042 1252 autem,

441 1298 602 1353 quem
652 1296 818 1350 super
876 1278 1062 1345 altare,
1121 1275 1478 1347 praesentibus
1517 1273 1726 1328 duobus
1755 1272 2043 1343 episcOpis,

439 1368 669 1441 sumpsi,
726 1382 925 1438 ponam
951 1365 1043 1419 ubi
1073 1363 1360 1434 assumpsi,
1413 1370 1466 1417 et
1517 1377 1639 1417 eum
1700 1360 2045 1432 dispositioni

441 1459 569 1512 Jesu
600 1455 796 1511 Christi
828 1453 1240 1510 commendabo.
1266 1452 1592 1520 Relinquere
1639 1458 1817 1504 autem
1877 1457 2045 1503 totum

440 1547 834 1617 episcopatum,
895 1559 962 1598 ea
1009 1541 1338 1606 conditione,
1363 1539 1486 1611 quia
1516 1539 1596 1593 vis
1638 1538 1767 1592 mihi
1802 1537 2043 1605 infertur,

440 1633 745 1704 acquiesco,
807 1636 864 1687 ut
894 1648 1017 1687 eum
1048 1639 1290 1701 tempore
1327 1627 1617 1684 Alexandri
1643 1627 1789 1698 regis
1816 1642 1924 1681 non
1953 1643 2045 1682 re-

441 1722 676 1790 clamen,
700 1719 802 1775 nisi
860 1719 1123 1791 pontifex,
1184 1725 1237 1773 et
1279 1724 1575 1772 conventus
1632 1714 2045 1770 Cantuariorum

2159 563 2352 617 anima:
2383 579 2493 617 suae
2519 570 2572 617 et
2599 563 2827 618 aliorum
2858 563 3141 620 imminere
3182 564 3414 620 videbat.
3472 564 3763 620 Communi

2159 652 2373 706 tandem
2431 653 2659 707 consilio
2721 653 2867 708 nolui
2914 669 3037 709 eum
3095 653 3147 709 vi
3203 653 3453 720 retinere,
3514 653 3763 724 petitioni

2157 755 2287 807 sum,
2345 742 2592 810 quamvis
2649 742 2868 808 invitus,
2955 742 3217 814 acquievi,
3280 750 3332 796 et
3387 742 3762 812 episcopatum

2155 829 2409 895 reddidit,
2443 838 2494 884 et
2523 829 2702 884 fmdus
2725 831 2974 887 amicitiae
3004 831 3146 886 inter
3173 847 3258 886 me
3289 835 3342 885 et
3369 830 3542 902 ipsum
3573 831 3765 886 osculo

2154 917 2518 973 conﬁrmavit.
2565 919 2632 972 Et
2688 921 2802 974 haec
2846 928 2924 973 est
2980 920 3056 974 rei
3112 921 3317 974 veritas
3345 935 3506 991 quam
3563 918 3762 974 litteris

2154 1006 2316 1061 vobis
2349 1007 2625 1062 declarare
2653 1007 2818 1075 volui,
2850 1020 2918 1063 ne“
2945 1008 2988 1062 si
3021 1007 3168 1062 aliud
3213 1008 3281 1062 ad
3333 1024 3490 1063 aures
3546 1017 3760 1064 vestras

2153 1095 2461 1165 perveniret
2489 1095 2802 1151 crederetis.
2848 1097 2993 1152 Sciat
3021 1096 3256 1167 denique
3303 1096 3518 1151 bonitas
3572 1104 3760 1152 vestra

2155 1184 2301 1255 quod
2324 1184 2480 1239 vobis
2510 1185 2746 1255 penitus,
2779 1194 2836 1239 ut
2865 1186 3075 1241 amicus
3104 1184 3294 1252 ﬁdelis,
3327 1184 3595 1240 obnoxius
3630 1201 3755 1241 esse

2153 1273 2334 1342 cupio,
2396 1281 2448 1326 et
2496 1273 2725 1328 consilio
2762 1282 2959 1341 vestro,
3009 1281 3206 1328 vestrae
3258 1274 3415 1328 etiam
3475 1273 3653 1328 dilecti
3697 1275 3752 1328 ni

2154 1360 2313 1415 subdi
2333 1360 2612 1418 desidero.
2653 1364 2720 1418 Ut
2749 1363 2970 1419 domino
3001 1363 3271 1419 Eadmero
3301 1361 3568 1418 honorem
3596 1361 3755 1417 exhi-

2153 1450 2303 1517 beas,
2336 1449 2538 1506 obnixe
2566 1451 2801 1522 postulo.
2830 1452 3020 1508 Valde.
3051 1476 3071 1499 η

2224 1557 2415 1612 Utrum
2466 1567 2643 1612 autem
2691 1559 2745 1612 in
2801 1558 2919 1614 istis
2977 1564 3123 1614 tanto
3153 1558 3299 1612 Patri
3325 1573 3418 1612 rex
3449 1557 3566 1630 ipse
3594 1574 3749 1623 vera,

2151 1645 2441 1715 sophistica
2470 1645 2674 1702 falsave
2706 1649 3066 1716 mandaverit,
3086 1663 3195 1702 non
3222 1645 3452 1717 effugiet
3507 1648 3752 1701 notitiam

2154 1732 2273 1802 ejus
2305 1735 2394 1803 qui
2424 1735 2675 1803 consilia,
2705 1744 3011 1791 commenta
3040 1745 3094 1791 et
3123 1734 3468 1806 deceptiones
3500 1735 3750 1808 singulo-

441 1819 496 1867 εἰ
543 1827 634 1865 rex
691 1808 988 1881 Anglorum
1020 1806 1168 1862 δῙίυά
1224 1806 1354 1860 mihi
1413 1821 1574 1875 super
1613 1803 2037 1894 δίεηοφῐιδίηιπη
2068 1827 2122 1890 Β
2151 1839 2270 1877 rum
2328 1837 2426 1878 suo
2485 1830 2724 1894 tempore
2755 1825 3068 1893 denudabit,
3101 1803 3345 1879 redditus
3366 1824 3564 1893 cuique
3588 1803 3754 1894 prout

447 1899 715 1955 dederint.
750 1900 811 1951 In
839 1897 943 1963 his,
993 1897 1046 1950 in
1069 1912 1202 1967 pace
1253 1894 1414 1949 divisi
1455 1903 1597 1961 sunt,
1622 1896 1676 1948 ct
1705 1893 2037 1958 Eadmerus,

436 1987 780 2044 Cantuariam
831 1986 1074 2052 veniens,
1107 1985 1175 2039 ab
1233 1984 1489 2055 episcopo
1523 1989 1575 2036 et
1633 1981 1887 2035 fratribus
1933 1981 2046 2035 suis

429 2077 568 2148 late
600 2083 880 2146 susceptus
912 2082 1013 2129 est.
1049 2073 1390 2143 Diligebatur
1407 2072 1554 2126 enim
1587 2070 1655 2124 ab
1686 2070 1963 2135 omnibus,
1997 2078 2048 2124 et

447 2166 537 2236 qui
595 2165 661 2221 de
718 2163 966 2219 absentia
996 2162 1142 2216 illius
1202 2162 1412 2216 fuerant
1442 2157 1788 2224 mmstiﬁcati,
1811 2158 1864 2210 in
1894 2173 2046 2226 prse-

449 2253 623 2310 sentia
707 2253 850 2307 illius
940 2252 1066 2307 facti
1153 2251 1369 2306 fuerunt
1425 2249 1783 2306 vehementer
1831 2245 2046 2301 exhila-

447 2343 576 2398 rati.
615 2341 766 2398 Misit
821 2349 998 2395 autem
1031 2355 1131 2396 rex
1179 2339 1232 2393 in
1287 2337 1684 2394 accusationem
1726 2335 1921 2406 ipsius,
1946 2350 2049 2404 per

447 2432 693 2487 nuntium
778 2445 932 2484 suum
1011 2427 1422 2500 archiepiscopo
1491 2425 1779 2496 epistolam
1862 2438 2046 2492 unam,

443 2521 814 2577 continentem
831 2519 950 2574 haec
979 2532 990 2570 :

520 2676 541 2700 ι
572 2651 899 2719 Alexander,
953 2650 1056 2706 Dei
1085 2649 1282 2721 gratia,
1315 2665 1415 2705 rex
1456 2649 1762 2712 Scotorum,
1798 2643 2048 2718 Radulfo,

451 2741 856 2811 archiepiscOpo
915 2737 1320 2806 Cantuariensi,
1377 2738 1433 2792 in
1492 2737 1610 2808 ipso
1668 2734 1759 2806 qui
1804 2735 1916 2790 vita
1966 2735 2051 2787 est

441 2843 659 2898 semper
685 2827 904 2883 vivere.

513 2957 534 2985 (ι
570 2935 854 2988 immensae
891 2930 1120 2987 bonitati
1175 2938 1370 2987 vestrae
1426 2930 1672 3001 petitioni
1727 2943 1866 2984 mea:
1911 2941 2048 2983 con-

439 3021 810 3090 descendenti,
837 3036 1124 3092 personam
1157 3021 1215 3074 in
1243 3021 1536 3091 praesulatu
1593 3018 1776 3075 Sancti
1822 3015 2049 3070 Andreae

436 3111 838 3167 sublimandam
899 3108 1032 3163 mihi
1089 3108 1374 3175 mittendo,
1428 3107 1593 3162 animi
1650 3106 1758 3162 mei
1805 3103 2047 3169 aﬁ‘ectus,

2152 1911 2405 1984 gesserit.
2466 1912 2692 1984 Scripsit
2751 1920 2927 1968 tamen
2979 1914 3046 1968 ad
3095 1915 3213 1969 haec
3269 1914 3430 1967 Pater
3489 1913 3756 1967 Radulfus

2154 1999 2444 2069 epistolam
2466 1998 2607 2055 hanc
2641 2019 2652 2054 :

2232 2117 2253 2143 «ι
2289 2097 2606 2152 Alexandro
2637 2097 2829 2152 illustri
2878 2099 2995 2171 regi
3051 2099 3356 2166 Scotorum,
3418 2100 3586 2154 frater
3641 2099 3756 2155 Ra-

2157 2184 2358 2253 dulfus,
2380 2186 2776 2241 Cantuariensis
2807 2187 3068 2243 Ecclesiae
3099 2187 3363 2255 minister,
3413 2188 3494 2243 sic
3522 2202 3756 2256 regnare

2157 2274 2212 2328 in
2265 2290 2434 2348 regno
2486 2283 2698 2330 terreno
2729 2283 2785 2331 ut
2812 2291 2935 2332 cum
2975 2276 3187 2332 Christo
3246 2292 3474 2348 regnare
3505 2276 3671 2347 possit
3701 2278 3757 2331 in

2157 2362 2316 2420 coelo.

2233 2485 2527 2556 «Gratias,
2587 2500 2719 2556 quas
2765 2501 3082 2556 possumus,
3138 2488 3466 2544 venerabilis
3519 2489 3760 2560 domine,

2157 2574 2466 2629 sublimitati
2498 2583 2692 2631 vestrae
2749 2575 3054 2644 referimus,
3111 2592 3210 2648 pro
3239 2577 3544 2634 dilectionis
3571 2587 3626 2634 et
3653 2580 3763 2634 ho-

2156 2663 2306 2719 noris
2360 2679 2605 2730 munere,
2666 2664 2816 2736 quod
2868 2680 3002 2736 erga
3057 2665 3387 2737 parvitatem
3467 2675 3710 2722 nostram
3744 2709 3759 2734 ,

2157 2752 2356 2806 nuntiis
2379 2760 2433 2808 et
2461 2752 2648 2807 litteris
2667 2753 3038 2823 referentibus,
3072 2769 3170 2809 vos
3217 2755 3419 2810 habere
3476 2756 3763 2828 dignosci-

2156 2856 2296 2894 mus.
2331 2842 2392 2894 In
2419 2856 2525 2911 quo
2553 2856 2651 2896 nos
2681 2842 2867 2912 procul
2892 2842 3058 2897 dubio
3088 2859 3186 2898 nos
3217 2859 3316 2914 pro
3345 2859 3504 2915 posse
3551 2861 3768 2916 semper

2159 2928 2385 2984 devotos
2459 2928 2747 2995 habebitis,
2804 2929 2934 3001 quid
2991 2931 3044 2985 in
3101 2931 3214 2988 vita
3267 2941 3471 3001 nostra,
3527 2933 3765 2988 Domino

2157 3017 2443 3088 largiente,
2472 3017 2807 3073 fructuosum
2836 3018 3160 3085 inveniatur,
3208 3029 3441 3076 vestrum
3501 3037 3618 3077 esse
3675 3037 3767 3076 se-

2157 3121 2285 3160 cure
2314 3105 2517 3162 sciatis.
2549 3107 2764 3161 Gratias
2791 3107 2974 3175 etiam,
3009 3123 3071 3162 ex
3095 3108 3239 3163 bona
3280 3109 3552 3165 voluntate
3606 3109 3765 3165 vobis

435 3197 787 3264 benevolens,
817 3205 948 3254 etut
970 3198 1180 3268 justum
1238 3205 1339 3263 est,
1397 3196 1689 3263 obnoxius,
1738 3195 2056 3248 innumera-
2087 3186 2137 3249 C
2164 3193 2526 3263 persolvimus
2551 3209 2649 3265 pro
2678 3195 3021 3266 susceptione
3069 3196 3369 3252 charissimi
3425 3195 3520 3253 ﬁlii
3571 3197 3767 3266 nostri,

438 3285 578 3343 biles
600 3286 810 3359 gratias
830 3284 1024 3341 reddit.
1048 3285 1158 3341 Sed
1173 3300 1410 3354 persona
1425 3285 1482 3338 in
1502 3284 1822 3354 episcopatu
1853 3280 2050 3352 posita,

437 3374 923 3433 consuetudinibus
953 3381 1110 3430 terra:
1149 3373 1498 3445 moribusque
1527 3372 1826 3440 hominum,
1858 3374 1922 3425 ut
1963 3385 2051 3424 res

438 3473 494 3520 et
521 3472 738 3534 tempus
767 3463 1046 3535 exigebat,
1088 3469 1140 3517 et
1206 3466 1267 3517 ut
1317 3464 1522 3533 justum
1579 3470 1634 3518 et
1687 3458 2051 3516 necessarium

441 3561 600 3621 esset,
634 3551 1072 3608 condescendere
1101 3551 1294 3606 noluit.
1328 3553 1453 3620 Ipsa
1479 3565 1610 3605 vero
1656 3549 1866 3604 tandem
1920 3563 2052 3618 per-

443 3656 598 3708 sona,
631 3640 686 3694 in
716 3640 1004 3711 praesentia
1033 3639 1396 3709 quorumdam
1425 3638 1806 3709 episcoporum
1854 3645 1907 3692 et
1960 3652 2048 3691 co-

441 3729 652 3794 mitum,
685 3728 1090 3799 proborumque
1122 3735 1276 3782 terra:
1306 3743 1443 3782 meae
1463 3726 1720 3795 virorum,
1757 3741 1844 3780 me
1871 3725 2049 3794 requi-

437 3813 561 3868 sivit
590 3821 645 3868 ut
683 3814 733 3868 ei
759 3812 1031 3868 licentiam
1063 3813 1374 3880 recedendi,
1424 3821 1477 3867 et
1501 3813 1568 3867 de
1599 3812 1861 3868 ﬁdelitate
1883 3827 2048 3883 quam

440 3902 577 3956 mihi
629 3901 850 3968 fecerat,
901 3901 1209 3957 libertatem
1265 3902 1641 3968 concederem,
1717 3917 1837 3956 cum
1893 3900 2048 3955 nullo

437 3990 602 4047 modo
631 4005 910 4046 remanere
938 3991 1122 4056 vellet,
1146 3990 1246 4044 nisi
1278 4006 1402 4046 eum
1433 3990 1488 4044 in
1547 3990 1797 4060 captione
1829 3990 2046 4045 detine-

439 4095 576 4136 rem.
614 4081 742 4135 Haec
771 4079 1021 4148 audiens,
1053 4087 1106 4135 et
1151 4079 1236 4133 his
1292 4080 1475 4134 verbis
1504 4080 1758 4151 respondi
1816 4079 1980 4149 quod,
2004 4081 2049 4134 si

439 4167 648 4239 aliquas
678 4169 841 4223 dictis
870 4169 960 4223 vel
992 4167 1149 4224 factis
1172 4167 1423 4237 injurias,
1484 4168 1533 4223 ei
1564 4185 1596 4222 a
1627 4184 1713 4224 me
1740 4168 1939 4236 illatas,
1997 4175 2050 4222 et

442 4258 586 4328 quod
639 4259 695 4312 in
748 4256 1030 4326 aliquibus
1087 4273 1208 4326 quae
1264 4257 1313 4311 ei
1355 4257 1536 4312 facere
1592 4256 1904 4312 debuissem
1962 4272 2048 4312 me

435 4345 704 4402 defecisse
761 4346 1181 4411 demonstraret,
1204 4360 1306 4415 pro
1346 4345 1446 4400 Dei
1493 4360 1677 4400 amore
1707 4354 1759 4400 et
1788 4360 1910 4400 meo
1939 4346 2045 4399 ho-

435 4451 568 4492 nore
594 4434 952 4490 libentissime
982 4441 1180 4504 praesto
1208 4449 1388 4488 essem
1441 4433 1749 4488 emendare.
1783 4433 1871 4487 Ad
1903 4434 2043 4503 haec,

2158 3281 2415 3337 Eadmeri
2445 3282 2700 3339 videlicet
2729 3283 2885 3340 electi
2933 3284 3175 3356 episcOpi
3212 3286 3398 3352 vestri,
3458 3302 3615 3358 quem
3673 3301 3767 3340 se-

2157 3369 2394 3426 cundum
2443 3371 2757 3441 petitionem
2829 3381 3067 3430 vestram
3145 3374 3303 3430 vobis
3385 3375 3768 3430 transmissum

2155 3458 2452 3516 honoriﬁce
2509 3461 2796 3516 tractastis.
2855 3460 3034 3530 Quem
3089 3477 3189 3518 nos
3242 3464 3406 3518 etiam
3463 3463 3533 3518 ad
3587 3472 3769 3535 partes

2155 3556 2370 3603 nostras
2388 3549 2724 3617 redeuntem,
2757 3558 2912 3621 prout
2945 3551 3128 3607 decuit
3183 3559 3388 3606 tantam
3445 3566 3766 3622 personam,

2155 3635 2402 3692 ofﬁciose
2431 3637 2808 3709 suscipientes,
2841 3637 2897 3693 in
2927 3639 3191 3694 adventus
3247 3638 3421 3710 ipsius
3476 3656 3586 3696 non
3643 3656 3766 3695 me-

2157 3723 2412 3780 diocriter
2468 3726 2632 3781 laetati
2681 3743 2890 3785 sumus.
2971 3728 3211 3798 Cumque
3265 3728 3525 3784 secretius
3573 3739 3768 3798 postea

2152 3811 2295 3869 inter
2319 3829 2419 3869 nos
2449 3830 2634 3870 sermo
2664 3823 2988 3880 versaretur,
3022 3815 3331 3874 audivimus
3360 3833 3484 3872 eum
3558 3818 3767 3888 aliqua-

2151 3916 2185 3957 a
2217 3917 2382 3957 sensu
2413 3903 2706 3959 litterarum
2736 3912 3057 3972 vestrarum,
3127 3921 3260 3976 quas
3314 3905 3462 3976 prius
3517 3906 3763 3975 audiere,

2153 4006 2296 4067 mus,
2331 3992 2546 4047 diversa
2572 3993 2794 4062 sentire,
2827 4009 2929 4048 nec
2957 3993 3209 4048 omnibus
3238 4004 3394 4050 antea
3434 3995 3650 4063 auditis,
3696 4011 3765 4050 ex

2151 4087 2265 4134 toto
2293 4096 2568 4135 assensum
2615 4081 2878 4152 prebere.
2939 4083 3097 4140 Nunc
3153 4083 3333 4152 itaque
3389 4084 3642 4155 quoniam
3708 4085 3766 4138 in

2153 4168 2368 4238 scriptis
2399 4169 2594 4223 vestris
2612 4168 2760 4223 aliud
2788 4169 3044 4242 legimus,
3075 4179 3126 4226 et
3163 4171 3312 4225 aliud
3352 4171 3422 4226 ab
3453 4171 3575 4242 ipso
3596 4170 3764 4227 fratre

2153 4257 2514 4328 percepimus,
2547 4257 2777 4313 consilio
2821 4259 2983 4314 nobis
3037 4267 3117 4314 est
3165 4267 3221 4314 ut
3277 4261 3531 4315 eumdem
3590 4258 3761 4314 ﬁlium

2151 4354 2391 4400 nostrum
2421 4346 2567 4415 apud
2597 4361 2697 4401 nos
2761 4347 3106 4416 retineamus,
3167 4364 3471 4420 quousque,
3529 4349 3763 4404 Domino

2152 4435 2402 4500 ducente,
2462 4435 2518 4487 in
2575 4434 2836 4506 Angliam
2896 4435 3142 4505 veniatis,
3202 4437 3307 4491 nisi
3374 4436 3514 4492 forte
3559 4436 3764 4508 aliquid

431 4525 488 4580 in
517 4524 808 4596 praesentia
833 4523 1080 4577 omnium
1140 4522 1451 4587 astantium,
1496 4522 1629 4576 dixit
1659 4522 1803 4592 quod
1868 4523 2042 4576 nullas
2070 4541 2122 4601 D
2153 4521 2303 4576 aliud
2334 4522 2481 4592 quod
2509 4523 2668 4577 nobis
2696 4523 3000 4579 faciendum
3033 4525 3106 4580 sit
3163 4533 3320 4580 antea
3345 4526 3758 4582 mandaveritis.

435 4612 594 4669 dictis
623 4621 712 4668 aut
741 4611 899 4667 factis
929 4611 979 4666 ei
1014 4611 1239 4681 injurias
1267 4609 1586 4680 injeceram,
1649 4625 1750 4666 nec
1801 4626 2039 4679 unquam

431 4701 490 4754 in
520 4700 702 4769 aliqua
732 4716 786 4754 re
839 4716 999 4771 quam
1025 4699 1075 4754 ei
1135 4699 1314 4753 iacere
1369 4699 1676 4754 debuissem
1710 4699 2038 4755 deieceram.

426 4789 691 4843 Praeterea
722 4797 959 4858 egomet,
994 4795 1045 4842 et
1090 4787 1335 4858 episcOpi
1392 4794 1444 4841 et
1504 4787 1773 4855 consules,
1836 4787 2041 4858 aliique

431 4883 588 4932 terra:
618 4891 754 4931 meae
773 4875 929 4946 probi
958 4878 1224 4940 homines,
1258 4876 1334 4930 ibi
1395 4884 1670 4944 astantes,
1729 4877 2044 4932 reverentiae

434 4964 798 5020 obedientiam
831 4964 884 5017 in
918 4965 1327 5035 quibuscumque
1377 4963 1585 5034 justum
1629 4972 1788 5032 esset,
1842 4981 2044 5036 magna

435 5051 600 5107 animi
629 5052 965 5124 benignitate
994 5052 1288 5107 obtulimus
1310 5061 1362 5108 et
1391 5068 1488 5123 pro
1519 5055 1743 5124 penuria
1800 5052 2042 5109 honesta:

437 5140 786 5197 exhibitionis
815 5140 1131 5196 reverentiae
1161 5155 1268 5195 non
1325 5156 1445 5196 esse
1493 5157 1720 5197 necesse
1752 5141 1800 5196 ei
1831 5158 2042 5211 presu-

433 5229 600 5284 latum
623 5227 949 5299 relinquere,
984 5243 1105 5284 cum
1146 5244 1346 5300 magna
1373 5229 1746 5285 admonitione
1761 5231 2046 5285 retulimus

433 5318 670 5375 utetiam
727 5325 1047 5386 remaneret,
1109 5317 1283 5372 donec
1340 5318 1456 5389 regi
1520 5319 1732 5390 Anglia
1780 5327 1832 5374 et
1887 5320 2044 5375 vobis

427 5409 779 5476 nuntiassem,
837 5414 895 5461 ut
925 5407 1210 5462 amborum
1238 5406 1462 5462 consilio
1489 5406 1591 5462 frui
1658 5423 1895 5478 possem,
1956 5409 2046 5464 ob-

431 5497 559 5553 nixe
585 5496 925 5569 rogavimus.
956 5495 1052 5550 His
1108 5495 1326 5564 auditis,
1386 5496 1518 5550 mihi
1576 5498 1854 5568 respondit
1900 5498 2044 5568 Quod

433 5586 584 5641 nullo
612 5585 775 5641 modo
803 5591 1125 5653 remaneret,
1154 5583 1260 5639 nisi
1290 5601 1411 5640 eum
1441 5586 1498 5640 in
1527 5586 1776 5656 captione
1827 5587 2043 5642 detine-

436 5689 594 5740 rem;
625 5690 686 5732 se
715 5674 860 5732 enim
889 5689 992 5733 nec
1010 5673 1224 5745 utilem,
1247 5689 1348 5731 nec
1372 5674 1630 5732 idoneum
1649 5676 1702 5730 in
1719 5673 2044 5746 praesulatus

2150 4610 2282 4663 Cum
2315 4618 2516 4677 autem,
2553 4611 2666 4664 Deo
2724 4611 2980 4681 donante,
3012 4613 3170 4668 vobis
3201 4613 3616 4684 prmsentialiter
3669 4615 3762 4669 lo-

2153 4698 2244 4769 qui
2277 4705 2330 4753 et
2359 4714 2541 4753 rerum
2571 4714 2769 4754 causas
2802 4701 2928 4756 hinc
2958 4701 3082 4756 inde
3113 4702 3300 4756 audire
3327 4702 3645 4774 poterimus,
3707 4704 3754 4757 si

2150 4788 2265 4844 vita
2293 4795 2347 4842 et
2403 4786 2649 4842 doctrina
2669 4788 2829 4858 hujus
2885 4790 3049 4844 amici
3081 4792 3280 4845 nostris
3314 4792 3470 4848 vobis
3498 4799 3550 4847 et
3568 4792 3758 4862 patriae

2151 4882 2346 4930 vestrae
2401 4875 2546 4929 utilis
2598 4892 2716 4931 esse
2771 4877 3001 4946 videtur,
3029 4878 3271 4948 injuncta
3302 4879 3406 4934 sibi
3451 4879 3762 4936 obedientia

2151 4962 2221 5017 ad
2239 4962 2517 5019 electionis
2546 4979 2664 5018 suae
2690 4963 2946 5029 locum,si
2969 4983 3088 5020 eum
3108 4967 3380 5038 suscipere
3398 4967 3764 5034 vultis,redire

2151 5052 2368 5122 poterit.
2428 5052 2484 5107 Si
2515 5068 2646 5107 vero
2701 5053 2755 5106 in
2804 5063 3098 5124 conspectu
3127 5063 3305 5110 vestro
3335 5056 3482 5111 aliud
3504 5057 3762 5127 placitum

2152 5138 2329 5207 fuerit,
2388 5155 2492 5194 nos
2520 5155 2665 5208 eum,
2719 5149 2776 5194 ut
2822 5142 2995 5196 virum
3025 5143 3078 5195 in
3109 5143 3229 5214 lege
3260 5143 3476 5199 Domini
3508 5145 3764 5215 multipli-

2153 5228 2286 5283 citer
2315 5228 2631 5283 instructum
2662 5236 2717 5284 et
2771 5231 2918 5284 omni
2977 5231 3122 5286 bono
3177 5232 3329 5301 operi
3377 5241 3584 5303 aptum,
3636 5249 3762 5288 cum

2150 5329 2352 5388 magno
2381 5317 2582 5388 gaudio
2611 5317 2978 5388 retinebimus,
3013 5327 3065 5374 et
3102 5319 3181 5376 sic
3235 5336 3389 5390 spem
3449 5320 3648 5375 bonam
3708 5321 3766 5375 in

2154 5405 2537 5461 misericordia
2567 5405 2662 5460 Dei
2693 5405 2969 5474 habentes,
3004 5408 3122 5476 ejus
3154 5408 3384 5464 reditum
3418 5408 3762 5464 fructuosum

2152 5493 2496 5548 habebimus.
2532 5493 2684 5550 Vale.
2728 5515 2750 5545 ι

2224 5591 2416 5659 Itaque
2445 5591 2514 5645 de
2535 5590 2617 5646 his
2645 5591 2740 5646 ita.

2223 5677 2335 5736 Sed
2363 5679 2493 5734 dum
2551 5678 2679 5735 talia
2732 5678 2874 5738 circa
2931 5681 3258 5739 monac-hum
3314 5680 3764 5742 Cantuariensem
