4044 6074
310 328 415 388 517

1416 323 1742 387 HISTORIA
1769 324 2224 389 NOVORUM.-
2264 336 2388 392 LIB.
2421 333 2511 395 VI.

3510 360 3612 418 518

308 487 567 552 geruntur
592 479 649 535 in
685 476 886 545 Scotia,
932 474 1190 546 quiddam
1231 475 1434 530 nostris
1484 473 1695 529 saeculis
1740 474 1904 528 inau-
1936 459 1989 521 Α
2020 476 2307 535 multorum
2336 489 2547 537 mentes
2574 487 2850 554 exterruit,
2909 498 3070 559 atque
3128 497 3363 555 turbavit
3442 510 3496 559 et
3546 506 3579 559 d

3369 544 3382 567 ,
3442 523 3496 559 ει
3546 523 3614 561 ne

307 572 477 628 ditum
512 567 774 639 contingit
804 568 862 622 in
890 565 1110 636 Anglia.
1162 564 1512 620 Willhelmus
1567 563 1711 617 enim
1767 562 1910 617 ﬁlius

307 666 457 738 regis
481 659 722 726 Henrici,
775 658 929 727 cujus
983 655 1038 708 in
1078 652 1449 725 superioribus
1504 652 1671 723 hujus
1727 651 1913 722 operis

309 752 586 811 nonnullis
641 747 1010 811 meminimus,
1044 745 1254 799 Patrem
1317 758 1478 797 suum
1508 757 1540 795 a
1570 741 1908 797 Northman-

306 845 401 901 nia
426 844 483 899 in
532 839 783 911 Angliam
831 850 1137 907 regressum
1194 831 1347 902 sequi
1410 829 1667 902 gestiens,
1719 844 1907 883 navem

306 933 638 1007 ingreditur,
669 927 890 999 copiosa
919 922 1220 990 nobillium,
1256 920 1510 986 militum,
1542 933 1827 990 puerorum
1851 932 1913 971 ac

309 1006 635 1081 feminarum
692 1012 1035 1071 multitudine
1090 1009 1400 1066 comitatus.
1448 1006 1593 1076 Quid
1623 1023 1748 1062 mox
1776 1021 1910 1076 por-

307 1126 418 1172 tum
476 1109 643 1167 maris
690 1104 861 1162 evecti
913 1102 1159 1172 miraque
1214 1097 1357 1153 aeris
1413 1096 1704 1152 serenitate
1762 1094 1908 1163 freti,

306 1208 446 1262 freto
474 1198 663 1272 elapsi,
699 1198 756 1250 in
797 1191 1013 1248 modico
1050 1188 1203 1244 navis
1258 1202 1361 1258 qua
1418 1185 1776 1251 vehebantur,
1810 1199 1910 1237 ru-

306 1311 433 1368 pem
489 1292 790 1353 incurrens,
851 1296 1034 1338 eversa
1086 1285 1184 1343 est,
1244 1284 1298 1332 et
1352 1290 1542 1331 omnes
1597 1272 1688 1344 qui
1742 1271 1797 1327 in
1843 1286 1911 1327 ea

304 1360 632 1446 residebant,
663 1380 891 1445 excepto
920 1368 1117 1424 rustico
1146 1381 1273 1429 uno,
1306 1373 1358 1420 et
1384 1363 1526 1435 ipso,
1579 1371 1637 1416 ut
1690 1360 1911 1416 fereba-

308 1485 415 1540 tur,
474 1486 577 1527 nec
630 1463 852 1522 nomine
905 1459 1074 1530 digno
1127 1455 1219 1525 qui
1248 1454 1386 1508 mira
1433 1452 1530 1507 Dei
1560 1450 1729 1521 gratia
1757 1449 1913 1506 vivus

305 1538 499 1631 evasit,
558 1556 787 1612 marinis
842 1547 1095 1605 ﬂuctibus
1153 1551 1275 1600 sunt
1329 1540 1590 1611 absorpti.
1651 1538 1785 1608 Qua:
1822 1552 1912 1594 res

2017 566 2247 621 occultis
2269 568 2398 637 justi
2430 570 2527 626 Dei
2552 572 2774 641 judiciis
2800 575 2856 629 in
2884 577 3295 641 admirationem
3325 566 3592 650 cencussit

2016 651 2333 752 lio-tamam
2365 658 2523 714 citius
2574 663 2765 717 sedata
2803 672 2887 720 est
2940 668 2995 721 in
3023 637 3611 740 plurimorum

2132 702 2333 711 _...------
2367 702 2523 758 cf”...
2574 702 2765 760 cptum
2804 702 2887 763 ξιον
2940 702 2995 721 ιιι
3023 702 3379 768 νιιιιιιυυιίιηι
3421 702 3616 740 anlmts

2087 759 2176 810 jus
2234 746 2547 803 turbationis
2597 762 2925 824 immanitas,
2986 773 3113 827 quia
3168 763 3404 822 animam
3445 772 3590 828 regis

2021 789 2175 810 “ad..-
2236 789 2547 843 ._.....:..v...u
2597 789 2925 851 ιιιιιιιιιιιιιαο,
2986 789 3113 827 quia
3168 789 3404 822 animum
3445 789 3590 844 1‘8ng

2019 845 2181 933 quem
2214 849 2471 933 mamme
2530 838 2633 894 hoc
2692 840 3043 899 infortunium
3071 852 3416 924 respiciebat,
3450 816 3609 916 vide:

2017 917 2147 973 bant
2171 921 2316 1022 virili
2344 926 2529 1022 animo
2558 945 2614 982 se
2665 939 2942 1001 agentem,
3001 944 3054 990 et
3080 899 3608 1015 azqitiiatviﬂj-udic‘id:

2021 1023 2139 1063 rum
2169 1010 2288 1079 Dei,
2322 1013 2409 1067 cui
2439 1030 2598 1071 nemo
2656 1019 2907 1076 resistere
2955 1032 3150 1093 potest,
3201 1029 3315 1087 haec
3341 1010 3609 1096 submisso

2017 1107 2177 1192 gestu
2207 1108 2261 1155 et
2282 1117 2421 1192 voce
2450 1104 2845 1165 attribuentem.
2908 1112 2967 1165 In
2995 1114 3079 1167 his
3115 1131 3349 1192 namque
3384 1140 3444 1179 se
3472 1141 3608 1182 con-

2018 1189 2221 1290 solans,
2279 1191 2469 1290 humili
2527 1195 2718 1290 spiritu
2766 1205 2817 1252 et
2845 1215 2970 1254 ores
2999 1202 3133 1258 dixit
3160 1189 3304 1277 quod
3361 1216 3610 1273 omnibus

2018 1278 2335 1333 Christianis
2359 1281 2412 1335 in
2443 1284 2647 1338 cunctis
2699 1287 2988 1344 eventibus
3032 1293 3145 1347 suis
3172 1295 3462 1356 dicendum
3493 1305 3608 1364 fore

2018 1365 2298 1468 intellexit,
2330 1369 2714 1468 videlicet,_sit
2729 1392 2955 1468 nomem
2989 1381 3215 1440 Domini
3251 1386 3607 1451 benedictum

2016 1457 2073 1511 in
2100 1457 2320 1514 saecula.
2352 1462 2542 1515 Amem
2572 1462 2747 1532 (Jobr,
2778 1466 2891 1535 2t).

306 1689 3064 1740 _______________..____———————-————

1555 1886 1883 1981 LIBER
1914 1882 2353 1979 SEXTUS
2378 1950 2398 1971 .

1800 2067 2072 2082 ﬂ

373 2226 494 2297 Qua
519 2219 857 2296 jocunditate
885 2223 936 2270 et
963 2209 1321 2269 exsultatione
1350 2219 1576 2297 regnum
1594 2196 1891 2297 Anglifein
1914 2196 1970 2257 B
2000 2193 2295 2267 praemissae
2325 2191 2551 2247 intentio
2595 2206 2771 2262 pinnae
2800 2208 2987 2264 regem
3017 2193 3101 2249 vel
3129 2195 3437 2266 pontiﬁcem
3504 2201 3602 2257 ali-

298 2288 486 2374 redwitu
516 2288 660 2385 regis
690 2307 1047 2365 exhilaratum
1082 2298 1263 2364 fuerit,
1295 2296 1389 2367 qui
1445 2290 1707 2363 temporis
1753 2288 1897 2341 illius

300 2376 634 2470 recordatur,
666 2407 719 2454 et
746 2412 833 2452 me
863 2398 1091 2459 tacente,
1143 2387 1429 2443 advertere
1483 2379 1698 2452 poterit.
1756 2376 1895 2445 Spes

303 2494 504 2553 etenim
533 2503 736 2561 magna
765 2482 952 2557 magni
1005 2477 1132 2534 boni
1185 2475 1478 2532 multorum
1508 2466 1783 2524 mentibus
1811 2467 1897 2519 est

299 2586 433 2641 inde
484 2558 748 2653 profecta,
807 2588 928 2645 quae
983 2567 1086 2624 sibi
1139 2564 1475 2637 promitteret
1541 2558 1789 2612 levamen
1845 2559 1898 2606 et

301 2672 560 2731 auxilium
588 2684 621 2724 a
647 2662 863 2737 magnis
892 2658 1069 2726 malis,
1100 2667 1333 2727 quorum
1363 2648 1524 2705 taedio
1552 2644 1778 2700 nimium
1808 2655 1900 2696 an-

301 2730 464 2821 tehac
490 2730 817 2817 videbantur
855 2749 1075 2805 infecta.
1107 2745 1305 2801 Verum
1334 2741 1463 2794 dum
1494 2735 1639 2790 fama
1666 2730 1898 2787 intonuit

299 2848 703 2914 Willhelmum,
728 2842 846 2912 jam
884 2838 1015 2894 olim
1044 2832 1197 2907 regni
1225 2828 1496 2885 haeredem
1528 2822 1892 2895 designatum,

296 2941 367 2997 de
392 2937 574 2995 medio
604 2948 727 2991 esse
745 2928 1035 2994 sublatum,
1060 2938 1167 2978 non
1197 2933 1367 2991 parva
1394 2916 1554 2971 bonae
1584 2911 1699 2983 spei
1716 2907 1895 2979 portio

303 3028 490 3101 periit,
523 3019 878 3083 consideratis
907 3011 1204 3085 injustitiis,
1263 3021 1382 3078 qum
1436 3004 1491 3058 in
1518 3000 1666 3059 omni
1695 3010 1895 3070 genere

292 3085 574 3175 hominum
605 3111 712 3166 illis
738 3106 930 3163 diebus
953 3098 1332 3173 emergebant.
1369 3096 1617 3149 Attamen
1660 3102 1755 3142 rex
1808 3085 1892 3140 le-

291 3206 433 3279 galis
456 3199 677 3273 conjugi
710 3212 870 3261 nexu,
903 3192 1035 3249 olim
1064 3188 1293 3254 solutus,
1316 3198 1385 3237 ne
1397 3180 1527 3252 quid
1555 3175 1779 3232 ulterius
1803 3173 1892 3227 in-

290 3262 583 3351 honestum
610 3262 990 3346 committeret,
1023 3275 1248 3335 consilio
1301 3267 1514 3328 Radulﬁ
1570 3262 1890 3322 Cantuario-

292 3398 410 3439 rum
442 3377 722 3453 pontiﬁcis
752 3381 804 3430 et
832 3369 1138 3443 principum
1193 3361 1367 3435 regni,
1428 3371 1564 3430 quos
1594 3369 1784 3410 omnes
1836 3352 1891 3406 in

291 3440 607 3543 Epiphania
637 3440 859 3521 Domini
889 3459 992 3515 sub
1048 3469 1162 3510 uno
1190 3447 1485 3506 Lundoniae
1512 3440 1889 3516 congregavit,

295 3558 538 3617 decrevit
565 3554 670 3610 sibi
700 3554 754 3607 in
783 3565 894 3606 uxo

297 3648 450 3703 ducis
478 3640 864 3713 Lotharingiaa,
896 3634 1132 3708 puellam
1162 3627 1453 3699 virginem,
1510 3620 1669 3677 bonis
1726 3615 1897 3672 mori-

295 3736 401 3792 bus
431 3738 486 3792 et
515 3733 713 3789 decore
735 3707 978 3783 modesti
1020 3719 1200 3778 vultus
1247 3716 1507 3771 decenter
1553 3707 1889 3782 insignitam.

297 3825 379 3881 Ad
412 3824 573 3895 hujus
601 3820 769 3893 igitur
797 3812 1008 3885 copulae
1039 3804 1429 3881 perfectionem
1479 3798 1669 3855 directi
1725 3792 1898 3849 nuntii

297 3922 441 3982 sunt,
472 3912 560 3983 qui
591 3924 715 3964 cum
746 3905 825 3962 his
863 3917 994 3973 juos
1021 3899 1141 3954 dux
1170 3898 1498 3949 memoratus
1521 3885 1774 3959 Angliam
1796 3898 1897 3952 pro

296 4003 402 4061 hoc
428 3974 571 4072 ipso
601 3996 984 4059 destinaverat,
1018 3982 1361 4042 festinantius
1392 3980 1551 4042 irent,
1582 3984 1631 4030 et
1656 3974 1895 4027 futuram

295 4092 458 4166 regni
488 4088 786 4152 dominam,
821 4090 878 4138 ut
904 4076 1154 4143 decebat,
1187 4085 1398 4128 summo
1432 4082 1555 4123 cum
1586 4065 1788 4119 honore
1805 4059 1895 4115 ad-

294 4154 580 4238 ducerent.
611 4171 871 4230 Venienti
922 4181 1058 4239 ergo
1090 4163 1167 4218 illi
1213 4174 1465 4217 occursus
1511 4154 1893 4224 episcoporum

293 4234 694 4338 ethp—rocerum
751 4253 910 4328 regni
965 4234 1165 4317 Dofris,
1223 4245 1315 4300 ubi
1372 4239 1599 4312 appulit,
1672 4234 1893 4309 grandis

299 4326 478 4412 factus
506 4360 611 4420 est,
642 4357 695 4404 et
721 4326 849 4402 inde
879 4342 945 4397 ad
994 4337 1198 4395 curiam
1252 4331 1399 4405 regis
1455 4342 1625 4400 usque
1679 4326 1890 4396 perdu-

291 4452 399 4502 cta.

371 4535 507 4590 Cum
544 4530 668 4584 hinc
696 4526 771 4583 ita
800 4520 1242 4579 administrantur
1270 4516 1539 4569 conventu
1580 4504 1889 4576 principum

293 4622 389 4696 qui
418 4635 522 4693 pro
549 4632 775 4675 occursu
803 4611 1017 4683 reginae
1036 4607 1209 4660 factus
1237 4600 1410 4656 fuerat
1430 4596 1669 4652 nondum
1690 4593 1887 4661 soluto,

292 4684 525 4783 magnus
551 4720 734 4762 sermo
765 4699 979 4757 habitus
1008 4703 1090 4751 est
1117 4692 1185 4747 de
1214 4688 1443 4745 discidio
1473 4684 1617 4757 quod
1634 4698 1699 4738 eo
1714 4697 1889 4753 usque

294 4772 619 4858 versabatur
646 4795 790 4849 inter
816 4784 1105 4843 Radulfum
1134 4776 1603 4849 archiepiscopum
1651 4772 1887 4826 Cantua-

294 4885 551 4948 riensem,
601 4887 655 4935 et
703 4876 1063 4932 Thurstanum
1120 4866 1544 4920 Eboracensem.
1609 4855 1888 4926 Siquidem

292 4970 413 5040 ipse
440 4943 792 5031 Thurstanus,
822 4964 987 5031 prout
1016 4969 1177 5025 supra
1206 4945 1612 5019 descripsimus,
1636 4943 1888 4999 aCalixto

292 5036 587 5131 episcopus
618 5052 916 5117 ordinatus,
948 5047 1151 5101 litteras
1178 5042 1246 5097 ab
1298 5041 1417 5111 ipso
1449 5036 1684 5101 Calixto,
1735 5048 1888 5088 more

292 5121 401 5218 quo
431 5121 624 5203 cuncta
651 5142 840 5197 Romae
867 5138 1247 5206 impetrantur,
1279 5130 1506 5198 adeptus
1537 5124 1745 5184 fuerat;
1774 5121 1888 5194 qui-

295 5217 399 5291 bus
421 5232 715 5306 jubebatur
743 5237 801 5285 ut
854 5227 974 5297 ipse
1030 5222 1362 5278 Thurstanus
1413 5217 1734 5287 episcopatu
1790 5227 1888 5267 suo

286 5303 566 5396 potiretur,
594 5330 685 5376 aut
712 5335 806 5374 rex
835 5314 1200 5378 anathemate,
1235 5316 1287 5364 et
1330 5303 1594 5360 Radulfus
1651 5316 1888 5372 suspen-

287 5388 440 5468 sione
463 5406 794 5482 pontiﬁcalis
822 5402 982 5460 oﬁicii
1026 5400 1369 5472 plecteretur.
1414 5393 1501 5447 Ad
1542 5390 1689 5462 quod
1738 5388 1884 5445 reci-

287 5507 411 5556 tata:
458 5477 586 5555 sunt
641 5494 923 5551 sententiae
978 5486 1390 5561 privilegiorum
1444 5497 1566 5554 qua:
1621 5477 1887 5549 superiori

282 5580 424 5653 libro
455 5584 770 5650 indidimus,
803 5588 857 5637 et
887 5594 1043 5651 quam
1076 5575 1241 5647 digne
1269 5573 1385 5629 Deo
1417 5571 1534 5626 haec
1592 5566 1890 5639 apostolica

284 5676 727 5750 disponerentur,
749 5670 1083 5728 intellectum
1105 5671 1185 5721 est
1205 5662 1274 5721 ab
1304 5661 1580 5719 omnibus.
1606 5659 1809 5716 Tamen
1821 5670 1891 5714 ne

2005 2290 2272 2356 quatenus
2300 2280 2666 2347 conturbaret,
2697 2296 2763 2335 ex
2793 2283 3069 2338 communi
3096 2284 3321 2341 consilio
3366 2291 3604 2358 permis-

2004 2389 2096 2428 sus
2124 2379 2205 2427 est
2227 2370 2374 2425 idem
2402 2370 2739 2424 Thurstanus
2766 2371 3015 2443 Angliam
3054 2372 3253 2444 redire,
3284 2379 3339 2430 et
3384 2377 3601 2435 Ebora-

2159 2459 2310 2532 regia
2339 2457 2446 2560 via,
2479 2457 2687 2514 venire.
2721 2456 2884 2525 Quod
2915 2467 2967 2514 et
2994 2459 3195 2516 factum
3225 2471 3309 2518 est
3337 2479 3400 2520 ea
3420 2465 3598 2540 dispo-

2004 2549 2198 2604 sitione
2228 2552 2286 2602 ut
2314 2547 2617 2602 nullatenus
2645 2553 2796 2601 extra
2824 2548 3143 2618 parochiam
3200 2551 3598 2612 Eboracensem

2004 2637 2247 2693 divinum
2276 2634 2510 2692 ofﬁcium
2551 2634 2866 2702 celebraret,
2925 2636 3097 2693 donec
3144 2638 3401 2697 Ecclesiae
3454 2645 3599 2700 Can-

2004 2724 2260 2781 tuariensi
2310 2725 2379 2780 de
2435 2723 2649 2793 injuria,
2706 2739 2867 2793 quam
2930 2724 2978 2780 ei
3006 2725 3279 2796 intulerat,
3351 2730 3600 2800 abjurata

2003 2814 2184 2872 cordis
2211 2812 2293 2869 sui
2322 2812 2704 2881 obstinatione,
2722 2811 3098 2879 satisfaceret.

2073 2903 2204 2958 Haec
2233 2902 2372 2957 inter
2399 2902 2469 2956 de
2509 2899 2713 2973 reginae
2754 2900 3112 2968 maritatione,
3168 2919 3340 2961 necne
3394 2906 3450 2962 in
3504 2925 3598 2966 re-

2000 3007 2170 3065 gnum
2192 2990 2533 3062 promotione
2570 2992 2749 3046 actum
2779 2997 2858 3045 est
2885 2989 3025 3047 inter
3052 2993 3207 3065 regni
3235 2993 3579 3055 sublimiores

2000 3039 2170 3065 οη---
2193 3039 2530 3062 ,ηρ---ηπ
2572 3039 2748 3046 ηψπ-
2784 3039 2857 3045 η--
2886 3039 3014 3047 -_---
3052 3039 3108 3047 --
3152 3039 3207 3047 ..-
3235 3039 3579 3055 ---η-...πω

2000 3090 2056 3139 et
2082 3081 2143 3137 in
2175 3081 2491 3137 Vindlesora
2522 3079 2701 3150 ipsum
2735 3039 3396 3150 negotiumadministrari
3425 3039 3607 3157 dispo’.

2001 3170 2172 3226 situm
2224 3177 2321 3225 est.
2377 3168 2482 3224 Ubi
2537 3183 2659 3225 cum
2712 3166 3003 3238 episcopus
3056 3168 3443 3241 Serberiensis,
3476 3176 3604 3245 quia

1999 3267 2234 3360 castrum
2291 3258 2465 3360 ipsum
2517 3256 2571 3311 in
2612 3254 2837 3313 diceeesi
2889 3271 2989 3311 sua
3039 3258 3303 3329 consistit,
3360 3260 3597 3319 oﬂicium

2001 3348 2179 3419 ipsius
2206 3347 2418 3418 copulae
2447 3345 2707 3400 niteretur
2734 3343 3511 3413 administrari,contradictum
3541 3361 3597 3408 et

1999 3435 2414 3507 comprobatum
2444 3433 2515 3489 ab
2545 3433 2665 3488 aliis
2695 3440 2796 3501 est,
2822 3433 2999 3505 magis
3026 3434 3097 3488 ad
3125 3436 3591 3510 archiepisc0pum

897 3562 1013 3603 rem
1039 3539 1378 3599 Atheleidem
1406 3535 1579 3590 ﬁliam
1626 3525 1891 3617 Godfredi
1923 3552 1973 3617 Ο
2003 3523 2439 3617 Cantuariensem
2469 3523 2526 3577 id
2554 3522 2849 3593 pertinere,
2909 3537 2974 3577 ea
3002 3522 3210 3579 ratione
3240 3525 3391 3595 quod
3417 3542 3513 3583 rex
3544 3537 3598 3585 et

2006 3613 2196 3686 regina
2221 3611 2486 3682 speciales
2512 3627 2575 3666 ac
2607 3610 2890 3666 domestici
2918 3611 3232 3681 parochiani
3259 3621 3382 3669 sunt
3406 3615 3599 3687 ipsius,

2008 3718 2107 3758 nec
2137 3701 2427 3757 dioecesem
2483 3699 2723 3769 cujusvis
2780 3698 3024 3770 episcopi
3053 3699 3103 3755 ei
3133 3715 3292 3771 posse
3322 3704 3601 3777 preripere

2010 3786 2157 3858 quod
2186 3786 2270 3840 sui
2320 3784 2462 3855 juris
2519 3782 2853 3855 dignoscitur
2916 3798 3056 3851 esse,
3111 3799 3235 3840 cum
3267 3793 3378 3843 tota
3432 3797 3597 3859 terra,

2007 3874 2129 3946 lege
2157 3874 2449 3945 primatus,
2484 3871 2790 3926 Cantuarim
2814 3872 3081 3940 parochia
3106 3888 3203 3927 sua
3257 3874 3348 3944 sit,
3404 3884 3455 3932 et
3480 3894 3603 3933 om-

2007 3979 2105 4018 nes
2136 3961 2377 4032 episcopi
2434 3960 2599 4015 totius
2657 3959 2849 4015 insulas
2901 3959 3185 4031 parochias
3213 3978 3347 4032 quas
3399 3964 3604 4022 habent

2004 4050 2247 4151 nonnisi
2277 4049 2348 4104 ab
2377 4049 2494 4120 ipso
2520 4054 2573 4149 et
2599 4064 2701 4118 per
2725 4048 2909 4117 ipsum
2940 4048 3192 4106 habeant.
3215 4049 3413 4107 Sedata
3441 4053 3607 4125 igitur

2001 4137 2060 4194 in
2092 4138 2175 4193 his
2216 4138 2583 4193 controversia
2635 4144 2738 4192 est.
2791 4138 2975 4207 Itaque
3023 4137 3281 4207 quoniam
3338 4140 3603 4196 Radulfus

2003 4226 2463 4298 archiepiscopus,
2497 4224 2742 4297 corporis
2793 4224 3068 4280 debilitate
3112 4235 3386 4297 gravatus,
3434 4228 3602 4284 mini-

2001 4317 2222 4373 sterium
2253 4316 2428 4386 ipsum
2461 4322 2768 4385 Opportune
2794 4314 3019 4384 exsequi
3049 4315 3327 4388 nequibat,
3386 4317 3599 4390 injunxi

2003 4406 2137 4462 illud
2168 4406 2425 4476 episcopo
2453 4402 2822 4459 Wintoniensi
2850 4417 2937 4469 ne,
2980 4402 3025 4457 si
3082 4403 3368 4476 episcOpus
3396 4405 3598 4463 Serbe-

2000 4496 2194 4551 riensis
2222 4494 2355 4549 illud
2385 4493 2803 4562 administraret,
2855 4492 3073 4563 insuper
3100 4493 3338 4549 venturis
3366 4503 3584 4568 tempo-

1999 4585 2153 4642 ribus
2182 4584 2380 4655 aliquis
2408 4581 2513 4637 tale
2540 4580 2668 4652 quid
2698 4597 2765 4635 ex
2811 4595 2925 4636 sua:
2978 4582 3255 4637 Parochiae
3285 4584 3597 4641 auctoritate

2000 4689 2163 4745 quam
2220 4689 2287 4728 ex
2354 4670 2758 4726 Cantuariensis
2811 4669 3050 4741 episcopi
3105 4670 3435 4739 obedientia,
3492 4674 3596 4730 sibi

1997 4762 2317 4819 vindicaret.
2352 4760 2415 4815 In
2445 4758 2680 4815 crastino
2712 4766 2893 4814 autem
2925 4758 3248 4829 expletionis
3276 4759 3436 4818 officii
3493 4763 3598 4817 hu-

1996 4854 2109 4924 jus,
2144 4852 2269 4905 dum
2301 4852 2360 4904 in
2388 4848 2635 4921 reginam
2666 4847 2785 4919 ipsa
2814 4847 2994 4918 puella
3021 4846 3270 4904 benedici
3297 4849 3595 4922 debuisset,

2003 4949 2053 4996 et
2068 4940 2184 5010 jam
2216 4938 2363 4994 dicto
2392 4937 2610 4993 introitu
2643 4936 2824 4991 missae
2879 4936 3039 4991 Pater
3092 4937 3355 4994 Radulfus
3410 4938 3593 5011 ipsum

1999 5028 2238 5085 ofﬁcium
2271 5027 2637 5083 celebratums
2666 5024 2832 5080 sacris
2858 5024 3123 5081 altaribus
3180 5028 3453 5096 astitisset,
3486 5030 3591 5085 ad-

1998 5119 2163 5177 vertit
2213 5132 2397 5188 regem
2452 5116 2508 5170 in
2562 5113 2697 5169 solio
2755 5128 2853 5169 suo
2909 5113 3099 5169 sedere
3150 5125 3490 5188 coronatum,
3540 5124 3595 5175 et

1997 5207 2296 5262 admiratus
2325 5209 2411 5261 est
2441 5203 2620 5259 sciens
2666 5201 2820 5273 regni
2850 5217 3106 5257 coronam
3136 5219 3193 5259 se
3222 5204 3300 5260 illi
3350 5222 3459 5262 non
3483 5206 3594 5261 im-

1997 5295 2267 5370 posuisse,
2324 5309 2424 5349 nec
2481 5292 2631 5347 illam
2661 5290 2729 5346 ab
2785 5290 2900 5346 alio
2930 5291 3179 5362 pesitam,
3212 5309 3270 5349 se
3300 5299 3585 5365 praesente,

1994 5386 2119 5458 jure
2144 5385 2283 5440 ferre
2313 5382 2586 5438 debuisse.
2635 5380 2868 5436 Divertit
2917 5380 3084 5452 igitur
3110 5381 3392 5449 infulatus,
3422 5390 3474 5437 et
3502 5381 3590 5437 sui

1999 5473 2398 5549 patriarchatus
2426 5472 2563 5527 stola
2592 5469 2889 5537 redimitus,
2922 5472 2990 5526 ab
3019 5469 3190 5540 altari,
3223 5478 3276 5526 et
3304 5470 3374 5526 ad
3405 5486 3591 5543 regem

2001 5564 2285 5631 accedens,
2316 5579 2381 5619 eo
2409 5561 2513 5617 sibi
2543 5560 2865 5632 suppliciter
2894 5567 3227 5632 assurgente,
3283 5559 3590 5616 sciscitatus

2002 5662 2086 5713 est
2114 5652 2362 5729 quisnam
2387 5651 2551 5726 capiti
2598 5650 2718 5723 ejus
2770 5664 3030 5707 coronum
3077 5647 3464 5721 imposuisset;
3516 5648 3588 5710 ad
