4044 6074
431 352 535 410 519

1473 332 1790 394 EADMERI
1817 322 2379 387 CANTUARIENSIS
2407 326 2725 385 MONACHI

3621 337 3730 398 520

431 497 576 572 quod
605 495 698 551 ille
727 487 964 547 demisso
993 487 1162 552 vultu,
1187 499 1247 540 se
1275 494 1667 572 nonmagnam
1689 492 1875 533 curam
1888 473 2018 572 inde

2133 473 2190 528 in
2225 474 2477 547 Angliam
2524 475 2854 532 voluntatem
2905 478 3229 551 jussumque
3256 484 3561 553 opperiens,
3595 504 3733 558 qua-

429 565 725 656 accepisse,
757 589 810 636 et
837 578 1038 634 idcirco
1082 571 1358 628 memoria:
1387 570 1441 624 id
1485 569 1754 663 elapsum
1777 565 2024 663 modesta

431 653 578 734 voce
595 669 890 742 respondit.
923 665 1261 734 Quicunque,
1294 662 1387 725 ait,
1418 659 1566 713 illam
1603 657 1798 727 posuit,
1833 671 1944 710 non
1967 653 2021 707 id

429 766 614 835 utique
637 762 758 830 jure
797 758 945 822 fecit,
977 768 1080 809 nec
1135 750 1372 822 quandiu
1400 747 1561 818 capiti
1594 756 1680 801 tuo
1727 746 1839 835 hoc,
1859 744 2022 799 modo

431 833 706 917 insederit,
738 843 1001 918 propositi
1058 840 1264 913 negotii
1308 845 1590 894 exsecutor
1619 850 1727 889 non
1757 833 2013 888 existam.

434 942 528 997 Cui
560 954 652 994 rex
678 954 690 990 :
752 935 808 990 Si
865 949 974 988 non
997 932 1139 1000 jure,
1189 937 1244 984 ut
1273 927 1485 994 asseris,
1517 924 1772 994 imposita
1801 926 1902 987 est,
1937 922 2025 975 fac

429 1029 576 1107 quod
601 1027 749 1098 juste
779 1021 1087 1078 faciendum
1128 1019 1245 1072 fore
1289 1015 1596 1088 cognoscis,
1629 1029 1716 1107 me
1743 1010 2023 1107 contradi-

429 1098 633 1176 ctorem
677 1115 734 1167 in
783 1110 930 1165 nullo
987 1107 1238 1163 habebis.
1300 1103 1549 1159 Pontifex
1578 1101 1758 1174 igitur,
1803 1098 2027 1156 elevatis

429 1204 704 1270 manibus,
737 1197 954 1255 sustulit
983 1210 1240 1252 coronam
1288 1193 1356 1248 de
1383 1191 1558 1262 capite
1589 1191 1727 1260 ejus,
1756 1189 1875 1260 ipso
1905 1188 2024 1242 dis-

431 1294 677 1352 solvente
704 1289 949 1345 ansulam
979 1300 1085 1355 qua
1131 1283 1235 1338 sub
1264 1289 1447 1336 mento
1489 1279 1746 1334 innodata
1792 1285 1926 1346 erat,
1959 1291 2025 1330 ne

431 1378 608 1449 capite
636 1374 880 1430 insidens
911 1369 1210 1426 vacillaret.
1235 1365 1394 1436 Quod
1423 1365 1458 1419 ii
1491 1364 1579 1433 qui
1602 1363 2028 1420 circumstabant

433 1469 723 1530 intuentes,
755 1476 947 1518 omnes
975 1459 1116 1514 elata
1164 1471 1295 1512 voce
1349 1452 1657 1526 pontiﬁcem
1712 1466 1928 1542 pscere,
1973 1456 2027 1542 et

431 1551 583 1624 regio
611 1547 772 1618 capiti
797 1558 1057 1601 coronam
1088 1541 1359 1596 remittere
1398 1538 1720 1608 petiverunt.
1749 1534 2027 1624 Acquievit

427 1643 542 1712 illo,
575 1643 629 1694 et
656 1635 954 1704 moxjuxta
982 1631 1169 1687 redem
1199 1635 1511 1684 coronatum
1543 1634 1706 1693 stans,
1744 1623 1941 1679 Gloria
1962 1624 2025 1712 in

427 1710 680 1788 Excelsis
711 1728 840 1790 Deo,
872 1723 942 1777 ad
972 1722 1224 1789 incoeptae
1253 1715 1487 1772 officium
1518 1714 1702 1768 missas
1729 1710 2021 1778 inchoavit,

2131 571 2287 617 tenus
2314 564 2467 618 illum
2498 563 2567 619 ad
2597 581 2658 620 se
2713 567 3095 636 perducerent.
3139 568 3348 638 Quibus
3397 574 3559 629 etiam
3610 577 3734 647 ipse

2130 668 2246 721 rex,
2276 653 2525 722 prudenti
2580 670 2706 709 usus
2759 655 3006 725 consilio,
3068 657 3304 728 injunxit
3332 671 3596 733 quatenus
3625 666 3733 722 iter

2130 741 2246 810 ejus
2282 741 2356 795 ita
2396 741 2748 812 disponerent
2802 752 2858 798 ut
2887 753 3008 815 post
3035 745 3340 818 ingressum
3375 753 3586 824 Anglia:
3623 770 3728 812 nec

2133 830 2411 898 ecclesias,
2471 847 2570 886 nec
2615 834 2949 888 monasteria
2997 836 3250 906 quislibet
3309 838 3376 892 ad
3406 857 3466 895 se
3497 842 3727 899 tendens

2131 919 2438 988 hospitandi
2468 921 2644 992 gratia
2669 921 3066 993 ingrederetur,
3100 941 3205 980 nec
3233 925 3447 984 aliunde
3476 947 3638 1000 quam
3661 933 3733 988 de

2132 1007 2244 1062 suis
2275 1007 2448 1063 victus
2477 1010 2780 1065 necessaria
2831 1011 2881 1065 ei
2929 1012 3372 1071 ministrarentur.
3435 1019 3732 1078 Perductus

2131 1097 2296 1169 igitur
2351 1099 2423 1151 ad
2479 1113 2671 1169 regem
2735 1099 2902 1171 digne
2958 1102 3026 1156 ab
3079 1119 3144 1158 eo
3199 1115 3486 1176 susceptus
3525 1118 3623 1165 est.
3656 1113 3732 1167 Et

2131 1187 2375 1258 exposita
2399 1187 2480 1241 sui
2512 1189 2775 1244 adventus
2820 1205 3006 1261 causa,
3063 1208 3159 1246 rex
3213 1195 3444 1251 obtensa
3499 1200 3734 1270 expedi-

2133 1276 2298 1339 tione,
2330 1277 2386 1328 in
2417 1292 2520 1346 qua
2569 1285 2694 1332 tunc
2741 1286 2853 1332 erat
2899 1280 3045 1346 (nam
3093 1297 3257 1352 super
3311 1285 3602 1343 Walenses
3660 1305 3730 1344 ea

2134 1373 2454 1433 tempestate
2485 1365 2783 1421 exercitum
2801 1367 3072 1438 duxerat),
3092 1370 3226 1425 dixit
3242 1388 3300 1427 se
3326 1382 3474 1430 tanto
3504 1378 3728 1449 nogotio

2132 1468 2356 1522 cperam
2388 1460 2516 1508 tunc
2545 1453 2765 1523 quidem
2795 1455 2922 1510 dare
2950 1472 3060 1512 non
3077 1474 3265 1528 posse,
3310 1479 3432 1517 cum
3462 1463 3732 1536 legatione

2132 1540 2276 1596 illius
2301 1541 2556 1597 stabilem
2595 1545 2974 1599 auctoritatem
3006 1563 3113 1602 non
3161 1549 3272 1604 nisi
3298 1567 3399 1620 per
3427 1554 3730 1609 conniven-

2134 1632 2268 1685 tiam
2300 1631 2700 1702 episcoporum,
2730 1633 3010 1704 abbatum,
3045 1645 3096 1690 et
3134 1653 3443 1708 procerum,
3476 1657 3539 1698 ac
3568 1644 3730 1699 totius

2133 1719 2285 1792 regni
2339 1729 2662 1776 conventum
2721 1723 2968 1778 roborari
3027 1741 3188 1794 posse
3217 1738 3509 1785 constaret.
3557 1731 3732 1800 Super

428 1822 699 1887 choroque
727 1811 1006 1884 sequentia
1035 1815 1298 1871 canentes,
1334 1805 1523 1860 altario
1554 1808 2019 1873 resprzesentatur.
2053 1813 2106 1871 Β
2137 1809 2255 1863 haec
2279 1808 2380 1862 sibi
2426 1809 2634 1880 patrias
2691 1813 3109 1868 consuetudines
3165 1816 3233 1869 ab
3263 1819 3558 1887 apostolica
3600 1822 3730 1876 sede

429 1908 639 1980 Regina
676 1905 856 1973 itaque
888 1901 941 1954 in
997 1913 1224 1969 regnum
1273 1900 1585 1949 consecrata
1632 1900 1732 1959 est,
1791 1899 1843 1946 et
1901 1889 2022 1944 dies

433 1979 657 2055 festivus
686 2001 736 2048 et
767 1989 954 2046 hilaris
983 1985 1128 2043 omni
1159 1985 1361 2055 populo
1394 1983 1481 2052 qui
1497 1981 1832 2037 conﬂuxerat
1860 1979 2022 2034 habi-

428 2098 513 2144 tus
543 2090 650 2140 est.

505 2176 636 2230 Post
665 2173 782 2226 haec
813 2165 1254 2235 archiepiscopus
1309 2177 1433 2218 cum
1489 2175 1618 2232 rege
1647 2157 2026 2213 Abendoniam

429 2263 651 2322 veniens
679 2255 914 2314 sacravit
941 2253 1016 2306 ibi
1048 2251 1360 2316 Robertum,
1393 2248 1482 2320 qui
1513 2247 1614 2316 ipsi
1640 2245 1859 2301 domino
1889 2245 2026 2318 regi,

429 2353 484 2410 in
514 2365 645 2407 cura
673 2359 873 2419 panum
903 2349 954 2397 et
984 2349 1141 2411 potus
1171 2348 1384 2394 strenue
1428 2337 1739 2391 ministrare
1798 2334 2024 2402 solebat,

429 2443 498 2498 ad
529 2439 897 2512 episcopatum
942 2430 1242 2486 Cestrensis
1283 2444 1376 2482 seu
1433 2423 1869 2481 Conventriensis
1913 2424 2026 2479 Ec-

432 2529 613 2589 clesiae
643 2526 869 2594 accepta
901 2520 1048 2591 prius
1077 2519 1148 2574 ab
1177 2533 1242 2573 eo
1289 2514 1643 2587 professione,
1687 2529 1792 2583 qua
1846 2528 1929 2577 se,
1961 2528 2028 2567 ex

437 2617 662 2686 antiquo
682 2625 854 2676 more,
876 2605 1094 2662 devovit
1116 2605 1234 2668 fore
1263 2602 1573 2672 subjectum
1603 2607 1656 2656 et
1685 2599 2028 2655 obedientem

434 2713 634 2760 sanctas
665 2697 818 2753 matri
850 2695 1106 2750 Ecclesiae
1137 2688 1561 2756 Cantuariensis,
1592 2698 1644 2744 et
1685 2687 2028 2758 pontificibus

433 2793 570 2862 ejus.
604 2790 856 2843 Sacratus
885 2789 1171 2857 estautem
1200 2795 1264 2834 ιιι
1284 2779 1412 2833 ldus
1430 2777 1630 2844 Martii,
1654 2776 2029 2831 assistentibus

434 2891 488 2938 et
515 2873 932 2947 cooperantibus
951 2871 1078 2925 huic
1105 2874 1469 2936 sacramento,
1497 2864 1815 2920 Willhelmo
1846 2864 2020 2921 Wen-

433 2979 558 3026 tano
587 2965 866 3036 episcopo,
924 2958 1245 3013 Willhelmo
1303 2953 1614 3022 Exoniensi,
1686 2954 1907 3009 Urbano
1974 2960 2028 3009 et

429 3053 708 3114 Bernardo
736 3049 1010 3122 episcopis
1041 3045 1424 3102 Walensibus.

2131 1912 2455 1964 concessas,
2489 1914 2829 1971 nequaquam
2862 1917 2920 1955 se
2977 1904 3353 1972 aequanimiter
3407 1908 3728 1964 amissurum

2133 1986 2247 2041 fore
2279 1986 2575 2042 testabatur
2607 1989 2680 2055 (in
2712 1989 2907 2059 quibus
2937 1991 3074 2059 haec,
3137 2001 3189 2047 et
3217 1995 3286 2049 de
3339 1997 3591 2051 maximis
3620 2014 3728 2054 una

2133 2083 2264 2139 erat,
2299 2093 2418 2146 quae
2448 2091 2680 2148 regnum
2723 2079 2937 2150 Angliae
2983 2080 3214 2136 liberum
3254 2083 3322 2136 ab
3369 2085 3515 2138 omni
3561 2087 3725 2158 legati

2132 2165 2333 2220 ditione
2359 2167 2730 2236 constituerat)
2777 2167 2949 2224 donec
2994 2170 3110 2239 ipse
3165 2171 3292 2226 vita)
3338 2176 3595 2243 praesenti
3641 2192 3730 2230 su-

2131 2271 2233 2324 per
2256 2263 2414 2310 esset.
2465 2256 2559 2308 llis
2606 2257 2902 2326 horumque
2948 2257 3215 2313 similibus
3246 2261 3420 2333 regali
3471 2261 3726 2318 facundia

2134 2341 2420 2415 magniﬁce
2449 2344 2764 2411 honoratus,
2797 2345 2943 2400 omni
3000 2347 3164 2402 modo
3206 2347 3304 2420 [αι.
3339 2350 3487 2405 nullo
3528 2352 3716 2422 modo]

2131 2447 2192 2487 se
2218 2432 2294 2485 illi
2324 2432 2614 2504 quidquam
2635 2434 2872 2504 antiquae
2891 2435 3172 2506 dignitatis
3203 2437 3729 2510 derogaturum,imo

2135 2530 2193 2574 ut
2219 2521 2498 2594 dignitatis
2523 2522 2691 2592 ipsius
2719 2523 2891 2594 gloria
2923 2525 3281 2595 undequaque
3337 2535 3731 2599 augmentare-

2137 2621 2238 2677 tur,
2271 2611 2566 2681 spOpondit
2596 2611 2756 2682 plena
2794 2610 2898 2666 ﬁde
2928 2612 3351 2669 elaboraturum.
3405 2615 3515 2671 Pax
3546 2617 3731 2688 itaque

2134 2697 2286 2751 ﬁrma
2315 2697 2456 2751 inter
2485 2711 2578 2750 eos
2609 2693 2815 2750 ﬁrmata
2837 2703 2934 2762 est,
2959 2705 3011 2750 et
3043 2699 3135 2767 qui
3166 2699 3332 2770 legati
3362 2699 3539 2756 ofﬁcio
3573 2701 3731 2775 fungi

2134 2786 2188 2840 in
2217 2793 2327 2840 tota
2358 2784 2628 2840 Britannia
2684 2794 2924 2853 venerat,
2985 2787 3241 2842 immunis
3278 2788 3345 2842 ab
3375 2792 3520 2844 omni
3553 2789 3732 2847 oﬂicio

2137 2873 2244 2943 tali,
2302 2890 2425 2928 cum
2481 2873 2686 2946 ingenti
2742 2888 2964 2945 pompa,
3029 2875 3116 2931 via
3173 2892 3274 2946 qua
3321 2883 3544 2934 venerat
3581 2888 3732 2935 extra

2134 2963 2386 3036 Angliam
2404 2977 2440 3017 a
2456 2977 2590 3036 rege
2609 2961 2806 3017 missus
2826 2971 2934 3018 est.
2964 2963 3146 3019 Dofris
3191 2965 3374 3036 itaque
3412 2967 3729 3023 transfreta-

2136 3060 2301 3119 turus,
2361 3049 2664 3106 Cantuariaa
2731 3053 2942 3107 hortatu
3005 3052 3148 3125 regis
3215 3061 3269 3110 et
3331 3054 3730 3128 archiepiscopi

505 3143 646 3197 Dum
676 3139 795 3192 hazc
823 3134 923 3190 isto
943 3131 1135 3189 ordine
1161 3129 1216 3185 in
1237 3127 1442 3224 ᾼηειίδ
1457 3127 1842 3224 ἀὶεροηυιιξξιιζτ
1867 3125 2028 3182 fama!
2054 3159 2104 3224 ο
2136 3139 2425 3212 magnifice
2482 3157 2512 3195 a
2569 3139 2822 3195 fratribus
2878 3151 3168 3211 susceptus
3234 3150 3332 3211 est,
3389 3152 3440 3199 et
3470 3125 3606 3200 inter
3635 3125 3732 3201 eos

426 3227 692 3288 certitudo
739 3224 870 3280 illuc
919 3237 1088 3294 usque
1143 3217 1350 3291 perlata
1397 3225 1476 3273 est
1502 3231 1701 3288 papam
1732 3214 2021 3284 Calixtum,

425 3319 635 3374 viribus
688 3312 1032 3382 undicunque
1097 3306 1358 3373 collectis,
1419 3319 1586 3376 supra
1657 3312 2013 3359 memoratum

423 3405 760 3469 Mauricium,
793 3405 1158 3472 cognomento
1187 3395 1502 3460 Burdinum,
1555 3409 1720 3464 quem
1765 3399 2021 3448 vocatum

425 3493 753 3568 Gregorium
783 3489 910 3544 sede
939 3485 1232 3557 apostolica
1263 3483 1557 3554 imperator
1601 3497 1724 3537 cum
1756 3481 1868 3535 suis
1898 3480 2022 3534 fau-

424 3585 631 3640 toribus
688 3593 893 3650 papam
949 3575 1319 3639 constituerat,
1379 3571 1608 3640 cepisse,
1641 3585 1874 3638 eumque
1904 3568 2022 3622 suis

423 3669 674 3727 omnibus
703 3664 988 3736 spoliatum
1022 3661 1368 3726 monasterio,
1418 3666 1474 3711 ut
1531 3657 1830 3711 monachus
1859 3663 2019 3722 esset,

425 3753 820 3816 contumeliose
850 3751 1160 3805 intrusisse.
1219 3746 1376 3816 Quod
1427 3746 1569 3801 facto
1601 3745 1713 3814 ipse
1743 3743 2022 3814 apostolici

425 3844 680 3903 culminis
712 3838 1010 3896 securitate
1057 3837 1283 3906 potitus,
1320 3834 1492 3889 libera
1523 3833 1859 3900 auctoritate,
1917 3848 2023 3901 qua

423 3936 726 3990 Romanum
783 3924 1088 3998 pontiﬁcem
1142 3924 1239 3978 niti
1295 3939 1510 3993 aequum
1570 3938 1690 3978 esse
1743 3921 2019 3991 probatur,

425 4033 857 4094 quaquaversum
889 4031 989 4085 per
1004 4013 1213 4086 legatos
1230 4028 1360 4066 suos
1391 4010 1657 4066 utebatur.
1683 4011 1762 4064 De
1794 4025 2019 4081 quorum

424 4124 652 4167 numero
683 4106 928 4180 quidam,
959 4105 1146 4158 Petrus
1202 4101 1440 4168 nomine,
1482 4101 1758 4154 Romanus
1795 4113 2020 4176 genere,

419 4201 717 4257 monachus
747 4191 1112 4250 Cluniacensis
1143 4190 1500 4262 professione,
1521 4189 1666 4246 venit
1686 4188 1739 4242 in
1762 4187 2017 4253 Galliam,

417 4291 622 4346 missus
674 4286 742 4340 ab
807 4285 926 4354 ipso
983 4278 1238 4352 pontiﬁce
1294 4279 1532 4341 functus,
1593 4284 1649 4331 ut
1719 4275 2017 4347 ferebatur,

418 4377 696 4451 legatione
754 4372 946 4428 Gallia
1001 4385 1065 4425 ac
1130 4370 1297 4424 totius
1354 4366 1660 4432 Britanniae,
1747 4364 2018 4419 Hiberniae

422 4481 659 4540 quoque,
718 4471 769 4517 et
823 4459 1159 4516 Orcadarum
1225 4455 1540 4510 insularum.
1603 4453 2020 4540 Supercreverat

417 4539 599 4614 autem
631 4552 775 4609 fama
805 4548 956 4602 istius
986 4545 1182 4600 famam
1232 4542 1492 4610 omnium,
1524 4550 1649 4597 ante
1679 4557 1801 4597 eum
1831 4540 1884 4594 in
1916 4539 2013 4593 has

410 4651 592 4718 partes
623 4655 656 4695 a
685 4641 929 4694 Romana
975 4635 1103 4688 sede
1152 4633 1561 4697 destinatorum,
1596 4640 1648 4686 et
1673 4630 1918 4693 abbates,
1953 4645 2015 4683 ac

417 4729 662 4788 nonnulli
693 4726 782 4782 alli
830 4723 932 4779 viri
987 4721 1239 4777 videlicet
1269 4719 1535 4786 honorati,
1569 4719 1686 4788 ejus
1715 4719 2011 4773 adventum

409 4818 626 4890 Anglia
658 4811 1042 4885 praconaturi,
1092 4809 1160 4864 ab
1215 4825 1280 4863 eo
1335 4807 1816 4879 prmmittebantur.
1876 4805 2012 4859 Erat

413 4909 556 4964 enim
612 4903 754 4958 filius
806 4900 945 4955 Petri
999 4897 1428 4969 praclarissimi,
1509 4912 1574 4950 ac
1655 4893 2012 4966 potentissimi

407 4993 668 5068 princibis
697 4993 1084 5053 Romanorum,
1144 4986 1300 5056 cujus
1356 4985 1496 5039 fides
1551 4992 1603 5039 et
1658 4982 1795 5036 actio
1825 4980 2013 5053 magni

402 5081 621 5141 consilii
650 5087 704 5135 et
732 5076 1057 5134 fortitudinis
1086 5090 1208 5130 esse
1237 5074 1445 5129 solebat
1493 5071 1558 5125 iis
1614 5069 1706 5141 qui
1764 5070 1818 5124 in
1879 5070 2011 5124 sede

403 5170 700 5245 apostolica
727 5165 981 5224 canonice
1010 5163 1284 5220 constituti
1314 5163 1495 5216 Patres
1526 5159 1675 5214 orbis
1705 5158 1993 5213 habeban-

401 5268 514 5318 tur.
543 5257 780 5316 Attonita
807 5254 978 5327 igitur
1009 5260 1116 5308 tota
1149 5259 1291 5307 terra
1321 5249 1374 5303 in
1415 5246 1813 5319 exspectatione
1845 5245 1993 5316 quasi

397 5347 530 5407 tanti
584 5347 863 5412 adventus,
921 5341 1119 5396 direxit
1189 5355 1283 5394 rex
1341 5337 1605 5393 Henricus
1661 5333 1990 5391 Bcrnardum

397 5438 721 5508 episcopum
750 5431 931 5488 Sancti
961 5429 1137 5485 David
1167 5426 1450 5495 deWalis,
1483 5424 1992 5482 etJoannemﬁlium

397 5526 569 5599 patrui
596 5524 680 5580 sui
726 5521 976 5578 clericum
1035 5527 1179 5572 trans
1236 5532 1409 5583 mare,
1465 5512 1557 5570 ubi
1588 5529 1824 5585 eousque
1853 5513 1994 5568 idem

397 5617 593 5675 Petrus
622 5610 954 5678 morabatur,
1016 5605 1168 5682 regis
1216 5605 1518 5683 Anglorum
1556 5603 1624 5661 de
1654 5603 1871 5660 introitu
1895 5616 1995 5660 suo

2137 3229 2314 3284 triduo
2337 3243 2467 3284 cum
2513 3227 2854 3298 jucunditate
2885 3239 3252 3286 conversatus.
3285 3232 3344 3285 In
3374 3247 3480 3304 quo
3510 3240 3727 3306 tempo-

2130 3316 2205 3371 ris
2275 3317 2448 3388 spatio
2494 3319 2842 3389 querimonia
2889 3318 3033 3390 apud
3077 3334 3200 3373 eum
3243 3320 3490 3391 deposita
3520 3330 3600 3376 est
3627 3339 3728 3394 pro

2134 3406 2283 3478 gravi
2336 3405 2532 3477 injuria
2586 3423 2693 3478 qua
2721 3422 2865 3478 papa
2894 3407 3128 3462 Calixtus
3162 3409 3456 3464 Ecclesiam
3489 3410 3729 3467 Cantua-

2132 3495 2367 3550 riensem
2423 3494 2478 3548 in
2508 3509 2672 3550 causa
2707 3496 2995 3550 Tburstani
3034 3496 3392 3552 Eboracensis
3439 3499 3727 3556 humiliare

2132 3599 2240 3638 non
2299 3584 2505 3639 veritus
2563 3592 2644 3639 est
2701 3584 2812 3639 suis
2869 3583 3059 3640 litteris
3107 3585 3352 3641 eamdem
3386 3588 3724 3644 humiliatio-

2132 3690 2253 3728 nem
2287 3673 2490 3730 omissa
2518 3671 2698 3728 omnis
2723 3673 2940 3742 justitiae
2966 3674 3415 3744 consideratione,
3446 3677 3723 3734 roborare.

2133 3761 2268 3830 Quae
2289 3761 2405 3832 ipse
2444 3762 2551 3816 levi
2576 3761 2720 3815 vultu
2751 3777 2814 3815 ac
2843 3761 2957 3815 miti
2999 3771 3174 3816 mente
3202 3763 3517 3834 suscipiens,
3550 3767 3725 3835 privi-

2132 3846 2275 3918 legia
2304 3847 2373 3900 ab
2403 3845 2635 3915 antiquis
2659 3845 2906 3899 Patribus
2937 3845 3063 3900 olim
3095 3863 3126 3900 a
3155 3847 3397 3902 Romana
3439 3848 3569 3903 sede
3597 3865 3726 3919 pos-

2131 3949 2283 3990 sessa
2313 3935 2524 3990 ostendi
2554 3933 2656 3988 sibi
2685 3934 2972 4003 postulavi,
3004 3943 3054 3988 et
3083 3935 3129 3988 si
3193 3941 3308 3989 rata
3337 3951 3459 3992 esse
3511 3937 3722 4008 proba-

2128 4032 2330 4090 rentur,
2388 4040 2506 4094 quse
2562 4023 2771 4078 noviter
2823 4023 3066 4077 instituta
3121 4032 3290 4089 erant,
3352 4040 3411 4079 se
3466 4027 3724 4094 promisit

2129 4113 2529 4168 elaboratumm
2558 4111 2699 4166 utin
2744 4111 2912 4167 nihilo
2957 4111 3354 4183 redigerentur.
3387 4114 3717 4172 Prudentum

2127 4202 2295 4274 igitur
2322 4201 2533 4256 ratione
2563 4200 2795 4256 virorum
2841 4201 3125 4271 probatum
3157 4209 3240 4256 est
3284 4200 3514 4257 bullatas
3569 4205 3717 4260 anti-

2126 4292 2309 4363 quitus
2337 4292 2552 4345 chartas
2584 4290 2854 4356 incendio,
2887 4290 3031 4359 quod
3057 4297 3223 4345 totam
3260 4290 3547 4346 ecclesiam
3578 4309 3714 4350 nec-

2125 4380 2254 4435 dum
2275 4378 2913 4450 transitisquinquaginta
2946 4377 3100 4432 annis
3117 4379 3336 4434 omnino
3378 4383 3716 4453 consumpsit

2125 4484 2246 4524 esse
2289 4475 2654 4538 consumptas,
2688 4466 2870 4536 paucis
2900 4467 3114 4521 illarum
3144 4467 3200 4520 in
3229 4468 3463 4539 antiquis
3484 4471 3720 4526 schedu-

2044 4522 2097 4584 Ο
2122 4522 2188 4611 liis
2221 4573 2316 4612 seu
2351 4522 2622 4612 veteri-bus
2645 4522 2812 4609 Ililbris
2842 4571 3060 4628 quoquo
3091 4556 3254 4610 modo
3295 4522 3493 4626 raptim
3556 4567 3717 4614 tran-

2117 4645 2328 4715 scriptis
2357 4654 2516 4716 atque
2549 4643 2792 4712 retentis,
2825 4659 3060 4713 quarum
3093 4643 3313 4712 veritas,
3365 4653 3418 4700 et
3481 4647 3716 4703 Romani

2120 4734 2242 4788 stilo
2299 4733 2497 4803 eloquii
2555 4740 2608 4787 et
2652 4732 2986 4799 auctoritate,
3013 4733 3126 4801 jam
3159 4749 3255 4803 per
3283 4733 3714 4807 quadringentos

2121 4829 2173 4876 et
2225 4836 2290 4875 eo
2346 4819 2579 4889 amplius
2611 4835 2777 4875 annos
2833 4820 2902 4874 ab
2932 4821 3050 4889 ipsa
3093 4819 3343 4876 Ecclesia
3394 4821 3718 4881 inconcusse

2118 4925 2370 4979 possessa
2409 4909 2731 4964 declaratur.
2790 4907 3001 4976 Quibus
3047 4908 3136 4964 ille
3192 4912 3493 4981 perspectis
3549 4921 3716 4985 atque

2118 4999 2400 5069 perpensis
2430 5007 2650 5052 testatus
2679 4997 2841 5053 etiam
2875 4998 2988 5068 ipse
3029 5006 3107 5052 est
3137 4997 3438 5054 Ecclesiam
3480 5000 3710 5058 Cantua-

2116 5088 2352 5143 riensem
2398 5103 2565 5159 grave
2596 5086 2755 5140 nimis
2783 5095 2835 5141 et
2877 5086 3292 5143 immoderatum
3342 5089 3716 5160 prsejudicium

2102 5192 2217 5232 esse
2247 5191 2578 5246 perpessam,
2598 5183 2648 5230 et
2680 5183 2940 5247 quatenus
2958 5178 3060 5230 hoc
3078 5175 3316 5232 velocius
3338 5178 3710 5250 corrigeretur

2101 5282 2157 5320 se
2189 5265 2361 5320 modis
2389 5265 2640 5320 omnibus
2683 5280 2843 5335 opem
2891 5265 3254 5320 adhibiturum
3302 5266 3558 5336 policitus
3590 5277 3695 5325 est.

2102 5355 2227 5409 Post
2257 5355 2373 5409 haec
2400 5354 2656 5426 Angliam
2685 5352 2978 5426 egreditur,
3011 5369 3274 5424 prospero
3306 5370 3465 5410 cursu
3488 5358 3710 5427 procel-

2101 5444 2273 5499 losum
2305 5459 2456 5498 mare
2489 5452 2726 5499 evectus.

2175 5533 2268 5586 llis
2299 5532 2371 5586 ita
2399 5529 2760 5599 variantibus,
2818 5546 2979 5602 supra
3053 5529 3368 5603 designatus
3427 5532 3715 5606 episcopus

2101 5620 2318 5696 Scotiae,
2387 5621 2694 5681 Cantuaria:
2745 5621 3003 5680 continue
3062 5619 3314 5695 degebat,
3372 5621 3516 5680 sicut
3580 5623 3711 5680 olim
