4044 6074
378 235 482 290 559

1380 230 1693 286 EADMERI
1732 222 2048 284 MONACHI
2087 221 2645 283 CANTUARIENSIS

3559 232 3661 286 560

382 374 691 428 possumus,
724 368 780 414 ut
809 360 862 413 in
891 358 1259 414 celsitudinem
1304 365 1462 411 tantae
1518 353 1760 425 Virginis
1805 359 1976 408 atten-
2001 348 2062 413 Α
2091 349 2270 403 nescio
2301 349 2692 423 descendisse),
2733 365 2933 422 magna
2961 349 3206 421 quaedam
3239 358 3398 422 atque
3440 351 3685 408 miranda

386 448 612 508 damus;
649 456 720 516 et,
755 464 875 517 quae
905 449 1062 502 nobis
1093 446 1364 500 miseratio
1414 443 1508 498 ﬁlii
1556 443 1674 514 ejus
1731 441 1972 496 revelare

384 536 611 607 dignata
645 536 820 602 fuerit,
853 553 947 606 pro
979 535 1136 589 laude
1185 535 1296 601 ejus
1351 532 1706 603 proferamus,
1765 529 1974 601 prolata

383 623 719 677 ruminemus
749 619 787 676 ".
824 624 934 677 Erit
965 624 1109 677 enim
1150 621 1394 676 fortassis
1423 621 1525 675 hoc
1571 620 1746 688 ipsum
1777 624 1975 686 optatae

386 710 550 766 nobis
578 712 595 739 '
625 727 786 766 causa
817 727 922 765 nou
951 726 1124 780 parva
1153 710 1359 774 salutis,
1386 717 1442 763 et
1458 707 1709 762 sanctatis
1730 722 1798 760 ex
1819 704 1975 759 vitio-

389 816 509 853 rum
561 800 941 869 punctionibus
996 799 1191 854 animis
1235 799 1506 853 medicina
1557 795 1805 850 salubris.
1872 790 1976 858 Qui

384 903 616 957 namque
644 886 756 941 ﬁeri
787 896 963 957 potest
992 897 1050 942 ut
1080 905 1146 942 ex
1179 887 1439 941 memoria
1468 884 1647 939 laudis
1676 883 1793 952 ejus
1834 881 1979 935 salus

387 989 494 1029 non
522 976 805 1044 proveniat
834 977 1124 1046 peccatori,
1157 975 1311 1044 cujus
1335 983 1522 1029 uterus
1559 972 1730 1026 factus
1758 977 1837 1023 est
1891 967 1980 1022 via

381 1063 511 1131 ipsi,
545 1064 614 1118 ad
644 1066 948 1119 sanandum
980 1073 1319 1135 peccatorem
1343 1061 1575 1118 venienti
1615 1056 1632 1082 ’
1655 1055 1921 1114 Salvatori
1951 1055 1978 1106 ‘I

385 1151 528 1214 Quid
560 1153 692 1220 dixi,
725 1154 833 1222 via,
868 1169 990 1209 cum
1022 1153 1163 1207 idem
1193 1159 1378 1208 uterus
1405 1150 1670 1204 thalamus
1707 1146 1826 1212 Dei,
1857 1144 1982 1199 aula

387 1239 505 1307 Dei,
537 1241 593 1294 in
622 1258 727 1310 qua
756 1241 1045 1309 habitaret,
1078 1242 1144 1294 sit
1199 1241 1373 1294 factus
1393 1240 1421 1291 ‘2
1450 1253 1578 1293 vere
1608 1235 1805 1291 etenim
1825 1233 1980 1288 habi-

385 1329 524 1382 tavit
552 1329 607 1382 in
639 1345 725 1397 eo,
761 1330 1018 1401 quoniam
1051 1329 1285 1400 seipsum
1317 1328 1434 1398 ipse
1463 1327 1517 1380 in
1548 1341 1634 1393 eo,
1691 1333 1742 1378 et
1787 1338 1858 1377 ex
1914 1336 1979 1375 eo

387 1418 534 1488 quod
575 1418 721 1488 prius
777 1434 883 1473 non
931 1427 1051 1473 erat
1092 1419 1238 1474 fecit.
1296 1416 1341 1472 Ο
1385 1413 1750 1470 habitaculum
1808 1410 1979 1463 mira-

389 1505 500 1560 bile
530 1504 570 1533 "
601 1508 614 1560 l
674 1506 719 1560 Ο
751 1507 995 1562 habitare
1026 1506 1331 1563 ineﬁabile:
1361 1520 1518 1576 quem
1545 1502 1665 1558 caeli
1696 1500 1975 1564 caelorum,

390 1610 551 1664 quem
585 1611 772 1650 omnes
801 1611 981 1649 rerum
1014 1603 1315 1649 creatarum
1365 1591 1630 1646 machina:
1661 1604 1857 1660 capere
1886 1602 1980 1640 ne-

2080 436 2383 493 divinorum
2412 439 2691 512 signorum
2721 439 2922 495 indicia
2947 439 3473 509 prazcurrisse.Qua:
3499 445 3680 496 tamen

2083 525 2176 580 illa
2205 527 2423 593 fuerint,
2457 529 2609 582 solus
2640 529 2753 598 ipse
2784 528 2899 583 sine
2923 528 3179 597 scrupulo
3213 526 3380 597 novit,
3415 529 3505 600 qui
3555 546 3675 585 eam

2080 613 2185 666 sibi
2217 623 2500 684 antequam
2528 614 2567 644 ”
2598 625 2920 682 nasceretur,
2954 615 3007 669 in
3041 624 3267 670 matrem
3299 617 3459 688 elegit
3486 635 3501 681 ;
3533 618 3678 688 quod

2083 717 2145 755 ea
2175 718 2232 756 re
2259 700 2317 770 ",
2351 708 2410 757 ut
2435 712 2674 771 autumo,
2709 712 2761 759 et
2789 719 2896 759 non
2925 703 3220 776 incongrue
3261 709 3440 759 actum
3468 707 3506 734 ³⁸
3529 706 3676 761 credi

2083 797 2280 858 potest,
2313 799 2579 858 quatenus
2599 809 2664 847 eo
2699 793 2875 861 major
2911 793 3186 847 veneratio
3236 791 3478 846 ﬁdelium
3536 793 3680 849 circa

2084 877 2202 945 ejus
2227 886 2404 932 ortum
2435 879 2705 946 existeret,
2755 895 2860 949 quo
2899 879 3283 934 sublimitatem
3314 879 3352 907 "
3387 888 3542 935 tantm
3600 881 3678 936 rei

2085 966 2259 1022 altiori
2289 976 2496 1023 secreto
2526 967 2692 1023 celari
2718 967 2942 1038 quisque
2972 969 3356 1038 perpenderet.
3390 969 3502 1024 Nec
3539 969 3680 1024 enim

2085 1053 2331 1109 Ecclesia
2361 1055 2455 1110 Dei
2499 1056 2842 1111 inconcussas
2891 1055 3234 1111 auctoritatis
3301 1055 3447 1110 ducit
3502 1056 3675 1127 ipsam

2087 1142 2448 1213 Scripturam,
2477 1160 2596 1214 quae
2615 1152 2791 1198 ortum
2809 1144 2950 1198 illius
2967 1144 3036 1198 ab
3055 1143 3250 1215 angelo
3263 1144 3680 1213 praenuntiatum

2088 1231 2272 1286 refert.
2305 1233 2444 1286 Nam
2473 1232 2593 1286 licet
2622 1232 2811 1287 beatus
2838 1232 3210 1302 Hieronymus,
3241 1233 3398 1301 juxta
3457 1231 3681 1287 alterius

2086 1319 2368 1388 cujusdam
2398 1319 2688 1390 Scriptura:
2717 1320 3017 1387 materiam,
3039 1334 3202 1390 quam
3233 1320 3287 1372 in
3317 1319 3684 1375 adolescentia

2087 1423 2185 1462 sua
2213 1408 2433 1479 legisse,
2463 1416 2516 1462 et
2543 1409 2697 1477 cujus
2723 1416 3003 1462 auctorem
3033 1424 3091 1462 se
3135 1408 3345 1463 fatetur
3398 1408 3676 1480 ignorare,

2087 1510 2206 1550 eam
2231 1496 2516 1559 fecerit";
2552 1496 2680 1550 dicit
2712 1504 2889 1550 tamen
2920 1511 3034 1551 non
3089 1511 3155 1550 eo
3215 1503 3374 1566 pacto
3432 1511 3490 1550 se
3540 1495 3684 1551 scri-

2084 1583 2261 1652 psisse
2291 1585 2432 1653 quod
2455 1585 2686 1653 scripsit,
2718 1592 2775 1638 ut
2793 1585 3032 1655 aliquam
3088 1584 3374 1653 descriptae
3422 1583 3497 1637 rei
3554 1599 3683 1639 cer-

391 1692 608 1753 queunt,
640 1683 925 1754 virginalis
956 1691 1136 1738 uterus
1167 1684 1340 1738 beata:
1369 1681 1548 1736 Mariae
1579 1679 1741 1750 cepit,
1765 1675 1976 1748 quando
2004 1701 2060 1761 Β
2087 1672 2365 1726 titudinem
2423 1672 2680 1728 Ecclesiis
2754 1673 2914 1727 vellet
2968 1670 3182 1736 inferre,
3241 1673 3335 1726 sed
3416 1672 3519 1726 hoc
3567 1671 3685 1726 solo

389 1772 640 1826 eumdem
671 1771 842 1842 ipsum
875 1773 943 1828 de
969 1788 1027 1827 se
1055 1787 1244 1827 verum
1275 1778 1328 1825 et
1372 1768 1668 1840 perfectum
1722 1767 1893 1820 Deum
1926 1772 1977 1819 et

384 1860 661 1915 hominem
693 1861 744 1914 in
776 1875 882 1914 una
912 1876 1142 1931 persona
1171 1859 1418 1929 concepit
1466 1865 1518 1912 et
1557 1855 1856 1928 generavit,
1889 1853 1978 1908 via

379 1954 566 2005 tamen
595 1948 709 2019 ipse
739 1957 922 2004 uterus
953 1948 1172 2016 exstitit,
1205 1948 1330 2018 quia
1357 1945 1624 2016 perillum
1654 1946 1799 2000 Deus
1816 1944 1978 1998 homo

385 2037 562 2092 factus
592 2037 648 2090 in
668 2037 931 2092 mundum
961 2036 1190 2093 visibilis
1219 2036 1389 2092 venit.

1026 2126 1246 2180 CAPUT
1271 2126 1338 2179 ll.

766 2215 848 2270 De
882 2216 1098 2285 origine
1131 2214 1369 2286 Virginis
1404 2214 1606 2271 Mariae.

453 2303 718 2372 Quamvis
748 2302 911 2374 igitur
937 2304 1041 2358 hoc
1069 2302 1244 2358 solum
1275 2302 1343 2358 de
1372 2311 1555 2358 sancta
1587 2302 1806 2374 Virgine
1833 2318 1978 2373 prae-

385 2391 577 2458 dicari,
613 2392 755 2460 quod
788 2391 890 2446 Dei
920 2389 957 2418 ¹²
990 2401 1161 2446 mater
1191 2400 1293 2459 est,
1315 2391 1544 2448 excedat
1559 2407 1776 2447 omnem
1794 2390 1979 2445 altitu-

384 2479 566 2534 dinem
597 2496 718 2550 quae
748 2487 871 2550 post
900 2480 1075 2535 Deum
1105 2480 1216 2535 dici
1255 2481 1343 2536 vel
1389 2480 1617 2553 cogitari
1671 2484 1869 2550 potest,
1929 2487 1982 2532 et

385 2567 705 2622 altissimum
727 2567 858 2638 quid
889 2568 1085 2624 habeat
1107 2569 1161 2622 in
1194 2570 1300 2625 hoc
1329 2570 1397 2623 ad
1423 2567 1898 2637 contemplandum
1929 2575 1982 2620 et

387 2655 767 2710 ruminandum
798 2671 948 2709 mens
977 2658 1210 2710 humana
1245 2673 1366 2727 qua:
1399 2657 1468 2711 ad
1514 2673 1630 2712 eam
1680 2657 1897 2712 anhelat
1917 2652 1977 2728 1’,

388 2750 568 2796 tamen
599 2742 850 2812 quoniam
877 2743 1010 2796 mihi
1039 2744 1184 2798 venit
1209 2742 1248 2771 ³⁸
1279 2745 1332 2798 in
1358 2761 1450 2799 cor
1478 2754 1535 2799 ut
1565 2747 1633 2800 de
1660 2763 1723 2801 ea
1779 2747 1982 2818 aliquid

393 2829 570 2884 dicam
592 2830 768 2900 primo
799 2831 866 2884 de
895 2829 935 2857 ¹⁴
960 2831 1077 2902 ejus
1106 2831 1336 2904 origine,
1370 2848 1435 2888 ac
1465 2834 1739 2906 deinceps,
1772 2835 1817 2890 si
1852 2837 1983 2906 quid

389 2918 621 2973 tenuitas
645 2933 837 2974 sensus
867 2919 970 2974 mei
1001 2919 1070 2974 de
1100 2919 1221 2989 ipsa
1250 2921 1396 2990 quod
1427 2921 1680 2992 dignitati
1710 2923 1855 2978 illius
1868 2926 1984 2980 exi-

2087 1766 2144 1813 ut
2163 1761 2481 1831 rogantibus
2507 1761 2708 1816 amicis
2755 1759 3073 1828 simpliciter
3125 1774 3333 1814 morem
3364 1759 3402 1787 "
3427 1768 3670 1831 gereret.

2087 1849 2262 1915 Unde,
2296 1848 2756 1917 quemadmodum
2810 1848 2944 1911 dixi,
2985 1848 3244 1917 scriptum
3282 1846 3416 1901 illud
3464 1847 3523 1900 in
3581 1861 3680 1902 au-

2086 1936 2406 1991 ctoritatem.
2467 1935 2711 1991 Ecclesia
2793 1935 3069 2004 suscipere
3149 1935 3339 2003 noluit,
3425 1933 3690 2003 videlicet

2087 2025 2345 2081 indecens
2369 2041 2488 2080 esse
2531 2031 2787 2094 reputans
2843 2024 2910 2078 de
2967 2023 3129 2078 beata
3175 2030 3345 2078 matre
3391 2023 3494 2078 Dei
3550 2021 3684 2093 quid

2090 2112 2386 2168 dubitabile
2416 2113 2471 2166 in
2527 2112 2742 2167 laudem
2799 2111 2916 2180 ejus
2974 2110 3215 2178 recitari,
3277 2127 3398 2166 cum
3445 2127 3512 2166 ea
3567 2126 3689 2179 qua

2089 2204 2460 2259 incunctanter
2479 2201 2547 2256 de
2579 2200 2672 2256 illa
2702 2217 2831 2256 vera
2861 2201 3095 2255 existunt
3127 2208 3272 2254 tanta
3329 2198 3506 2254 laudis
3560 2212 3688 2253 ma-

2090 2291 2221 2345 teria
2253 2290 2356 2343 sint
2385 2289 2586 2344 referta
2634 2295 2712 2354 ut,
2763 2287 3072 2359 quicunque
3129 2286 3190 2343 in
3239 2285 3509 2342 laudando
3565 2301 3688 2340 eam

2088 2378 2285 2434 morari
2317 2377 2612 2444 desiderat,
2647 2391 2870 2432 necesse
2899 2376 2967 2430 sit
3014 2382 3071 2430 ut
3121 2374 3344 2430 facultas
3396 2375 3518 2444 ejus
3572 2388 3691 2428 ma-

2089 2466 2356 2539 gnitudini
2383 2471 2422 2500 ”
2453 2473 2504 2519 et
2532 2464 2740 2519 veritati
2789 2464 3128 2520 succumbat.
3197 2464 3347 2519 Sicut
3403 2462 3547 2518 enim
3574 2460 3690 2518 sola

2088 2572 2201 2626 prae
2231 2555 2436 2609 cunctis
2464 2553 2643 2608 meriti
2702 2553 2990 2624 singularis
3045 2553 3254 2621 enituit,
3301 2552 3370 2606 ita
3427 2549 3691 2621 quidquid

2091 2660 2208 2698 eam
2233 2642 2439 2709 attinet,
2480 2641 2698 2712 speciali
2733 2642 2969 2714 quadam
3001 2641 3241 2696 veritatis
3299 2639 3550 2695 ﬁrmitate
3597 2637 3690 2694 di-

2089 2748 2257 2803 gnum
2285 2739 2369 2787 est
2393 2731 2630 2786 enitere.

2718 2818 2943 2874 CAPUT
2974 2819 3070 2872 ΙΙΙ.

2451 2909 2526 2963 De
2562 2907 3011 2962 ara-nuntiatione
3048 2905 3330 2976 angelica.

389 3006 607 3110 διίπξθηῖ
775 3007 1058 3110 δάνεξτξπί.
1080 3023 1278 3106 οξίροτθ
1306 3010 1583 3110 ροιυθτίί,
1632 3011 1688 3065 in
1745 3012 1978 3068 medium
2009 3046 2061 3110 ρ
2162 3024 2305 3077 Nata
2337 3021 2522 3093 igitur,
2546 3029 2599 3076 et
2631 3021 2907 3076 infantiles
2936 3036 3106 3076 annos
3121 3028 3303 3087 exuta,
3332 3035 3493 3092 quam
3525 3027 3694 3089 caste,

386 3094 632 3163 proferre
659 3094 808 3148 libet.
841 3095 999 3150 Adsis
1046 3096 1230 3168 igitur,
1289 3097 1534 3162 domina,
1574 3106 1626 3154 et
1682 3116 1790 3155 non
1837 3117 1980 3170 mea,

393 3199 516 3252 qua:
565 3198 840 3249 exsecror,
872 3185 967 3238 sed
994 3192 1104 3253 tua,
1136 3202 1257 3256 quae
1313 3203 1506 3256 precor
1535 3187 1596 3256 “,
1631 3190 1821 3244 merita
1881 3190 1988 3245 illis

389 3270 632 3342 digneris
661 3271 958 3340 attendere,
977 3289 1098 3344 quae
1129 3289 1356 3330 veneror
1387 3275 1446 3329 ¹⁶.
1483 3278 1559 3330 Tu
1600 3279 1821 3349 quidem
1851 3279 1989 3334 nosti

387 3368 622 3414 mentem
654 3375 831 3414 meam
864 3363 921 3414 in
952 3363 1054 3417 hoc
1104 3378 1224 3418 esse
1271 3365 1419 3434 quod
1452 3381 1540 3420 me
1594 3367 1814 3423 omnino
1846 3367 1989 3421 indi-

389 3463 559 3519 gnum
587 3448 772 3517 judico
796 3448 862 3504 de
895 3457 944 3503 te
977 3450 1143 3521 loqui,
1180 3460 1270 3506 aut
1300 3453 1593 3524 quidquam
1648 3457 1885 3512 scribere
1915 3454 1980 3512 ".

394 3535 526 3602 Sed,
561 3536 816 3604 quoniam
872 3536 1051 3593 insitae
1111 3539 1279 3595 tuae"
1329 3541 1548 3609 pietatis
1607 3545 1773 3600 oculo
1829 3561 1994 3618 super

393 3623 593 3677 multos
613 3623 720 3678 mei
749 3625 951 3678 similes
979 3626 1090 3680 scio
1118 3633 1169 3681 te
1223 3631 1547 3697 respexisse,
1605 3632 1806 3702 aliquo,
1867 3634 1992 3689 licet

394 3709 642 3781 dignitati
697 3719 801 3766 tuae
856 3711 1098 3784 indigno,
1160 3731 1296 3770 meae
1373 3717 1674 3774 devotionis
1733 3721 1992 3793 obsequio

396 3798 594 3852 vellem
651 3814 814 3869 agere
866 3797 904 3825 ¹⁹
963 3814 1093 3871 erga
1153 3809 1201 3855 te
1242 3812 1504 3872 quatenus
1549 3807 1665 3877 ipso
1722 3817 1994 3865 consueta:

399 3885 790 3940 misericordiae
819 3893 922 3941 tuae
941 3888 1102 3942 oculo
1131 3891 1456 3962 quandoque
1500 3894 1742 3966 digneris
1800 3905 1853 3952 et
1909 3913 1996 3953 me

398 3973 692 4044 respicere.
733 3974 926 4029 Tacitis
953 3975 1134 4046 itaque
1167 3976 1274 4033 illis
1295 3995 1418 4050 quae
1448 3983 1517 4036 ab
1547 3983 1699 4039 initio
1729 3982 1769 4012 ²⁰
1819 3985 1994 4040 omnis

398 4069 685 4128 creaturae,
718 4078 889 4132 usque
918 4064 990 4116 ad
1030 4073 1274 4121 sanctum
1333 4066 1424 4122 ﬁlii
1476 4071 1558 4125 sui
1614 4073 1904 4130 adventum
1930 4071 1992 4142 ⁸³,

401 4151 469 4206 de
501 4152 601 4205 hac
631 4151 850 4222 Virgine
871 4155 1188 4222 prophetata
1218 4166 1342 4211 sunt
1371 4165 1479 4213 tam
1536 4176 1637 4232 per
1685 4179 1780 4218 eos
1807 4161 1850 4192 ”
1904 4164 1995 4233 qui

399 4247 524 4295 ante
552 4239 732 4309 legem
763 4255 924 4309 quam
980 4250 1030 4296 et
1088 4259 1186 4314 per
1243 4261 1336 4300 eos
1391 4247 1482 4319 qui
1533 4249 1634 4303 sub
1690 4251 1812 4324 lege
1862 4253 1994 4322 justi

399 4329 633 4395 fuerunt,
666 4328 797 4382 illud
845 4330 1076 4399 conjicio
1125 4334 1269 4403 apud
1325 4351 1431 4401 me,
1492 4339 1826 4395 nativitatem
1875 4341 1995 4411 ejus

2095 3126 2254 3182 quam
2285 3117 2488 3173 sancte,
2519 3125 2683 3179 quam
2715 3111 2828 3165 Deo
2860 3109 3024 3180 digne
3060 3109 3222 3165 vitam
3284 3108 3585 3174 instituerit,
3643 3115 3705 3163 et.

2094 3200 2393 3254 institutam
2423 3198 2613 3269 egerit,
2647 3198 2764 3267 quis
2792 3198 2879 3252 vel
2909 3197 3168 3269 cogitatu,
3201 3213 3311 3251 non
3341 3197 3463 3253 dico
3523 3197 3696 3262 dictu,

2096 3295 2259 3360 queat
2281 3287 2589 3356 conjectare
2616 3285 2658 3313 ³⁹
2691 3286 2719 3339 .9
2747 3287 2892 3341 Nulli
2923 3285 3157 3358 denique
3196 3286 3419 3339 dubium
3450 3285 3697 3340 castissi-

2096 3393 2245 3431 mum
2266 3390 2464 3446 corpus
2495 3383 2548 3430 et
2577 3374 2979 3430 sanctissimam
3009 3375 3245 3428 animam
3273 3373 3390 3443 ejus
3448 3372 3694 3427 funditus

2100 3465 2169 3520 ab
2199 3465 2346 3520 omni
2377 3465 2548 3518 fuisse
2578 3463 2793 3517 macula
2823 3462 3053 3531 peccati,
3079 3461 3199 3534 jugi
3230 3462 3546 3533 angelorum
3600 3477 3696 3516 cu-

2101 3554 2278 3609 stodia
2307 3560 2602 3623 protectam
2631 3550 2693 3617 ",
2737 3559 2923 3620 utpote
2979 3550 3181 3618 aulam,
3252 3566 3414 3621 quam
3467 3565 3596 3604 suus
3646 3555 3703 3603 et

2101 3642 2340 3698 omnium
2372 3648 2582 3696 creator
2603 3641 2746 3694 Deus
2775 3639 3145 3708 corporaliter
3200 3637 3614 3704 inhabitaturus,
3644 3643 3701 3691 et

2103 3745 2169 3785 ex
2198 3745 2304 3798 qua
2344 3728 2620 3783 hominem
2652 3728 2704 3780 in
2734 3743 2846 3781 sua:
2887 3741 3138 3796 persona:
3195 3726 3452 3780 unitatem
3482 3727 3525 3757 "
3551 3723 3700 3779 inef-

2103 3817 2255 3871 fabili
2285 3816 2458 3871 fuerat
2485 3815 2804 3886 operatione
2834 3821 3168 3884 sumpturus.
3202 3814 3267 3868 Et
3296 3813 3425 3883 quid
3448 3813 3642 3866 mirum
3670 3810 3702 3866 ?

2102 3905 2245 3959 Nam
2278 3913 2333 3959 et
2361 3905 2497 3959 inter
2525 3900 2564 3928 "
2586 3902 2830 3958 homines
2859 3919 2987 3957 usus
3043 3901 3274 3956 obtinuit
3332 3901 3399 3970 (si
3459 3909 3635 3955 tamen
3667 3914 3703 3954 ι

2104 3993 2408 4049 coelestibus
2436 3992 2503 4046 ad
2556 3999 2764 4046 terrena
2792 3999 2963 4061 potest
3011 4004 3128 4045 esse
3174 3989 3508 4059 comparatio
3565 3987 3700 4056 ulla)

2104 4089 2178 4149 ut,
2211 4097 2330 4137 cum
2361 4095 2684 4150 praeponens
2713 4079 2905 4149 aliquis
2933 4087 2984 4133 et
3015 4093 3247 4148 persona
3305 4078 3456 4133 dives
3516 4076 3700 4146 aliquo

2102 4170 2250 4225 vadit
2304 4169 2665 4239 hospitaturus
2715 4168 2936 4222 clientes
2964 4165 3004 4194 “
3035 4174 3355 4237 percurrant
3402 4172 3459 4219 ut
3510 4165 3695 4220 locum

2103 4259 2364 4324 muniant,
2398 4257 2676 4325 mundent,
2723 4263 2919 4311 ornent
2971 4263 3024 4310 et
3072 4255 3383 4309 custodiant
3430 4268 3538 4325 quo
3597 4267 3702 4308 ve-

2104 4345 2271 4400 nienti
2298 4345 2518 4400 domino
2547 4359 2644 4399 suo
2665 4351 2819 4412 aptus
2831 4343 2900 4397 ad
2919 4341 3332 4398 inhabitandum
3349 4351 3402 4398 et
3423 4357 3701 4413 congruus

399 4417 581 4486 (quam
622 4416 840 4488 quidem
871 4433 938 4472 ex
992 4419 1134 4474 linea
1162 4424 1527 4493 generationis
1581 4428 1831 4484 humanae
1887 4391 1996 4486 rion
2020 4391 2074 4453 D
2106 4433 2218 4489 ﬁat.
2252 4433 2408 4503 Quod
2438 4433 2481 4486 si
2511 4432 2633 4487 talis
2661 4391 2950 4503 apparatus
2978 4430 3034 4484 ﬁt
3063 4445 3163 4501 pro
3206 4431 3444 4488 adventu
3502 4391 3700 4486 13mm

1735 4661 1960 4717 VARDE
1988 4660 2399 4718 LECTIONES.

439 4809 486 4880 .7
516 4799 697 4883 Ija‘ude
713 4799 830 4883 ejus
853 4806 1065 4882 protata
1077 4800 1408 4883 ruminemus
1425 4803 1723 4883 mss.laude
1734 4809 1846 4883 ejus
1863 4811 2442 4883 proferamus,prolata
2465 4812 2840 4868 ruminemuSJl
2853 4810 3054 4882 Optare
3067 4811 3228 4883 nobis
3245 4817 3587 4882 mss.0ptatae
3601 4826 3697 4868 no.

395 4870 505 4953 bis.
532 4876 550 4904 '
568 4873 1000 4953 Peccatorummu
1002 4874 1089 4953 jus
1110 4882 1290 4928 uterus
1305 4876 1476 4932 factus
1488 4883 1568 4933 est
1590 4879 1679 4953 via
1696 4870 2083 4953 ad'sanandum
2104 4870 2421 4953 peccatores
2439 4884 2673 4940 venienti
2697 4870 3282 4953 ms:.peccatori,cujus
3302 4870 3481 4937 uterus
3502 4890 3582 4938 est
3609 4883 3691 4937 fa-

395 4941 741 5022 ctus‘via‘ipsi
757 4941 824 4995 ad
845 4944 1149 5022 sanandum
1175 4955 1508 5022 peccatorem
1531 4950 1784 5022 venienti.
1810 4953 1849 4980 ι’
1871 4953 1916 5007 Ο
1934 4941 2293 5008 habitaculum
2316 4954 2559 5009 mirabile
2577 4941 2902 5011 mrtuomiit.
2919 4955 2957 4983 ³³
2977 4941 3123 5021 ρυω⁷
3140 4941 3238 5008 Dei
3261 4954 3543 5022 mss.quod
3569 4953 3691 5008 Dei.

394 5011 1142 5106 ::ﬁl‘d:ml)Aom-ipu_m'1anhelat
1175 5011 1319 5106 artas.
1353 5018 1423 5072 ad
1471 5035 1594 5106 earn
1625 5021 1862 5106 anhelat.
1891 5023 1930 5052 ³⁸
1954 5023 2224 5091 Quoniam
2281 5026 2444 5080 modo
2494 5026 2639 5080 venit
2683 5042 2818 5106 uasa;
2863 5011 3041 5078 tameh
3082 5025 3315 5095 quonian
3357 5011 3486 5076 mihi
3518 5024 3682 5079 venit.

395 5081 436 5178 ξς
984 5088 1523 5178 nisaomit'tmarum.
1555 5088 1594 5117 "
1615 5092 1738 5178 χιιι
1770 5081 2104 5178 qua'prﬁcor
2118 5101 2314 5178 ius}.
2348 5103 2674 5178 tga,precor.
2707 5097 2748 5125 ³⁸
2777 5081 3132 5178 Ωιιφχεμςεοί·
3160 5111 3293 5150 mss.
3319 5109 3439 5163 qua:
3467 5108 3698 5178 veneror

466 5152 1151 5244 ηξξὶΐξρθζςῃῃιδε.
1179 5152 1470 5244 quidquam
1526 5152 2062 5244 scribereftlrnsitae
2094 5166 2190 5219 tibi
2221 5183 2331 5244 ms.
2358 5169 2421 5244 β.
2445 5152 2662 5221 ’ἷιιεὶιειε
2696 5152 2822 5220 tuae“.
2854 5164 2891 5192 ²⁹
2927 5165 3096 5219 Velim
3114 5180 3294 5244 agere
3319 5152 3458 5244 fma:
3494 5164 3694 5218 vellem

397 5222 578 5292 aggere
601 5222 640 5251 ’°
675 5222 782 5276 Illis
813 5225 881 5276 ab
915 5223 1064 5279 initio
1095 5222 1345 5282 msiillis

394 5237 566 5319 ξίβξΐξ
599 5231 884 5319 ς”.ξΙ-ξξεῄεξιξ
901 5231 1064 5319 Bllio
1095 5231 1345 5319 marinis
1377 5231 1594 5319 quoa‘e'ab
1625 5232 1796 5287 initio.
1829 5233 1868 5263 ³³
1902 5234 2152 5289 Sanctum
2178 5237 2258 5290 sui
2307 5236 2594 5319 adventum
2654 5252 2791 5319 mss;
2816 5243 3062 5319 sanctum
3109 5231 3203 5289 ﬁlii
3251 5235 3329 5288 sui
3388 5233 3681 5319 adventum

469 5293 617 5377 Sicut
649 5301 755 5347 tam
785 5309 884 5362 per
901 5296 1226 5377 mssomitt.
1261 5293 1416 5377 sicut.
1437 5301 1476 5328 ’³
1506 5302 1639 5355 Eam
1672 5311 1968 5377 antequam,
1988 5322 2248 5377 mss.eam
2280 5307 2380 5360 sibi
2411 5315 2721 5377 antequam.
2756 5305 2796 5333 "
2828 5306 2984 5373 Quod
3015 5306 3068 5359 in
3099 5321 3163 5360 ea
3180 5321 3235 5360 re
3267 5322 3401 5377 mss.

3453 5304 3595 5373 quod
3627 5318 3692 5358 ea

392 5363 552 5449 geg”
583 5365 888 5449 Incqngrue
915 5373 1092 5419 actum
1123 5372 1457 5449 micorum;
1483 5382 1684 5449 actum.
1746 5371 1784 5400 "
1817 5363 1975 5441 Quod
2002 5378 2141 5449 enim
2164 5376 2270 5431 alio
2320 5378 2484 5431 modo
2513 5363 2900 5432 sdblimitatem
2930 5392 3063 5431 mss.
3109 5363 3678 5449 quo__sublimitatem.

387 5431 1014 5528 :“Eamzregeceritiniss
1045 5453 1165 5519 eam
1192 5438 1458 5528 feceritn’f"
1485 5431 1960 5528 S‘imilenmumowrem
1994 5447 2140 5502 Edit.
2167 5449 2286 5527 Ific.
2338 5448 2591 5502 humilem
2649 5463 2856 5528 morem
2915 5463 3047 5502 mss.
3080 5431 3408 5528 sifmpliciter‘
3439 5460 3683 5528 ’φοι-θαι.

432 5507 791 5588 Magnitudini
820 5507 1210 5588 rei_pt§.s._ejus
1238 5511 1617 5588 magnitudini.
1650 5513 1691 5542 '°
1712 5515 1835 5588 Non
1863 5516 2059 5571 dicam.
2080 5518 2483 5586 conjuecturare
2505 5535 2640 5576 mss.
2667 5534 2778 5573 non
2793 5518 2983 5572 dico...
3017 5507 3338 5588 conjectare.
3370 5514 3412 5588 ξι
3438 5517 3691 5570 Protecta

385 5575 872 5667 mssiprotectam.
907 5575 951 5604 "
978 5575 1193 5636 Unitate
1221 5575 1359 5639 mss:
1383 5583 1661 5641 unitatem.
1719 5584 1760 5613 ³³
1784 5587 1924 5642 Nam
1951 5587 2092 5644 inter
2117 5575 2251 5644 mss.
2282 5605 2408 5645 nam
2437 5598 2491 5645 et
2517 5590 2675 5647 inter.
2693 5587 2735 5617 “
2758 5575 3139 5658 Hospitaturus
3166 5595 3225 5645 ut
3271 5585 3494 5667 οιὶφιθε
3543 5601 3685 5643 mss.

311 5726 314 5727 ν
386 5650 577 5704 omitt.
605 5655 682 5704 ut.
