4044 6074
340 217 437 269 561

1418 208 1539 262 LIB.
1593 207 1682 261 DE
1733 206 2215 260 EXCELLENTIA
2253 209 2321 261 Β.
2362 210 2612 264 ΜΛΗΙᾸΞ.

3549 215 3652 268 562

337 335 574 393 hominis
602 342 655 389 et
680 335 1076 388 momentaneze
1106 331 1399 402 potestatis,
1435 330 1608 400 qualis
1645 336 1932 399 apparatus
1960 328 2017 389 A
2047 331 2475 398 substantialem,
2508 343 2860 402 comternum,
2893 336 3405 407 coomnipotentem,
3439 353 3509 391 ex
3551 353 3648 392 sua

339 425 517 482 omnis
572 422 701 478 boni
757 428 1010 491 putamus
1062 419 1229 475 ﬁebat
1278 434 1375 489 pro
1432 419 1670 473 adventu
1731 415 1961 474 cmlestis

338 512 506 584 Regis
526 515 582 567 et
612 509 802 565 aeterni
826 509 882 563 in
911 508 1074 564 corde
1106 507 1490 562 sacratissima)
1529 504 1791 577 Virginis,
1838 520 1958 573 qua:

338 602 492 657 illum
520 615 630 655 non
657 596 836 653 solum
868 597 982 651 erat
1012 596 1068 650 in
1090 603 1261 651 semet
1283 594 1564 650 transitive
1593 593 1955 662 hospitatura,

338 690 438 748 sed
458 689 621 745 etiam
642 703 711 743 ex
731 686 1035 741 substantia
1053 700 1151 740 sua
1176 684 1381 739 factum
1397 683 1671 738 hominem
1686 680 1958 752 paritura?

350 777 633 850 Siquidem
666 775 762 831 ubi
790 776 947 831 venit
973 773 1268 846 plenitudo
1300 773 1571 842 temporis
1602 769 1755 838 (Gal.
1780 785 1857 836 ιν,
1879 770 1954 839 4),

338 866 483 940 quod
493 880 590 920 suo
606 865 779 919 adven
789 864 869 917 tui
880 861 920 889 ”
937 862 1053 931 ipse
1065 862 1213 917 Deus
1227 867 1350 915 ante
1386 867 1633 928 tempora
1663 858 1808 927 ρι’ωά
1816 857 1949 911 esti-

340 956 509 1022 navit,
530 953 679 1008 misit
695 952 958 1023 angelum
981 948 1495 1016 Gabrielem,unum
1507 947 1576 1001 de
1600 945 1787 1017 primis
1812 944 1955 1016 prin-

342 1044 560 1116 cipibus
603 1041 758 1113 regni
815 1043 855 1072 "
908 1039 1014 1106 sui,
1072 1037 1322 1091 nuntiare
1382 1036 1499 1103 tibi,
1560 1051 1591 1088 ο
1644 1032 1955 1088 beatissima

348 1131 698 1196 feminarum,
730 1128 931 1182 instare
958 1127 1186 1181 salutem
1235 1123 1454 1197 generis
1512 1122 1757 1190 humani,
1790 1129 1844 1175 et
1897 1136 1955 1174 se

347 1220 595 1276 eamdem
618 1214 847 1272 salutem
875 1218 1246 1285 operaturum,
1300 1221 1355 1268 et
1409 1227 1477 1266 ex
1514 1218 1568 1266 te
1624 1209 1951 1271 castissima,

349 1324 450 1379 per
479 1306 712 1377 Spiritus
736 1303 906 1359 sancti
936 1301 1332 1373 operationem,
1368 1315 1553 1355 verum
1582 1296 1864 1353 hominem
1914 1292 1956 1324 ³⁷

356 1394 720 1451 nasciturum.
757 1391 947 1459 Audis,
1007 1390 1251 1458 domina,
1282 1404 1405 1459 quae
1456 1387 1719 1454 feruntur,
1776 1391 1829 1438 et
1880 1383 1957 1438 ad

352 1499 465 1539 rem
495 1480 644 1537 omni
673 1479 871 1535 saeculo
896 1477 1194 1533 inauditam
1227 1492 1396 1547 paves
1423 1483 1477 1530 et
1504 1473 1738 1529 miraris.
1794 1470 1959 1526 Nulla

349 1580 535 1627 tamen
581 1567 958 1623 incredulitate
1010 1564 1281 1626 moveris;
1332 1579 1522 1619 verum
1578 1561 1958 1619 indubitanter

2066 431 2258 477 natura
2288 422 2401 476 sine
2431 422 2583 477 initio
2612 423 2756 476 Deus
2802 422 2959 478 Pater
3011 426 3219 494 genuit,
3276 431 3329 479 et
3377 441 3479 493 per
3527 442 3650 480 eum

2065 527 2253 563 omnes
2282 520 2556 565 creaturas
2610 511 2853 567 visibiles
2905 520 2957 566 et
3009 512 3306 567 invisibiles
3362 529 3426 567 ex
3485 514 3651 569 nihilo

2064 598 2209 653 fecit.
2242 600 2396 654 lluuc
2424 601 2591 669 igitur
2615 600 2717 654 sibi
2748 608 2856 655 tam
2888 600 3106 655 unicum
3148 617 3308 670 quam
3362 601 3656 658 dilectissi—

2064 704 2232 753 mum,
2264 697 2318 742 et
2344 689 2399 741 in
2428 689 2680 743 omnibus
2710 689 2930 744 omnino
2950 688 3235 759 aequalem,
3296 705 3404 743 non
3458 706 3654 759 passus

2062 783 2143 832 est
2170 791 2451 832 remanere
2479 777 2821 832 solummodo
2850 794 3026 842 suum,
3068 777 3165 831 sed
3196 777 3445 832 eumdem
3475 778 3651 848 ipsum

2061 863 2306 922 voluitin
2339 865 2415 919 rei
2447 865 2672 921 veritate
2699 882 2815 920 esse
2861 865 3032 920 beatm
3072 866 3254 920 Mariae
3309 865 3547 933 unicum,
3603 875 3658 921 et

2064 953 2490 1019 dilectissimum,
2524 962 2577 1007 et
2605 954 2907 1007 naturalem
2937 954 3129 1019 ﬁlium,
3160 968 3260 1008 nec
3305 954 3379 1008 ita
3440 964 3492 1008 ut
3549 954 3657 1011 duo

2062 1049 2269 1109 essent,
2299 1058 2440 1096 unus
2468 1041 2721 1096 videlicet
2740 1042 2907 1097 Filius
2936 1042 3055 1109 Dei,
3090 1042 3225 1096 alius
3254 1041 3395 1097 ﬁlius
3450 1043 3657 1106 Mariae,

2061 1132 2156 1186 sed
2186 1130 2332 1185 idem
2363 1129 2480 1200 ipse
2511 1129 2601 1201 qui
2632 1129 2797 1184 Filius
2836 1130 2955 1197 Dei,
2989 1130 3042 1183 in
3071 1146 3173 1183 una
3231 1146 3463 1200 persona
3519 1140 3661 1187 esset

2062 1219 2202 1274 ﬁlius
2230 1217 2433 1285 Mariae,
2466 1226 2517 1272 et
2546 1218 2638 1288 qui
2669 1217 2810 1272 ﬁlius
2843 1218 3047 1285 Mariae,
3080 1233 3220 1272 unus
3249 1226 3303 1272 et
3347 1218 3490 1273 idem
3521 1228 3663 1274 esset

2062 1309 2120 1362 in
2154 1323 2260 1361 una
2290 1321 2521 1376 persona
2552 1305 2719 1360 Filius
2750 1306 2868 1360 Dei.
2903 1305 3034 1373 Quis
3091 1305 3209 1359 haec
3267 1306 3497 1361 audiens
3553 1322 3665 1361 non

2064 1396 2405 1465 Obstupescat
2437 1399 2490 1449 et
2522 1395 2666 1463 quod
2697 1395 2841 1449 Deus
2870 1395 2974 1447 tale
3032 1394 3163 1463 quid
3216 1394 3359 1450 velle
3411 1396 3665 1464 potuerit,

2064 1500 2173 1540 non
2205 1483 2340 1539 ultra
2363 1498 2524 1538 omne
2553 1482 2699 1553 quod
2729 1482 2833 1537 dici
2864 1489 3042 1551 potest
3071 1480 3394 1536 admirabile
3448 1481 3613 1537 ducat
3641 1484 3669 1535 ‘2

2065 1572 2251 1627 Puella
2281 1571 2350 1626 de
2378 1571 2680 1643 propagine
2709 1570 2883 1625 Adam
2913 1578 3056 1634 nata,
3091 1570 3158 1624 dc
3189 1569 3490 1638 peccatrice
3531 1585 3667 1640 pro-

351 1667 501 1715 tenes
530 1656 674 1728 apud
705 1663 756 1711 te
785 1654 1117 1710 omnimodis
1152 1651 1494 1723 impossibile
1524 1650 1644 1706 fore
1682 1665 1794 1704 non
1840 1647 1957 1702 ﬁeri

2079 1661 2225 1733 genie
2280 1667 2439 1727 orta,.
2481 1659 2661 1714 subito
2718 1674 2873 1713 versa
2901 1659 3017 1713 vice
3071 1656 3478 1712 maledictionis
3534 1658 3666 1713 Evae

354 1747 509 1820 quod
539 1745 767 1817 angelus
796 1743 939 1798 dixit
970 1742 1205 1796 futurum
1236 1755 1374 1795 esse.
1407 1737 1651 1794 Credidit
1707 1753 1842 1808 ergo
1903 1741 1960 1789 et

360 1835 661 1892 certissime
692 1831 958 1887 intellexit
986 1832 1160 1886 Deum
1191 1837 1303 1884 tam
1349 1828 1577 1895 bonum,
1635 1834 1744 1881 tam
1790 1824 1963 1896 pium,

368 1934 477 1978 tam
503 1921 685 1978 omnis
715 1917 1103 1975 misericordia:
1161 1916 1455 1973 visceribus
1509 1916 1726 1987 plenum
1782 1920 1841 1968 ut
1894 1911 1967 1967 ad

358 2021 532 2069 terras
562 2011 629 2065 de
659 2008 868 2065 ccelesti
890 2007 1021 2062 sede
1051 2007 1407 2073 descendere,
1439 2012 1492 2059 et
1548 2006 1714 2059 homo
1771 2002 1966 2063 factus,

368 2116 467 2172 per
496 2098 796 2154 indebitam
820 2096 925 2151 sibi
954 2102 1207 2161 mortem,
1239 2109 1410 2165 genus
1438 2094 1734 2145 humanum
1764 2106 1797 2144 a
1847 2104 1970 2159 per-

362 2191 531 2259 petua
560 2186 724 2241 vellet
752 2192 923 2240 morte
952 2199 1058 2253 qua
1090 2182 1370 2237 tenebatur
1425 2180 1660 2250 eripere.
1717 2179 1970 2247 Respon-

363 2258 501 2332 deus
528 2289 660 2346 ergo
690 2272 876 2327 nuntio
904 2272 1009 2325 ait:
1044 2258 1183 2326 Ecce
1212 2269 1432 2325 ancilla
1449 2267 1696 2335 Domini,
1713 2264 1974 2334 ﬁntmihi

363 2364 683 2420 secundum
704 2361 934 2416 verbum
958 2363 1121 2413 tuum
1155 2360 1311 2426 (Luc.
1341 2373 1377 2424 ι,
1408 2357 1519 2425 38).
1573 2353 1618 2409 Ο
1667 2354 1803 2408 ﬁdes
1859 2353 1974 2407 Deo

373 2458 600 2520 accepta
632 2451 645 2503 l
678 2447 724 2504 Ο
767 2447 1042 2502 humilitas
1098 2447 1301 2518 grata!
1360 2443 1407 2500 Ο
1464 2442 1775 2499 obedientia
1831 2438 1975 2497 omni

338 2537 641 2601 ,sacriﬁcio
668 2536 962 2606 jucundius
990 2536 1107 2589 Deo
1157 2533 1388 2589 oblata!
1450 2531 1591 2599 Quid
1646 2546 1778 2601 ergo
1835 2528 1979 2599 quod

376 2626 648 2683 venientis
678 2624 775 2679 Dei
806 2611 995 2678 oculos
1021 2621 1319 2676 offenderet
1348 2620 1403 2674 in
1433 2619 1530 2673 illa
1570 2624 1782 2688 poterat
1834 2616 1978 2671 resi-

366 2713 520 2778 dere,
553 2711 609 2765 in
662 2726 768 2787 qua
825 2717 1093 2764 tantarum
1148 2708 1411 2760 virtutum
1468 2705 1703 2776 insignia
1754 2703 1980 2758 veniens

367 2800 575 2857 invenit
599 2799 900 2854 redolere?
934 2797 1092 2851 Certe
1155 2795 1273 2849 sola
1328 2793 1439 2848 ﬁde
1492 2793 1765 2847 Abraham
1814 2791 1982 2844 fertur

373 2889 493 2944 Deo
520 2886 832 2957 placuisse;
866 2892 917 2939 et
944 2884 1050 2939 hoc
1078 2882 1253 2938 solum
1286 2881 1413 2950 quia
1457 2881 1565 2936 Deo
1602 2877 1852 2935 credidit
1905 2874 1981 2931 ad

368 2972 783 3049 justitiamilh’
812 2980 1114 3042 repulatum
1146 2971 1312 3024 tuisse
1343 2968 1497 3037 (Gal.
1531 2983 1610 3036 ut,
1635 2968 1716 3037 6).
1794 2965 1984 3037 Super

379 3064 625 3121 humiles
656 3070 830 3116 autem
878 3064 935 3115 et
989 3061 1227 3131 quietos,
1258 3074 1324 3113 ac
1356 3056 1523 3113 verba
1551 3072 1654 3111 sua
1677 3057 1985 3110 trementes

379 3152 521 3208 Isni.
553 3165 701 3214 var,
730 3149 809 3216 2).
841 3147 1100 3219 Spiritum
1131 3162 1291 3201 suum
1344 3145 1708 3217 requiescere,
1769 3148 1822 3197 et
1850 3142 1975 3198 obe-

381 3240 665 3297 dientiam
722 3253 782 3293 se
832 3253 948 3307 pra:
1001 3234 1282 3292 sacriﬁciis
1308 3232 1348 3264 "
1406 3232 1570 3289 malle
1600 3230 1794 3287 asserit
1841 3230 1987 3285 Deus

381 3329 434 3396 (ι
461 3330 588 3399 Reg.
618 3343 709 3394 xv,
741 3326 850 3394 22).
912 3324 1044 3378 Cum
1082 3322 1246 3395 igitur
1292 3322 1348 3376 in
1400 3322 1484 3377 his
1539 3336 1660 3391 quae
1705 3325 1987 3388 tantopere

379 3417 501 3471 Deo
528 3414 750 3486 placent
775 3420 965 3469 sancta
991 3411 1147 3483 virgo
1178 3409 1347 3465 Maria
1374 3416 1487 3463 tam
1527 3407 1855 3464 excellenter
1909 3404 1987 3465 illi

378 3504 608 3574 placuit,
641 3509 705 3556 ut
732 3515 1075 3570 nequaquam
1100 3497 1427 3554 crediderim
1458 3496 1631 3567 ipsam
1662 3495 1775 3549 ulla
1802 3496 1843 3525 ”
1891 3508 1987 3546 ra-

384 3591 531 3647 tione
559 3589 906 3646 excellentius
934 3588 1151 3658 placere
1196 3584 1454 3656 potuisse,
1513 3583 1768 3637 nimirum
1827 3589 1983 3634 tene-

382 3695 509 3735 mus
537 3676 664 3744 ﬁde,
693 3676 763 3731 ab
820 3675 989 3743 omni,
1023 3675 1068 3729 si
1098 3673 1229 3744 quid
1285 3671 1468 3727 adhuc
1494 3671 1548 3725 in
1578 3670 1672 3725 illa
1700 3668 1986 3739 originalis

389 3768 506 3824 sive
534 3765 763 3822 actualis
791 3762 1000 3834 peccati
1052 3770 1349 3830 supererat,
1403 3759 1477 3814 ita
1512 3757 1834 3812 mundatum
1890 3772 1986 3812 cor

383 3855 514 3911 llius
536 3862 595 3909 ut
622 3869 753 3911 vere
782 3867 944 3923 super
970 3852 1013 3880 ‘°
1045 3865 1168 3905 eam
1193 3848 1425 3919 Spiritus
1444 3846 1566 3914 Dei,
1591 3845 1801 3901 scilicet
1822 3860 1987 3914 super

383 3942 645 3998 humilem
672 3948 725 3997 et
754 3940 993 4010 quietam
1023 3946 1078 3994 et
1107 3945 1426 3992 trementem
1458 3935 1621 3991 verba
1651 3948 1747 3988 sua
1776 3940 1924 3988 totus
1943 3933 1984 3961 ⁴¹

385 4030 766 4103 requiesceret,
801 4029 980 4097 ipsam
1035 4024 1296 4080 voluntati
1328 4023 1626 4078 Dominicae
1681 4021 1985 4077 castissime

386 4134 452 4175 ac
480 4117 716 4187 simplici
745 4116 913 4172 corde
942 4113 1291 4170 obedientem
1321 4110 1469 4165 omni
1492 4110 1810 4165 holocausto
1853 4123 1983 4162 sua-

382 4207 509 4264 vius
539 4212 864 4274 acceptaret,
910 4203 1212 4270 virtuteque
1266 4198 1528 4254 Altissimi
1581 4197 1978 4264 obumbratam,

378 4295 577 4350 Filium
609 4294 707 4348 Dei
735 4309 803 4347 ex
833 4292 926 4345 illa
972 4291 1372 4359 incorporaret.
1429 4286 1528 4340 Hic
1584 4303 1641 4341 se
1698 4284 1977 4355 suberigat

2073 1749 2362 1803 benedicta
2414 1747 2742 1817 praedicatur
2787 1761 2952 1816 super
3031 1761 3222 1800 omnes
3289 1744 3562 1811 mulieres,
3621 1753 3675 1800 et

2073 1838 2332 1906 concipit,
2365 1845 2417 1890 et
2443 1836 2684 1905 parturit,
2716 1841 2768 1889 et
2798 1834 2938 1905 parit
2985 1832 3260 1888 hominem
3317 1834 3513 1898 Deum,
3544 1848 3671 1888 om-

2074 1942 2172 1982 nes
2226 1924 2707 1994 prmvarieationes
2762 1921 2832 1976 ab
2887 1920 3016 1976 Adae
3055 1920 3180 1975 ﬁliis
3208 1921 3674 1991 propulsaturum,

2076 2030 2281 2085 eosque
2306 2014 2361 2066 in
2390 2013 2597 2068 caelesti
2625 2011 2668 2042 ⁴²
2697 2025 2864 2082 regno
2895 2025 2994 2065 suo
3023 2008 3127 2064 sibi
3168 2009 3481 2065 coheredes
3536 2024 3673 2063 con—

2078 2103 2406 2158 stitulurum.

2695 2171 2916 2226 CAPUT
2955 2171 3053 2225 ιν.

2426 2261 2502 2317 De
2532 2276 2726 2316 amore
2764 2260 3000 2329 Virginis
3029 2259 3101 2313 ad
3130 2259 3338 2328 ﬁlium.

2155 2361 2329 2428 Quam
2362 2358 2626 2412 mirabilis
2652 2358 2831 2429 itaque
2861 2365 2909 2413 et
2932 2354 3219 2411 ineﬁ‘abilis
3242 2355 3443 2411 amoris
3462 2353 3683 2410 aﬁ‘ectus

2083 2449 2125 2478 “
2156 2447 2478 2504 considerari
2512 2455 2673 2517 queat
2729 2446 2870 2500 inter
2899 2448 3046 2500 hunc
3078 2445 3237 2500 talem
3270 2453 3432 2499 tanta:
3498 2443 3687 2498 matris

2086 2537 2275 2603 ﬁlium,
2310 2545 2358 2591 et
2393 2536 2534 2590 hanc
2568 2535 2727 2589 talem
2754 2534 2879 2588 tanti
2913 2533 3007 2588 ﬁlii
3037 2537 3288 2600 matrem,
3344 2532 3690 2603 perpendant

2087 2626 2141 2680 hi
2167 2626 2356 2679 saltem
2387 2639 2608 2693 quoque
2639 2623 2802 2677 modo
2831 2622 2921 2692 qui
2952 2621 3111 2676 unico
3141 2619 3451 2676 dilectionis
3470 2621 3689 2675 fervore

2089 2728 2209 2767 sese
2241 2712 2559 2766 altrinsecus
2590 2718 2793 2777 amant,
2833 2716 3006 2765 mater
3035 2708 3243 2764 scilicet
3272 2706 3439 2762 ﬁlium
3470 2715 3523 2761 et
3550 2705 3692 2761 ﬁlius

2091 2809 2318 2855 matrem
2350 2798 2671 2868 Perpendat,
2706 2798 2949 2869 inquam,
2982 2796 3164 2866 aliqua
3222 2796 3367 2850 bona
3423 2798 3596 2850 mater
3650 2796 3692 2825 “

2092 2904 2197 2959 quo
2229 2887 2423 2943 aﬁ'ectu
2454 2892 2705 2942 teneatur
2731 2902 2866 2958 erga
2895 2885 3110 2940 unicum
3143 2891 3196 2939 et
3236 2884 3441 2939 bonum
3500 2881 3692 2946 ﬁlium,

2094 2986 2146 3032 et
2174 2976 2357 3031 bonus
2388 2975 2531 3029 ﬁlius
2560 2974 2722 3029 simili
2775 2975 2941 3029 modo
2997 2972 3306 3044 perpendat
3342 2986 3449 3041 qua
3497 2971 3697 3041 pietate

2095 3073 2377 3121 moveatur
2429 3079 2561 3134 erga
2615 3064 2817 3118 bonam
2869 3077 2934 3117 ac
2964 3061 3340 3117 dulcissimam
3372 3073 3531 3114 suam
3570 3074 3696 3113 ma-

2086 3162 2242 3220 trem,
2276 3162 2328 3209 et
2357 3153 2698 3221 aliquatenus
2756 3157 2957 3204 tentent
2984 3153 3048 3215 “,
3108 3147 3154 3202 si
3205 3146 3478 3218 quomodo
3525 3146 3584 3201 in
3633 3161 3696 3202 se

2085 3242 2396 3311 conjectare
2421 3240 2655 3303 valeant,
2689 3252 2929 3292 amorem
2958 3228 3124 3304 hujus
3152 3235 3313 3290 bona:
3344 3234 3534 3289 matris
3560 3249 3696 3305 erga

2085 3346 2212 3386 vere
2235 3330 2432 3384 bonum
2464 3335 2517 3382 et
2543 3326 2762 3379 unicum
2790 3323 2957 3378 ﬁlium
3013 3338 3190 3391 suum,
3250 3330 3302 3376 et
3354 3322 3507 3377 istius
3557 3321 3694 3377 boni

2087 3416 2182 3472 ﬁlii
2211 3431 2344 3487 erga
2375 3430 2501 3469 vere
2530 3413 2735 3468 bonam
2765 3420 2818 3467 et
2849 3411 3217 3466 dulcissimam
3249 3417 3482 3465 matrem
3504 3423 3680 3462 suam.

2088 3506 2154 3560 Et
2185 3505 2405 3575 quidem
2434 3517 2624 3557 omnes
2653 3500 2903 3555 homines
2930 3515 2998 3554 ex
3028 3498 3415 3568 conjunctione
3459 3496 3691 3551 duarum

2083 3608 2467 3665 personarum,
2498 3591 2609 3647 hoc
2638 3597 2736 3657 est,
2769 3589 2936 3645 maris
2965 3596 3020 3644 et
3049 3587 3267 3643 femina:
3312 3591 3687 3657 procreantur,

2085 3691 2139 3739 et
2168 3697 2412 3736 amorem
2443 3696 2595 3734 suum
2620 3678 2832 3747 utrique
2885 3691 3158 3747 personas,
3191 3674 3247 3729 id
3304 3682 3386 3729 est
3430 3672 3572 3745 patri
3638 3680 3694 3728 et

2085 3772 2243 3827 matri
2274 3768 2595 3824 naturaliter
2625 3767 2826 3822 debent
2844 3765 2930 3835 qui
2992 3764 3069 3820 sic
3119 3771 3467 3835 generantur,
3527 3761 3688 3834 ipsis-

2086 3877 2190 3932 que
2221 3856 2569 3914 nihilominus
2597 3871 2759 3909 suum
2796 3860 3052 3923 parentes
3103 3852 3144 3882 “
3199 3851 3386 3915 ambo,
3446 3849 3539 3920 qui
3593 3864 3689 3906 eos

2085 3955 2408 4021 genuerunt.
2444 3946 2575 4001 Cum
2605 3951 2789 3997 autem
2818 3940 2860 3971 ⁸⁷
2904 3955 3165 4008 amorem,
3217 3955 3377 4010 quem
3429 3946 3585 4008 pater
3638 3946 3693 3994 et

2087 4046 2263 4092 mater
2292 4032 2493 4105 singuli
2521 4032 2721 4086 debent
2748 4028 2859 4084 ﬁlio
2915 4044 3033 4095 suo,
3090 4026 3251 4081 debet
3305 4028 3422 4081 haec
3477 4024 3686 4080 felicis-

2088 4127 2226 4182 sima
2258 4132 2489 4178 matrum
2522 4120 2637 4175 sola
2666 4119 2779 4172 ﬁlio
2808 4134 2930 4184 suo,
2990 4130 3232 4171 amorem
3288 4113 3470 4178 etiam,
3525 4129 3691 4185 quem

2085 4214 2266 4280 debet,
2296 4210 2521 4281 quilibet
2551 4208 2692 4262 ﬁlius
2716 4205 2877 4261 simul
2908 4218 3008 4259 suo
3053 4201 3195 4272 patri
3246 4210 3300 4257 et
3353 4201 3536 4269 matri,
3593 4201 3687 4256 ille

2084 4303 2224 4357 ﬁlius
2252 4316 2378 4357 vere
2409 4297 2651 4370 Virginis
2676 4294 2839 4351 debet
2868 4309 2980 4349 sum
3009 4290 3110 4347 soli
3139 4291 3319 4346 matri.
3350 4292 3491 4345 Nam
3543 4290 3685 4345 sicut

376 4381 602 4438 ίηίθηίίο
633 4379 828 4434 mentis
853 4379 1125 4444 humanae,
1158 4383 1230 4441 et!
1258 4391 1359 4445 Ρτο
1387 4389 1564 4444 Ροδδθν
1597 4370 1783 4443 Famis
1810 4372 1978 4426 imm‘
2012 4372 2065 4432 D
2087 4393 2180 4448 alii
2210 4389 2302 4445 ﬁlii
2334 4395 2631 4444 nascuntur
2653 4401 2720 4440 ex
2749 4390 2902 4454 patre
2932 4389 2984 4436 et
3014 4388 3209 4447 matre,
3240 4378 3318 4433 ita
3371 4376 3513 4433 ﬁlius
3568 4379 3689 4448 ejus

381 4470 475 4525 dat
503 4468 689 4539 quanti
715 4464 966 4538 penderit
994 4463 1338 4533 omnipotens
1396 4463 1541 4517 Deus
1568 4461 1761 4515 merita
1817 4459 1979 4528 hujus

381 4556 715 4614 beatissime
744 4553 1003 4626 Virginis.
1037 4552 1306 4618 lntendat,
1338 4550 1580 4620 inquam,
1629 4556 1682 4603 et
1734 4556 1980 4603 contem-

377 4653 573 4726 pletur,
605 4651 787 4707 videat
814 4658 869 4705 et
894 4649 1193 4704 admiretur
1228 4662 1397 4703 unum
1428 4646 1618 4701 Filium
1677 4644 1781 4700 sibi
1836 4659 1974 4701 con-

2089 4491 2248 4537 natus
2277 4487 2452 4535 estex
2481 4492 2545 4531 ea
2572 4473 2690 4529 sola
2737 4479 2928 4527 matre.
2982 4467 3208 4524 Excedit
3262 4466 3445 4536 itaque
3497 4480 3690 4521 omnes

2090 4584 2301 4626 amores
2329 4572 2608 4638 parentum
2638 4562 2689 4616 in
2722 4560 2880 4627 ﬁlios,
2939 4564 3029 4614 aut
3056 4555 3286 4611 ﬁliorum
3314 4555 3370 4608 in
3423 4560 3687 4623 parentes

2086 4674 2241 4715 amor
2295 4655 2446 4711 istius
2499 4649 2684 4707 matris
2710 4650 2766 4705 in
2825 4647 2998 4702 ﬁlium
3053 4659 3213 4700 suum
3271 4646 3328 4698 et
3381 4641 3533 4697 istius
3587 4639 3685 4696 ﬁlii

1692 4838 1920 4894 VARIzE
1980 4833 2277 4892 LECTION
2284 4832 2367 4888 ES

448 4997 489 5026 ”
518 4995 628 5052 Suo
653 4992 887 5049 adventu
912 5008 1047 5047 mss.
1062 5008 1159 5047 suo
1189 4991 1465 5047 adventui.
1575 4991 1615 5020 ³⁸
1647 4989 1987 5059 Principibus
2013 4988 2128 5042 suis
2182 4983 2391 5038 scilicet
2418 4979 2574 5051 regni
2630 4992 2766 5031 mss.
2801 4970 3131 5044 principibus
3158 4969 3340 5041 regni.

453 5082 505 5111 m
539 5067 713 5111 Delum
744 5072 797 5111 et
818 5063 1090 5111 hominem
1147 5079 1282 5111 mss.
1305 5077 1487 5111 verum
1520 5060 1820 5111 hominem.
1930 5062 1969 5091 ⁸⁸
2012 5059 2110 5111 Pro
2163 5053 2412 5110 saciﬁciis
2439 5066 2571 5105 mss.
2596 5063 2708 5111 prae
2735 5042 3036 5101 sacriﬁciis.
3148 5041 3187 5070 ⁸⁸
3231 5040 3340 5095 Cret

2051 5074 2110 5113 ro
2163 5059 2412 5110 saciticiis
2439 5066 2571 5105 mss.
2596 5063 2708 5118 prae
2735 5059 3036 5118 sacriﬁcus.

382 5082 506 5123 rum
539 5067 714 5120 Deum
744 5072 797 5118 et
818 5063 1090 5117 hominem
1147 5079 1282 5118 mss.
1305 5077 1487 5117 verum
1520 5060 1820 5115 hominem.

3456 4968 3499 4999 ⁸⁷
3556 4968 3672 5024 Ve-

3148 5041 3187 5070 ”
3226 5038 3492 5095 Crederet
3548 5038 3669 5109 quis

379 5138 529 5193 illam
557 5135 741 5206 aliqua
769 5151 903 5206 mss.
937 5116 1257 5206 crediderim
1288 5133 1460 5202 ipsam
1491 5132 1620 5185 ulla.
1647 5132 1791 5206 _‘°[lt
1819 5145 1920 5184 nec
1947 5145 2122 5206 super
2135 5143 2272 5182 mss.
2299 5132 2356 5179 ut
2383 5139 2507 5178 vere
2538 5116 2718 5188 super.
2738 5188 2748 5198 .
2767 5117 3138 5206 “.SuaLortus
3180 5128 3346 5206 πως..
3365 5126 3465 5192 sua
3505 5116 3677 5206 totus:

377 5209 422 5238 "
445 5208 510 5261 Et
537 5180 673 5276 parii
704 5205 974 5276 hominem
1006 5205 1182 5257 Deum
1210 5180 1398 5258 omnes
1428 5180 1914 5276 przevaricat'iones'
1932 5180 2397 5276 prcipulsaturum.
2429 5180 2631 5260 eosque
2659 5188 2752 5259 qui
2778 5186 2889 5268 sibi
2913 5182 3433 5276 obtemperarent?
3461 5180 3677 5276 caelesti

379 5290 496 5333 mss
523 5252 586 5332 tie
613 5275 757 5346 parit
785 5277 958 5346 Deum
988 5290 1181 5329 omnes
1213 5252 2516 5346 praevaricationes—abihdaéﬁliisupropulsurum,
2547 5252 2748 5346 eosque
2777 5252 3162 5346 in‘ct‘elestif'
3197 5252 3454 5346 Mirabilis
3477 5260 3671 5346 natura

377 5356 432 5403 et
460 5322 749 5403 ineﬂ‘a'bilis
775 5344 999 5400 affectus
1028 5322 1241 5400 amorisr
1256 5322 1689 5399 alii'iﬁir‘iiiiii;
1709 5322 1967 5411 {aqua}:
1988 5322 2283 5394 ineffabilia
2310 5322 2513 5389 amoris
2536 5322 2781 5386 aﬁectus.
2811 5328 3053 5411 “Aliqua
3080 5325 3228 5405 bona
3256 5331 3429 5405 mater
3455 5322 3656 5411 nis._‘s.

377 5418 562 5490 aliqua
590 5422 780 5471 mater.
810 5418 1045 5470 “l‘entet
1072 5433 1177 5490 ms.
1198 5422 1436 5490 ~tentent.
1468 5413 1508 5441 “
1540 5391 2228 5481 ιρεῦὦάἶιῖὶιίῑίίιόῶἰιῖἀε
2273 5420 2511 5461 amorem
2541 5416 2697 5456 suum
2736 5391 2991 5469 parentes
3020 5411 3152 5451 mss.
3186 5395 3431 5465 ipsisque
3460 5391 3664 5447 nihilo-

379 5484 568 5544 minus
622 5503 776 5543 suum
798 5494 1080 5555 parentes.
1117 5484 1159 5514 ‘7
1188 5484 1321 5539 Cum
1351 5492 1529 5538 autem
1558 5499 1699 5538 mss.
1736 5498 1856 5536 eum
1888 5487 2086 5535 autem.
