4046 6076
291 173 399 229 565

1361 171 1489 227 LIB.
1519 171 1615 227 DE
1643 169 2015 228 EXCELLEN
2027 170 2132 225 ῙῚΛ
2158 170 2219 227 Β.
2250 170 2486 226 ΜΛΒΙΔΕ

3482 172 3588 227 666

293 312 413 351 rum
442 296 786 367 squaloribus
812 296 1019 364 obruti,
1077 303 1308 367 quantus
1362 295 1533 351 fuerit
1579 295 1741 365 plene
1787 311 1894 349 non
1921 294 1978 356 Α
2002 294 2183 363 Itaque
2214 292 2298 348 cui
2328 293 2519 347 saltem
2548 291 2621 346 ita
2650 306 2962 347 concessum
3017 290 3179 346 fuerit
3229 307 3386 364 saepe
3445 292 3586 347 dulci

288 399 563 439 meremur
592 385 933 458 contingere,
959 386 1149 441 saltem
1205 398 1379 455 pauca
1433 384 1502 438 de
1550 383 1642 439 illo
1690 382 1894 438 intelli-

287 472 471 544 gendo
498 488 806 529 mereamur
825 472 868 501 "
888 474 946 530 in
992 473 1189 529 nostris
1243 472 1500 529 aerumnis
1554 470 1895 541 aliquatenus

287 561 566 631 respirare
597 577 732 624 :uec
781 570 997 634 putetur
1021 558 1063 590 ⁸⁷
1092 562 1161 617 ab
1215 561 1397 631 alique
1438 559 1894 618 contemnendum

288 648 379 707 vel
406 665 599 719 parum
632 640 765 721 quid
795 650 996 705 sentire
1026 649 1322 720 quemlibet
1355 649 1412 705 in
1463 664 1523 704 se
1578 648 1646 703 de
1700 646 1893 702 affectu

290 735 445 792 istius
474 737 659 793 matris
687 738 742 792 in
771 737 942 793 ﬁlium
972 753 1156 794 suum.
1194 737 1357 793 Nullo
1404 736 1673 806 siquidem
1728 735 1891 791 modo

291 825 622 881 crediderim
652 812 802 898 quod
830 826 878 880 is
907 812 1000 897 qui
1030 828 1100 883 ad
1129 842 1257 880 eum
1288 824 1701 896 intelligendum
1746 810 1889 894 pro-

289 913 416 970 vebi
444 914 705 970 meruerit
733 914 804 969 ab
826 914 1025 971 amoris
1047 914 1222 985 ipsius
1252 912 1545 970 dulcedine
1600 921 1890 968 extraneus

287 1016 680 1073 usquequaque
707 1003 938 1060 existere
967 1003 1159 1075 possit.
1192 1002 1299 1072 Qui
1327 1011 1506 1058 autem
1535 1001 1592 1056 in
1623 1000 1888 1059 delectio-

288 1089 375 1146 nis
401 1091 721 1147 suavitatem
752 1092 964 1158 transit.
997 1091 1145 1148 nullo
1183 1099 1344 1161 pacto
1372 1089 1726 1145 difﬁdendum
1757 1090 1888 1160 quin

289 1187 343 1234 et
371 1179 428 1235 in
457 1178 833 1236 retributionis
862 1180 984 1251 ejus
1025 1180 1372 1252 participium
1416 1179 1744 1235 transiturus
1796 1178 1884 1233 sit.

287 1265 463 1336 Quam
493 1282 622 1323 vero
651 1268 1054 1324 retributionem
1076 1268 1157 1323 sui
1197 1267 1401 1324 amoris
1439 1267 1511 1322 sit
1538 1266 1736 1336 adepta
1779 1272 1888 1320 tota

284 1355 668 1413 Christianitas
695 1356 868 1421 novit,
901 1373 1023 1426 quae
1053 1356 1205 1412 illam
1265 1372 1429 1427 super
1482 1370 1674 1410 omnes
1721 1354 1887 1409 cmlos

280 1443 575 1500 exaltatum
609 1453 663 1500 at
709 1445 974 1517 angelicis
1019 1444 1203 1500 eboris
1257 1443 1540 1514 praelatum
1587 1430 1887 1499 certissime

275 1532 464 1587 credit.
498 1532 616 1597 Eia.
649 1532 863 1601 fratres,
920 1540 1181 1604 quantum
1239 1548 1562 1602 possumus,
1617 1531 1887 1586 enitamur

2005 381 2184 435 studio
2215 397 2377 449 posse
2404 381 2645 453 cogitare
2674 380 2740 435 de
2770 381 2885 448 illa,
2908 396 3166 451 magnum
3220 382 3598 453 promerendae

2002 469 2188 523 salutis
2203 468 2465 524 indicium
2495 485 2616 524 esse
2646 469 2917 538 conjecto.
2951 468 3057 523 Sed
3094 467 3225 537 quid
3283 468 3460 522 dicam
3482 471 3510 525 τ
3556 471 3603 525 si

2006 564 2177 612 tantus
2224 557 2324 613 fuit
2368 572 2522 613 amor
2575 544 2687 627 ejus
2744 573 2873 628 erga
2900 552 3108 611 75hunc
3184 556 3593 613 dilectissimum

2001 638 2175 699 filium
2204 648 2382 714 suum,
2416 661 2518 715 quo
2548 646 2631 701 vel
2663 644 2811 716 quali
2857 645 3059 717 gaudio
3113 636 3428 713 replebatur
3484 654 3596 701 tota

2001 733 2306 788 substantia
2335 734 2471 804 ejus,
2504 733 2717 803 quando
2740 749 2881 798 eum,
2909 748 3067 802 quem
3126 736 3409 802 tantopere
3467 733 3594 787 dili-

1999 818 2182 893 gebat,
2215 838 2375 891 quem
2431 822 2743 876 Creatorem
2792 836 2856 876 ac
2894 814 3298 875 Dominatorem
3346 821 3588 877 omnium

1995 925 2173 965 rerum
2231 925 2353 965 esse
2406 909 2626 978 sciebat,
2685 926 2871 964 secum
2954 909 3244 981 degentem
3263 904 3345 976 ⁷⁸,
3405 923 3589 964 secum

1996 999 2267 1066 edentem,
2300 1014 2358 1052 se
2390 1013 2721 1067 quacunque
2750 1014 2913 1053 nosse
2956 997 3174 1054 volebat
3230 986 3372 1053 dulci
3422 990 3587 1053 affatu

1998 1085 2279 1142 docentem
2302 1085 2541 1152 haberet,
2575 1085 2693 1156 quis
2722 1085 2899 1156 capiet
2924 1074 2967 1113 ⁶¹⁷
2992 1086 3018 1138 “2

2631 1174 2854 1230 CAPUT
2898 1174 2963 1228 V.

2066 1252 2140 1319 De
2161 1264 2546 1345 commissione
2576 1260 2752 1318 beata:
2776 1252 2964 1319 diaria:
2990 1277 3089 1335 pro
3107 1264 3227 1332 ﬁlio
3245 1256 3541 1334 cruci/imo.

2066 1352 2237 1407 Tanta
2266 1351 2577 1419 dilectione,
2609 1358 2756 1406 tanta
2797 1350 3154 1406 exsultatione
3203 1367 3266 1406 ex
3302 1350 3589 1422 praesentia

1993 1428 2140 1494 illius
2171 1441 2654 1495 etconversatione
2705 1440 3002 1508 jucundata
3054 1436 3114 1504 ⁷⁸,
3143 1439 3443 1509 perpendat
3502 1428 3592 1510 qui

1990 1530 2187 1597 potest,
2212 1527 2406 1598 quibus
2426 1520 2724 1594 doloribus,
2785 1520 2980 1595 quibus
3028 1527 3337 1597 gemitibus,
3390 1526 3587 1599 quibus

276 1620 459 1691 aliquo
481 1621 646 1677 modo
668 1620 921 1678 affectum
953 1621 1110 1676 istius
1132 1631 1238 1675 tam
1271 1622 1429 1676 bonae
1459 1620 1652 1675 matris
1700 1634 1877 1691 agno-
1906 1646 1963 1708 Β
1989 1616 2235 1685 suSpiriis
2264 1615 2622 1683 cruciabatur,
2656 1608 2875 1684 quando
2937 1630 3059 1669 eum
3117 1631 3147 1669 a
3172 1630 3231 1669 se
3279 1613 3577 1669 crudelium

272 1724 448 1778 scere,
478 1710 614 1765 etin
639 1711 797 1765 nobis
827 1710 1022 1766 saltem
1070 1709 1150 1764 rei
1200 1707 1566 1780 magnitudini
1622 1723 1878 1762 succum-

272 1796 459 1853 bendo
497 1798 812 1869 degustare,
873 1814 982 1870 quo
1038 1798 1212 1868 ipsius
1258 1797 1466 1852 meritis
1521 1796 1693 1867 adjuti
1736 1794 1797 1864 ",
1829 1804 1882 1852 et

274 1884 580 1942 dilectionis
599 1887 720 1957 ejus
752 1886 1017 1943 suavitate
1037 1889 1078 1917 ⁸³
1112 1887 1347 1941 recreari
1378 1893 1431 1941 et
1459 1885 1642 1955 aliqua
1689 1885 1881 1941 futura

273 1971 664 2027 consolationis
719 1986 1028 2026 mereamur
1073 1970 1511 2026 remuneratione
1566 1969 1876 2026 sublimari.

272 2057 597 2130 Quicunque
616 2059 782 2131 igitur
813 2059 1050 2130 aliquem
1075 2059 1290 2115 sincero
1320 2066 1374 2114 et
1395 2058 1543 2114 dulci
1576 2058 1880 2113 dilectionis

272 2144 470 2203 affectu
500 2147 678 2220 diligit
707 2148 866 2218 eique
892 2147 1077 2204 omnia
1123 2148 1417 2203 commoda
1446 2155 1497 2201 et
1539 2147 1786 2216 jucunda
1831 2145 1879 2200 ei

271 2236 572 2291 succedere
593 2236 735 2307 cupit
761 2237 906 2291 illius
962 2236 1348 2301 incommodis,
1408 2238 1455 2289 si
1494 2251 1614 2304 quae
1671 2228 1879 2291 accide-

268 2323 398 2389 rint,
430 2332 660 2380 mcestus
694 2324 941 2397 ingemit,
977 2324 1159 2381 volvat
1191 2332 1241 2378 et
1273 2324 1518 2380 revolvat
1547 2324 1690 2381 hunc
1718 2339 1877 2377 suum

270 2411 527 2468 affectum
555 2413 703 2483 apud
731 2428 811 2479 se,
835 2422 888 2468 et
909 2412 1116 2485 cogitet
1142 2412 1269 2484 quid
1292 2411 1399 2467 sibi
1429 2410 1592 2478 esset,
1626 2411 1672 2465 si
1693 2412 1878 2467 adhuc

269 2516 521 2569 numero,
556 2517 717 2572 quem
743 2498 789 2529 "°
810 2501 1019 2574 tingere
1048 2501 1197 2567 libet,
1263 2500 1653 2570 multiplicatus
1708 2499 1763 2553 in
1818 2514 1877 2554 sc

273 2588 417 2644 idem
440 2588 664 2645 affectus
686 2590 864 2660 major
891 2588 1154 2644 existeret
1202 2588 1268 2641 ’³.
1309 2587 1469 2657 Quod
1516 2605 1639 2642 cum
1668 2586 1874 2654 fecerit,

277 2685 329 2732 et
356 2677 507 2734 hunc
534 2693 699 2733 suum
728 2693 992 2749 amorem,
1016 2676 1493 2749 quantumcunque
1522 2678 1580 2730 in
1601 2676 1875 2732 intellectu

277 2780 376 2820 suo
403 2764 835 2837 magniﬁcatum.
896 2766 1067 2821 amori
1124 2764 1279 2819 istius
1334 2764 1592 2835 piissimae
1638 2764 1877 2820 domina:

274 2853 466 2917 matris
485 2852 540 2907 in
570 2853 743 2909 Deum
779 2848 973 2908 Filium
1002 2869 1157 2908 suum
1188 2852 1524 2923 aliquatenus
1571 2855 1873 2924 comparari

271 2955 439 3009 posse
466 2942 758 3011 putaverit,
789 2941 983 2998 nescio
1013 2949 1196 2996 utrum
1216 2936 1517 2996 audiendus
1536 2942 1589 2996 in
1628 2943 1730 2996 hac
1781 2957 1873 2996 sua

273 3029 637 3085 estimatione
656 3030 745 3083 sit.
776 3030 892 3086 Nec
912 3030 1136 3098 mirum,
1169 3028 1293 3100 ipse
1317 3030 1463 3085 enim
1485 3016 1714 3101 Spiritus
1752 3028 1873 3097 Dei,

271 3116 391 3187 ipse
442 3132 596 3172 amor
651 3116 1040 3186 omnipotentis
1082 3117 1253 3173 Patris
1310 3126 1363 3174 et
1418 3118 1555 3185 Filii,
1614 3117 1728 3188 ipse
1781 3134 1880 3189 per

278 3219 440 3275 quem
470 3205 596 3259 etin
628 3221 735 3275 quo
773 3214 985 3260 amatur
1040 3221 1203 3261 omne
1258 3206 1405 3275 quod
1453 3206 1597 3261 bene
1643 3215 1875 3273 amatur,

272 3292 416 3364 ipse,
449 3292 691 3362 inquam,
724 3294 1096 3367 corporaliter,
1129 3298 1186 3348 ut
1232 3294 1303 3348 ita
1361 3294 1590 3349 dixerim
1644 3284 1686 3322 τ’

273 3380 329 3436 in
381 3395 525 3449 eam,
575 3381 947 3454 singularique
1002 3382 1179 3455 gratia
1225 3399 1341 3455 prae
1419 3384 1669 3439 Omnibus
1755 3400 1876 3453 qua:

270 3477 451 3524 creata
475 3477 624 3529 sunt,
651 3469 771 3525 sive
801 3469 857 3524 in
880 3469 1019 3526 coelo
1039 3470 1152 3525 sive
1172 3470 1226 3525 in
1286 3479 1445 3539 terra,
1501 3472 1769 3543 requievit
1823 3471 1879 3525 in

272 3572 357 3626 ea,
390 3544 447 3611 ei
478 3556 725 3627 reginam
757 3574 821 3612 ac
862 3558 1268 3629 imperatricem
1312 3544 1456 3628 cmli,
1519 3568 1575 3614 et
1632 3568 1789 3615 terrae
1828 3568 1881 3614 et

273 3645 519 3701 omnium
551 3661 675 3717 quae
705 3645 761 3700 in
793 3646 876 3700 eis
899 3654 1024 3700 sunt
1054 3638 1184 3701 fecit
1214 3663 1335 3702 eam
1393 3656 1445 3702 et
1501 3640 1680 3713 alicui,
1732 3640 1878 3703 bono

273 3733 341 3789 ad
372 3742 587 3815 tempus
617 3732 812 3789 affectu
841 3733 1087 3815 debriato
1137 3731 1199 3800 7’,
1232 3722 1285 3813 in
1314 3735 1558 3815 animum
1616 3726 1768 3791 cadet
1823 3752 1880 3791 se

269 3809 567 3893 quidquam
600 3822 802 3877 amoris
858 3808 1079 3889 habere,
1138 3808 1281 3894 quod
1321 3808 1430 3877 illis
1472 3820 1672 3879 amotis
1720 3820 1880 3894 queat

268 3911 648 3989 comparabile
666 3902 957 3989 aestimari,
985 3926 1147 3982 quem
1170 3912 1288 3967 haec
1307 3896 1624 3967 beatissima
1646 3922 1876 3968 matrum

267 3986 335 4054 ad
367 3999 423 4054 id
453 4002 636 4070 ipsum
665 3986 897 4055 habebat
927 4016 958 4054 a
987 4015 1095 4073 quo
1130 4016 1190 4056 se
1220 4008 1328 4056 tam
1386 3994 1648 4055 ineﬂ'abili
1688 3992 1876 4074 digni-

266 4095 370 4143 tate
437 4088 778 4143 sublimatam
819 4078 1177 4160 intelligebat.
1225 4076 1457 4159 Superat
1502 4104 1632 4160 ergo
1689 4104 1877 4144 omnes

269 4175 512 4230 omnium
562 4191 741 4233 rerum
774 4178 1091 4259 .creatat'um
1150 4191 1365 4231 amores
1432 4184 1485 4231 et
1558 4171 1874 4232 dulcedines

263 4264 586 4337 magnitude
616 4248 818 4320 amoris
844 4251 998 4320 istius
1029 4254 1266 4336 Virginis
1304 4264 1357 4318 in
1418 4258 1585 4319 iilium
1612 4254 1655 4294 "‘
1683 4282 1868 4339 suum,

1691 3337 1706 3367 ,
1730 3295 1878 3350 venit

1991 1704 2241 1759 manibus
2285 1703 2466 1772 avelli,
2500 1704 2719 1773 quando
2763 1703 2833 1757 ad
2888 1698 3358 1757 condemnandum
3405 1702 3587 1769 tradit,

1991 1792 2207 1863 quando
2228 1792 2293 1847 ad
2317 1791 2655 1847 subeundam
2688 1799 2916 1846 mortem
2950 1788 3157 1860 judicio
3186 1791 3381 1859 judicis
3416 1790 3585 1862 iniqui

1990 1880 2245 1934 tribunali
2268 1879 2605 1949 conspiceret
2646 1879 2781 1933 sisti.
2826 1876 2983 1933 Forte
3042 1887 3221 1933 tamen
3279 1879 3415 1933 inter
3467 1882 3585 1934 haec

1988 1967 2042 2021 ei
2070 1974 2283 2037 poterat
2314 1981 2456 2032 esse,
2488 1971 2544 2017 ut
2562 1974 2709 2017 more
2732 1963 2919 2031 loquar
2948 1965 3206 2027 humano,
3256 1960 3435 2035 aliqua
3466 1963 3584 2033 spei

1988 2051 2288 2110 consolatio
2319 2046 2386 2108 de
2418 2050 2668 2108 evasione
2697 2049 2858 2118 illius,
2891 2051 3018 2104 dum
3055 2051 3375 2105 sententiam
3431 2049 3583 2105 mor-

1989 2142 2053 2197 tis
2074 2143 2191 2213 ejus
2223 2142 2458 2213 pendere
2488 2133 2671 2195 audire
2703 2141 2800 2194 sub
2840 2139 3192 2195 altercatione
3242 2136 3486 2210 prmsidis
3537 2134 3577 2167 τ’

1985 2231 2163 2303 ipsum
2202 2231 2434 2286 liberare
2466 2227 2761 2300 quaerentis
2814 2224 2872 2295 ‘°,
2907 2222 3282 2283 etJudceorum
3333 2224 3585 2299 pessima:

1987 2314 2179 2390 plebis,
2204 2334 2270 2373 ne
2292 2317 2633 2385 liberaretur,
2658 2333 2886 2388 regnum
2912 2310 3144 2370 Cmsaris
3175 2323 3358 2370 contra
3386 2317 3581 2386 praesi-

1987 2406 2110 2460 dem
2141 2402 2180 2433 ¹¹
2207 2406 2551 2477 appellantis.
2580 2398 2771 2460 Verum
2806 2403 2918 2470 ubi,
2948 2398 3159 2474 prolata
3216 2413 3359 2458 certa
3381 2396 3421 2430 "
3446 2418 3578 2459 sen-

1986 2494 2152 2549 tentia
2183 2494 2371 2549 mortis
2400 2492 2564 2556 illius,
2601 2491 2775 2547 omnis
2802 2507 2920 2546 eam
2945 2508 3069 2561 spes
3107 2487 3374 2547 evadendi
3412 2492 3577 2547 dese-

1986 2591 2132 2637 reret
2179 2598 2408 2652 eumque
2464 2597 2698 2649 crucem,
2748 2574 2801 2634 in
2857 2588 2964 2651 Qua
3013 2578 3271 2650 Suspendi
3317 2572 3573 2649 debebat,

1985 2669 2229 2725 humeris
2260 2668 2329 2725 ad
2348 2664 2385 2696 ⁸³
2416 2669 2591 2724 locum
2614 2685 2725 2722 sua:-
2748 2663 3017 2738 passionis
3045 2661 3345 2724 subvehere
3394 2684 3585 2740 gemes

1983 2756 2167 2814 bunda
2187 2752 2539 2830 conspiceret,
2573 2765 2743 2822 estne,
2776 2772 2989 2826 precor,
3011 2752 3223 2826 aliquis,
3267 2752 3357 2827 qui
3418 2766 3582 2827 queat

1981 2845 2261 2917 percipere
2284 2840 2595 2918 qualitatem
2622 2845 2849 2917 pectoris
2879 2843 2998 2913 ejus
3024 2845 3051 2898 ‘?
3084 2843 3351 2914 Adjectus
3376 2853 3458 2899 est
3491 2847 3578 2899 his

1984 2928 2265 2993 doloribus
2281 2936 2421 3006 ejus,
2454 2932 2609 2990 dolor
2628 2934 2801 2987 alius:
2837 2935 3021 2986 Petrus
3052 2928 3102 2988 ei
3150 2931 3239 2986 alii
3296 2928 3595 3011 discipuli,’

1981 3026 2051 3079 ab
2082 3018 2208 3079 “eo
2238 3018 2304 3078 de
2335 3016 2572 3077 niltiloin
2615 3016 2978 3092 apostolatum
3024 3018 3199 3089 electi,
3264 3020 3316 3076 et
3366 3023 3479 3090 jam
3526 3022 3580 3075 in

1980 3119 2143 3167 tanta)
2174 3104 2546 3166 celsitudinem
2577 3106 2809 3175 virtutis,
2846 3117 2902 3162 ut
2933 3109 3094 3164 etiam
3144 3108 3484 3164 daemonibus
3540 3106 3582 3138 ³⁵

1980 3201 2332 3270 imperarent,
2356 3197 2544 3264 erecti,
2574 3214 2668 3251 nec.
2690 3213 2796 3250 non
2826 3199 3156 3252 secretorum
3192 3196 3335 3252 illius
3371 3198 3580 3253 conscii

1983 3297 2034 3364 et
2066 3280 2361 3342 familiares
2394 3287 2447 3339 in
2476 3283 2685 3341 eunetis
2715 3280 2906 3351 effecti,
2955 3285 3186 3338 instante
3236 3282 3370 3339 liora
3409 3285 3573 3340 tradi-

1983 3376 2146 3433 tionis
2187 3377 2302 3445 ejus
2334 3372 2520 3447 i'ugam
2550 3372 2731 3427 ineunt
2754 3372 2811 3427 'et
2841 3388 2960 3426 eum
2990 3388 3087 3443 pro
3123 3384 3228 3443 quo
3262 3388 3321 3427 se
3351 3378 3578 3428 mortem

1982 3452 2145 3536 paulo
2190 3472 2310 3517 ante
2345 3461 2615 3517 subituros
2671 3460 3048 3532 promiserant,
3107 3452 3257 3516 obliti
3308 3470 3576 3516 tantorum

1981 3554 2243 3609 bonorum
2303 3548 2719 3620 sponsionlsque
2767 3566 2900 3618 suae,
2931 3544 3272 3619 solum‘ipsa
3324 3546 3576 3605 conside—

1982 3650 2133 3697 rante
2186 3634 2512 3709 relinqtmnt.
2584 3634 2737 3694 Unde
2792 3638 2970 3710 ipsum
3001 3630 3038 3665 “
3072 3680 3086 3706 ,
3139 3636 3206 3692 ad
3263 3637 3573 3709 passionem

1982 3730 2237 3785 omnibus
2267 3727 2458 3782 amicis
2512 3718 2825 3781 destitutum
2885 3722 3217 3795 tendentem,
3281 3724 3384 3782 hac
3433 3743 3565 3783 voce

1982 3814 2583 3890 sequebaturgemens:
2619 3812 2777 3870 Vadis
2800 3816 3119 3886 prepitiator
3167 3812 3237 3871 ad
3280 3815 3574 3872 immolan-

1983 3907 2112 3962 dtim
2157 3921 2256 3977 pro
2294 3903 2582 3966 omnibus;
2630 3918 2741 3958 non
2800 3904 2892 3957 tibi
2946 3904 3187 3959 occurrit
3232 3903 3420 3959 Petrus
3483 3905 3574 3976 qui

1983 3992 2153 4049 dixit:
2200 3986 2302 4049 l’ro
2355 3994 2408 4048 te
2456 3993 2668 4048 moriar
2699 3986 2913 4059 (Matth.
2946 4009 3089 4063 xxvn,
3122 3982 3235 4060 333);
3266 3992 3478 4062 reliquit
3529 3994 3577 4047 te.

1982 4076 2219 4138 Thomas
2250 4078 2344 4153 qui
2364 4080 2437 4134 ait
2469 4096 2481 4134 :
2502 4075 2708 4134 Eamus
2730 4086 2793 4135 ut
2812 4081 3129 4135 moriamur
3149 4096 3276 4135 cum
3308 4097 3367 4137 eo
3384 4096 3578 4137 omnes

1983 4173 2166 4243 (Joan.
2200 4186 2280 4239 X1,
2311 4162 2421 4237 iii),
2445 4175 2495 4222 et
2525 4164 2699 4220 nullus
2730 4174 2796 4221 ex
2819 4168 2919 4236 his,
2955 4164 3053 4222 nisi
3088 4172 3140 4222 tu
3171 4168 3316 4223 solus
3334 4169 3572 4237 duceris,

1983 4260 2073 4333 qui
2123 4276 2210 4315 me
2256 4266 2461 4314 castam
2508 4256 2860 4323 censervasti,
2912 4254 3054 4309 ﬁlius
3097 4270 3252 4312 meus
3300 4260 3351 4311 et
3424 4246 3574 4312 Deus

261 4361 313 4408 et
374 4338 678 4408 dulcedinis
728 4344 1186 4423 immensitasqua
1241 4345 1540 4408 exsultabat
1596 4356 1649 4408 et
1701 4338 1868 4423 lique-
1897 4345 1949 4405 D
1982 4365 2157 4404 meus.
2189 4340 2387 4402 Verum
2420 4340 2736 4413 haect'erba,
2794 4362 2860 4401 ex
2910 4360 3129 4417 magnae
3174 4345 3390 4416 pietatis
3432 4346 3577 4401 fonte

260 4438 420 4496 ﬁebat
450 4441 632 4496 anima
660 4430 779 4513 ejus
800 4432 855 4496 in
884 4443 1137 4498 eumdem
1166 4434 1460 4497 Dominum
1481 4434 1652 4497 Deum
1684 4459 1857 4497 suum.

1972 4440 2256 4511 producta,
2290 4436 2365 4491 ita
2414 4434 2605 4507 paucis
2654 4435 2720 4492 ad
2759 4438 2857 4491 hoc
2908 4450 3240 4490 memorasse
3260 4432 3299 4461 ⁸⁷
3325 4432 3571 4505 suiiiciat,

1592 4604 1818 4668 VARUS
1860 4602 2268 4667 LECTIONES.

326 4762 367 4791 “
399 4762 582 4816 Pauca
601 4776 904 4833 mereamur
927 4778 1053 4833 mss,
1074 4775 1251 4831 pauca
1271 4760 1338 4815 de
1360 4760 1452 4816 illo
1474 4760 2169 4833 intelligendomereamur.
2211 4759 2369 4814 "Nec
2399 4764 2540 4833 putet
2574 4772 2709 4813 mss.
2742 4771 2843 4812 nec
2859 4764 3111 4833 putetur.“
3134 4755 3381 4810 "Meritis
3413 4757 3566 4833 adju-

257 4834 370 4890 vari
391 4848 527 4887 mss.
550 4832 754 4887 meritis
767 4831 960 4900 adjuti.
1016 4820 1325 4886 “Salutaris
1341 4849 1475 4887 mss.
1495 4820 1722 4886 suavii'e.
1762 4820 2001 4886 "Adhuc
2026 4838 2184 4900 quem
2208 4832 2339 4884 mis.
2360 4820 2537 4883 adhuc
2553 4844 2776 4900 numero
2792 4820 2973 4899 quem.
3010 4820 3571 4900 7ili‘inget'e_tiiiultipli-

258 4905 476 4960 catusin
496 4919 555 4958 se
574 4902 760 4958 sedem
780 4896 949 4969 major
968 4904 1140 5001 exislﬁ
1160 4912 1241 4957 ret
1262 4919 1394 4958 mss.
1426 4902 1774 4975 fingerelibet
1793 4896 2173 4973 multiplicatus
2203 4902 2256 4952 in
2287 4916 2343 4953 se
2365 4897 2741 4953 idemaft’eclus
2764 4896 2937 4964 major
2957 4896 3231 4952 existeret.
3289 4896 3405 4952 “Ut.
3430 4896 3569 4953 bene

263 4968 573 5001 Ᾱξλιιῖηηιιιιι-
624 4978 678 5001 ιιι
709 4973 776 5001 ιη.
811 4972 1042 5001 meum
1142 4964 1372 5001 +4.4“..m
1398 4970 1643 5001 .1..t...:.....
1679 4984 1789 5001 ...η
1823 4982 2033 5001 ...κατ-...ε
2054 4958 2244 5001 unus...
2277 4967 2521 5001 Αηιιηεηιη
2588 4960 2690 5001 ἠπ-ι
2722 4959 2881 5001 tiu...“
2904 4976 3013 5001 ..4.-
3051 4958 3280 5001 ςηιξιςηηη
3335 4964 3556 5001 “trama.

260 4968 439 5030 dicam
457 4982 592 5029 mss.
624 4978 683 5027 ut
709 4973 783 5027 tui
811 4972 1066 5030 dixerim.

1142 4964 1374 5043 Tempus
1397 4958 1644 5027 debiiato
1674 4958 2036 5043 amsatempus
2053 4958 2248 5025 atl'cctu
2276 4967 2541 5024 debriato.
2588 4960 2693 5021 "In
2722 4958 2882 5043 tinem
2904 4958 3305 5043 ntst.iniilit_i_m.
3335 4964 3564 5043 i‘liuerit

257 5048 414 5100 amor
437 5044 558 5115 ejus
588 5050 641 5098 et
662 5044 1123 5116 t’eret‘ttajgrerga
1162 5036 1293 5099 mss".
1329 5044 1598 5116 t‘uitamor
1612 5044 1734 5116 ejus
1756 5036 2175 5116 erga.""Sec1_:_m
2206 5046 2610 5116 egenteni‘tnss.
2643 5048 2825 5116 secum
2849 5038 3156 5111 degentem.
3200 5036 3561 5116 'j’Qttidcapu-

255 5104 869 5197 rectisriisapist-
891 5104 1729 5197 ⁷⁷⁸οιεηῖ,θηξρλιψιιξί¹ξιθβιίίὲρε
1747 5104 2421 5197 ιξξιῖιτιεξιιίςείίφηιξῖυξξθω
2465 5104 2562 5197 "ei
2590 5111 2822 5197 εςηίιπῖξ
2864 5104 3452 5197 etf._pm_vnli=¥illis?
3472 5104 3537 5197 '9'

257 5176 1134 5257 cthersatiotte‘i‘o'retjOCundata
1159 5176 1286 5239 viss.
1309 5185 1455 5257 tanta
1474 5191 1608 5257 ergo
1625 5185 1929 5257 dilectione,
1951 5191 2096 5257 tanta
2112 5184 2437 5257 exultatione
2478 5193 2543 5234 ex
2565 5176 2850 5257 prtesentia
2884 5176 3027 5257 illius
3052 5193 3103 5257 et
3136 5182 3556 5257 conversatione

252 5258 569 5327 jucundam.
605 5247 1275 5327 T’PenderecOnSpiceret
1296 5247 1612 5325 audiretqite
1636 5247 2122 5327 subalt'ercatlones
2142 5252 2411 5327 prasidiis
2445 5247 2581 5306 mss:
2610 5254 2841 5327 pendere
2865 5253 3560 5327 audiretsubalterfatinne

261 5316 580 5398 praesidiis”
611 5322 990 5398 "Qumrentis:
1023 5316 1305 5396 cdrripiam
1338 5334 1467 5398 ergo
1481 5316 1602 5379 eum
1622 5335 1677 5398 et
1698 5319 1962 5398 dimittam
1984 5336 1997 5384 :
2023 5316 2394 5398 etJudmorum
2418 5336 2552 5376 mss.
2578 5316 2887 5398 (intercutis,
2908 5331 2958 5376 et
2981 5323 3306 5398 Judzeurum.
3333 5322 3375 5398 ⁸ξ
3412 5324 3561 5375 Cun-

263 5385 343 5452 lra
383 5385 773 5468 prasldeqfem
828 5404 957 5468 nisi.
1000 5385 1182 5451 centra
1227 5385 1540 5468 prtesidem.

1621 5392 1874 5463 "Prolata
1916 5400 2063 5449 certa
2107 5394 2482 5463 77138.11rplala
2525 5388 2687 5463 certe.
2758 5388 3054 5446 “Humcris
3096 5408 3265 5463 usque
3311 5394 3555 5463 actumrqs.

262 5454 608 5523 huitierlsad.
643 5454 1083 5537 “Discipuliejus
1114 5468 1182 5520 ab
1206 5454 1336 5521 ritis;
1371 5456 1620 5535 discipuli
1660 5467 1749 5520 alt.
1812 5460 1923 5520 “Ut
1957 5466 2072 5537 jam
2105 5454 2439 5519 daezm'nibus
2472 5477 2609 5519 mss.
2633 5460 2689 5517 ut
2727 5468 2889 5517 etiam
2944 5454 3308 5519 (Immoni'hns.
3377 5454 3575 5515 "Yide'

264 5541 440 5611 ipsum
462 5554 600 5594 mss.
622 5539 774 5595 Unde
794 5536 1005 5611 ipsum.
1058 5538 1182 5593 "Ad
1204 5540 1317 5594 huic
1336 5552 1788 5593 commemorasse
1804 5553 1939 5592 mss.
1958 5536 2027 5591 ad
2051 5536 2150 5590 hoc
2174 5551 2524 5590 memorasse.
