4046 6076
473 195 577 248 567

1521 197 1846 253 EADMERl
1877 155 2195 253 MONACfll
2225 197 2729 255 CATUARIENSIS

3666 205 3776 256 568

475 326 530 374 ut
561 333 628 374 ea
657 319 847 376 oculus
886 320 1102 392 pietatis
1127 322 1430 390 attendens,
1480 322 1606 376 dum
1666 330 1825 378 tantae
1881 325 2066 378 matris
2093 324 2150 384 Α
2181 320 2338 374 batur
2365 320 2419 374 in
2448 321 2861 377 conversatione
2889 336 3077 378 secum
3105 321 3286 378 adhuc
3315 321 3368 376 in
3397 335 3561 378 carne
3609 337 3770 378 mor-

475 407 854 478 gemebundus
881 408 1165 467 affectibus
1190 410 1536 481 compatitur,
1570 413 1644 483 pii
1674 413 1878 467 amoris
1926 415 2068 470 illius

478 495 652 552 fructu
702 499 1031 554 remunerari
1087 498 1379 568 aliquando
1432 508 1722 556 mereatur.
1766 503 1895 571 Sed,
1945 521 2068 559 cum

474 585 541 640 ad
563 601 738 656 ipsam
785 587 902 656 ejus
954 589 1268 659 passionem
1325 596 1542 643 ventum
1600 589 1785 659 fuisse,
1838 599 1891 648 et
1950 594 2067 665 ipse

472 676 620 732 cruci
648 676 837 730 afﬁxus
867 675 993 730 hinc
1021 675 1201 746 ipsam
1228 684 1454 732 matrem
1485 694 1656 746 suam,
1715 679 1843 735 hinc
1897 682 2065 738 disci-

470 765 677 836 pulum,
711 780 868 835 quem
891 764 1171 836 diligebat,
1206 781 1375 836 prope
1413 771 1653 822 astantes
1672 767 2064 840 intuitusesset,

469 867 539 908 ne
567 857 794 907 matrem
825 853 1040 923 penitus
1069 854 1310 909 orbatam
1341 855 1689 925 relinqueret,
1719 858 1768 912 ei
1822 874 2066 930 praesen-

468 948 574 995 tem
607 940 930 1012 discipulum
961 939 999 969 "
1029 958 1127 996 suo
1186 941 1304 998 loco
1359 943 1416 997 in
1473 943 1644 998 ﬁlium
1693 945 2014 1018 subrogavit
2046 967 2061 1004 :

467 1031 690 1097 Mulier,
724 1031 920 1100 inquit,
952 1047 1079 1087 ecce
1108 1031 1262 1100 ﬁlius
1295 1035 1426 1086 tuus
1443 1033 1624 1101 (Joan.
1675 1051 1790 1103 xix,
1845 1037 1955 1106 26).
2017 1037 2063 1094 Ο

465 1120 816 1175 commutatio
847 1118 858 1174 !
891 1134 992 1190 pro
1020 1127 1222 1175 aeterno
1251 1128 1305 1176 et
1333 1119 1760 1177 incommutabili
1785 1124 1899 1180 Deo
1954 1143 2062 1196 pu-

462 1223 577 1261 rum
610 1210 663 1262 et
693 1207 1096 1278 corruptibilem
1125 1207 1422 1275 hominem,
1455 1224 1552 1279 pro
1581 1212 1877 1267 naturaliet
1905 1215 2061 1271 unico

459 1294 572 1351 ﬁlio
601 1311 818 1350 servum
849 1296 1063 1365 accepit
1093 1295 1147 1349 in
1174 1296 1370 1351 ﬁlium.
1409 1296 1454 1352 Ο
1486 1298 1724 1365 domina,
1757 1300 1868 1369 qui,
1926 1319 2056 1373 pre-

456 1399 570 1453 cor,
601 1385 877 1456 cogitatus
906 1385 961 1438 in
993 1392 1043 1440 te
1073 1382 1111 1412 "
1161 1384 1264 1439 sibi
1323 1386 1706 1452 succedebant,
1767 1404 1884 1443 cum
1946 1398 2054 1446 tam

453 1472 881 1529 inaestimabilem
910 1474 1382 1529 commutationem
1409 1473 1478 1528 ab
1507 1475 1652 1544 ipso,
1684 1491 1842 1546 quem
1893 1495 2054 1550 super

454 1560 638 1614 omnia
669 1559 956 1632 diligebas,
987 1561 1082 1615 tibi
1114 1560 1228 1616 ﬁeri
1259 1561 1521 1618 audiebas
1554 1561 1567 1616 l
1601 1565 1741 1619 Vere
1769 1574 2046 1634 pertrans-

2180 407 2270 461 tali
2305 409 2552 478 (legentis
2601 409 2821 464 istius"
2857 407 2953 464 ﬁlii
3001 410 3104 475 sui,
3161 409 3515 467 considerare
3563 410 3766 466 nitere-

2178 511 2299 550 mur
2324 496 2379 550 in
2409 497 2530 568 ipso
2559 505 2744 553 nostro
2771 497 2962 553 adnisu
2989 495 3029 525 ⁸⁵
3052 497 3366 566 defecimus,
3398 505 3452 554 et
3477 513 3597 553 eam
3623 497 3766 552 ultra

2176 598 2393 638 omnem
2458 585 2750 641 humanum
2822 587 3156 644 intellectum
3226 602 3481 660 magnam
3538 593 3592 641 et
3652 585 3762 639 mi-

2176 672 2400 727 randam
2430 689 2550 729 esse
2578 675 2926 731 advertimus.
2985 677 3042 732 Si
3093 692 3228 748 ergo
3255 685 3364 730 tam
3416 690 3619 748 magna
3668 673 3767 728 fuit

2173 767 2308 833 tum,
2339 777 2462 816 cum
2490 762 2663 834 ipsum
2695 763 2833 819 bene
2861 764 3022 820 sciret
3049 765 3210 836 paulo
3250 773 3378 834 post
3429 765 3763 832 moriturum,

2174 863 2294 916 quae
2322 850 2409 905 vel
2439 858 2638 920 quanta
2663 851 2880 922 putatis,
2905 853 3006 907 fuit
3029 869 3188 923 nunc,
3209 869 3331 909 cum
3379 853 3555 925 ipsum
3609 854 3767 911 vide-

2173 938 2386 1007 retjam
2415 937 2455 965 "
2479 939 2699 994 calcatis
2731 941 2920 995 mortis
2966 940 3180 1013 legibus
3233 941 3615 1010 resurrexisse,
3661 957 3771 997 non

2170 1025 2345 1080 solum
2377 1026 2431 1080 in
2460 1035 2723 1082 aeternum
2753 1028 3036 1096 victurum,
3069 1028 3167 1085 sed
3215 1037 3266 1084 et
3315 1029 3455 1086 coelo
3508 1038 3561 1086 et
3616 1037 3770 1086 terra

2171 1114 2425 1185 omnique
2454 1122 2714 1171 creature
2743 1117 2968 1188 perenni
3001 1118 3124 1186 jure
3153 1117 3599 1173 dominaturum?
3628 1119 3768 1176 Nolo

2169 1201 2312 1257 hanc
2339 1204 2760 1260 immensitatem
2789 1205 2972 1276 gaudii
3002 1206 3125 1277 ejus
3165 1213 3454 1275 penetrare
3506 1208 3633 1279 quis
3679 1207 3765 1262 la-

2170 1289 2342 1358 boret,
2375 1293 2648 1362 quoniam,
2682 1310 2803 1363 quae
2833 1293 2969 1364 ipsis
2986 1293 3200 1366 angelis
3225 1295 3324 1350 Dei
3345 1302 3424 1350 est
3439 1294 3764 1352 admiranda

2162 1387 2214 1433 et
2243 1381 2692 1450 impenetrabilis,
2722 1396 2833 1437 non
2861 1381 3021 1437 facile
3049 1382 3376 1436 crediderim
3407 1384 3555 1454 quod
3591 1384 3762 1440 cuivis

2161 1468 2366 1523 homini
2395 1471 2606 1525 mortali
2638 1471 2811 1540 possit
2834 1485 2952 1525 esse
2979 1471 3350 1540 penetrabilis.
3388 1475 3459 1526 At
3476 1472 3518 1524 si
3561 1472 3758 1544 aliquis

2156 1557 2350 1628 qumrit
2379 1572 2477 1612 cur
2506 1558 2853 1630 evangelista:
2883 1573 2989 1613 non
3048 1558 3285 1614 referant
3338 1559 3512 1629 ipsum
3568 1560 3755 1630 piissi-

451 1648 548 1702 ivit
579 1648 813 1703 animam
843 1657 986 1704 luam
1009 1650 1219 1720 gladius
1249 1650 1466 1720 doloris,
1515 1651 1604 1721 qui
1651 1652 1746 1707 tibi
1805 1656 2042 1711 amarior
2069 1685 2122 1744 Β
2149 1660 2299 1700 mum
2325 1647 2616 1703 Dominum
2645 1663 2676 1703 ἃ
2703 1655 2876 1704 morte
2893 1655 3291 1719 τθειπεειιιεω,
3323 1648 3448 1704 δυίο
3466 1665 3577 1704 sua!
3621 1650 3750 1705 d01-

451 1736 658 1792 exstitit
687 1737 938 1792 omnibus
969 1738 1248 1794 doloribus
1299 1739 1535 1809 cujusvis
1590 1741 1857 1811 passionis
1911 1758 2038 1800 cor-

345 1873 348 1876 .
447 1840 630 1895 porcae
662 1842 676 1888 ;
708 1825 968 1898 quidquid
989 1827 1133 1881 enim
1163 1826 1491 1884 crudelitatis
1519 1827 1774 1884 intlictum
1806 1839 1887 1886 est
1917 1847 2044 1889 cor-

445 1913 672 1984 poribus
701 1921 996 1985 martyrum
1027 1915 1146 1970 leve
1177 1915 1295 1985 fuit,
1329 1923 1418 1970 aut
1445 1917 1629 1987 potius
1675 1918 1829 1986 nihil,
1886 1935 2042 1976 com-

441 2001 724 2073 paratione
753 2002 923 2074 ipsius
970 2010 1074 2058 tuae
1129 2003 1420 2073 passionis,
1462 2022 1581 2075 quae
1633 2005 1889 2062 nimirum
1946 2026 2044 2065 sua

437 2090 801 2145 immensitate
831 2089 1097 2146 transﬁxit
1135 2099 1325 2147 cuncta
1381 2094 1679 2166 penetralia
1743 2096 1815 2150 tui
1884 2096 2040 2152 beni-

438 2179 684 2252 gnissimi
713 2179 912 2234 cordis.
945 2180 1012 2234 Et
1038 2179 1242 2249 utique,
1274 2181 1363 2252 pia
1407 2182 1651 2249 domina,
1702 2198 1810 2239 non
1859 2185 2038 2240 credi-

435 2267 612 2322 derim
642 2274 694 2322 te
724 2266 966 2338 potuisse
997 2266 1110 2323 ullo
1139 2276 1296 2338 pacto
1327 2269 1574 2326 stimulos
1631 2274 1761 2326 tanti
1817 2274 2038 2330 crucia-

433 2364 537 2423 tus,
564 2355 695 2426 quin
721 2357 884 2410 vitam
923 2355 1219 2424 amitteres,
1243 2358 1523 2427 sustinere,
1556 2358 1659 2412 nisi
1702 2359 1820 2430 ipse
1877 2361 2040 2432 spiri-

431 2452 516 2498 tus
545 2444 691 2512 vitae,
724 2445 946 2514 spiritus
973 2445 1134 2500 totius
1161 2446 1572 2514 consolationis,
1602 2448 1818 2518 spiritus
1835 2450 2039 2506 scilicet

431 2532 727 2588 dulcissimi
759 2532 834 2588 tui
854 2531 972 2599 ﬁlii,
1003 2549 1102 2604 pro
1133 2548 1240 2605 quo
1279 2534 1546 2590 moriente
1601 2543 1882 2609 tantopere
1930 2545 2038 2593 tor-

427 2621 686 2694 quebaris
741 2619 802 2689 ’°,
829 2629 882 2676 te
911 2622 1267 2689 confortaret,
1302 2631 1353 2678 te
1378 2623 1767 2694 consolaretur,
1804 2634 1853 2681 te
1893 2627 2036 2682 intus

432 2709 657 2766 doceret
686 2725 794 2765 non
826 2725 946 2764 esse
973 2718 1201 2766 mortem
1233 2726 1359 2766 eum
1381 2711 1774 2784 absumentem,
1799 2713 1896 2769 sed
1917 2729 2033 2770 ma-

426 2797 513 2869 gis
541 2797 870 2868 triumphum
901 2797 1086 2852 omnia
1116 2799 1166 2854 ei
1199 2798 1596 2868 subjicientem,
1629 2801 1776 2872 quod
1805 2802 1860 2856 in
1915 2803 2034 2872 ipso

434 2884 546 2940 ﬁeri
579 2899 765 2942 coram
796 2885 1121 2943 moribunda
1174 2884 1214 2915 ⁹¹
1247 2888 1492 2943 videbas.
1517 2897 1759 2944 mortuus
1809 2897 1890 2945 est
1947 2896 2034 2946 ta-

425 2989 570 3039 men,
607 2977 661 3029 et
693 2974 761 3028 ab
792 2973 968 3030 oculis
998 2976 1102 3030 tuis
1134 2983 1184 3031 te
1214 2975 1548 3048 inspectante
1577 2978 1826 3050 sepulcro
1855 2979 2035 3036 reclu-

426 3079 546 3117 sus.
587 3063 795 3119 Caetera
823 3063 1035 3119 silentio
1083 3081 1295 3136 premo,
1354 3065 1569 3137 penitus
1623 3068 1887 3138 ignorans
1938 3067 2028 3122 ubi

417 3150 510 3208 vel
536 3151 680 3208 unde
709 3151 920 3222 aliquid
947 3152 1237 3208 dicendum
1267 3169 1537 3209 assumam
1569 3171 1636 3210 ex
1695 3171 1802 3226 quo
1849 3156 2025 3215 luctus

425 3239 502 3295 tui
556 3239 800 3308 modum,
861 3255 894 3295 o
948 3240 1304 3312 pudicissima
1341 3241 1515 3314 virgo,
1573 3242 2028 3300 considerandum

416 3329 579 3386 alicui
610 3327 654 3358 "
703 3345 1010 3402 proponere
1068 3346 1284 3402 queam.
1340 3330 1620 3402 Siquidem
1670 3348 1793 3388 cum
1850 3332 2022 3388 illum,

421 3435 581 3492 quem
613 3426 667 3474 te
698 3418 965 3491 virginem
1009 3420 1346 3491 concepisse,
1401 3420 1667 3492 virginem
1723 3422 2022 3493 peperisset

421 3515 473 3564 et
497 3516 621 3578 post
649 3515 863 3578 partum
891 3507 1158 3580 virginem
1190 3523 1424 3564 noveras
1453 3509 1842 3580 permansisse,
1891 3525 2024 3567 nec-

417 3610 528 3650 non
558 3610 659 3665 per
681 3610 850 3665 quem
873 3595 1283 3667 teintelligebas
1338 3596 1408 3650 ab
1463 3599 1614 3652 omni
1662 3598 2020 3669 generatione

415 3682 629 3737 beatam
661 3680 767 3738 dici
789 3683 1072 3750 memisse,
1117 3683 1331 3739 videres
1376 3681 1416 3711 "
1447 3685 1760 3756 iniquorum
1816 3685 2022 3742 savitia

415 3779 534 3825 tam
565 3769 772 3826 crudeli
801 3785 934 3826 nece
955 3780 1320 3843 peremptum,
1367 3781 1476 3828 tam
1523 3773 1700 3828 subito
1757 3773 1865 3829 tuis
1921 3789 2017 3830 as-

415 3857 664 3931 pectibus
711 3857 1061 3925 abstractum,
1120 3869 1174 3914 et
1227 3859 1460 3930 sepulcri
1517 3869 1670 3918 antro
1725 3861 2015 3949 reclusum,

417 3947 548 4019 quid
577 3961 682 4019 ego
713 3946 894 4002 nescio
924 3947 1045 4018 quis
1073 3947 1350 4016 haberem,
1371 3949 1462 4004 ubi
1500 3949 1588 4006 vel
1617 3951 1761 4006 unde
1800 3946 2020 4020 accipe;

420 4051 538 4090 rem
552 4034 698 4106 quod
725 4034 780 4089 in
811 4035 1300 4093 considerationem
1333 4037 1405 4093 tui
1435 4046 1604 4093 status
1655 4038 1819 4094 animi
1859 4054 2020 4109 quem

417 4124 650 4195 gerebas
675 4139 741 4179 eo
771 4131 1014 4195 tempore
1042 4125 1259 4182 cuilibet
1285 4127 1580 4198 panderem
1614 4145 1626 4191 ;
1658 4128 1753 4182 sed
1801 4127 2018 4183 acerbi-

421 4219 506 4268 tas
535 4213 782 4268 mceroris
810 4221 937 4284 post
965 4214 1408 4270 resurrectionem
1437 4214 1676 4285 ejusdem
1711 4215 1810 4270 ﬁlii
1841 4217 1914 4271 tui
1963 4215 2020 4270 in

424 4300 671 4356 lmtitiam
700 4316 862 4357 versa
888 4309 988 4356 est.
1017 4303 1082 4357 Et
1111 4302 1166 4357 in
1220 4319 1382 4376 quam
1439 4304 1727 4375 qualemve
1779 4304 2020 4362 latitiam

2066 3028 2116 3091 Ο

2153 1735 2384 1792 cissimae
2413 1737 2573 1792 matri
2603 1735 2645 1764 ’⁷
2669 1777 2684 1804 ,
2716 1745 2773 1792 ut
2801 1738 2921 1807 ejus
2973 1736 3190 1792 dolores
3237 1736 3526 1809 mitigaret,
3569 1738 3749 1809 primo

2153 1838 2217 1880 ac
2246 1825 2525 1896 praecipue
2545 1826 2880 1896 apparuisse,
2934 1824 3164 1881 dicimus
3218 1826 3361 1896 quod
3419 1840 3454 1881 α
3507 1827 3746 1898 quodam

2151 1913 2392 1984 sapiente
2450 1914 2518 1969 de
2571 1915 2675 1970 hoc
2728 1917 2850 1986 ipso
2905 1913 3236 1970 sciscitantes
3285 1913 3609 1970 audivimus.
3660 1915 3751 1971 Ait

2149 2017 2282 2073 ergo
2315 2010 2464 2058 tanta
2491 2018 2609 2060 esse
2638 2004 2805 2059 scitur
2834 2002 3124 2059 auctoritas
3149 2000 3190 2028 "
3212 2003 3533 2060 narrationis
3574 2019 3748 2059 evan-

2149 2091 2340 2162 gelicae
2370 2101 2426 2146 ut
2455 2091 2591 2146 nihil
2620 2091 2676 2146 in
2702 2107 2770 2147 ea
2809 2093 3146 2163 dependens,
3194 2091 3328 2145 nihil
3383 2091 3560 2158 inane,
3613 2093 3748 2147 nihil

2147 2179 2482 2250 superﬂuum
2503 2179 2819 2251 reperiatur.
2851 2182 3040 2253 Itaque
3067 2181 3112 2234 si
3140 2177 3182 2206 ”
3204 2181 3360 2235 matri
3407 2179 3645 2246 Domini,
3703 2181 3751 2237 si

2149 2268 2384 2323 domina:
2412 2268 2598 2323 mundi
2620 2270 2735 2338 ipse
2761 2267 2906 2324 ﬁlius
2936 2270 3056 2339 ejus
3083 2270 3151 2324 ab
3189 2269 3400 2324 inferno
3458 2283 3750 2340 resurgens

2146 2357 2489 2425 scriberetur,
2514 2357 2654 2413 sicut
2675 2357 2767 2411 alii
2823 2357 3062 2428 cuilibet,
3121 2358 3458 2429 apparuisse,
3515 2372 3748 2428 eamque

2147 2446 2217 2500 de
2244 2461 2342 2500 sua
2359 2445 2762 2501 resurrectione
2790 2445 3060 2511 docuisse,
3093 2447 3215 2516 quis
3259 2461 3366 2501 non
3415 2445 3520 2499 tale
3562 2445 3744 2515 scrip-

2147 2542 2256 2589 tum
2285 2533 2613 2606 superﬂuum
2640 2534 2860 2590 duceret
2891 2535 2918 2587 ?
2949 2533 3194 2607 reginam
3217 2534 3472 2590 videlicet
3512 2533 3635 2588 cmli
3687 2541 3745 2588 et

2145 2630 2320 2690 terra,
2353 2624 2636 2694 omnisque
2665 2625 2945 2692 creaturae,
3001 2631 3308 2693 coasquaret
3349 2622 3449 2692 illi,
3498 2622 3584 2677 vel
3637 2621 3738 2688 illi,

2143 2711 2344 2782 quibus
2371 2708 2432 2739 ¹⁰⁰
2459 2711 2726 2782 apparuit,
2756 2711 2874 2767 viro
2920 2718 3012 2766 aut
3056 2710 3287 2768 mulieri.
3329 2710 3566 2780 Spiritus
3620 2710 3744 2780 ejus

2140 2801 2195 2854 in
2225 2800 2318 2855 illa
2346 2800 2508 2872 plene
2538 2807 2592 2855 et
2615 2801 2862 2870 perfecte
2891 2799 3222 2870 quiescebat,
3252 2799 3342 2870 qui
3365 2799 3471 2854 sibi
3511 2805 3564 2853 et
3618 2813 3742 2853 esse

2139 2889 2283 2945 illius
2313 2897 2368 2945 et
2391 2888 2529 2945 facta
2558 2890 2679 2960 ejus
2721 2889 2902 2944 omnia
2922 2889 3040 2944 luce
3077 2887 3277 2943 clarius
3319 2887 3643 2956 revelabat;
3682 2894 3741 2942 et

2141 2978 2490 3051 evangelista:
2518 2979 2818 3034 scriberent
2843 2981 2974 3033 tunc
3015 2978 3097 3034 vcl
3149 2985 3278 3033 tunc
3332 2977 3410 3031 illi
3456 2975 3618 3031 talem
3675 2990 3745 3031 ac

2144 3069 2307 3124 talem
2337 3075 2509 3123 semet
2537 3065 2596 3095 ³⁸³
2639 3067 2976 3123 exhibuisse.
3033 3066 3131 3122 His
3184 3066 3259 3121 ita
3285 3064 3347 3094 1”
3400 3065 3586 3136 paucis
3636 3064 3744 3119 ali-

2139 3157 2294 3228 cujus
2320 3157 2568 3212 forsitam
2623 3155 2983 3226 inquisitioni,
3041 3162 3204 3226 prout
3263 3155 3589 3224 accepimus,
3647 3167 3744 3209 re-

2137 3245 2374 3316 sponsis,
2406 3245 2585 3302 adhuc
2614 3244 2822 3316 aliquid
2850 3244 3035 3317 gaudii
3046 3243 3210 3314 hujus
3241 3242 3567 3299 beatissima:
3615 3243 3744 3299 Vir-

2132 3334 2275 3407 ginis
2325 3334 2515 3390 matris
2561 3333 2892 3406 speculando
2945 3348 3066 3403 prae
3111 3333 3284 3390 oculis
3330 3331 3744 3398 constituamus,

2140 3438 2251 3479 non
2279 3437 2346 3478 ea
2374 3437 2469 3494 spe
2489 3429 2546 3477 ut
2573 3424 2798 3477 modum
2827 3422 2972 3476 illius
3001 3437 3099 3476 nos
3152 3421 3208 3475 in
3264 3421 3366 3474 hac
3415 3418 3744 3474 mortalitate

2132 3513 2377 3571 viventes
2405 3511 2650 3583 perfecte
2708 3508 3078 3566 intellecturos
3133 3509 3249 3564 fore
3297 3508 3602 3578 Opinemur,
3645 3509 3749 3562 sed

2131 3609 2190 3658 ut
2217 3601 2346 3657 inde
2375 3599 2768 3672 aliquantulum
2797 3599 3137 3672 degustando
3158 3614 3267 3670 qua
3295 3612 3579 3667 possumus
3606 3595 3744 3650 illud

2131 3691 2423 3747 devotione
2454 3704 2796 3746 veneremur.
2831 3687 2920 3744 Sic
2949 3687 3090 3743 enim
3122 3687 3424 3756 inspectum
3453 3694 3506 3740 et
3534 3685 3744 3756 degus-

2133 3787 2302 3836 tatum
2327 3788 2586 3851 magnum
2617 3778 2672 3832 in
2701 3778 2820 3848 ejus
2863 3791 3107 3834 amorem
3164 3773 3550 3832 anhelantibus
3601 3771 3745 3829 solet

2130 3882 2392 3940 generare
2420 3867 2721 3938 profectum
2751 3865 2832 3920 ¹⁰³.
2865 3865 2985 3933 Eia,
3010 3865 3053 3919 si
3083 3865 3342 3937 gaudium
3384 3863 3572 3920 habuit
3617 3862 3739 3934 ipso

2128 3954 2244 4011 ﬁlio
2300 3969 2400 4011 suo
2455 3971 2638 4010 secum
2694 3954 2750 4008 in
2813 3969 2976 4011 carne
3032 3954 3285 4026 degente,
3361 3953 3406 4008 si
3477 3950 3740 4024 gaudium

2129 4044 2319 4099 habuit
2374 4043 2566 4100 eodem
2631 4059 2731 4099 suo
2775 4043 2884 4099 tilio
2941 4042 3151 4099 calcata
3205 4049 3378 4098 morte
3433 4041 3504 4097 ab
3549 4039 3739 4096 inferis

2129 4139 2465 4204 resurgente,
2525 4147 2656 4186 num
2712 4131 2908 4187 minori
2977 4129 3180 4204 gaudio
3262 4128 3552 4186 exsultavit
3619 4129 3739 4202 ipso

2129 4236 2230 4276 suo
2252 4221 2363 4276 ﬁlio
2392 4221 2447 4274 in
2468 4235 2534 4275 ea
2562 4235 2746 4287 carne,
2805 4236 2968 4290 quam
3025 4219 3095 4274 de
3141 4235 3203 4275 se
3248 4227 3582 4288 assumptam
3631 4233 3736 4276 no-

2131 4317 2300 4377 verat,
2323 4323 2514 4364 coram
2544 4309 2718 4365 oculis
2747 4308 2859 4364 suis
2888 4308 3057 4364 caelos
3102 4312 3423 4379 penetrante
3452 4306 3512 4335 1“
3541 4308 3570 4360 ‘I
3621 4308 3742 4381 quis

2061 4385 2116 4446 D
2145 4398 2248 4453 hoc
2275 4397 2494 4466 dixerit,
2515 4398 2626 4453 imo
2651 4397 2771 4470 quis
2820 4396 3076 4469 gaudium
3128 4397 3248 4466 ejus
3304 4396 3573 4464 omnibus,
3619 4411 3739 4466 quae

2134 4484 2268 4542 illud
2310 4493 2724 4557 praecesserunt,
2766 4485 2982 4558 gaudiis
3035 4500 3142 4541 non
3216 4485 3511 4542 crediderit
3593 4485 3735 4540 emi-

2132 4590 2262 4631 nere
2284 4575 2312 4628 ?
2340 4575 2500 4632 Bonae
2520 4582 2718 4630 matres
2738 4575 2916 4630 solent
2941 4573 3228 4647 magniﬁce
3256 4574 3310 4628 in
3377 4574 3481 4630 hoc
3533 4573 3735 4628 mundo

2132 4663 2440 4732 exhilarari,
2495 4679 2618 4720 cum
2674 4664 2862 4722 vident
2917 4661 3059 4720 ﬁlios
3097 4678 3227 4719 suos
3281 4663 3508 4719 terrenis
3566 4664 3735 4718 hono-

428 4389 787 4457 intendamus,
820 4388 1014 4445 fratres
1041 4391 1170 4446 mei.

1035 4479 1259 4535 CAPUT
1320 4479 1381 4536 Vl
1393 4520 1410 4538 .

835 4567 917 4624 De
959 4566 1168 4641 gaudio
1205 4573 1662 4628 resurrectionis.
1741 4574 1751 4582 “

498 4657 692 4730 Supra,
723 4657 853 4713 dum
881 4657 1069 4731 gaudii
1097 4658 1218 4729 ejus
1245 4658 1677 4731 exsultationem,
1702 4677 1809 4734 qua
1835 4663 2023 4736 reple-

1725 4817 1959 4874 VARUE
1985 4818 2400 4877 LECTIONES.

441 5008 454 5020 .
528 4935 911 5021 f‘Praesentem
956 4939 1511 5021 discipulorummss.
1557 4953 1880 5014 praesentem
1909 4944 2254 5021 discipulum.
2307 4945 2482 5016 "Quae
2511 4963 2704 5019 precor
2731 4947 2787 5003 in
2814 4954 2866 5003 te
2894 4965 3001 5004 ms.
3036 4947 3405 5021 qui,_precor,
3463 4956 3739 5021 cogitatus

439 5008 496 5092 in
527 5017 596 5092 te:
646 5007 952 5066 “Moriente
983 5007 1400 5092 conquerebaris
1425 5007 1703 5092 tantopere
1731 5007 2070 5092 torquebaris
2090 5033 2238 5092 _mss.
2265 5007 2527 5092 moxTieuté
2557 5027 2835 5092 tantopere
2867 5007 3223 5092 torqueberis:
3274 5007 3509 5075 “Coram
3532 5007 3737 5092 'mori-

447 5079 631 5160 bupdo
663 5097 791 5160 mss.
824 5097 1006 5160 coram
1030 5079 1372 5160 moribunda.
1428 5079 1670 5160 _"_Virgo
1699 5079 1855 5160 alicui
1884 5104 2018 5160 mss.
2051 5088 2227 5160 virgo,
2259 5079 2725 5145 considerandum.
2740 5090 2924 5144 alicui.
2969 5079 2984 5092 ’
3022 5089 3306 5146 "Videbas
3334 5108 3469 5147 mss.
3495 5091 3731 5146 videres.

445 5149 848 5232 ".l_)egen_tibus
876 5151 1028 5232 istius
1048 5170 1186 5232 m_ss_.
1212 5149 1696 5232 .degentishistitisr
1758 5155 1984 5212 "Nostri
2017 5149 2182 5232 animi
2211 5149 2327 5215 nisu
2357 5176 2490 5232 mss.
2513 5169 2727 5232 nostrae
2757 5165 2965 5215 annlsu.
3019 5160 3242 5232 fflpsum
3255 5162 3370 5230 jam
3394 5177 3525 5216 mss.
3550 5164 3736 5232 ipsum

446 5221 657 5278 videret
681 5223 817 5300 jam.
887 5221 1053 5300 "Suae
1082 5221 1919 5300 dulcissima;dilectissimmque
1952 5229 2105 5284 matri
2136 5245 2268 5285 mss.
2305 5231 2630 5288 dulcissimae
2651 5249 2761 5287 sua:
2792 5232 2967 5285 matri.
3020 5221 3378 5286 "liudiviinus
3397 5232 3474 5287 sic
3507 5249 3518 5285 :
3575 5221 3737 5287 'tanta

447 5296 817 5373 estﬂsuscitata
845 5295 1134 5373 auctoritas
1161 5311 1290 5351 mss.
1323 5298 1645 5354 audivimus.
1677 5295 2266 5373 Ait__ergo,4tanta_esse
2295 5303 2465 5373 scitur
2492 5304 2801 5358 auctoritas.
2860 5300 2985 5356 "ita
3010 5303 3152 5373 quod
3184 5302 3229 5355 si
3262 5320 3395 5358 mss.
3454 5304 3636 5373 itaque
3674 5303 3736 5373 _si

446 5363 1338 5446 1?C933quareillisquibusmss.
1367 5377 1682 5446 cowquaret
1721 5369 1797 5424 illi
1827 5363 1912 5446 vel
1932 5363 2029 5425 illi
2059 5371 2273 5446 quibus.
2322 5370 2570 5446 "‘Talem
2593 5383 2764 5428 semet
2793 5391 2931 5430 mss.
2960 5363 3122 5426 talem
3154 5387 3218 5425 ac
3240 5373 3397 5428 talem
3415 5363 3608 5446 semet.
3650 5371 3738 5446 _'”

444 5431 540 5489 His
569 5431 813 5562 ita.
840 5436 922 5493 his
947 5431 1148 5508 itaque.
1191 5431 1558 5495 "'Prolectuin
1585 5457 1716 5497 mss.
1749 5431 2093 5512 proﬁcuum;
2131 5439 2310 5498 “‘Non
2367 5443 2628 5500 minori...
2679 5454 3044 5515 penetrare...
3101 5459 3235 5499 mss.
3295 5460 3424 5500 num
3468 5444 3734 5503 minori...

444 5520 584 5562 bene
670 5523 705 5562 n
731 5523 761 5562 e

438 5520 761 5574 penetrante
