4046 6076
320 178 432 234 569

1374 179 1498 232 LIB.
1541 179 1634 233 DE
1673 176 2154 233 EXCELLENTIA
2190 178 2256 232 B.
2306 176 2558 232 MARIE.
3511 180 3613 232 570

323 301 472 357 ribus
500 299 777 356 sublimari
805 317 823 355 :
852 306 906 354 et
929 299 1035 354 ista
1075 308 1263 368 mater,
1295 300 1482 371 procul
1534 301 1698 356 dubio
1746 301 1909 368 bona,
1941 301 1996 362 Α
2019 300 2416 369 jucundabatur
2445 307 2552 355 tota
2581 299 2725 355 illius
2754 299 3074 356 substantia.
3113 299 3261 354 Nihil
3317 299 3458 354 enim
3516 301 3613 354 uti-

327 405 434 444 non
491 385 749 443 ineffabili
819 388 1022 460 gaudio
1077 388 1365 457 laetaretur,
1422 389 1643 459 quando
1724 389 1914 444 Filium

327 491 482 532 suum
512 475 850 547 unigenitum
879 491 1068 531 omnes
1094 477 1264 532 caelos
1291 475 1604 532 dominandi
1642 476 1767 546 jure
1811 491 1915 546 pe-

326 573 558 632 netrare,
590 579 655 618 ac
682 563 743 618 in
775 564 876 619 Dei
933 563 1106 619 Patris
1160 565 1544 636 omnipotentis
1593 564 1731 621 vidit
1784 579 1921 620 con-

326 668 540 708 cessum
569 652 916 709 ascendendo
927 652 1266 724 pertingere?
1279 654 1394 708 lmo
1425 653 1552 724 quid
1573 652 1696 710 huic
1715 652 1919 726 gaudio

325 754 566 811 unquam
599 741 702 795 fuit
755 742 999 796 auditum
1053 741 1231 796 simile
1250 740 1513 813 1°"lquid
1569 742 1622 796 in
1681 740 1921 796 medium

326 829 626 900 prolatum,
659 827 850 883 saltem
880 844 981 898 per
1009 827 1142 882 illud
1173 829 1355 900 aliquo
1382 829 1544 884 modo
1571 829 1747 900 possit
1769 843 1921 884 meus

326 919 564 974 humana
591 916 646 972 in
674 917 821 971 istud
851 916 1022 972 aciem
1051 933 1204 971 suam
1235 918 1470 989 dirigere
1491 919 1518 970 ‘3
1567 918 1674 973 Sed
1697 926 1750 972 et
1803 917 1923 973 haec

325 1004 654 1078 gaudiorum
683 1020 904 1060 suorum
947 1004 1266 1076 magnitudo
1314 1005 1559 1061 nonnihil
1605 1005 1919 1062 incrementi

326 1093 558 1162 accepit,
587 1109 730 1162 cum,
775 1093 1098 1149 adveniente
1155 1109 1319 1164 super
1371 1093 1663 1165 discipulos
1720 1094 1921 1165 Spiritu

325 1188 533 1248 sancto,
565 1197 694 1237 mox
721 1182 794 1236 ad
823 1181 1267 1252 praedicationem
1297 1179 1515 1237 illorum
1545 1181 1710 1238 ﬁdem
1724 1182 1816 1237 ﬁlii
1838 1183 1923 1238 sui

328 1269 644 1336 tanta,sicut
672 1270 1138 1335 scitis,hominum
1168 1268 1229 1298 ³⁸⁸
1242 1270 1528 1325 multitudo
1545 1271 1925 1342 suscepit.Nec

326 1357 527 1412 mirum
551 1356 712 1412 alicui
741 1357 986 1413 videatur
1014 1358 1158 1429 quod
1198 1359 1326 1416 dico
1381 1358 1641 1428 gaudium
1701 1361 1815 1428 ejus
1868 1361 1923 1415 in

327 1445 662 1502 credentium
694 1446 1052 1502 conversione
1081 1447 1312 1503 crevisse
1342 1444 1510 1501 “'".lbi
1531 1448 1675 1503 enim
1698 1456 1924 1518 excepto

329 1533 534 1605 gaudio
562 1534 710 1604 quod
738 1534 807 1589 de
832 1534 1006 1590 salute
1034 1534 1252 1606 generis
1309 1536 1530 1591 humani
1586 1536 1643 1591 in
1699 1536 1922 1592 istorum

2025 389 2128 442 lius
2157 397 2277 459 post
2304 390 2475 443 Deum
2507 389 2772 443 memoria
2821 389 3008 444 matris
3059 389 3166 457 dei,
3215 387 3348 442 nihil
3407 387 3614 442 saluta-

2024 477 2133 532 rius
2161 477 2491 532 mediatione
2517 476 2592 548 pii
2624 477 2825 530 amoris
2855 491 2964 549 quo
2997 475 3240 531 fervebat
3270 477 3324 528 in
3353 476 3615 530 memoria

2026 572 2082 620 et
2109 564 2566 636 contemplatione
2594 563 2687 618 ﬁlii
2739 565 2841 626 sui,
2900 563 3036 618 nihil
3085 563 3374 633 jucundius
3427 578 3618 632 sapore

2025 653 2353 724 praetractari
2382 653 2521 708 beati
2556 652 2742 724 gaudii
2789 653 2922 720 ejus,
2957 667 3068 722 quo
3125 651 3492 720 multipliciter
3519 667 3617 722 pa-

2025 742 2279 798 scebatur
2304 741 2360 796 in
2389 742 2580 797 eodem
2611 749 2663 796 et
2691 757 2788 811 per
2817 741 3065 796 eumdem
3084 739 3254 794 ﬁlium
3268 756 3444 807 suum,
3469 755 3617 810 saepe

2027 830 2232 902 quippe
2260 829 2496 884 vidimus
2525 838 2576 883 et
2629 829 2932 883 audivimus
2960 830 3224 898 plurimos
3253 828 3531 882 hominum
3561 828 3618 882 in

2027 918 2140 973 suis
2158 917 2416 987 periculis
2444 917 2718 972 recordari
2747 916 2976 971 nominis
3013 917 3166 971 istius
3223 916 3380 971 bonae
3408 915 3612 982 Mariae,

2027 1013 2085 1062 et
2114 1005 2175 1034 "‘
2204 1005 2378 1061 omnis
2406 1005 2632 1076 periculi
2663 1005 2861 1058 malum
2889 1005 3031 1060 illico
3061 1005 3312 1061 evasisse.
3347 1003 3616 1060 Veloeior-

2026 1111 2131 1166 que
2185 1103 2269 1151 est
2313 1110 2697 1164 nonnunquam
2753 1094 2898 1150 salus
2926 1093 2986 1122 ³¹⁸
3039 1102 3338 1148 memorato
3394 1093 3614 1148 nomine

2026 1185 2142 1253 ejus
2169 1198 2331 1254 quam
2359 1183 2608 1238 invocato
2638 1182 2855 1237 nomine
2890 1182 3106 1236 Domini
3134 1182 3261 1236 Jesu
3315 1182 3461 1237 unici
3519 1180 3615 1236 ﬁlii

2029 1271 2164 1339 ejus.
2199 1271 2260 1325 Ei
2292 1270 2346 1324 id
2375 1269 2593 1342 quidem
2643 1285 2752 1324 non
2783 1269 2907 1324 ideo
2959 1269 3017 1322 ﬁt
3073 1269 3217 1341 quod
3267 1270 3386 1340 ipsa
3439 1268 3616 1339 major

2029 1365 2120 1414 aut
2147 1357 2417 1429 potentior
2443 1372 2509 1412 eo
2539 1357 2627 1425 sit,
2657 1373 2756 1412 nec
2784 1357 2928 1411 enim
2957 1358 3075 1428 ipse
3123 1373 3351 1429 magnus
3390 1365 3481 1411 aut
3508 1372 3616 1426 po-

2032 1454 2146 1502 tens
2176 1455 2254 1502 est
2277 1462 2376 1517 per
2405 1462 2548 1513 eam,
2581 1445 2677 1500 sed
2721 1445 2814 1499 illa
2858 1462 2958 1514 per
3011 1445 3207 1514 ipsum.
3257 1446 3434 1514 Quare
3483 1460 3616 1516 ergo

2028 1534 2332 1606 promptior
2357 1534 2499 1588 salus
2529 1535 2588 1587 in
2618 1533 2985 1589 recordatione
3014 1534 3132 1604 ejus
3170 1549 3330 1603 quam
3384 1533 3479 1586 ﬁlii
3533 1533 3615 1586 sui

331 1621 684 1678 conversione
741 1621 1100 1692 concipiebat,
1155 1622 1324 1678 ﬁlium
1389 1640 1548 1679 suum
1597 1639 1705 1679 non
1758 1624 1923 1679 fuisse
1948 1645 2005 1707 Β
2033 1639 2184 1693 saepe
2211 1623 2505 1693 percipitur
2523 1623 2551 1674 ‘2
2580 1621 2770 1678 Dicam
2799 1622 2928 1692 quid
2957 1622 3146 1687 sentio,
3193 1619 3335 1676 ﬁlius
3364 1621 3482 1690 ejus
3509 1621 3617 1676 Do-

325 1709 502 1780 gratis
531 1717 828 1779 mortuum,
861 1725 987 1766 cum
1016 1719 1126 1765 tam
1157 1710 1444 1767 efficaciter
1469 1712 1684 1784 operari
1700 1713 1920 1768 videbat

325 1796 492 1851 ﬁdem
521 1797 715 1854 mortis
745 1799 862 1867 ejus
887 1799 1052 1854 etiam
1082 1799 1137 1854 in
1166 1799 1244 1854 eis
1299 1801 1388 1870 qui
1444 1807 1688 1856 auctores
1715 1799 1774 1828 ¹⁰⁸
1803 1801 1918 1867 ejus

323 1885 662 1940 exstiterant.
697 1885 967 1942 Gaudium
995 1887 1178 1959 itaque
1226 1888 1274 1942 ei
1305 1895 1418 1945 erat
1471 1889 1526 1943 in
1557 1889 1717 1959 ccelo,
1771 1905 1918 1962 gau-

320 1972 469 2028 dium
499 1974 554 2027 in
586 1983 748 2043 terra,
779 1975 1043 2047 gaudium
1073 1976 1294 2046 insuper
1331 1977 1388 2030 in
1444 1978 1592 2032 omni
1650 1987 1916 2035 creatura.

321 2061 595 2116 Gaudium
623 2062 680 2116 in
708 2063 868 2132 cmlo,
894 2065 1024 2134 quia
1054 2066 1257 2120 fructus
1287 2064 1489 2120 ventris
1517 2067 1598 2120 sui
1650 2067 1768 2136 jam
1827 2068 1915 2122 vi-

323 2158 442 2205 ctor
468 2150 661 2205 mortis
690 2159 745 2207 et
773 2152 920 2207 orbis
949 2153 1002 2206 in
1032 2153 1170 2208 cado
1194 2153 1482 2226 regnabat,
1529 2171 1732 2226 suaque
1746 2157 1916 2212 victo-

320 2237 404 2293 ria
452 2239 627 2293 Deum
685 2241 896 2294 Patrem
950 2241 1376 2311 omnipotentem
1449 2243 1806 2314 gloriﬁcabat,
1863 2253 1918 2298 et

321 2335 516 2383 cuncta
544 2324 605 2354 ¹⁰⁹
636 2327 867 2382 οωιεδιὶε
895 2330 1066 2383 curiae
1095 2330 1316 2400 agmina
1370 2330 1734 2386 inaestimabili
1789 2347 1912 2388 ma-

319 2413 636 2486 gniﬁcentia
664 2414 1007 2487 lastiﬁcabat;
1040 2417 1300 2490 gaudium
1358 2418 1414 2472 in
1443 2427 1604 2487 terra,
1658 2421 1914 2490 quoniam

320 2517 432 2568 eos,
464 2518 565 2572 pro
596 2518 823 2572 quorum
849 2505 1020 2560 salute
1050 2513 1275 2561 matrem
1305 2506 1405 2562 Dei
1433 2523 1493 2562 se
1522 2507 1718 2563 factam
1768 2509 1912 2564 scie-

321 2589 438 2658 bat,
469 2591 688 2661 abjecto
710 2591 850 2664 jugo
878 2592 1104 2662 diaboli,
1140 2610 1174 2648 a
1203 2610 1315 2666 quo
1345 2595 1546 2665 captivi
1575 2596 1910 2664 tenebantur,

316 2678 523 2735 liberos
553 2677 613 2707 ¹¹⁶
643 2680 699 2734 in
725 2680 896 2751 ipsam
953 2681 1178 2736 salutem
1229 2698 1442 2738 currere
1497 2684 1864 2754 conspiciebat
1895 2703 1908 2747 ;

316 2767 372 2821 in
404 2767 552 2822 omni
583 2783 796 2839 quoque
825 2776 1071 2824 creatura
1098 2771 1361 2843 gaudium
1387 2771 1597 2840 habuit,
1641 2787 1708 2828 eo
1763 2773 1911 2844 quod

314 2854 472 2910 illam
502 2871 535 2910 a
562 2856 796 2926 pristina
825 2859 1138 2928 0pressione
1165 2861 1302 2928 erui,
1361 2863 1524 2930 atque
1573 2860 1631 2916 in
1657 2860 1811 2915 illum
1840 2861 1910 2916 ad

2031 1712 2209 1768 minus
2237 1721 2321 1768 est
2348 1721 2402 1767 et
2421 1712 2589 1781 judex
2619 1712 2881 1780 omnium,
2897 1711 3212 1767 discernens
3228 1711 3415 1766 merita
3436 1711 3617 1782 singu-

2029 1801 2224 1867 lorum,
2258 1801 2388 1855 dum
2416 1799 2580 1872 igitur
2606 1800 2721 1870 ipse
2748 1816 2780 1854 a
2809 1800 2999 1870 quovis
3041 1815 3137 1855 suo
3193 1799 3412 1855 nomine
3466 1798 3615 1853 invo-

2030 1898 2180 1945 catus
2205 1904 2312 1944 non
2341 1889 2524 1942 statim
2555 1888 2792 1954 exaudit,
2824 1887 3068 1958 profecto
3117 1887 3173 1942 id
3211 1889 3362 1958 justo
3411 1886 3616 1956 judicio

2029 1977 2156 2033 facit
2184 1975 2272 2032 ³³⁸.
2310 1977 2566 2032 lnvocato
2594 1984 2775 2031 autem
2804 1975 3022 2030 nomine
3065 1975 3248 2029 matris
3301 1991 3431 2043 sua),
3489 1982 3542 2029 et
3569 1974 3615 2029 si

2025 2065 2220 2122 merita
2248 2065 2548 2120 invocantis
2574 2081 2684 2120 non
2710 2072 3004 2133 merentur,
3035 2064 3224 2118 merita
3255 2071 3433 2117 tamen
3488 2078 3614 2116 ma-

2026 2155 2120 2210 tris
2148 2153 2488 2209 intercedunt
2516 2162 2574 2208 ut
2620 2151 2965 2208 exaudiatur.
3035 2151 3152 2206 Hoc
3207 2150 3440 2222 denique
3491 2167 3618 2205 usus

2025 2245 2289 2298 humanus
2320 2241 2564 2313 quotidie
2594 2241 2808 2312 probat,
2841 2255 2966 2295 cum
2983 2240 3123 2310 quis,
3155 2239 3430 2310 proposito
3453 2239 3612 2292 amici

2025 2332 2106 2386 sui
2168 2330 2405 2397 nomine,
2463 2328 2752 2385 efficaciter
2781 2328 2850 2381 ab
2881 2325 2941 2355 ³³⁷
2969 2327 3063 2382 illo
3120 2325 3326 2397 aliquid
3362 2326 3615 2396 impetrat

2026 2419 2171 2489 quod
2201 2418 2517 2487 simpliciter
2555 2433 2648 2471 sua
2703 2432 2866 2486 prece
2923 2430 3267 2486 nequaquam
3323 2415 3614 2484 impetrare

2020 2507 2256 2564 valebat.
2287 2509 2471 2577 Itaque
2501 2505 2544 2560 si
2580 2513 2688 2559 tam
2720 2504 2866 2558 utilis
2912 2511 2993 2559 est
3048 2503 3104 2557 in
3157 2502 3523 2558 subveniendo
3553 2498 3614 2530 ³³⁸

2021 2594 2282 2650 memoria
2313 2595 2551 2649 nominis
2581 2592 2768 2647 matris
2796 2590 2916 2656 Dei,
2950 2607 3058 2646 non
3089 2590 3280 2644 mirum
3311 2589 3357 2643 si
3394 2603 3610 2661 magna

2020 2683 2211 2739 salutis
2267 2681 2452 2737 aﬁ'eret
2501 2681 2734 2736 fructum
2789 2680 3041 2750 frequens
3113 2677 3385 2734 meditatio
3439 2677 3616 2733 sancti

2020 2772 2223 2828 amoris
2279 2769 2417 2839 ejus,
2448 2768 2493 2823 si
2547 2769 2767 2839 plenam
2817 2767 3207 2836 jucunditatem
3272 2765 3426 2820 dabit
3467 2765 3614 2821 dulci

2018 2860 2198 2916 studio
2257 2858 2489 2930 cogitata
2546 2865 2600 2912 et
2655 2856 2948 2929 recogitata
3045 2854 3381 2910 immensitas
3425 2852 3612 2926 gaudii

316 2959 485 3014 quem
500 2944 654 3058 Iiacta
696 2943 870 3000 fuerat
923 2955 1121 3002 statum
1177 2949 1354 3005 redire
1408 2950 1561 3007 vidit.
1621 2951 1908 3020 Postquam
1933 2992 1984 3058 Ο
2015 2949 2153 3020 ejus.

322 3032 464 3058 Ani...
537 3048 657 3058 ..η-..Α
692 3034 859 3058 “An...
897 3037 1211 3058 --..n_._._.-:.
1274 3045 1315 3058 ,ι
1353 3039 1463 3058 -2---
1498 3054 1609 3058 g__,c
1634 3039 1760 3058 j_.9-
1817 3048 1847 3058 .,

319 3032 468 3086 enim
499 3033 660 3088 homo
689 3034 862 3090 Deum
891 3037 1234 3106 contempsit,
1267 3045 1320 3092 et
1345 3039 1467 3108 ejus
1496 3039 1765 3096 mandatis
1815 3048 1908 3096 tu-

311 3121 492 3176 midus
521 3123 788 3178 contraire
815 3139 925 3179 non
957 3124 1152 3193 timuit,
1184 3126 1240 3180 in
1272 3127 1418 3182 nulla
1438 3137 1703 3197 creatura,
1750 3145 1911 3200 quam

315 3209 464 3264 Deus
494 3211 564 3263 ad
595 3209 900 3266 subsidium
930 3213 1048 3283 ejus
1075 3214 1324 3280 instituit,
1350 3215 1502 3284 justo
1538 3218 1747 3287 judicio
1802 3220 1908 3274 ali-

313 3296 444 3369 quid
471 3296 610 3366 juris
633 3298 869 3368 amplius
895 3301 1093 3356 babere
1119 3303 1332 3358 debuit.
1369 3305 1504 3360 Cum
1533 3307 1700 3377 igitur
1745 3316 1800 3363 et
1853 3311 1911 3365 in

314 3385 662 3441 contumacia
683 3403 784 3442 sua
813 3395 1001 3444 contra
1029 3389 1203 3446 Deum
1231 3392 1475 3448 omnium
1506 3409 1682 3450 rerum
1713 3396 1909 3453 Domi-

312 3488 441 3526 num
469 3475 723 3544 perstitit,
752 3484 806 3530 et
849 3484 1023 3532 tamen
1053 3495 1208 3534 usum
1263 3496 1442 3536 rerum
1497 3482 1555 3536 in
1608 3483 1907 3540 subsidium

308 3575 463 3615 suum
486 3569 805 3634 retorquere
831 3580 940 3620 non
969 3565 1190 3634 destitit,
1221 3569 1456 3625 Domino
1510 3571 1631 3628 Deo
1687 3573 1904 3644 injusti-

314 3647 465 3715 tiam,
499 3657 553 3702 et
583 3650 682 3706 Dei
713 3661 972 3710 creaturae
1009 3654 1320 3712 violentiam
1349 3658 1528 3715 intulit
1580 3669 1634 3716 et
1674 3677 1896 3734 oppres-

313 3736 543 3792 sionem.
573 3741 639 3794 At
668 3755 830 3807 nunc,
861 3757 984 3796 cum
1009 3743 1126 3813 jam
1169 3746 1542 3803 reconciliatus
1597 3750 1760 3805 homo
1809 3766 1907 3822 per

309 3835 542 3881 mortem
601 3826 698 3882 ﬁlii
728 3827 788 3857 ³³⁸
819 3830 978 3900 hujus
1017 3831 1347 3890 beatissima
1410 3836 1602 3892 matris
1648 3838 1794 3894 redit
1849 3840 1905 3896 in

311 3914 546 3984 gratiam
578 3916 695 3985 Dei,
733 3918 875 3972 redit
901 3918 1067 3974 etiam
1096 3921 1150 3975 in
1173 3921 1298 3992 jura
1327 3923 1612 3993 libertatis,
1658 3931 1714 3982 et
1743 3943 1907 3999 quam

311 4001 455 4057 facta
483 4003 584 4057 fuit
609 4012 855 4062 creatura
882 4006 1003 4076 Dei,
1039 4008 1341 4065 famulandi
1371 4009 1433 4042 ³¹⁸
1462 4013 1665 4070 scilicet
1710 4015 1759 4070 ei
1807 4031 1907 4086 pro

312 4105 421 4160 quo
467 4106 526 4146 se
553 4090 848 4148 institutam
879 4110 996 4151 esse
1025 4100 1300 4170 cognovit.

382 4196 532 4265 Haec,
565 4199 932 4256 sacratissima
959 4202 1202 4272 domina,
1235 4205 1438 4276 vidisti,
1465 4209 1584 4265 haec
1629 4209 1905 4270 intellexi-

2626 3080 2847 3137 CAPUT
2883 3079 2999 3134 VII.

2142 3199 2219 3255 De
2247 3197 2447 3270 gaudio
2478 3195 2654 3253 beata:
2681 3195 2871 3250 Maria:
2908 3195 2970 3249 in
3006 3192 3119 3261 ﬁlii
3146 3193 3492 3249 ascensione.

2089 3339 2431 3409 Quapropter
2456 3335 2631 3390 adhuc
2659 3335 2717 3388 in
2768 3333 3196 3404 speculationem
3252 3331 3441 3403 gaudii
3487 3333 3604 3400 ejus

2019 3427 2185 3483 verba
2214 3427 2510 3490 vertamus,
2542 3430 2596 3478 et
2623 3428 2831 3476 mentes
2859 3429 3069 3476 nostras
3098 3420 3265 3490 ipsius
3321 3419 3604 3474 dulcedine

2017 3512 2411 3586 aliquantisper
2429 3510 2773 3566 enutriamus.
2809 3509 3208 3579 Perpendamus
3246 3507 3445 3579 itaque,
3479 3523 3604 3562 cum

2018 3611 2164 3658 tanta
2187 3599 2250 3630 1”
2270 3600 2455 3673 gaudii
2486 3598 2804 3671 magnitudo
2841 3595 3144 3667 impleverit
3172 3594 3365 3650 intima
3420 3595 3605 3666 piissi-

2016 3708 2120 3748 mae
2148 3690 2392 3749 Dominae
2411 3689 2590 3757 hujus,
2651 3703 2715 3742 ex
2745 3686 2828 3740 bis
2857 3701 2978 3757 quae
3027 3684 3138 3753 jam
3194 3684 3469 3754 paululum
3517 3684 3607 3738 in-

2019 3781 2239 3848 tuendo,
2269 3786 2328 3834 ut
2355 3777 2649 3850 potuimus,
2683 3773 3104 3846 praelibavimus,
3135 3781 3311 3828 utrum
3340 3771 3390 3828 ei
3446 3787 3608 3844 super

2019 3870 2108 3924 illa
2139 3869 2316 3923 adhuc
2345 3866 2549 3936 aliquid
2579 3864 2763 3936 gaudii
2790 3863 3025 3932 adjicere
3054 3862 3302 3932 potuerit,
3349 3860 3401 3914 id
3459 3860 3607 3932 quod

2014 3957 2290 4012 revelante
2318 3954 2520 4024 Spiritu
2549 3960 2754 4019 sancto,
2788 3958 2998 4006 remota
3025 3949 3172 4004 omni
3227 3949 3601 4017 ambiguitate,

2016 4045 2220 4101 sciebat
2244 4058 2303 4099 se
2330 4042 2560 4098 decurso
2587 4041 2713 4095 vitae
2750 4038 2983 4093 labentis
3011 4035 3073 4064 ³³⁸
3116 4037 3293 4107 spatio
3344 4036 3399 4089 in
3428 4035 3605 4090 beati-

2019 4132 2256 4188 tudinem
2309 4129 2460 4200 negni
2522 4126 2756 4182 ccelestis
2805 4138 3174 4190 ascensuram,
3226 4122 3396 4177 ﬁlium
3449 4139 3608 4179 suum

2015 4217 2374 4292 omnipotenti
2393 4216 2512 4270 Deo
2541 4213 2683 4268 Patri
2737 4211 2792 4266 in
2839 4227 2936 4266 sua
2993 4211 3192 4266 deitate
3241 4210 3601 4284 corequalem,

309 4283 400 4350 “in
574 4301 671 4397 P91:
699 4296 752 4397 ξε
793 4289 887 4397 iﬁlli
944 4291 1108 4397 mode
1147 4293 1385 4392 impleta
1439 4313 1557 4354 esse
1612 4302 1905 4375 magniﬁce
1933 4336 1990 4397 D
2020 4309 2156 4364 sicut
2172 4283 2282 4372 'est,
2311 4300 2640 4360 indeﬁcienti
2666 4299 3121 4370 contemplatione
3156 4283 3414 4364 visuram,
3441 4315 3608 4370 seque

313 4372 505 4442 gavisa
535 4388 613 4428 es.
645 4376 776 4444 Ista,
807 4378 1020 4448 fratres,
1054 4381 1283 4438 dicimus
1311 4385 1467 4443 dulce
1516 4372 1795 4460 habentes,
1853 4402 1909 4448 et

306 4474 408 4551 vos
437 4460 596 4518 dulce
623 4462 825 4551 habere
849 4467 1130 4537 cupientes
1147 4486 1297 4544 saepe
1326 4476 1603 4534 revolvere
1631 4487 1797 4551 atque
1823 4497 1910 4537 re-

2023 4404 2146 4468 post
2172 4409 2295 4450 eum
2323 4391 2471 4450 omni
2501 4398 2760 4448 creaturae
2786 4388 3103 4454 ccelestium,
3165 4387 3499 4442 terrestrium
3556 4396 3610 4443 et

2018 4483 2353 4544 infernarum
2377 4479 2604 4552 perenni
2629 4479 2752 4549 jure
2780 4477 3203 4532 dominaturam.
3233 4478 3298 4529 At
3325 4475 3609 4530 immensi-

306 4550 494 4639 colere
534 4551 591 4606 in
621 4550 682 4580 ¹¹⁸
715 4557 980 4613 memoria
1033 4575 1272 4617 amorem
1331 4570 1386 4619 et
1437 4550 1712 4637 gaudium?
1751 4571 1909 4639 hujus

2016 4581 2185 4628 tatem
2211 4568 2273 4600 ω
2302 4569 2488 4643 gaudii
2517 4568 2679 4638 hujus
2708 4566 2832 4636 quis
2857 4564 3242 4629 considerabit,
3295 4563 3384 4633 qui
3414 4579 3523 4620 non
3550 4565 3607 4620 in

313 4637 572 4710 dominas,
605 4641 800 4712 quibus
822 4645 944 4718 jugi
972 4648 1296 4706 exundantis
1324 4651 1380 4707 in
1405 4653 1586 4710 Deum
1618 4665 1672 4714 et
1701 4659 1770 4715 de
1794 4637 1908 4716 Deo

2017 4661 2134 4734 ipsa
2157 4657 2591 4717 consideratione
2633 4655 2848 4727 penitus
2877 4654 2947 4709 ab
2985 4669 3050 4709 ea
3095 4651 3428 4723 opprimatur
3455 4653 3483 4705 ‘?
3539 4653 3609 4710 Et

1625 4830 1850 4889 VARIE
1891 4831 2300 4890 LECTIONES.

380 4939 441 4968 ³⁸⁸
484 4942 610 5024 Fuit.
652 4941 844 5024 -simile
907 4961 1051 5002 mss.
1090 4944 1188 5001 fuit
1252 4948 1492 5024 auditum
1558 4952 1756 5008 simile.
1833 4953 1892 4983 "‘
1957 4956 2128 5012 Tanta
2191 4956 2472 5011 hominum
2511 4971 2645 5010 mss.
2751 4962 2917 5021 tanta,
2986 4955 3124 5010 sicut
3188 4956 3354 5024 scitis,
3421 4957 3605 5012 homi-

309 5027 465 5097 num.
507 5011 610 5098 “"7
651 5014 1042 5098 Incrementum
1083 5020 1393 5098 sumpsisse
1419 5024 1820 5098 mss.c_revisse._
1846 5023 1906 5053 ‘°‘
1928 5025 2114 5098 Fidem
2132 5027 2336 5082 amoris
2357 5028 2472 5098 ejus
2491 5027 2543 5079 in
2573 5027 2652 5080 eis
2671 5026 2761 5098 qui
2783 5011 3057 5081 amatores
3072 5043 3204 5082 mss.
3229 5011 3392 5083 ﬁdem
3413 5011 3608 5082 mortis

314 5089 432 5170 ejus
469 5089 631 5170 etiam
674 5089 728 5137 in
766 5089 845 5139 eis
882 5089 972 5170 qui
991 5095 1285 5169 auctores.
1335 5089 1393 5118 ³⁶⁹
1417 5093 1633 5170 _Ventris
1661 5096 1779 5170 ejus
1807 5096 2127 5170 benedictus
2136 5098 2250 5170 jam
2273 5089 2586 5170 erat'victor
2606 5089 2796 5170 mortis
2816 5106 2870 5151 et
2896 5098 3050 5152 orbis
3079 5099 3133 5151 in
3155 5099 3294 5153 cmlo
3316 5099 3608 5170 regnabat,

311 5164 772 5241 ‘etlcunctammss.
795 5235 805 5241 _
832 5162 1034 5241 ventris
1089 5162 1172 5212 sui
1219 5162 1334 5226 jam
1369 5162 1633 5241 victor-et
1658 5162 1828 5241 orbis,
1861 5175 1966 5241 etc.
2017 5166 2108 5241 ΑΨ
2134 5162 2668 5241 Quoniam__eorum..
2691 5208 2706 5221 .
2746 5168 3130 5241 liberammss.
3163 5162 3608 5241 quoniameos...

316 5224 546 5310 liberos,
587 5223 644 5252 ¹³¹
673 5225 898 5310 Ιξῐοηρῐη
929 5227 1054 5310 ﬁlim
1083 5223 1468 5310 mssfmortem
1502 5231 1720 5310 ﬁlii._’"
1749 5223 1988 5310 Gratiam
2011 5223 2440 5310 Deii'lyamulandi
2469 5239 2851 5310 mss.gratiam
2889 5239 2985 5293 Dei
3021 5254 3032 5293 :
3067 5223 3204 5294 redii
3233 5240 3396 5294 etiam
3427 5240 3480 5291 in
3522 5223 3613 5308 jus

313 5295 601 5380 libertatis,
628 5296 703 5380 ad
731 5313 895 5380 quam
923 5298 1074 5380 facta
1105 5299 1203 5352 fuit
1233 5309 1475 5355 creatura
1499 5304 1596 5359 Dei
1621 5303 1934 5380 famulandi.
1977 5307 2072 5380 ,Ψ
2103 5309 2261 5379 Stepe
2290 5309 2512 5363 volvere
2529 5309 2596 5380 in
2621 5295 2937 5380 7nss.saepe
2955 5309 3228 5364 revolvere
3256 5315 3423 5380 atque
3452 5295 3612 5363 reco-

314 5366 427 5422 lere
463 5367 544 5450 in.
627 5364 1019 5450 ““Recp‘rdari
1047 5371 1252 5450 horum
1292 5380 1342 5450 et
1379 5377 1803 5450 mss.rec_o_rdari
1832 5377 2078 5450 nominis
2106 5364 2459 5450 istiusbonae
2505 5379 2705 5450 Alliarie
2733 5388 2804 5433 et.
2863 5364 2942 5407 ’³³⁵
2983 5380 3255 5448 Propitior
3285 5364 3430 5450 salus
3466 5395 3578 5450 mss
3601 5420 3613 5432 .

308 5437 612 5521 promptior
635 5437 1004 5521 salus‘hnl‘ld
1037 5440 1184 5521 juste
1223 5441 1353 5521 facit
1393 5459 1528 5499 mss.
1575 5445 1631 5521 id
1655 5446 1808 5521 justo
1822 5447 2030 5521 judicio
2069 5449 2218 5521 facit.
2259 5447 2644 5521 n"Dominico
2681 5451 2901 5505 nomine
2941 5451 3011 5504 ab
3034 5437 3168 5506 mss.
3193 5449 3610 5521 amiciﬁnomine

312 5504 606 5590 edicaciter
643 5507 735 5590 ab.
776 5504 1339 5590 “1"Uti‘l'is'aliquando
1375 5504 1666 5590 mss.u_tilis
1700 5504 1849 5572 estin
1866 5504 2261 5576 subveniendo.
2337 5518 2396 5548 “’
2427 5521 2562 5575 Cum
2593 5521 2728 5577 tanti
2759 5504 3020 5577 mss.cum
3049 5504 3218 5575 tanta
3263 5519 3326 5549 ³³⁸
3349 5518 3613 5574 Habenti:

312 5577 437 5634 vita:
463 5593 600 5634 mss.
635 5577 758 5635 vitae
789 5577 1039 5638 labentis.
1116 5577 1176 5610 ’”
1205 5582 1286 5638 ‘Ad
1317 5582 1732 5644 immensitatem
1760 5596 1970 5648 mutat
1997 5591 2434 5648 immensitatem.
