4046 6076
514 188 622 244 5Ἷὸ

1508 188 1823 244 EADMERI
1862 188 2185 245 MONACHI
2227 190 2786 246 CANTUARIENSIS

3687 192 3799 246 576

513 312 748 368 nedictm
776 312 967 368 matris
985 312 1166 370 Maria
1191 313 1499 383 transimus,
1530 314 1887 386 eumdemque
1931 312 2098 369 ﬁlium
2128 314 2189 377 Α
2218 314 2417 369 amoris
2444 313 2649 369 desidia
2697 329 2730 368 a
2783 313 2967 370 debita
3016 313 3238 369 laudum
3267 314 3603 370 exhibitione
3632 321 3801 370 retar-

513 402 633 469 ejus
686 400 842 455 nobis
896 400 1113 456 fratrem
1165 402 1283 472 ipso
1337 410 1551 457 auctore
1592 401 1903 457 asciscimus
1944 400 2024 455 ιδ’.
2058 406 2102 457 Λ

514 497 688 542 morte
718 488 860 544 enim
892 503 1180 559 resurgens
1210 504 1308 544 nos
1330 490 1521 545 fratres
1550 505 1676 544 suos
1705 490 2017 561 appellavit,
2049 498 2101 546 et

515 575 659 646 quod
688 576 760 631 ad
814 577 1022 632 Patrem
1072 592 1230 632 suum
1272 586 1323 632 ct
1378 578 1588 634 Patrem
1637 586 1897 645 nostrum,
1927 580 2100 634 Deum

513 679 678 718 suum
707 672 760 718 et
803 664 971 719 Deum
1003 672 1250 720 nostrum
1280 666 1420 721 foret
1449 683 1789 733 ascensurus,
1846 667 2100 722 familiari

511 750 674 806 aﬁatu
704 750 763 780 ³⁸³
795 752 950 807 nobis
979 753 1216 808 intimari
1273 754 1531 825 praecepit
1589 756 1768 824 (Joan.
1820 772 1918 824 xx,
1976 758 2090 826 17).

516 837 673 906 Quod
722 838 889 909 igitur
944 848 1146 895 tantum
1171 850 1380 911 patrem
1410 849 1464 897 et
1483 849 1682 897 tantum
1704 841 1921 899 fratrem
1975 860 2099 900 sor-

503 925 586 980 titi
607 942 809 995 sumus,
841 927 1031 999 utique
1068 928 1243 985 beatae
1271 930 1464 985 Mariae
1492 930 1761 987 ascribere
1816 932 2097 1001 debemus,

507 1013 661 1083 cujus
688 1013 1042 1086 integerrima
1073 1015 1401 1073 fecunditate
1438 1019 1495 1072 in
1526 1026 1723 1073 tantam
1779 1020 2097 1091 dignitatem

508 1101 837 1158 surreximus
868 1121 881 1166 ;
917 1120 1079 1175 quam
1106 1106 1326 1175 quidem
1349 1107 1666 1180 dignitatem
1696 1114 1883 1165 nostra
1910 1119 2100 1166 natura

504 1205 846 1263 nequaquam
878 1192 1071 1263 adepta
1102 1192 1311 1264 fuisset,
1330 1196 1372 1249 si
1392 1195 1536 1251 illius
1555 1196 1787 1253 fecunda
1816 1199 2101 1272 virginitas

506 1277 681 1333 Deum
710 1279 779 1334 de
807 1295 901 1333 sua
931 1281 1230 1337 substantia
1271 1299 1378 1339 non
1407 1285 1709 1357 genuisset.
1754 1286 1886 1341 Cum
1933 1288 2101 1359 igitur

508 1373 615 1421 tam
645 1367 1006 1423 inaestimabili
1039 1369 1323 1441 dignitatis
1358 1374 1584 1442 honore,
1617 1374 1775 1429 etiam
1834 1375 1887 1430 in
1942 1376 2100 1446 hujus

507 1455 696 1509 mundi
728 1456 1067 1527 squaloribus
1095 1456 1322 1530 degens,
1353 1476 1450 1531 per
1462 1462 1568 1532 piae
1599 1462 1781 1518 matris
1797 1462 1900 1518 Dei
1916 1464 2099 1520 Maria:

504 1543 697 1598 merita
727 1544 961 1599 humana
976 1553 1166 1600 natura
1197 1547 1265 1602 sit
1298 1548 1559 1614 exaltata.
1583 1550 1669 1606 vel
1710 1553 1973 1622 advertat,
2006 1552 2096 1624 qui

2207 403 2314 457 det.

2829 492 3048 547 CAPUT
3086 490 3165 546 X.

2282 579 2568 647 Quantum
2583 581 2801 651 profuit
2823 580 2977 636 omni
3008 584 3304 646 creaturae,
3327 580 3501 634 etiam
3519 584 3729 651 prwler

2838 668 3175 725 humanam.

2282 768 2477 823 Verum
2534 767 2788 836 quoniam
2863 766 3249 836 aliquantisper
3322 766 3803 822 animadvertimus

2207 855 2337 926 quid
2368 855 2493 910 boni
2522 871 2620 926 per
2644 855 3101 911 excellentissima
3147 853 3207 882 “'
3252 855 3426 910 beata;
3454 854 3647 910 matris
3702 853 3804 910 Dei

2207 943 2389 999 Maria
2417 944 2611 998 merita
2636 943 2819 1014 adepti
2837 960 3042 1010 sumus,
3101 944 3288 1013 paucis
3318 942 3500 1011 etiam,
3557 952 3613 997 ut
3667 958 3800 1013 pro-

2205 1033 2507 1100 posuimus,
2539 1046 2636 1102 pro
2665 1047 2843 1102 posse,
2902 1030 3032 1102 quid
3082 1030 3310 1086 aliarum
3342 1032 3555 1102 species
3595 1047 3797 1100 rerum,

2205 1135 2307 1188 per
2330 1119 2519 1175 eadem
2550 1119 2797 1189 ejusdem
2820 1121 3013 1176 merita
3032 1120 3142 1174 sint
3169 1120 3400 1191 adeptae,
3424 1120 3800 1175 advertamus.

2208 1206 2338 1262 Scio
2366 1206 2587 1279 quidem
2609 1208 2858 1277 superius
2883 1224 2972 1263 me
2999 1207 3249 1277 quaedam
3298 1207 3423 1261 inde
3468 1222 3798 1264 commemo-

2207 1310 2377 1359 rasse,
2426 1296 2522 1351 sed
2570 1296 2639 1350 ad
2687 1296 3179 1351 commendandam
3233 1295 3342 1365 piis
3368 1295 3589 1349 auribus
3636 1303 3798 1351 tantae

2205 1381 2443 1438 dominae
2494 1383 2840 1438 eminentiam
2895 1399 3003 1438 non
3058 1383 3272 1439 videtur
3322 1382 3437 1438 fore
3462 1383 3799 1455 superﬂuum

2206 1471 2457 1527 eamdem
2516 1476 2843 1542 prmsentare
2888 1472 3235 1528 sententiam.
3305 1471 3535 1528 Omnem
3612 1471 3801 1544 itaque

2206 1567 2530 1627 creaturam,
2586 1567 2693 1614 tam
2741 1560 3017 1616 caelestem
3066 1577 3228 1631 quam
3260 1566 3590 1625 terrestrem,
3627 1561 3695 1614 ad
3716 1561 3799 1615 sui

505 1638 702 1718 potest,
762 1647 867 1701 qua
911 1632 1055 1704 quali
1086 1631 1262 1707 gloria
1291 1635 1731 1707 l"“decorabitur,
1772 1655 1899 1695 cum
1946 1642 2094 1698 hunc
2120 1655 2177 1715 Β
2208 1646 2482 1702 Creatoris
2509 1648 2725 1702 laudem
2756 1655 2808 1703 et
2834 1648 3064 1718 gloriam
3121 1648 3434 1716 institutam,
3492 1663 3652 1703 nemo
3706 1663 3800 1702 sa-

504 1717 684 1789 ipsum
715 1720 933 1775 fratrem
963 1737 1140 1789 suum,
1201 1725 1551 1796 omnipotenti
1580 1728 1723 1782 Patri
1780 1729 1894 1798 ejus
1945 1745 2093 1786 coae-

504 1807 738 1877 qualem,
793 1808 849 1862 in
901 1824 996 1863 sua
1051 1812 1338 1880 majestate
1410 1823 1730 1886 regnantem
1803 1818 2090 1889 acceperit,

504 1894 730 1966 ejusque
760 1896 916 1967 regni
944 1898 1184 1954 cobaares
1211 1900 1472 1971 existens,
1502 1910 1765 1974 perpetua
1803 1913 1855 1960 et
1883 1907 2096 1961 incom-

509 1983 757 2038 mutabili
789 1984 1182 2057 gloriﬁcatione
1211 1988 1345 2042 vulti
1380 1989 1554 2060 ipsius
1609 2008 1851 2062 praesens
1907 1995 2096 2050 astite-

504 2071 575 2127 rit
601 2070 662 2101 “‘
715 2073 743 2127 τ
795 2072 1067 2140 Advertat,
1115 2076 1356 2148 inquam,
1406 2079 1662 2134 advertat
1717 2097 1839 2151 quae
1894 2082 2093 2154 gloria,

508 2161 654 2231 quod
709 2161 990 2234 gaudium,
1027 2166 1109 2219 vel
1168 2166 1557 2236 quaejubilatio
1588 2168 1688 2223 erit
1714 2170 1969 2225 omnibus
1989 2171 2097 2226 illis

507 2248 618 2320 qui,
649 2249 704 2303 in
732 2266 960 2323 regnum
992 2260 1210 2308 aeternae
1234 2253 1583 2312 beatitudinis
1611 2261 1890 2330 assumpti,
1924 2261 2096 2316 Deum

507 2337 911 2409 Dominumque
938 2356 1122 2395 rerum
1150 2342 1393 2397 omnium
1424 2343 1479 2397 in
1506 2360 1619 2400 sua:
1639 2347 1817 2402 carnis
1843 2349 2097 2403 substan-

506 2425 580 2480 tia
634 2426 739 2481 sibi
796 2427 1031 2483 similem
1088 2428 1340 2496 viderint,
1398 2439 1452 2486 et
1504 2441 1717 2503 cuncta,
1748 2452 1870 2506 quae
1899 2437 2015 2492 sive
2042 2436 2098 2492 in

509 2515 670 2583 caelo,
700 2515 814 2571 sive
867 2515 922 2570 in
972 2525 1134 2585 terra,
1166 2533 1261 2573 seu
1306 2518 1361 2573 in
1417 2518 1629 2577 inferno
1671 2523 1990 2591 subsistunt,
2026 2527 2097 2580 ad

507 2611 693 2658 nutum
722 2603 865 2659 illius
910 2605 1168 2675 pendere,
1202 2622 1434 2679 eumque
1472 2608 1709 2666 fraterno
1738 2610 1953 2679 aﬂectu,
1985 2614 2096 2669 imo

509 2690 651 2744 ultra
705 2705 925 2746 omnem
974 2694 1194 2748 fraterni
1260 2695 1463 2750 amoris
1533 2696 1805 2764 affectum,
1888 2700 2097 2772 seipsos

509 2792 693 2833 amare
721 2787 775 2833 et
802 2796 1135 2853 quaecunque
1173 2782 1314 2837 velle
1344 2781 1403 2811 “‘
1424 2793 1696 2855 poterunt,
1748 2787 1867 2843 sine
1919 2805 2092 2860 mora,

506 2863 623 2920 sine
661 2867 1111 2936 contradictione,
1151 2869 1267 2925 sine
1321 2871 1537 2927 defectu
1609 2873 1713 2927 sibi
1768 2878 2097 2934 aeternaliter

2199 1747 2328 1787 num
2359 1733 2575 1801 sapiens
2595 1728 2657 1759 ¹⁶⁰
2686 1730 2934 1802 ambigit,
2957 1746 3117 1786 nemo
3169 1732 3385 1801 sapiens
3440 1731 3590 1786 silet.
3656 1729 3801 1799 Qua-

2200 1824 2425 1889 propter
2480 1816 2561 1888 ¹⁶¹,
2615 1820 2659 1873 si
2682 1819 2889 1888 aliquid
2945 1820 3066 1889 ejus
3121 1819 3267 1873 laudi
3315 1827 3405 1874 aut
3434 1819 3629 1891 gloria,
3681 1820 3801 1874 sive

2200 1907 2392 1963 honori
2411 1908 2643 1979 derogat
2667 1907 2721 1961 in
2751 1923 3044 1979 quoquam,
3076 1907 3214 1962 bene
3234 1907 3566 1962 intuentibus
3622 1907 3794 1976 liquet

2203 1996 2346 2066 quod
2375 1995 2518 2049 idem
2549 1996 2726 2066 ipsum
2757 2002 2978 2061 caetera,
3010 2012 3122 2050 suae
3148 1995 3505 2065 subjectionis
3560 1995 3793 2066 integri-

2204 2092 2365 2139 tatem
2397 2082 2459 2111 "’
2488 2085 2539 2139 ei
2568 2086 2863 2151 servantia,
2922 2084 3157 2154 quodam
3205 2084 3403 2138 exinde
3457 2082 3795 2139 confusionis

2203 2172 2430 2227 verbere
2445 2173 2670 2228 sauciat.
2700 2173 2815 2228 Nec
2853 2173 2995 2226 enim
3017 2172 3087 2226 ad
3114 2171 3327 2227 Domini
3357 2172 3437 2225 sui
3472 2170 3788 2226 ﬁdelitatem

2203 2260 2411 2331 integre
2439 2276 2558 2316 sese
2588 2267 2854 2328 tenerent,
2887 2260 2932 2313 si
2953 2260 3331 2315 verecundiam
3363 2260 3447 2314 sui
3467 2259 3704 2314 auctoris
3726 2257 3793 2286 ³⁸⁸

2203 2348 2579 2419 aequanimiter
2604 2357 2657 2403 et
2672 2348 2987 2403 inconcussa
3006 2348 3391 2418 tranquillitate
3431 2356 3674 2402 tenerent
3700 2345 3790 2402 ¹⁶⁴.

2205 2436 2380 2491 Homo
2427 2436 2611 2508 igitur,
2652 2435 2741 2506 qui
2797 2452 2830 2489 a
2884 2436 3000 2490 Deo
3056 2435 3199 2489 inter
3246 2443 3469 2489 ceteras
3515 2443 3797 2489 creaturas

2204 2522 2456 2578 sublimis
2486 2531 2690 2579 naturae
2720 2531 2928 2579 creatus
2964 2524 3140 2577 Deum
3169 2521 3229 2550 ¹⁸⁸
3258 2538 3358 2592 per
3411 2522 3800 2578 inobedientie

2203 2626 2316 2667 suae
2345 2620 2552 2668 reatum
2582 2611 2941 2678 inhonoravit,
2973 2611 3156 2666 omnia
3181 2628 3305 2684 quae
3336 2611 3416 2665 sui
3452 2610 3591 2679 juris
3644 2610 3801 2680 prius

2201 2707 2358 2755 erant
2386 2699 2603 2761 amisit;
2636 2698 2945 2771 omniaque,
2994 2716 3116 2770 qua:
3138 2699 3220 2754 sui
3277 2707 3447 2753 status
3503 2698 3799 2769 integrita-

2200 2795 2307 2843 tem
2341 2794 2720 2853 servaverunt,
2752 2787 2870 2858 ipsa
2901 2794 3084 2843 reatus
3113 2788 3194 2841 sui
3222 2788 3580 2852 immanitate,
3613 2802 3798 2857 quan-

2202 2885 2313 2930 tum
2370 2876 2424 2930 in
2472 2875 2592 2947 ipso
2649 2874 2764 2943 fuit,
2797 2875 3031 2946 quadam
3088 2874 3406 2931 confusione
3438 2874 3786 2937 vulneravit;

507 2951 937 3009 subministrare.
962 2956 1136 3027 Super
1164 2958 1279 3013 hanc
1308 2975 1428 3013 cum
1458 2959 1633 3030 ipsam
1666 2962 1964 3034 dominam,
1993 2982 2093 3037 per
2111 2976 2163 3042 ο
2200 2964 2416 3036 adjecta
2445 2970 2524 3018 est
2545 2963 2621 3019 eis
2651 2979 2817 3035 super
2836 2964 2936 3020 hac
2963 2962 3277 3020 confusione
3306 2968 3357 3019 et
3386 2964 3492 3018 alia
3521 2964 3794 3033 confusio,

506 3056 672 3113 quam
703 3045 850 3097 tanta
879 3043 1021 3099 bona
1050 3044 1130 3101 eis
1147 3061 1465 3118 provenere,
1488 3064 1605 3118 pra:
1616 3050 1787 3106 oculis
1805 3052 2093 3109 habuerint

499 3128 655 3199 juxta
681 3130 875 3200 Deum,
907 3147 1067 3204 quem
1099 3134 1166 3189 de
1195 3149 1291 3189 suo
1303 3143 1455 3192 utero
1475 3136 1642 3209 Virgo
1668 3139 1859 3195 Filium
1914 3157 2091 3213 pepe-

504 3225 649 3272 rerat
671 3218 991 3276 residentem
1014 3218 1094 3290 ³⁵⁷,
1127 3231 1185 3278 et
1205 3221 1330 3292 jure
1359 3231 1603 3280 materno
1644 3227 1784 3282 coelo
1830 3236 2092 3300 terraeque

502 3319 626 3360 cum
644 3306 840 3363 eodem
868 3324 965 3365 suo
994 3308 1106 3367 ﬁlio
1120 3310 1526 3383 praesidentem,
1548 3315 1957 3373 consideremus
1985 3335 2093 3390 qua

501 3394 863 3452 exsultatione
882 3398 1223 3456 exsultabant
1253 3417 1349 3471 pro
1373 3411 1519 3459 tanta
1564 3405 1747 3476 gloria
1793 3409 1931 3475 ejus,
1981 3422 2091 3477 quo

502 3480 707 3538 honore
737 3484 1159 3542 sublevabuntur
1187 3487 1238 3544 in
1263 3496 1411 3544 tanta
1436 3491 1675 3562 potentia
1694 3492 1814 3561 ejus
1840 3494 1869 3546 Ἰ
1898 3493 2092 3550 Omnis

502 3569 686 3639 utique
714 3580 959 3628 creatura
988 3573 1224 3631 deferret
1276 3577 1356 3632 eis
1412 3578 1697 3649 honorem,
1754 3596 1864 3637 non
1914 3581 2090 3637 solum

504 3657 632 3728 quia
660 3657 865 3714 videbit
893 3669 1100 3718 natura:
1128 3663 1369 3734 ipsorum
1419 3675 1724 3722 consortem
1751 3684 1875 3724 esse
1928 3686 2089 3725 suum

503 3743 838 3813 Creatorem,
868 3748 964 3802 sed
986 3750 1150 3804 etiam
1181 3751 1307 3820 quia
1321 3752 1732 3811 dominatricem
1758 3772 1911 3811 suam
1927 3774 2090 3813 unam

502 3846 566 3886 ex
587 3831 670 3887 eis
699 3848 815 3889 esse
834 3835 1131 3906 conspiciat
1164 3837 1365 3894 factam
1384 3840 1630 3912 reginam
1650 3841 1712 3870 "'
1739 3845 2087 3916 angelorum.

501 3918 598 3973 His
626 3918 789 3991 igitur
816 3922 891 3977 ita
918 3924 1296 3987 consideratis.
1335 3935 1387 3982 tu
1419 3928 1726 4001 quicunque
1753 3947 1820 3986 ex
1858 3933 2094 3988 humana

498 4006 665 4077 stirpe
709 4010 1033 4082 progenitus
1079 4028 1160 4080 es,
1217 4017 1491 4084 quomodo
1520 4025 1676 4088 potes
1721 4028 1775 4074 et
1829 4030 2091 4092 quantum

499 4102 679 4164 potes,
713 4097 864 4169 erige
894 4100 1066 4155 aciem
1100 4102 1296 4157 mentis
1325 4110 1430 4160 tuae
1450 4112 1503 4160 et
1550 4122 1683 4178 quas
1728 4116 1927 4179 grates,
1958 4125 2094 4181 quas

496 4181 705 4249 laudes,
736 4202 857 4257 quae
886 4187 1147 4259 obsequia
1177 4190 1225 4246 ei
1255 4200 1518 4262 perpetuo
1547 4194 1767 4266 debeas,
1812 4213 1912 4265 per
1936 4198 2092 4268 cujus

500 4271 710 4326 beatam
742 4282 794 4328 et
813 4275 1220 4347 integerrimam
1258 4280 1638 4336 fecunditatem
1670 4282 1739 4337 de
1761 4292 1906 4339 tanto
1943 4286 2088 4340 malo

500 4357 569 4411 ad
598 4368 805 4416 tantum
837 4361 1063 4433 bonum,
1094 4373 1156 4419 ut
1184 4365 1337 4420 brevi
1367 4368 1727 4436 ostendimus,
1771 4369 1844 4424 sis
1883 4388 2086 4441 prove-

498 4452 633 4517 ctus,
655 4463 854 4519 gnarus
881 4452 1116 4507 attende.
1146 4452 1310 4507 Nulla
1344 4461 1395 4508 te
1424 4453 1495 4510 ab
1539 4455 1729 4512 horum
1761 4459 2087 4516 considera-

497 4533 641 4591 tione
686 4537 867 4592 saeculi
913 4537 1200 4595 delectatio
1231 4550 1465 4608 moveat,
1497 4543 1647 4599 nulla
1695 4544 1935 4614 cujusvis
1963 4549 2088 4603 vani

2200 3052 2328 3122 quia
2374 3052 2520 3119 huic,
2580 3067 2743 3122 quem
2800 3067 2833 3106 a
2889 3067 2986 3107 suo
3016 3052 3307 3108 Conditore
3361 3068 3462 3122 per
3482 3053 3639 3108 malae
3668 3055 3799 3109 vita

2201 3139 2399 3195 merita
2454 3140 2759 3195 exorbitare
2828 3139 3105 3208 videbant,
3163 3155 3259 3210 per
3307 3156 3422 3195 suae
3462 3140 3797 3196 conditionis

2197 3227 2379 3299 legem
2410 3227 2694 3283 ministerii
2723 3227 2808 3283 sui
2827 3227 3147 3298 obsequium
3178 3228 3328 3283 nullo
3355 3236 3597 3298 tempore
3626 3229 3797 3283 abne-

2198 3332 2329 3387 gare
2402 3316 2682 3372 valebant.
2738 3316 3093 3387 Ingerebatur
3146 3315 3311 3387 igitur
3370 3316 3628 3385 operibus
3688 3317 3794 3372 Dei

2197 3404 2586 3461 contumeliosa
2616 3405 2865 3474 quaedam
2894 3404 3196 3475 Oppressio,
3219 3403 3445 3459 etﬁebat
3472 3404 3543 3459 de
3570 3404 3649 3459 eis
3664 3422 3797 3477 gra-

2199 3492 2281 3549 vis
2327 3501 2381 3548 et
2436 3492 2699 3562 injuriosa
2756 3492 2968 3547 abusio.
2989 3493 3085 3546 Jus
3108 3492 3374 3561 siquidem
3404 3492 3609 3546 nullum
3629 3493 3685 3546 in
3708 3494 3796 3548 his

2198 3593 2320 3649 quae
2357 3577 2456 3631 Dei
2503 3584 2626 3631 sunt
2672 3577 2819 3647 juste
2875 3575 3096 3632 deberet
3145 3576 3347 3631 habere
3377 3577 3466 3646 qui
3524 3576 3794 3632 voluntati

2197 3667 2316 3736 ejus
2363 3680 2473 3721 non
2528 3673 2747 3720 veretur
2800 3666 2986 3735 pravis
3033 3665 3244 3719 actibus
3296 3663 3582 3719 contraire.
3630 3664 3692 3718 In
3717 3681 3793 3721 eo

2198 3754 2378 3824 itaque
2433 3753 2580 3825 quod
2632 3752 2837 3807 lumine
2865 3752 2989 3808 οωιί
3012 3761 3064 3808 et
3106 3753 3341 3807 siderum
3373 3762 3521 3808 motu
3575 3754 3629 3806 in
3669 3755 3794 3808 suis

2197 3842 2383 3897 usibus
2424 3842 2587 3897 homo
2616 3848 2761 3896 retus
2781 3841 3091 3910 potiebatur
3120 3840 3262 3895 idem
3293 3842 3489 3895 caelum
3533 3849 3584 3895 et
3614 3840 3799 3897 sidera

2199 3930 2318 3999 ipsa
2339 3929 2524 4001 magni
2573 3929 2791 3984 honoris
2810 3929 3133 3984 detrimenta
3160 3929 3521 3998 patiebantur.
3580 3930 3799 4000 Nempe

2198 4016 2275 4071 illi
2296 4016 2607 4073 serviebant
2634 4025 2853 4087 propter
2881 4032 3042 4089 quem
3075 4032 3134 4071 se
3160 4032 3500 4087 nequaquam
3545 4017 3795 4072 instituta

2199 4104 2466 4160 sciebant.
2500 4104 2586 4158 Ad
2613 4104 2887 4159 servitium
2921 4104 3122 4174 quippe
3146 4104 3274 4174 justi
3305 4102 3369 4131 "‘
3400 4104 3648 4170 hominis,
3681 4120 3797 4161 non

2199 4192 2404 4262 injusti,
2436 4193 2525 4262 qui
2558 4200 2682 4247 tunc
2710 4200 2847 4260 erat,
2879 4193 3095 4249 condita
3126 4193 3352 4247 fuerant.
3386 4192 3499 4247 [Ioc
3527 4192 3703 4263 ipsum
3720 4193 3797 4250 de

2202 4296 2350 4347 aere,
2384 4281 2452 4335 de
2482 4289 2640 4348 terra,
2673 4289 2725 4335 et
2754 4296 2874 4352 qua:
2903 4281 3131 4350 profert,
3162 4281 3231 4335 de
3261 4280 3416 4345 mari,
3463 4289 3514 4335 et
3535 4280 3794 4336 omnibus

2199 4369 2354 4441 aquis
2402 4383 2467 4424 ac
2522 4369 2589 4423 de
2621 4368 2703 4421 liis
2731 4385 2852 4438 quae
2883 4368 3159 4423 continent
3215 4368 3391 4422 dicere
3422 4368 3549 4423 licet
3586 4377 3636 4422 et
3654 4384 3791 4423 sen-

2198 4457 2318 4513 tire.
2352 4456 2553 4512 Omnes
2580 4456 2743 4528 igitur
2766 4473 2942 4511 rerum
2993 4457 3181 4511 forma:
3227 4455 3445 4510 informi
3475 4456 3709 4526 quadam
3736 4466 3797 4511 et

2195 4546 2588 4602 contumeliosa
2619 4544 2990 4601 obfuscationc
3020 4544 3362 4614 tegebantur,
3395 4560 3460 4599 eo
3478 4543 3621 4615 quod
3651 4543 3784 4614 ipsi,

1808 4727 2038 4785 VARIE
2067 4727 2479 4786 LECTIONES.

559 4867 956 4944 "fftrcessimus
1001 4873 1376 4944 manuscript.
1426 4874 1756 4931 asciscimus.
1842 4875 2182 4934 “’Familiari
2230 4875 2424 4932 aﬂ‘ectu
2465 4891 2597 4930 mss.
2657 4871 2913 4929 familiari
2967 4870 3150 4927 aifatu.
3236 4870 3545 4944 ‘“Exaltata
3600 4870 3794 4942 qualis

491 4940 793 5021 qualimss:
823 4941 1058 4997 exaltata
1088 4940 1353 5021 advertat,
1383 4946 1698 5021 qui__t_)otest,
1723 4963 1830 5017 qua
1857 4948 1943 5021 vel
1974 4949 2122 5021 quali
2157 4946 2356 5020 gloria.
2388 4945 2669 5000 “‘Vultum
2726 4945 2899 5014 ipsius
2951 4941 3589 5021 prescns‘constituerit_
3618 4940 3767 4996 mss.

492 5009 660 5064 vultui
691 5010 859 5080 ipsius
883 5027 1117 5086 praesens
1144 5009 1437 5086 astiterit:
1473 5009 1756 5077 “Amare:
1810 5019 1952 5073 velle
1992 5009 2402 5084 'mss.vamare,
2435 5026 2487 5071 et
2516 5009 2850 5086 quaecunque
2881 5009 3068 5086 velle.__
3114 5010 3398 5086 ""Peperit
3447 5011 3786 5086 residentem

489 5096 623 5134 mss.
652 5091 933 5154 pepererat
961 5084 1288 5154 residentem
1344 5084 1543 5154 “'Quia
1575 5087 1862 5142 Dominam
1892 5104 2161 5143 summam
2190 5098 2241 5143 et
2261 5082 2479 5143 unicam
2510 5082 2921 5141 dominatricem
2952 5084 3072 5137 οωιί
3098 5090 3154 5154 et
3178 5091 3332 5154 terra:
3349 5082 3576 5154 Mariam
3608 5099 3674 5154 ex
3696 5083 3790 5135 his

489 5150 977 5229 conspicientesse
994 5153 1191 5207 factam
1212 5150 1455 5229 reginam
1471 5173 1605 5212 mss.
1625 5156 1751 5229 quia
1773 5159 2182 5214 dominatricem
2202 5175 2355 5229 suam
2400 5172 2562 5211 unam
2584 5172 2652 5210 ex
2669 5155 2747 5229 eis
2773 5171 2889 5210 esse
2919 5153 3216 5220 conspiciat
3262 5152 3455 5229 factam
3487 5153 3779 5229 Reginam.

487 5217 661 5297 ’ἦρξέ
696 5222 1069 5276 excellentiam
1124 5217 1499 5297 manuscript.
1550 5217 1659 5297 per.
1692 5229 2168 5284 excellentissima.
2255 5227 2501 5297 "’Sanar
2535 5226 2729 5281 mentis
2783 5217 3160 5297 mssssan‘um
3193 5223 3425 5293 sapiens.
3492 5217 3774 5297 _'f‘}\i_iibi_-

489 5290 587 5369 git.
622 5290 1131 5369 Quapropterlnss.
1152 5290 1580 5369 ambigit,nemb
1610 5299 1830 5366 sapiens
1854 5299 1993 5353 silet.
2029 5300 2393 5369 QuaprOpter.
2442 5295 2643 5369 ‘9’S_ua37
2662 5294 3123 5365 subintegritatem
3153 5290 3279 5369 mss.
3300 5310 3410 5348 sum
3426 5293 3782 5369 subjectionis

488 5361 877 5432 integritatem.
910 5361 1191 5418 "'Domini
1229 5361 1331 5419 sui'
1355 5361 1405 5421 et
1435 5361 1691 5423 auctoris
1731 5384 1859 5423 mss.
1902 5361 2091 5425 omit‘i.
2134 5361 2352 5424 Domini
2393 5368 2497 5423 sui.
2540 5361 3034 5422 ml‘euerent'mss.
3067 5364 3407 5417 sustinerent.
3494 5361 3785 5417 “Mutatus

489 5446 598 5556 est1
604 5433 753 5512 .dum
784 5434 961 5489 Deum
982 5450 1122 5489 mss.
1159 5444 1394 5506 creatus,
1445 5438 1643 5496 Deum.
1692 5436 1836 5495 “‘Ad
1862 5440 2184 5511 obsequium
2215 5441 2420 5511 quippe
2450 5439 2565 5493 sive
2586 5437 2861 5492 servitium
2875 5435 3002 5505 justi
3024 5451 3156 5491 mss.
3188 5433 3254 5489 ad
3272 5433 3555 5490 servitium
3577 5434 3783 5504 quippe

489 5519 575 5556 ius
602 5520 637 5555 ιε

481 5519 637 5572 ausu.
