4046 6076
294 222 362 280 77
1303 219 1438 275 LIB.
1479 219 1574 276 DE
1613 219 1833 275 EXCEI

1943 219 2104 277 ΝΤΙΛ
2141 221 2200 277 Β.
2242 224 2495 282 MARLE.
3439 239 3544 291 578

259 346 354 419 qui
381 347 550 402 Deum
583 362 743 402 suum
773 345 1108 402 incessanter
1126 342 1530 414 oﬁ'endebat‘",
1547 345 1850 402 ministrare
1874 345 1933 405 A
1959 351 2076 400 cata
2105 342 2188 399 ¹’⁴.
2231 347 2402 417 Hujus
2430 348 2597 421 igitur
2627 358 2734 406 tam
2766 355 2946 426 magni
2998 357 3121 412 boni
3170 357 3418 416 effectum
3471 363 3549 418 illi

256 453 323 492 ac
351 436 513 491 subdi
544 436 662 490 sine
690 435 1094 492 intermissione
1123 434 1473 506 cogebantur.
1507 433 1733 489 Duravit
1762 449 1852 488 au-

259 533 370 581 tem
400 527 516 581 haec
545 525 600 578 in
629 540 809 580 rerum
839 523 1154 579 substantiis
1177 523 1377 594 injuria
1405 539 1690 595 quousque
1709 523 1854 578 venit

259 615 316 668 in
347 629 566 670 carnem
597 613 710 681 illa,
745 614 813 668 de
844 629 947 683 qua
976 613 1266 682 loquimur,
1292 612 1450 667 beata
1479 612 1642 683 Virgo
1656 611 1849 666 Maria.

254 711 324 757 At
353 703 446 758 ubi
494 703 647 758 venit
697 703 836 772 ipsa,
887 710 942 757 et
987 702 1043 756 in
1072 718 1128 756 se
1159 701 1353 756 Filium
1381 701 1478 756 Dei
1528 700 1852 770 incorpora-

258 791 358 856 vit,
393 799 446 846 et
477 791 766 862 pristinam
791 791 1109 863 dignitatem
1140 791 1194 844 in
1223 790 1360 856 Deo,
1394 790 1483 858 qui
1512 789 1849 856 nascebatur,

260 881 500 934 humana
530 888 720 934 natura
747 879 1104 950 recuperavit,
1137 879 1269 933 nihil
1319 877 1458 933 ultra
1496 877 1848 944 confusionis,

259 975 354 1022 aut
375 967 632 1038 injuriam
664 967 830 1023 alicui
860 984 1038 1023 rerum
1068 968 1270 1039 speciei
1301 967 1521 1034 resedit,
1554 968 1664 1021 imo
1694 966 1850 1020 liber-

259 1063 426 1111 tatem
457 1057 645 1127 prima;
674 1057 968 1112 creationis
996 1055 1056 1086 ³⁸⁸
1105 1073 1218 1111 suae
1271 1056 1556 1112 confestim
1609 1055 1852 1126 recipere

262 1145 486 1200 meruit.
524 1145 664 1200 Nam
695 1145 834 1214 ipsa,
867 1145 951 1200 cui
976 1145 1131 1214 juxta
1160 1144 1339 1215 legem
1380 1161 1492 1199 sua:
1521 1143 1850 1200 conditionis

252 1233 352 1301 jus
385 1232 646 1288 libertatis
694 1233 992 1288 maximum
1041 1242 1174 1302 erat,
1215 1232 1545 1305 obsequendi
1597 1231 1851 1286 videlicet

255 1321 334 1376 illi
365 1337 530 1391 quem
562 1321 627 1376 ad
662 1321 760 1376 Dei
791 1321 1088 1393 imaginem
1135 1322 1416 1377 conditum
1445 1328 1692 1388 noverat,
1724 1336 1847 1374 cum

253 1409 436 1480 ipsum
480 1409 535 1464 in
578 1408 847 1465 Creatoris
887 1409 971 1464 sui
1019 1409 1444 1475 similitudinem,
1504 1423 1666 1478 quam
1714 1423 1845 1478 pec-

254 1499 432 1553 cando
462 1498 517 1552 iu
546 1514 607 1553 se
634 1505 971 1569 corruperat,
1005 1514 1102 1568 per
1131 1499 1273 1552 bona
1302 1511 1468 1568 opera
1512 1497 1694 1552 redire
1714 1512 1849 1551 con-

252 1588 448 1658 spexit,
481 1602 590 1643 non
615 1587 807 1641 mirum
839 1588 882 1641 si
907 1587 1162 1656 deinceps
1182 1586 1529 1656 obsequendo
1550 1584 1846 1640 dominatui

252 1675 392 1745 ejus,
425 1675 828 1732 contumeliosa:
851 1677 1044 1746 jugum
1071 1674 1340 1729 servitutis
1369 1673 1621 1730 excussit.

861 1764 1086 1820 CAPUT
1120 1764 1197 1816 XI
1210 1806 1222 1818 .

879 1854 955 1908 De
1002 1853 1212 1910 eodem.

319 1941 442 1998 Alio
472 1942 602 1998 item
632 1943 814 2011 modo,
847 1942 894 1997 si
931 1941 1128 2014 placet,
1181 1940 1589 1997 consideremus
1615 1941 1846 2010 qualiter

247 2030 426 2085 omnis
453 2039 704 2087 creatura
733 2032 802 2086 ad
832 2031 1116 2086 utilitatem
1177 2030 1411 2086 hominis
1458 2031 1526 2084 sit
1554 2038 1758 2096 creata,
1789 2037 1844 2084 et

246 2120 706 2189 quemadmodum
755 2121 948 2176 eadem
994 2120 1195 2174 utilitas
1251 2119 1325 2176 ob
1371 2127 1648 2190 peccatum
1678 2117 1837 2189 primi

240 2207 477 2262 hominis
521 2209 926 2278 quodammodo
973 2209 1272 2272 evanuerit,
1323 2223 1499 2278 quove
1539 2216 1696 2278 pacto
1744 2221 1840 2277 per

240 2294 456 2350 beatam
488 2297 587 2352 Dei
617 2304 847 2352 matrem
879 2298 1144 2368 virginem
1176 2296 1424 2364 Mariam,
1455 2298 1691 2368 primam
1723 2312 1838 2351 suae

244 2384 491 2439 utilitatis
519 2385 841 2456 dignitatem
871 2385 1301 2456 recuperaverit.
1335 2385 1494 2440 Certe
1541 2387 1702 2440 homo
1744 2383 1836 2456 qui

236 2473 437 2528 mentis
483 2473 692 2528 ratione
739 2473 1034 2529 subsistens
1079 2473 1256 2529 carnis
1302 2472 1597 2544 fragilitate
1643 2472 1833 2543 depri-

235 2560 402 2615 mitur
432 2561 500 2615 ad
528 2561 634 2618 hoc
664 2561 916 2617 conditus
947 2571 1066 2617 erat
1090 2570 1147 2616 ut
1175 2561 1646 2631 contemplationis
1677 2560 1832 2617 oculo

232 2649 430 2704 formae
459 2649 540 2705 sui
572 2651 845 2706 Creatoris
855 2651 1059 2722 jugiter
1075 2651 1397 2705 intenderet.
1425 2649 1532 2706 Sed
1562 2650 1691 2719 quia
1713 2649 1832 2720 ipse

235 2735 501 2793 Conditor
529 2739 651 2809 ejus
682 2739 1182 2810 incircumscriptus
1212 2739 1427 2810 spiritus
1448 2745 1552 2806 est,
1583 2741 1640 2792 et
1669 2752 1830 2793 nemo

226 2840 469 2895 unquam
497 2827 674 2882 carnis
703 2826 1159 2898 corruptibilitate
1188 2827 1418 2882 vallatus
1446 2827 1500 2880 in
1533 2825 1592 2854 ¹⁸⁹
1620 2825 1829 2898 magni-

232 2912 433 2967 tudinis
463 2915 580 2984 ejus
609 2915 876 2981 notitiam,
909 2915 992 2970 vel
1022 2915 1357 2970 admirandas
1401 2914 1697 2969 divinitatis
1752 2911 1824 2967 il-

226 3001 334 3059 lius
367 2999 447 3071 ³⁷⁸,
481 3004 908 3073 speculationem
937 3001 1018 3073 ³⁷³,
1051 3004 1205 3060 sicuti
1237 3012 1334 3068 est,
1375 3003 1687 3075 pertingere
1717 3017 1823 3072 po-

238 3101 360 3162 test,
409 3093 689 3163 proposita
744 3093 820 3146 illi
876 3093 1103 3148 aliarum
1163 3108 1340 3147 rerum
1397 3091 1682 3148 existentia
1727 3099 1827 3159 est,

247 3190 511 3253 quatenus
537 3197 722 3236 earum
755 3181 1184 3237 consideratione
1213 3180 1514 3236 sublimitas
1541 3181 1680 3250 ejus,
1713 3195 1834 3250 quae

246 3289 351 3344 per
377 3286 436 3327 se
465 3269 652 3342 nequit
680 3270 852 3326 videri
882 3268 963 3336 νη,
995 3269 1064 3324 ab
1093 3270 1210 3340 ipso
1241 3269 1513 3326 intellecta
1540 3271 1830 3343 conspice-

225 3371 400 3418 retur.
441 3361 635 3416 Verum
667 3359 759 3414 ubi
789 3366 911 3431 post
937 3359 1233 3430 primorum
1279 3359 1569 3414 hominum
1626 3375 1825 3430 pecca-

223 3461 333 3507 tum
380 3449 751 3523 generationis
801 3449 1056 3504 humanae
1114 3462 1366 3520 propago
1432 3448 1487 3502 in
1554 3447 1830 3504 desideria

226 3540 379 3594 cordi
410 3538 494 3594 sui
544 3538 801 3609 prolapsa
846 3553 947 3607 per
1009 3536 1138 3592 vitia
1199 3536 1423 3606 sorduit,
1487 3551 1593 3591 non
1647 3537 1826 3591 solum

229 3625 497 3681 Creatoris
543 3623 950 3694 contemplatio,
1009 3624 1109 3678 sed
1153 3631 1207 3678 et
1274 3639 1455 3679 rerum
1521 3631 1825 3690 creatarum

224 3713 472 3769 mirificae
538 3712 910 3783 dispositionis
975 3711 1256 3766 salutifera
1316 3711 1596 3767 meditatio
1644 3712 1714 3766 ab
1759 3728 1826 3768 ea

223 3802 411 3873 procul
461 3800 704 3855 evanuit.
763 3799 928 3854 Vides
975 3815 1106 3871 ergo
1157 3798 1308 3869 quali
1351 3799 1516 3856 modo
1563 3800 1619 3855 in
1664 3800 1824 3872 lapsu

225 3889 461 3945 hominis
489 3889 598 3944 ruit
625 3888 860 3960 dignitas
901 3903 1099 3943 rerum.
1128 3889 1186 3942 In
1219 3888 1649 3944 consideratione
1677 3888 1820 3944 enim

225 3976 445 4032 illarum
475 3977 640 4031 homo
671 3991 959 4047 resurgere
987 3975 1171 4030 debuit
1200 3976 1252 4030 in
1285 3977 1612 4047 agnitionem
1631 3976 1748 4044 Dei,
1769 3981 1822 4032 et

226 4065 306 4120 sic
351 4065 505 4135 quasi
553 4063 774 4135 quidam
805 4064 854 4118 ei
898 4063 1099 4136 gradus
1146 4063 1261 4118 ﬁeri
1291 4064 1590 4119 debuerunt
1617 4064 1820 4134 pertin-

225 4153 390 4224 gendi
438 4153 507 4207 ad
551 4153 865 4208 Creatorem
914 4150 1084 4222 ipsius
1135 4159 1188 4208 et
1234 4153 1348 4222 sui;
1383 4152 1479 4208 sed
1511 4155 1628 4208 hinc
1656 4153 1710 4206 in
1741 4151 1820 4206 eis

228 4241 474 4313 dignitas
500 4241 679 4312 periit,
713 4241 928 4311 quando
959 4241 1047 4310 qui
1077 4256 1142 4296 eo
1172 4241 1336 4312 digne
1374 4246 1611 4296 uteretur
1639 4240 1819 4294 nullus

221 4329 444 4384 exstitit.
471 4330 586 4385 Nec
615 4329 902 4400 ullatenus,
931 4345 997 4384 ex
1028 4345 1134 4400 quo
1165 4329 1372 4400 primus
1402 4331 1563 4384 homo
1592 4329 1813 4396 corruit,

221 4425 547 4488 receperunt
576 4417 830 4472 amissam
880 4417 1228 4472 eminentiam
1276 4417 1404 4472 tanti
1460 4416 1608 4484 boni,
1643 4417 1814 4471 donec

224 4505 319 4561 ille
343 4509 541 4578 Agnus
572 4505 665 4576 qui
696 4513 924 4575 peccata
956 4505 1136 4560 mundi
1165 4505 1374 4561 tolleret
1404 4507 1458 4560 in
1474 4520 1710 4577 persona
1727 4506 1828 4565 Dei

223 4597 279 4647 et
308 4593 548 4648 hominis
578 4594 778 4664 prodiit
807 4594 1013 4648 mundo
1045 4591 1104 4622 ³⁷³
1134 4610 1231 4664 per
1258 4595 1500 4650 Mariam.
1524 4595 1745 4664 Verum,
1768 4598 1826 4650 in

220 4682 555 4753 cogitionem
587 4682 685 4736 Dei
717 4681 940 4737 homine
977 4698 1076 4751 per
1105 4683 1250 4738 hunc
1293 4686 1507 4754 Agnum
1545 4693 1820 4755 revocato,

221 4771 399 4824 omnis
423 4771 588 4825 etiam
621 4769 726 4824 alia
754 4778 1006 4826 creatura
1039 4770 1092 4824 in
1120 4778 1313 4825 statum
1343 4787 1452 4827 sum
1490 4773 1822 4829 conditionis

220 4866 274 4913 et
301 4859 507 4914 honore
557 4857 766 4930 prOprii
815 4859 1204 4931 congenitique
1261 4859 1471 4916 decoris
1518 4869 1600 4916 est
1653 4877 1818 4917 revo-

1839 4379 1901 4444 D

1961 431 2205 502 profecto
2235 451 2518 492 censemus
2538 438 2934 511 imputandum,
2953 461 3051 515 per
3073 446 3225 516 cujus
3245 448 3547 521 virgineum

1960 528 2169 574 uterum
2201 521 2247 578 is
2275 525 2423 580 venit
2446 526 2500 580 in
2529 529 2812 596 mundum,
2845 532 2938 603 qui
2971 541 3022 587 et
3053 535 3340 591 humanam
3385 546 3548 593 natu-

1960 623 2075 662 ram
2104 610 2160 664 in
2189 619 2414 681 tantam,
2434 615 2571 670 sicut
2589 617 2840 687 diximus,
2858 619 3136 691 dignitatis
3167 626 3546 683 excellentiam

1959 711 2058 750 sua
2087 699 2353 768 sapientia
2381 705 2674 772 revocavit,
2709 715 2764 762 et
2793 723 3008 764 omnem
3056 713 3213 766 simul
3246 724 3547 771 creaturam

1959 785 2251 858 privilegio
2273 791 2460 845 amissi
2484 792 2702 848 honoris
2721 796 2857 850 mira
2884 797 3286 867 dispensatione
3307 804 3547 860 redona-

1959 871 2058 926 vit.
2091 873 2232 942 Quid
2251 893 2384 949 ergo
2414 880 2540 935 huic
2569 883 2943 939 sacratissima:
2972 885 3208 943 dominae
3239 892 3413 945 omnis
3443 901 3550 947 tam

1957 960 2233 1048 rationalis
2270 982 2434 1035 quam
2460 969 2622 1023 etiam
2654 971 2982 1027 irrationalis
3036 985 3280 1033 creatura
3304 980 3425 1048 jure
3455 982 3546 1037 de-

1957 1047 2102 1118 beat,
2135 1051 2227 1122 qui
2257 1055 2419 1123 valet,
2477 1072 2543 1111 ex
2591 1057 2678 1112 his
2715 1076 2836 1129 quae
2877 1062 3067 1131 paucis
3132 1047 3545 1135 perstrinximus

1957 1135 2177 1224 dilatato
2203 1157 2367 1197 sensu
2397 1143 2667 1201 advertat.
2715 1149 2909 1218 Utique
2968 1161 3178 1220 cuncta,
3235 1171 3354 1224 qua:
3404 1157 3550 1213 Deus

1955 1223 2100 1314 bona
2129 1234 2182 1282 et
2201 1229 2404 1286 utiliter
2430 1232 2579 1302 fecit,
2604 1235 2659 1288 in
2679 1251 2744 1290 eo
2760 1244 2899 1292 statu
2929 1254 3036 1310 quo
3057 1223 3271 1296 condita
3310 1243 3544 1314 fuerunt,

1955 1312 2093 1368 sicut
2160 1319 2517 1389 ostendimus,
2577 1338 2693 1378 esse
2751 1323 3088 1396 destiterunt,
3147 1337 3202 1385 et
3254 1347 3354 1402 per
3405 1312 3544 1390 hanc

1955 1401 2320 1460 beatissimam
2352 1407 2631 1481 Virginem
2659 1411 2713 1465 in
2743 1418 2940 1468 statum
2971 1401 3271 1486 pristinum,
3289 1430 3546 1477 revocata

1955 1497 2159 1578 suntet
2195 1492 2463 1548 restituta.
2503 1495 2653 1551 Sicut
2681 1513 2814 1570 ergo
2840 1499 2988 1555 Deus
3017 1517 3112 1556 sua
3147 1506 3389 1572 potentia
3443 1523 3546 1578 pa-

1957 1577 2131 1632 rando
2162 1589 2355 1636 cuncta
2420 1583 2578 1638 Pater
2641 1594 2720 1640 est
2781 1596 2833 1643 et
2873 1589 3139 1644 Dominus
3175 1577 3453 1659 omnium,
3471 1595 3546 1650 ita

1871 1691 1926 1751 Β
1956 1663 2115 1719 beata
2144 1668 2311 1722 Maria
2339 1671 2451 1724 suis
2509 1673 2718 1729 meritis
2773 1685 2969 1732 cuncta
3010 1682 3319 1750 reparando
3375 1691 3548 1739 mater

1954 1760 2038 1807 est
2061 1761 2113 1808 et
2142 1756 2365 1812 domina
2390 1775 2567 1818 rerum
2592 1779 2604 1824 ;
2640 1764 2787 1818 Deus
2816 1765 2958 1820 enim
2990 1775 3074 1822 est
3103 1769 3362 1826 Dominus
3417 1788 3540 1827 om-

1951 1841 2119 1908 nium,
2153 1845 2367 1917 singula
2403 1849 2455 1902 in
2484 1866 2580 1904 sua
2605 1859 2797 1906 natura
2842 1856 3064 1926 prOpria
3105 1858 3351 1926 jussione
3404 1877 3543 1917 con-

1951 1931 2254 1997 stituendo;
2288 1944 2340 1991 et
2370 1938 2541 1993 Maria
2567 1948 2651 1995 est
2679 1941 2899 1997 domina
2927 1960 3126 2012 rerum,
3159 1947 3371 2020 singula
3399 1965 3540 2006 con-

1951 2024 2152 2092 genitae
2192 2026 2444 2098 dignitati
2493 2043 2589 2098 per
2645 2029 2792 2084 illam
2846 2048 3007 2102 quam
3063 2036 3259 2090 meruit
3308 2037 3538 2109 gratiam

1946 2112 2294 2168 restituendo.
2316 2115 2380 2169 Et
2394 2117 2851 2187 quemadmodum
2872 2121 3014 2176 Deus
3035 2139 3102 2176 ex
3122 2140 3221 2178 sua
3233 2125 3537 2184 substantia

1946 2201 2135 2271 genuit
2164 2217 2287 2256 eum
2329 2219 2428 2274 per
2473 2220 2634 2276 quem
2678 2209 2887 2263 cunctis
2929 2211 3195 2282 originem
3239 2213 3404 2282 dedit,
3463 2215 3538 2270 ita

1946 2289 2116 2344 Maria
2146 2290 2213 2345 de
2241 2306 2338 2347 sua
2365 2308 2527 2349 carne
2556 2292 2615 2322 ³⁷⁸
2646 2295 2856 2365 peperit
2883 2295 3036 2352 illum
3077 2299 3169 2370 qui
3197 2301 3251 2354 in
3282 2302 3534 2360 decorem

1945 2377 2135 2447 prima)
2166 2380 2457 2437 creationis
2486 2383 2733 2438 omnium
2765 2394 2959 2441 cuncta
2986 2388 3222 2443 restituit
3249 2387 3329 2445 ’7‘.
3377 2391 3532 2460 Item,

1943 2467 2080 2522 sicut
2102 2467 2248 2522 nulla
2278 2485 2458 2524 rerum
2488 2473 2718 2542 species,
2741 2473 2845 2527 nisi
2887 2491 2987 2543 per
3013 2475 3111 2531 Dei
3141 2476 3342 2533 Filium
3373 2481 3532 2550 facta,

1939 2555 2199 2624 subsistit,
2231 2556 2306 2612 ita
2335 2558 2422 2613 lex
2451 2559 2648 2615 debitae
2679 2561 3041 2618 damnationis
3068 2565 3338 2622 neminem
3371 2569 3532 2624 dese-

1938 2643 2030 2712 rit,
2056 2645 2155 2700 nisi
2171 2662 2334 2718 quem
2357 2647 2426 2702 ab
2443 2663 2508 2703 ea
2523 2647 2663 2704 filius
2683 2651 2877 2706 Mariae
2907 2652 3162 2708 absolvit.
3183 2653 3316 2723 Quis
3345 2657 3530 2728 igitur,

1934 2731 2037 2788 ista
2064 2743 2212 2791 recto
2240 2752 2402 2791 sensu
2431 2743 2484 2791 et
2512 2737 2675 2793 corde
2703 2739 2915 2795 sincero
2945 2741 3314 2812 perpendens,
3372 2745 3533 2815 plene

1933 2823 2219 2892 percipere
2257 2833 2421 2894 queat
2476 2826 2851 2883 excellentiam
2908 2828 3143 2886 domina:
3197 2831 3375 2900 hujus,
3433 2849 3532 2904 per

1933 2925 2092 2978 quam
2128 2918 2233 2966 tam
2262 2912 2518 2968 ineffabili
2548 2915 2741 2985 gratia,
2773 2930 2808 2970 a
2847 2923 2955 2972 tam
3002 2917 3311 2975 aestimabili
3367 2920 3528 2992 deje-

1938 2996 2114 3054 ctione
2145 2998 2205 3028 ¹⁷⁷
2233 3006 2446 3058 erectus
2474 3009 2554 3058 est
2590 3004 2870 3059 mundus?
2918 3004 3072 3075 Quis,
3121 3007 3363 3080 inquam,
3423 3018 3531 3066 tam

1942 3085 2156 3156 miram,
2185 3097 2238 3144 et
2265 3090 2411 3144 omni
2442 3106 2660 3161 prorsus
2687 3092 2764 3146 rei
2805 3101 3002 3164 prater
3049 3095 3186 3151 hanc
3232 3097 3529 3153 inauditam

1937 3174 2166 3244 gratiam
2215 3177 2378 3246 hujus
2408 3177 2649 3234 mulieris
2689 3181 2846 3235 oculo
2875 3182 3068 3236 mentis
3096 3184 3387 3256 aspiciens,
3424 3201 3532 3244 non

1937 3261 2302 3334 Obstupescat,
2336 3273 2391 3320 et
2419 3282 2527 3321 non
2557 3267 2722 3323 modo
2752 3269 3005 3339 elinguis,
3037 3285 3218 3326 verum
3277 3274 3441 3328 etiam
3498 3291 3532 3330 a

1939 3357 2096 3407 tanta
2128 3352 2208 3407 rei
2233 3355 2719 3423 comprehensione
2749 3372 2973 3426 prorsus
3000 3357 3256 3414 immunis
3282 3360 3376 3416 ﬁat
3395 3363 3424 3416 τ

2541 3444 2762 3499 CAPUT
2800 3445 2920 3498 XII.

2069 3530 2259 3587 Oratio
2289 3532 2360 3587 ad
2389 3531 2777 3589 beatissimam
2827 3533 3104 3604 Virginem
3136 3535 3390 3593 Mariam.

2003 3616 2349 3690 Quapropter
2376 3635 2442 3675 ea
2470 3635 2592 3691 qum
2621 3619 2779 3675 nobis
2805 3629 2928 3676 sunt
2973 3621 3408 3694 impenetrabilia
3435 3625 3526 3682 in-

1931 3709 2313 3777 termittentes,
2346 3708 2596 3779 precibus
2625 3708 2914 3779 impetrare
2970 3711 3204 3767 nitamur
3243 3721 3315 3784 ut,
3379 3717 3523 3787 quod

1930 3796 2202 3852 intellectu
2227 3813 2422 3869 capere
2451 3797 2754 3870 nequimus,
2812 3797 3030 3854 salutari
3083 3802 3274 3858 saltem
3331 3803 3525 3862 aﬂectu

1929 3884 2180 3940 obtinere
2208 3901 2530 3940 mereamur.
2564 3886 2839 3958 Rogamus
2867 3903 2998 3960 ergo
3031 3897 3097 3960 te,
3130 3890 3370 3962 domina,
3427 3909 3526 3963 per
3583 3955 3602 3968 ⁴

1930 3971 2107 4042 ipsam
2137 3974 2368 4045 gratiam
2401 3990 2504 4045 qua
2535 3982 2585 4028 te
2613 3974 2737 4043 pius
2771 3982 2826 4030 et
2853 3976 3196 4046 omnipotens
3249 3981 3396 4034 Deus
3447 3982 3524 4038 sic

1931 4062 2214 4127 exaltavit,
2247 4070 2301 4116 et
2321 4062 2506 4116 omnia
2537 4061 2629 4115 tibi
2659 4078 2840 4116 secum
2871 4063 3160 4132 possibilia
3189 4081 3309 4122 esse
3354 4068 3522 4124 dona-

1930 4149 2024 4217 vit,
2059 4156 2324 4218 quatenus
2353 4148 2405 4202 id
2430 4148 2575 4220 apud
2606 4149 2782 4218 ipsum
2811 4151 2969 4204 nobis
2998 4151 3265 4221 obtinens,
3298 4162 3356 4209 ut
3407 4156 3519 4225 ple-

1928 4239 2122 4296 nitudo
2152 4237 2344 4309 gratiae
2375 4253 2534 4308 quam
2566 4237 2811 4292 meruisti
2840 4238 2895 4291 in
2925 4238 3082 4293 nobis
3135 4240 3216 4296 sic
3267 4251 3521 4312 cperetur

1930 4343 2036 4400 quo
2067 4325 2410 4398 participium
2457 4325 2599 4380 beati
2630 4325 2838 4397 praemii
2868 4327 2986 4396 ejus
3011 4328 3174 4383 nobis
3204 4329 3523 4388 misericor-

1932 4417 2072 4471 diter
2093 4415 2427 4486 quandoque
2457 4415 2684 4470 donetur
2708 4411 2785 4468 ³⁷⁸.
2819 4415 2900 4470 Ad
2956 4417 3059 4470 hoc
3125 4419 3325 4489 quippe
3380 4421 3524 4476 Deus

1936 4513 2120 4560 noster
2147 4520 2244 4574 per
2305 4511 2354 4559 te
2393 4503 2566 4558 factus
2609 4511 2690 4558 est
2726 4503 2893 4559 frater
2920 4512 3104 4560 noster
3139 4514 3216 4574 ut,
3252 4509 3524 4577 quemad-

1934 4595 2156 4652 modum
2177 4593 2294 4664 ipse
2323 4592 2574 4665 dignatus
2601 4601 2682 4648 est
2703 4607 2926 4649 consors
2955 4592 3068 4648 ﬁeri
3099 4603 3294 4650 nostra:
3324 4597 3523 4652 huma-

1933 4683 2134 4752 nitatis,
2167 4682 2246 4738 sic
2273 4697 2373 4737 nos
2404 4697 2711 4738 mereamur
2737 4690 3014 4737 consortes
3044 4681 3159 4738 fieri
3208 4700 3320 4740 sua!
3374 4685 3520 4742 divi-

1932 4772 2137 4826 nitatis.
2171 4770 2393 4826 Intende
2423 4785 2574 4841 ergo,
2608 4769 2831 4825 domina
2854 4769 3116 4840 piissima,
3175 4776 3236 4826 ut
3262 4773 3422 4828 nobis
3451 4775 3521 4830 ad

1933 4860 2184 4917 eﬂ’ectum
2211 4857 2272 4888 ¹⁷⁹
2300 4859 2605 4930 proveniat,
2638 4867 2860 4930 propter
2887 4859 3034 4930 quod
3061 4860 3210 4916 Deus
3239 4865 3426 4918 noster
3453 4879 3519 4919 ex

1519 5012 1748 5068 VARIE
1799 5012 2206 5071 LECTIONES.

289 5131 349 5163 1"
383 5131 707 5208 Osteﬁnderet
736 5153 871 5192 mss.
905 5133 1241 5208 ostendebat.
1293 5131 1352 5163 ³⁸⁸
1400 5137 1594 5208 Patriae
1611 5138 1903 5194 creationis
1946 5155 2080 5208 mss.
2114 5135 2303 5208 primae
2343 5133 2650 5208 creationis.
2703 5131 2765 5162 "’
2784 5135 2984 5208 Carnis
3012 5135 3516 5208 incorruptibilitate

217 5221 442 5279 pressus
472 5206 737 5261 ullatenus
768 5209 823 5260 in
851 5222 983 5279 mss.
1018 5205 1204 5279 carnis
1219 5207 1672 5279 corruptibilitate
1705 5207 2067 5264 ullatenus.”
2096 5205 2393 5279 Dignitatis
2423 5205 2574 5279 illius
2601 5221 2734 5279 mss.
2765 5205 3254 5279 divinitatisillius.
3277 5205 3338 5236 ³⁷³
3381 5209 3522 5278 Spe-

219 5273 561 5351 culationetn
584 5294 718 5333 mss.
752 5277 1052 5351 speculum.
1085 5273 1151 5303 ¹’¹¹
1185 5273 1580 5345 Νείιυένίάεινὶ
1609 5295 1715 5334 ms.
1741 5280 1822 5351 _S.
1857 5279 2046 5351 nequit
2072 5273 2241 5333 vidéri
2273 5277 2769 5351 ms.___E.‘_omittit.
2793 5276 2988 5351 videri.
3019 5274 3079 5306 ³⁷⁸
3117 5278 3323 5334 Prodiit
3359 5273 3526 5334 modo

218 5362 356 5403 mss.
390 5347 589 5416 prodiit
613 5344 836 5402 mundo.
870 5344 930 5374 ³⁷⁸
961 5348 1020 5400 In
1049 5355 1253 5401 statu...
1287 5344 1537 5403 revocata
1568 5365 1700 5404 mss.
1735 5349 1789 5403 in
1821 5344 2033 5406 statu...
2065 5356 2342 5404 renovata.
2373 5344 2433 5374 ³⁷⁸
2483 5346 2652 5400 Carne
2682 5346 3039 5416 mundissima
3065 5366 3198 5405 mu.
3221 5351 3523 5416 omittunt,

217 5413 598 5488 mundissima.
639 5418 698 5450 ³⁷⁸
730 5419 1064 5473 Decorem...
1099 5416 1303 5472 cunctis
1333 5420 1562 5474 restituit
1587 5435 1723 5476 mss.
1750 5420 1804 5475 in
1837 5422 2089 5477 decorem
2115 5426 2370 5476 cuncta...
2405 5416 2654 5488 restituit.
2675 5413 2745 5488 Ψ
2775 5418 2873 5472 Per
2895 5433 3060 5488 quam
3090 5427 3200 5474 tam
3222 5413 3521 5476 iumstima-L

217 5487 353 5564 bilis
379 5489 523 5564 bona
552 5489 714 5564 habet
743 5504 923 5564 rerum
955 5497 1161 5564 natura,
1182 5503 1458 5564 perquam
1490 5498 1601 5564 tam
1617 5487 2638 5564 inaestimabilisgratiastamineﬂab‘ih
2655 5486 3108 5564 dejectionem“.
3128 5505 3399 5564 perquam
3416 5497 3522 5544 tam

215 5558 510 5614 ineﬁ‘abilis
539 5561 713 5631 gratia
733 5575 764 5615 a
781 5567 886 5615 tam
904 5557 1163 5614 ineffabili
1183 5556 1511 5630 dejectione.
1543 5556 1956 5620 "'Condonetur
1981 5556 2117 5620 m'ss.
2141 5561 2278 5619 bene
2297 5560 2540 5616 donetur.
2573 5556 2720 5614 "'Ad
2743 5557 2994 5615 affectum
3015 5556 3144 5616 mss:
3164 5559 3234 5615 ad
3248 5556 3523 5616 aﬁ'ectum.

2123 5809 2156 5837 υ
