4046 6076
462 198 567 254 583

469 416 692 470 virtutes
737 413 953 468 beatam
983 410 1263 466 dominam
1293 408 1600 464 exercuisse
1647 407 1813 480 liquet
1839 407 2057 479 perspi-

469 519 590 569 cue,
648 517 770 557 cum
824 506 1031 555 constet
1085 513 1208 553 eam
1265 513 1364 551 nec
1411 496 1575 552 fuisse
1631 495 2054 553 incontinentem

469 591 700 661 alicujus
720 586 1013 658 voluptatis
1031 585 1265 651 stimulo,
1303 600 1404 640 nec
1424 583 1756 654 praecipitem
1785 585 1934 654 odio,
1955 599 2058 640 nec

467 679 847 736 immodestum
878 675 1076 730 animo.
1110 673 1396 742 Quomodo
1421 673 1567 727 enim
1597 671 1783 729 illicita
1811 673 2057 729 commit-

468 776 626 835 teret,
659 783 780 837 qua:
807 781 836 819 a
863 762 1021 819 licitis
1048 762 1432 834 temperabat?
1476 761 1746 817 Accedunt
1775 761 1843 815 ad
1875 761 2051 816 conti-

463 857 664 913 nentiae
684 861 951 926 praecepta
989 866 1164 906 mores
1190 865 1326 921 quos
1353 849 1622 922 virginem
1643 848 1845 904 habere
1872 849 2048 916 decet,

459 946 598 1001 sicut
625 942 949 998 Ambrosius
975 939 1225 995 familiari
1253 939 1331 993 illi
1359 954 1477 1004 suo,
1510 946 1564 993 et
1591 937 1712 992 aliis
1740 936 2051 992 inimitabili

462 1041 680 1089 nectare
709 1033 900 1087 docet:
939 1031 1002 1087 Ut
1031 1030 1109 1083 sit
1137 1030 1309 1098 virgo,
1340 1043 1462 1097 quae
1487 1025 1648 1082 nullo
1688 1025 1804 1081 doli
1829 1025 2050 1081 ambitu

461 1125 752 1179 sincerum
766 1119 1055 1176 adulteret
1074 1117 1356 1187 effectum,
1387 1115 1550 1171 corde
1593 1113 1845 1181 humilis,
1870 1114 2048 1169 verbis

461 1211 668 1283 gravis,
699 1209 894 1264 animo
923 1205 1195 1279 prudens,
1229 1205 1577 1274 voluptatem
1612 1203 1860 1258 ciborum
1891 1201 2045 1257 dun-

460 1301 651 1363 taxat,
682 1298 733 1352 si
762 1311 872 1368 qua
909 1293 1108 1364 fuerit,
1137 1307 1308 1365 parvo
1348 1291 1648 1358 redimens,
1681 1292 1875 1346 carnis
1906 1289 2046 1345 vitia

456 1386 688 1443 omnino
718 1397 1094 1454 compescens,
1127 1379 1394 1452 loquendi
1410 1381 1653 1451 parcior,
1688 1378 1907 1449 legendi
1926 1380 2045 1433 stu-

452 1472 784 1530 diosior.Cui
802 1472 874 1526 sit
892 1485 1006 1526 non
1024 1473 1218 1541 gestus
1235 1469 1613 1539 fractior,non
1632 1469 1883 1523 incessus
1895 1467 2046 1523 solu-
2075 1455 2128 1516 Β

455 1564 586 1628 tior,
604 1578 718 1619 non
731 1575 839 1616 vox
853 1559 1228 1631 petulantior,
1263 1560 1329 1612 ut
1356 1558 1479 1628 ipsa
1491 1556 1700 1627 species
1711 1557 1958 1628 corporis
1967 1554 2044 1615 sit

455 1651 831 1707 simulacrum
847 1663 976 1702 men
984 1647 1058 1701 tis
1073 1649 1130 1702 et
1145 1647 1329 1718 figura
1341 1643 1799 1716 probitatis,Quae
1811 1644 1864 1697 in
1879 1652 2049 1699 matre

457 1738 675 1795 Domini
711 1735 892 1804 fuisse,
924 1751 1089 1791 nemo
1131 1733 1473 1789 Christianus
1503 1733 1602 1787 ibit
1653 1731 1876 1798 inﬁcias,
1925 1748 2048 1788 cum

458 1827 576 1897 ejus
603 1825 714 1880 vita
759 1824 979 1894 inclyta,
1010 1831 1066 1878 ut
1095 1823 1320 1890 canitur,
1359 1829 1579 1877 cunctas
1607 1821 1835 1876 illustret
1859 1828 1911 1876 et
1956 1820 2045 1875 in-

451 1917 652 1972 famet
687 1913 980 1970 Ecclesias.

1068 2063 1303 2118 CAPUT
1341 2062 1430 2117 VI.

519 2185 625 2240 llas
657 2184 872 2238 sancire
904 2174 1097 2234 Maria:
1115 2176 1354 2233 virtutes
1385 2176 2032 2245 Christusconﬁrmavit.

518 2328 654 2384 Iluic
694 2325 889 2398 puella:
919 2325 996 2384 sic.
1025 2325 1282 2379 virtutum
1309 2320 1620 2377 diademate
1647 2319 1929 2386 redimitae,
1965 2326 2041 2375 to-

446 2428 558 2474 tum
587 2433 645 2471 se
675 2415 877 2470 infudit
908 2413 1010 2468 Dei
1043 2411 1231 2478 Filius,
1263 2410 1408 2465 bona
1437 2409 1532 2464 illa
1561 2407 1845 2480 virginalis
1873 2407 2040 2464 animi

441 2522 541 2562 suo
584 2504 924 2576 potissimum
972 2502 1214 2556 adventu
1264 2497 1600 2554 custodiens.
1649 2499 1898 2568 Namque
1925 2496 2040 2568 ipse

441 2610 553 2652 non
583 2593 758 2650 solum
783 2592 980 2660 justus,
1013 2589 1110 2644 sed
1139 2597 1192 2643 et
1221 2587 1339 2658 ipsa
1381 2595 1456 2642 est
1481 2585 1711 2656 justitia,
1769 2584 1857 2654 qui
1897 2585 2038 2640 dici-

444 2692 530 2738 tur
555 2682 612 2736 in
640 2681 853 2751 psalmo
874 2697 886 2733 :
907 2678 1173 2733 Dilexisti
1212 2676 1502 2742 iustitiam
1519 2674 2039 2745 etodistiiniquita-

444 2776 559 2826 tem
580 2769 749 2833 (Psal.
787 2782 932 2833 κων,
974 2769 1049 2834 8).
1082 2765 1308 2818 Matrem
1338 2779 1468 2834 ergo
1511 2776 1666 2817 suam
1691 2763 1804 2832 jam
1830 2762 2038 2833 justam

436 2855 646 2928 justitia
673 2855 774 2910 Dei
806 2860 1113 2924 penetrans,
1145 2851 1301 2906 unxit
1342 2865 1462 2906 eam
1492 2849 1612 2906 oleo
1641 2848 2036 2912 exsultationis,

441 2945 497 3000 id
553 2949 638 3000 est
693 2942 895 3014 Spiritu
952 2947 1158 3009 sancto,
1217 2954 1329 3010 prae
1376 2937 1626 2994 omnibus
1681 2937 2038 3010 participibus

437 3033 572 3100 suis,
605 3031 662 3086 id
693 3039 773 3088 est
799 3027 1051 3086 omnibus
1082 3025 1404 3100 virginibus.
1437 3025 1846 3082 Fecunditatem
1876 3032 2036 3086 matri

437 3121 749 3184 conferens,
781 3117 1146 3189 virginitatem
1194 3130 1303 3170 non
1334 3113 1604 3184 auferens,
1663 3114 1778 3186 ipse
1803 3131 1912 3172 non
1940 3132 2034 3173 so-

440 3211 553 3266 lum
583 3208 819 3280 sapiens,
851 3206 947 3262 sed
996 3204 1109 3275 ipsa
1139 3203 1243 3258 Dei
1271 3201 1535 3274 sapientia
1582 3211 1665 3259 est
1692 3211 1744 3258 et
1771 3203 1826 3258 in
1851 3219 1916 3260 eo
1944 3220 2034 3260 re-

437 3299 719 3372 quiescunt
749 3311 938 3351 omnes
982 3292 1218 3348 thesauri
1247 3291 1530 3362 sapientiae
1560 3291 1722 3346 etiam
1765 3308 2032 3364 corpora-

430 3387 579 3444 liter.
614 3383 903 3441 Inveniens
932 3397 1067 3455 ergo
1089 3380 1386 3453 sapientem
1416 3379 1676 3450 puellam,
1707 3381 2031 3452 sapientiam

431 3473 674 3531 servarit
721 3473 817 3527 Dei
871 3469 1156 3542 sapientia,
1203 3469 1260 3523 id
1308 3476 1392 3524 est
1438 3468 1698 3524 mundam
1739 3470 2031 3527 custodivit

429 3561 596 3620 corde
626 3568 677 3616 et
707 3575 948 3630 corpore.
982 3557 1263 3628 Siquidem
1295 3556 1556 3627 scriptum
1586 3564 1704 3611 est:
1736 3556 1810 3612 In
1837 3561 2026 3615 male-

431 3652 624 3706 volum
636 3649 891 3702 animam
907 3661 1021 3701 non
1034 3645 1295 3701 introibit
1309 3645 1615 3715 sapientia,
1629 3660 1733 3700 nec
1746 3643 2025 3702 habitabit

427 3737 493 3792 in
522 3749 748 3806 corpore
769 3733 986 3789 subdito
1013 3733 1260 3804 peccatis
1289 3730 1454 3802 (Sap.
1475 3733 1603 3799 1,4).
1621 3732 1741 3802 Ipse
1769 3742 1852 3788 est
1880 3737 2023 3789 tem-

425 3838 643 3896 perans,
671 3829 723 3876 et
751 3821 872 3891 ipsa
914 3818 1287 3889 temperantia,
1317 3818 1454 3872 sicut
1481 3817 1616 3874 dicit
1642 3819 1696 3873 in
1747 3821 2018 3878 Canticis:

424 3911 535 3983 Ego
569 3910 757 3966 lilium
783 3908 1130 3966 convallium
1165 3907 1356 3976 (Cant.
1387 3923 1445 3971 ιι,
1479 3907 1554 3975 1),
1587 3907 1639 3962 id
1669 3915 1750 3963 est
1785 3908 1886 3964 flos
1915 3911 2021 3966 hu-

424 3999 662 4055 milium.
700 3997 960 4067 Idemque
992 3995 1046 4049 in
1075 3993 1407 4066 Evangelio:
1441 3997 1655 4052 Discite
1702 4014 1737 4052 a
1765 4014 1854 4053 me
1887 3999 2020 4070 quia

427 4090 584 4144 mitis
601 4103 724 4142 sum
739 4090 795 4142 et
808 4084 1041 4141 humilis
1053 4083 1215 4140 corde
1231 4083 1449 4154 (Matth.
1467 4099 1543 4151 xr,
1558 4086 1646 4154 29)
1660 4126 1671 4138 .
1686 4085 2012 4159 Dignatione

420 4191 558 4248 ergo
588 4191 686 4230 sua
733 4172 1086 4228 humilitatem
1119 4171 1345 4243 virginis
1373 4177 1682 4243 acceptans,
1713 4174 1872 4244 plena
1919 4174 2008 4230 di-

417 4264 640 4320 vinitate
666 4262 722 4318 in
753 4262 870 4332 ejus
894 4260 1107 4314 inﬂuxit
1135 4253 1423 4331 gremium,
1455 4268 1513 4315 ut
1541 4261 1674 4316 dicit
1711 4263 2009 4333 propheta:

423 4351 615 4424 Super
635 4364 797 4422 quem
811 4347 1158 4419 requiescam
1172 4347 1287 4400 nisi
1316 4362 1487 4418 super
1502 4347 1775 4404 humilem
1793 4354 1848 4405 et
1861 4351 2011 4422 quie-

421 4438 588 4496 tum?
622 4437 765 4507 (Isai
799 4451 946 4502 var,
998 4435 1090 4505 2.)
1119 4435 1362 4504 Itemque
1396 4434 1513 4504 ipsa
1555 4435 1608 4489 in
1648 4437 1952 4509 Evangelia
1994 4458 2007 4494 :

425 4528 568 4596 Quia
595 4526 851 4598 respexit
873 4523 1262 4579 humilitatem
1276 4523 1507 4578 ancillae
1528 4540 1646 4580 sua:
1669 4525 1688 4591 (
1695 4525 1826 4582 Luc.
1842 4541 1880 4594 r,
1895 4528 2006 4597 t8).

418 4616 545 4686 Ipse
578 4615 741 4670 etiam
800 4619 880 4668 est
909 4626 1018 4666 non
1065 4610 1240 4665 solum
1297 4609 1468 4680 fortis,
1499 4611 1596 4666 sed
1652 4619 1706 4667 et
1750 4611 2009 4669 fortitudo

417 4702 537 4767 Dei,
570 4718 669 4772 per
698 4716 862 4772 quem
892 4699 1021 4754 fecit
1051 4699 1193 4753 Deus
1223 4699 1377 4753 Pater
1395 4697 1577 4754 omnia
1605 4715 1672 4754 ex
1700 4699 1870 4757 nullo.
1903 4701 2013 4772 Qui

420 4788 578 4844 fortis
605 4788 807 4844 diaboli
855 4787 1043 4842 fortior
1069 4785 1461 4858 superveniens
1495 4788 1815 4858 exspoliavit
1843 4790 2004 4860 atria,

415 4884 472 4933 et
500 4877 685 4934 divisit
712 4875 880 4947 spolia
897 4876 1053 4947 (Luc.
1084 4891 1160 4941 xi,
1193 4875 1306 4946 22).
1331 4874 1455 4930 Non
1483 4891 1614 4948 ergo
1643 4876 2006 4934 fortitudinem

419 4964 608 5020 matris
638 4979 891 5019 enervem
939 4962 1190 5032 reddidit,
1224 4962 1320 5018 sed
1348 4979 1439 5018 sua
1474 4964 1716 5034 potentia
1743 4965 2006 5022 sublima-

413 5053 513 5120 vit,
546 5059 602 5107 ut
631 5057 776 5106 esset
801 5050 1094 5121 imperiosa
1134 5059 1394 5107 creaturae
1429 5051 1588 5107 totius
1619 5053 1768 5120 hera,
1817 5053 2005 5110 conci-

403 5139 549 5197 lians
577 5147 629 5194 et
651 5137 964 5194 demulcens
1005 5153 1253 5209 superos,
1305 5139 1600 5195 deturbans
1645 5149 1698 5196 et
1726 5149 2005 5199 exterrens

407 5227 631 5283 inferos.
663 5228 794 5281 Eam
821 5230 1086 5282 scrutans
1103 5227 1270 5282 corda
1288 5231 1343 5282 et
1373 5243 1535 5283 renes
1549 5229 1695 5286 Deus
1712 5231 1886 5300 (Psal.
1904 5246 2000 5302 vn,

411 5319 523 5386 10),
558 5332 625 5370 ex
656 5314 908 5370 omnibus
947 5313 1268 5385 virginibus,
1297 5330 1431 5384 quas
1459 5316 1708 5386 capiebat
1739 5319 1998 5388 mundus,

403 5403 571 5478 elegit
594 5412 645 5459 et
675 5401 1051 5470 sanctificavit,
1079 5409 1136 5456 ut
1165 5401 1427 5458 habitaret
1457 5403 1512 5459 in
1532 5419 1596 5459 ea
1625 5407 1997 5477 corporaliter,

406 5508 569 5563 quam
594 5491 713 5560 jam
742 5492 961 5563 plenam
991 5489 1204 5560 pridem
1232 5491 1562 5561 supradictis
1606 5493 1897 5551 virtutibus
1925 5493 2001 5553 fo-

405 5589 567 5640 vevat
605 5589 660 5637 et
703 5580 1243 5652 circurnplectebatur
1269 5579 1644 5651 spiritualiter.

1359 195 1675 252 EADMEBI
1706 193 2022 251 MONAGHI
2047 194 2605 258 CANTUARIENSIS

467 344 538 384 ex
567 334 838 396 utcunque
867 323 1140 396 superﬂuo
1169 321 1404 394 diligens
1431 330 1483 377 et
1513 325 1671 378 cauta
1697 320 1916 376 recisio.
1955 319 2063 376 Has
2087 321 2141 384 Α

2065 2799 2117 2862 C

3658 211 3762 268 584

2777 329 3000 396 CAPUT
3038 335 3152 390 VII.

2165 427 2285 484 Non
2310 432 2563 501 potuisse
2585 433 2763 490 Deum
2789 451 2866 492 ea:
2892 439 3011 494 alia
3026 441 3245 512 virgine
3261 442 3546 503 hominem
3574 448 3754 518 efﬁci.

2236 543 2394 599 Unde
2425 546 2556 602 mihi
2580 547 2831 606 videntur
2869 568 2900 607 a
2956 569 3085 611 vero
3144 555 3365 614 alienari
3421 560 3512 632 qui
3573 562 3760 619 dicunt

2165 629 2338 686 Deum
2363 633 2598 704 potuisse
2627 637 2852 694 salutem
2885 641 3176 698 humanam
3189 629 3504 716 procurare,
3535 648 3625 703 vel
3655 665 3757 720 per

2163 717 2328 806 aliam
2359 719 2644 793 virginem,
2674 725 2763 781 vel
2791 743 2892 797 per
2917 728 3064 784 aliud
3094 747 3255 800 quam
3285 748 3382 802 per
3396 717 3759 806 virginem—.Et

2159 803 2234 892 illi
2263 807 2480 876 quidem
2507 811 2595 880 qui
2626 812 2918 883 opinantur
2942 818 3181 887 potuisse
3207 820 3379 876 Deum
3419 803 3749 892 incorporati

2156 890 2212 947 in
2241 893 2424 967 aliqua
2451 897 2618 953 altera
2648 899 2880 973 virgine,
2913 906 3219 976 respondeo
3239 890 3600 980 compendio}
3631 911 3752 967 Imo

2156 995 2263 1036 non
2281 983 2474 1053 potuit,
2509 987 2636 1057 quia
2665 1003 2772 1044 non
2798 990 2988 1046 voluit.
3023 993 3093 1049 Et
3121 1010 3151 1050 e
3179 1010 3441 1052 converso
3466 1014 3478 1051 :
3504 998 3626 1053 Non
3648 1013 3750 1055 vo-

2155 1067 2272 1138 luit,
2303 1071 2428 1142 quia
2455 1089 2563 1129 non
2592 1075 2780 1146 potuit.
2813 1077 3074 1146 Quamvis
3102 1081 3246 1137 enim
3272 1084 3614 1156 omnipotens
3653 1088 3746 1154 sit,

2155 1159 2322 1214 multa
2349 1169 2470 1216 sunt
2499 1169 2682 1220 tamen
2707 1182 2829 1238 quas
2857 1166 3054 1224 dicitur
3077 1185 3184 1224 non
3214 1187 3373 1242 posse
3405 1188 3419 1242 ;
3476 1173 3617 1228 sicut
3645 1190 3748 1232 nec

2153 1248 2370 1303 mentiri
2399 1257 2596 1320 potest,
2626 1268 2729 1310 nec
2757 1255 2913 1323 mori,
2959 1257 3085 1327 quia
3141 1274 3250 1314 non
3308 1261 3446 1316 vult.
3506 1263 3646 1317 Nam
3700 1263 3746 1318 si

2154 1333 2317 1390 vellet
2346 1338 2559 1394 mentiri
2588 1340 2675 1396 vel
2705 1342 2862 1412 mori,
2895 1359 3002 1399 non
3035 1354 3177 1402 esset
3223 1349 3588 1418 omnipotens,
3622 1351 3746 1422 quia

2158 1424 2372 1480 mentiri
2398 1441 2504 1482 non
2536 1431 2620 1483 est
2648 1431 2905 1500 potentia,
2935 1433 3031 1488 sed
3077 1437 3160 1489 est
3215 1445 3515 1506 peccatum,
3549 1438 3604 1492 id
3661 1448 3748 1496 est

2156 1509 2284 1566 boni
2315 1513 2667 1585 impotentia;
2699 1527 2752 1574 et
2779 1519 2916 1575 mori
2947 1530 3027 1577 est
3056 1521 3288 1580 deficere
3316 1539 3347 1578 a
3390 1526 3650 1595 potentia.
3681 1526 3747 1582 Et

2155 1599 2278 1656 ideo
2307 1602 2375 1656 de
2402 1603 2516 1659 Deo
2545 1605 2776 1661 dicitur:
2801 1607 3002 1664 Omnia
3023 1626 3365 1684 quaecunque
3396 1614 3577 1670 voluit
3606 1615 3746 1684 fecit

2155 1689 2342 1759 (Psal.
2375 1708 2524 1760 exui,
2556 1696 2632 1763 3),
2665 1695 2793 1767 quia
2847 1696 2979 1750 nihil
3009 1699 3179 1754 voluit
3205 1700 3313 1755 nisi
3369 1701 3514 1771 quod
3541 1702 3744 1759 decuit.

2157 1778 2362 1835 Eodem
2397 1780 2560 1836 modo
2587 1782 2710 1838 dico
2737 1799 2856 1839 eum
2887 1800 2988 1840 nec
3031 1787 3275 1858 potuisse
3329 1804 3430 1844 nec
3484 1790 3746 1848 debuisse

2153 1867 2300 1922 nasci
2331 1884 2397 1922 ex
2428 1869 2537 1924 alia
2565 1871 2804 1943 virgine.
2835 1873 2900 1927 Et
2927 1882 3230 1945 propterea,
3260 1883 3316 1931 ut
3340 1877 3477 1944 dixi,
3508 1892 3620 1934 non
3647 1895 3747 1950 po-

2153 1955 2272 2022 tuit,
2316 1957 2446 2027 quia
2469 1957 2662 2014 noluit.
2692 1959 2878 2014 Noluit
2905 1977 3090 2032 porro,
3123 1963 3250 2034 quia
3275 1964 3416 2020 ratio
3443 1981 3551 2022 non
3608 1967 3736 2023 fuit.

2150 2043 2323 2099 Deum
2353 2053 2502 2102 certe
2530 2046 2753 2102 rationis
2781 2058 3055 2105 auctorem
3086 2060 3274 2107 contra
3314 2053 3579 2110 rationem
3609 2055 3743 2112 nihil

2147 2131 2308 2201 velle,
2343 2133 2478 2188 nihil
2505 2133 2706 2201 facere,
2741 2135 2872 2191 nihil
2902 2137 3060 2192 etiam
3090 2154 3268 2210 posse,
3283 2139 3338 2195 in
3354 2150 3607 2214 promptu
3631 2152 3739 2200 est.

2147 2217 2283 2288 Quis
2317 2237 2447 2278 vero
2477 2238 2583 2278 non
2614 2223 2796 2280 videat
2827 2225 2998 2281 Deum
3039 2244 3070 2281 a
3124 2229 3330 2284 ratione
3362 2229 3661 2299 resiluisse,
3691 2233 3740 2287 si

2147 2323 2269 2362 cum
2299 2324 2490 2366 omnes
2517 2311 2737 2368 omnino
2769 2313 2997 2369 feminas
3025 2315 3164 2370 infra
3195 2318 3531 2375 sanctitatem
3565 2319 3740 2377 beata:

2147 2395 2335 2452 Mariae
2390 2407 2652 2466 cerneret,
2703 2401 2812 2455 alia
2864 2401 3106 2471 qualibet
3151 2403 3205 2459 in
3261 2415 3486 2463 matrem
3543 2407 3740 2474 electa,

2146 2482 2319 2554 ipsam
2350 2489 2675 2558 sperneret?
2705 2489 2883 2560 Ipsam
2911 2495 3093 2546 autem
3123 2508 3311 2548 omnes
3341 2495 3594 2552 mulieres
3606 2513 3736 2551 san-

2145 2572 2327 2629 ctitate
2356 2573 2720 2644 prazcelluisse
2748 2586 2878 2648 puto
2927 2579 3072 2650 quod
3127 2580 3379 2654 intelligit
3423 2583 3516 2655 qui
3571 2601 3741 2655 supe-

2145 2659 2292 2716 riora
2320 2662 2728 2720 animadvertit.
2776 2666 2917 2721 Nam
2945 2667 3066 2723 alite
3098 2669 3314 2739 quidem
3372 2681 3557 2741 partes
3602 2688 3739 2746 gra-

2143 2747 2339 2805 tiarum
2367 2760 2604 2809 metuere
2629 2771 2642 2816 ;
2676 2753 2794 2826 ipsa
2824 2764 3008 2811 autem
3041 2757 3203 2829 plena
3231 2760 3408 2832 gratia
3437 2761 3506 2816 ab
3535 2761 3735 2833 angelo

2145 2835 2430 2894 salutatur.

2217 2926 2485 2999 Amplius,
2519 2929 2608 2999 qui
2639 2929 2770 2986 dicit
2811 2931 2986 2987 Deum
3041 2933 3291 2991 debuisse
3346 2937 3432 2994 vel
3487 2938 3735 3010 potuisse

2146 3013 2305 3070 aliter
2331 3029 2490 3085 quam
2515 3033 2614 3088 per
2640 3026 2852 3089 parturn
2883 3019 3114 3094 virginis
3142 3023 3272 3080 Adae
3300 3040 3552 3098 reparare
3606 3044 3732 3098 pec-

2143 3109 2341 3172 catum,
2371 3104 2519 3160 idem
2551 3114 2631 3161 est
2659 3107 2813 3178 quasi
2863 3109 2909 3164 si
2965 3109 3170 3167 diceret
3217 3113 3412 3169 melius
3465 3131 3588 3171 eum
3645 3117 3734 3172 fa-

2142 3205 2266 3246 cere
2295 3191 2571 3262 debuisse,
2601 3195 2688 3250 vel
2719 3203 2827 3250 tam
2857 3196 2996 3254 bene
3051 3198 3206 3255 aliter
3253 3202 3516 3272 potuisse.
3574 3205 3735 3273 Quod

2141 3279 2186 3332 si
2215 3279 2412 3336 melius
2440 3282 2637 3338 fecisse
2667 3282 2872 3351 debuit,
2915 3284 3002 3341 vel
3059 3294 3168 3342 tam
3225 3288 3366 3346 bene
3413 3291 3570 3348 aliter
3625 3309 3735 3364 po-

2138 3367 2258 3436 tuit,
2291 3375 2342 3424 et
2373 3377 2552 3424 tamen
2580 3385 2687 3425 non
2720 3371 2868 3441 fecit,
2899 3374 2985 3429 vel
3012 3375 3202 3442 noluit,
3228 3377 3316 3433 vel
3370 3379 3612 3436 nescivit.
3671 3381 3734 3439 Si

2138 3456 2330 3512 melius
2375 3457 2548 3514 noluit
2606 3459 2802 3526 facere,
2860 3477 2984 3516 cum
3039 3463 3317 3534 potuisset,
3378 3467 3589 3523 invidus
3644 3471 3733 3525 vel

2136 3544 2366 3616 ignavus
2395 3545 2516 3602 fuit.
2549 3547 2606 3602 Si
2651 3549 2879 3604 nescivit
2937 3549 3134 3606 melius
3192 3553 3392 3621 facere,
3441 3571 3565 3611 cum
3620 3557 3728 3612 de-

2135 3632 2354 3702 buisset,
2387 3633 2612 3706 ignarus
2642 3635 2765 3690 fuit.
2795 3635 3064 3705 Quantum
3093 3639 3234 3694 enim
3294 3657 3326 3697 a
3379 3642 3480 3697 Dei
3535 3653 3730 3700 natura

2133 3720 2463 3778 abhorreant
2488 3723 2712 3794 invidia,
2745 3725 2984 3798 ignavia,
3038 3727 3365 3798 ignorantia,
3399 3730 3594 3786 fatetur
3632 3732 3728 3803 qui

2131 3809 2276 3865 videt
2303 3826 2463 3881 quam
2493 3811 2806 3882 pudendum
2835 3815 2904 3868 sit
2931 3815 3048 3871 haec
3075 3816 3202 3872 vitia
3248 3818 3470 3874 cuilibet
3496 3819 3725 3876 honesto

2128 3897 2335 3953 homini
2363 3899 2662 3956 ascribere.
2695 3901 2881 3957 Restat
2913 3919 3048 3975 ergo
3074 3913 3132 3960 ut
3159 3905 3250 3976 qui
3285 3908 3402 3962 haec
3432 3907 3548 3962 Deo
3571 3908 3719 3962 assi-

2127 4000 2302 4055 gnare
2331 3987 2615 4056 erubescit,
2650 4005 2751 4046 nec
2788 3993 3076 4062 praedictas
3130 3993 3567 4050 ratiocinationes
3621 4011 3716 4052 re-

2124 4075 2288 4144 spuit,
2319 4073 2550 4132 fateatur
2576 4079 2723 4147 quod
2757 4080 2896 4136 Deus
2924 4097 3030 4136 non
3061 4080 3163 4135 nisi
3191 4097 3292 4151 per
3346 4082 3614 4155 virginem
3662 4092 3720 4141 et

2120 4177 2218 4233 per
2244 4164 2380 4218 hanc
2408 4164 2740 4235 potissimam
2773 4167 3041 4240 virginem
3093 4170 3352 4225 mundum
3407 4180 3716 4229 restaurare

2119 4251 2316 4320 potuit.
2354 4251 2476 4306 Non
2507 4253 2678 4323 potuit
2707 4254 2864 4311 aliter
2909 4258 3034 4327 quia
3091 4272 3198 4314 non
3253 4258 3462 4329 voluit;
3516 4260 3714 4328 noluit,

2120 4338 2244 4408 quia
2273 4339 2414 4395 ratio
2443 4355 2548 4396 non
2581 4341 2700 4397 fuit.
2750 4343 2815 4398 Et
2844 4345 2970 4414 quia
2993 4345 3132 4402 ratio
3161 4361 3269 4402 non
3300 4347 3419 4416 fuit,
3453 4363 3561 4404 non
3609 4349 3715 4404 de-

2119 4425 2255 4480 buit.
2285 4426 2461 4496 Quam
2491 4429 2869 4501 gradationem
2900 4433 2946 4488 si
2977 4434 3388 4506 quisreciproce
3407 4445 3712 4504 convertat,

2117 4529 2228 4570 non
2258 4515 2405 4570 irrita
2426 4517 2531 4573 erit
2559 4520 2664 4575 hoc
2693 4520 2858 4576 modo
2883 4539 2895 4574 :
2947 4523 3068 4578 Non
3097 4520 3286 4578 debuit
3312 4523 3470 4578 aliter
3499 4523 3719 4581 salvare

2116 4618 2292 4675 genus
2311 4604 2630 4673 humanum,
2664 4607 2792 4680 quia
2816 4609 2955 4666 ratio
2983 4625 3090 4667 non
3121 4610 3219 4666 fuit
3245 4628 3260 4676 ;
3310 4619 3361 4667 et
3392 4610 3518 4682 quia
3575 4611 3714 4668 ratio

2116 4690 2369 4762 nonfuit,
2403 4692 2611 4759 noluit;
2645 4704 2698 4752 et
2735 4696 2860 4766 quia
2917 4697 3110 4766 noluit,
3169 4715 3277 4755 non
3331 4699 3526 4770 potuit,
3585 4700 3716 4772 quia

2115 4787 2303 4836 contra
2328 4781 2589 4839 rationem
2623 4784 2804 4841 facere
2835 4801 2935 4842 nec
2963 4785 3161 4856 potuit,
3184 4803 3288 4844 nec
3311 4785 3509 4842 voluit.

2699 4918 2929 4974 CAPUT
2966 4917 3114 4974 Vlll.

2299 5021 2642 5079 Sublimitas
2662 5022 2840 5079 beata:
2881 5021 3130 5097 Virginis
3159 5026 3514 5098 explicatur.

2184 5145 2444 5204 Sensibus
2470 5150 2813 5223 antiquorum
2845 5153 3060 5208 Patrum
3093 5153 3161 5208 de
3187 5152 3475 5209 virtutibus
3530 5153 3706 5208 beata:

2107 5234 2290 5290 Maria
2320 5235 2556 5292 breviter
2583 5238 2860 5295 deﬂoratis
2905 5247 2961 5296 et
3018 5242 3075 5296 in
3127 5257 3293 5296 unum
3352 5239 3703 5309 coacervatis,

2109 5339 2250 5377 nunc
2278 5323 2349 5378 ad
2379 5325 2771 5382 sublimitatem
2801 5327 2918 5396 ejus
2975 5329 3482 5398 commendandam,
3540 5344 3702 5400 quam

2108 5418 2330 5481 pr0ptcr
2359 5415 2594 5484 gratiam
2623 5413 2878 5470 virtutum
2896 5425 2984 5472 est
3012 5417 3226 5489 adepta,
3246 5417 3700 5488 vigilabitoratio.

2107 5497 2187 5554 Ad
2218 5499 2361 5570 quod
2390 5500 2755 5572 perspicacius
2808 5505 3225 5573 enucleandum,
3257 5520 3499 5564 amonem
3541 5505 3618 5561 iiii
3645 5505 3702 5563 in

2105 5593 2335 5643 matrem
2362 5595 2416 5644 et
2444 5591 2639 5646 matris
2666 5591 2723 5647 in
2751 5591 2921 5649 tilium
2955 5608 3275 5668 proponam.
