4046 6076
282 376 386 432 585

1434 367 1534 427 DE
1560 370 1630 425 IV
1652 366 2061 426 VIRTUTIBUS
2090 370 2150 424 Β.
2191 367 2447 428 MARIE.

3484 375 3590 432 586

350 500 495 555 Deus
526 498 693 554 Filius
715 494 1189 555 consubstantialis
1218 503 1271 551 et
1291 502 1593 552 coaeternus
1613 503 1665 552 et
1686 511 1871 552 coom-
1901 495 1956 555 A
1977 494 2124 551 vium
2153 512 2370 553 suorum
2401 497 2532 553 olim
2561 513 2661 569 per
2688 506 2964 570 peccatum
3004 498 3331 558 diminutum
3382 517 3581 559 nume-

280 588 531 659 nipotens
569 588 737 657 Patri,
770 588 944 644 editus
975 603 1043 642 ex
1092 586 1245 640 Patre
1292 594 1416 641 ante
1463 594 1707 658 tempora
1764 585 1880 642 sine

281 687 474 745 matre,
499 677 671 732 voluit
690 677 838 733 nasci
868 676 935 731 de
966 682 1134 730 matre
1164 674 1279 729 sine
1308 683 1463 746 patre
1492 675 1595 731 sub
1616 681 1879 747 tempore,

282 766 559 839 elegitque
582 769 724 822 hanc
741 765 975 837 puellam
994 780 1093 834 pro
1111 780 1295 819 amore
1314 780 1474 835 quem
1496 764 1730 819 habebat
1749 779 1885 835 erga

279 871 424 920 eam,
458 857 513 909 in
541 871 704 925 quam
736 862 845 909 tota
874 853 1128 908 divinitas
1173 853 1441 921 inﬂueret,
1474 860 1526 906 et
1550 869 1670 923 quae
1708 852 1804 907 Dei
1834 858 1885 906 et

280 945 521 1002 hominis
544 943 786 1016 genitrix
813 942 991 997 ﬁeret.
1025 941 1237 997 Amavit
1268 957 1401 1013 ergo
1431 958 1571 1005 eam,
1594 950 1886 1013 antequam

281 1052 352 1090 ex
382 1049 448 1089 ea
481 1038 821 1099 nasceretur,
847 1039 904 1086 ut
919 1037 1066 1086 esset
1094 1029 1161 1085 de
1192 1045 1296 1100 qua
1326 1030 1493 1102 digne
1542 1036 1877 1086 nasceretur.

284 1126 599 1193 Parvusque
630 1122 719 1177 hic
765 1137 919 1177 amor
944 1129 1027 1176 est
1065 1129 1120 1175 ut
1158 1119 1355 1175 faceret
1373 1134 1440 1174 ex
1488 1118 1598 1173 ﬁlia
1635 1127 1885 1186 matrem,

283 1230 351 1270 ex
389 1220 633 1268 creatura
666 1210 944 1265 Creatoris
973 1208 1322 1281 genitricem?
1358 1209 1472 1263 Nec
1511 1216 1636 1277 post
1676 1217 1887 1276 partum

285 1318 442 1359 amor
476 1300 697 1365 defecit,
728 1300 837 1354 imo
866 1297 1292 1368 incomparabile
1331 1307 1680 1369 augmentum
1728 1312 1889 1353 acce-

286 1392 385 1464 pit.
420 1390 564 1445 Sicut
596 1389 743 1443 enim
782 1402 972 1442 omnes
999 1386 1265 1449 homines,
1288 1402 1354 1440 ex
1392 1392 1619 1455 utroque
1666 1393 1891 1454 parente

286 1479 478 1553 geniti,
513 1477 888 1547 departiuntur
917 1490 1159 1530 amorem
1191 1474 1245 1529 in
1275 1482 1566 1546 utrumque
1591 1483 1888 1545 parentem,

285 1570 361 1625 ita
381 1567 646 1622 Dominus
671 1566 827 1619 Jesus
856 1581 922 1618 ex
946 1572 1119 1618 matre
1151 1563 1364 1635 genitus
1390 1563 1505 1617 sine
1534 1569 1707 1631 patre,
1724 1561 1895 1632 patris

285 1666 338 1714 et
382 1658 571 1712 matris
601 1654 701 1710 soli
747 1653 903 1707 matri
946 1652 1136 1706 debuit
1204 1660 1255 1706 et
1304 1651 1564 1722 persolvit
1616 1666 1886 1707 amorem.

288 1749 446 1809 Item,
480 1744 588 1798 duo
619 1753 766 1798 erant
802 1741 854 1796 in
892 1740 1130 1813 Virginis
1160 1741 1366 1807 animo,
1393 1739 1648 1793 invisibili
1666 1740 1760 1794 sed
1784 1755 1896 1793 ma-

1988 600 2129 653 rum,
2176 602 2319 643 nune
2364 603 2462 658 per
2502 586 2718 644 beatum
2767 588 2886 659 ejus
2930 598 3141 661 partum
3192 590 3579 663 redintegrati.

1992 674 2322 730 Gaudebant
2350 683 2404 731 et
2431 675 2671 748 gaudent
2699 677 2963 745 homines,
2994 679 3122 752 quia
3153 679 3297 751 quod
3330 695 3429 751 per
3469 679 3588 751 pri-

1991 779 2137 818 mam
2167 763 2461 819 amiserunt
2490 765 2779 823 feminame
2797 767 3141 838 rentuplicati
3172 769 3328 840 pretii
3378 768 3591 825 foenore

1992 852 2257 922 recipiunt
2286 869 2384 923 per
2420 854 2665 909 Mariam.
2715 854 3049 911 Corruerunt
3094 854 3254 924 servi,
3294 864 3594 928 resurgunt

1995 941 2194 997 fratres
2222 950 2273 997 et
2302 939 2418 1004 ﬁlii;
2458 942 2646 997 fralres
2699 943 2941 1013 Domini,
2998 944 3187 1001 Mariae
3243 943 3366 1000 ﬁlii.
3431 944 3591 1015 Quod

1994 1030 2258 1103 gaudium
2295 1029 2349 1084 in
2398 1030 2831 1101 ineomparabile
2896 1041 3232 1090 crementum
3286 1032 3590 1101 pullulabit,

1994 1135 2115 1174 cum
2147 1118 2361 1174 illorum
2383 1119 2670 1189 praesentia
2697 1121 2952 1191 praesenti
2986 1121 3239 1176 fruentur
3260 1121 3313 1176 in
3344 1122 3595 1178 coalolas-

1996 1208 2128 1277 titia,
2162 1223 2257 1278 per
2284 1224 2420 1278 quos
2448 1216 2593 1263 tanta
2631 1210 2904 1265 consecuti
2935 1217 3061 1265 sunt
3100 1209 3319 1283 gaudia.
3373 1209 3597 1266 Gaude-

1996 1297 2092 1351 bat
2120 1304 2173 1352 et
2210 1298 2409 1367 gaudet
2448 1297 2628 1351 omnis
2676 1305 2940 1359 creatura.
2998 1298 3124 1368 quia
3164 1314 3286 1371 qua:
3332 1298 3389 1353 in
3447 1298 3598 1355 initio

1999 1385 2188 1439 mundi
2219 1400 2251 1439 a
2283 1385 2394 1440 Deo
2425 1383 2494 1439 ad
2532 1385 2855 1457 obsequium
2897 1386 3130 1441 hominis
3171 1387 3337 1455 facta,
3379 1388 3599 1459 quando

1999 1489 2059 1528 se
2086 1473 2252 1528 homo
2271 1490 2301 1527 a
2330 1473 2641 1547 cognitione
2669 1482 2722 1530 et
2748 1474 2976 1531 servitio
3027 1474 3126 1530 Dei
3148 1484 3474 1539 removerat,
3522 1476 3603 1531 illi

2001 1562 2092 1633 qui
2132 1563 2373 1619 Creatori
2427 1579 2526 1618 suo
2571 1562 2790 1619 rebellis
2846 1571 2978 1629 erat,
3038 1564 3297 1635 degeneri
3340 1563 3602 1620 famulatu

2002 1650 2273 1707 substerni
2302 1651 2544 1706 dolebat.
2577 1652 2700 1714 Illa,
2722 1652 2967 1723 inquam,
2994 1653 3216 1709 homine
3248 1668 3347 1722 per
3373 1651 3601 1708 beatam

2003 1739 2228 1793 Mariam
2256 1739 2484 1807 salvato,
2518 1739 2569 1794 in
2602 1740 2883 1811 antiquum
2911 1741 3080 1797 decus
3131 1741 3323 1805 evasit,
3376 1740 3432 1795 in
3481 1743 3595 1812 pri-

285 1851 397 1909 gno
434 1831 800 1890 concertantia
821 1829 1024 1901 prmlio.
1049 1829 1391 1901 Virginitatis
1414 1844 1585 1896 amor,
1605 1836 1658 1883 et
1679 1827 1876 1901 legalis
1915 1851 1968 1911 Β
2002 1828 2198 1882 stinum
2227 1828 2575 1898 splendorem
2605 1829 2843 1897 renituit,
2877 1830 3004 1884 dum
3056 1830 3132 1884 illi
3182 1828 3469 1884 famulatur
3511 1833 3603 1902 qui

289 1922 693 1980 maledictionis
730 1919 913 1974 timor.
955 1919 1343 1974 Verumtamen
1389 1917 1584 1971 librato
1615 1916 1707 1971 diu
1754 1918 1900 1972 mul-

283 2025 504 2084 tumque
540 2008 789 2075 consilio,
834 2007 962 2061 vicit
1002 2022 1156 2061 amor
1207 2006 1298 2077 qui
1352 2005 1823 2076 praeponderabat,
1849 2014 1903 2062 et

287 2102 439 2157 dedit
467 2111 612 2171 terga
646 2098 826 2151 timor.
860 2096 960 2150 Hic
990 2094 1224 2150 occurrit
1264 2093 1358 2148 Dei
1398 2093 1684 2157 auxilium,
1729 2094 1818 2164 qui
1850 2091 1901 2148 ei

291 2200 343 2247 et
373 2190 518 2262 quod
551 2187 772 2242 timebat
800 2185 1054 2253 eriperet,
1088 2191 1139 2237 et
1174 2183 1318 2253 quod
1364 2182 1583 2236 amabat
1630 2182 1779 2238 salvo
1821 2184 1902 2238 si-

294 2279 530 2354 gnaculo
562 2292 671 2332 non
702 2273 955 2329 auferret.
994 2273 1153 2327 Dedit
1173 2276 1225 2327 ei
1255 2286 1387 2344 ergo
1419 2279 1477 2325 ut
1504 2278 1644 2327 esset
1665 2275 1719 2325 et
1746 2273 1904 2342 prole

301 2368 491 2423 fertilis
520 2375 573 2421 et
601 2362 883 2437 virginalis
910 2361 1096 2417 damni
1134 2361 1411 2414 immunis.

374 2456 516 2526 Quid
547 2454 670 2509 illa?
700 2454 895 2514 Nonne
937 2450 1098 2504 tantis
1141 2449 1235 2503 ﬁlii
1285 2447 1559 2504 beneﬁciis
1599 2447 1767 2520 digno
1811 2461 1906 2502 re-

303 2544 827 2618 spondebatamore,
851 2540 1011 2611 plena
1034 2537 1241 2609 Spiritu
1288 2545 1496 2604 sancto,
1515 2536 1604 2608 qui
1647 2544 1727 2591 est
1756 2550 1909 2590 amor

301 2636 493 2703 Patris,
536 2641 586 2688 et
618 2631 783 2704 prolis
824 2645 978 2685 amor
1023 2627 1201 2682 suavis
1242 2634 1295 2681 et
1342 2626 1535 2695 dulcis;
1597 2640 1751 2679 amor
1797 2638 1905 2679 non

300 2724 579 2790 volaticus,
609 2721 704 2776 sed
733 2718 994 2776 aeternus?
1017 2716 1210 2772 Nonne
1234 2731 1358 2770 eum
1397 2714 1616 2769 amabat
1645 2712 1735 2786 qui
1782 2727 1904 2767 eam

300 2813 428 2869 fecit
456 2812 634 2868 omnis
662 2816 926 2865 creatura:
946 2805 1244 2868 dominam,
1279 2802 1403 2859 οωιί
1451 2811 1505 2858 et
1545 2811 1701 2858 terrae
1750 2800 1904 2873 regi-

300 2918 446 2966 nam.
515 2898 869 2962 fertilitatem,
927 2900 986 2949 ut
1049 2893 1183 2957 dixi,
1227 2892 1484 2961 tribuens,
1534 2890 1903 2963 integritatem

300 3007 408 3047 non
439 2988 720 3044 minuens?
749 2987 865 3039 Imo
894 2998 1023 3038 vero
1054 2982 1179 3037 totis
1210 2979 1480 3041 medullis,
1530 2979 1652 3035 totis
1696 2978 1905 3035 viribus

299 3080 354 3134 in
375 3080 495 3148 ejus
536 3091 775 3133 amorem
806 3088 1067 3143 suspensa
1096 3078 1232 3138 erat,
1264 3084 1615 3139 amoremque
1635 3082 1793 3139 quem
1814 3081 1909 3137 pa-

2008 1916 2243 1971 Creatori
2275 1932 2375 1972 suo
2405 1927 2454 1972 et
2484 1918 2591 1974 ﬁde
2621 1927 2675 1974 et
2703 1934 2869 1989 opere
2908 1920 3251 1991 obsequitur.
3290 1918 3442 1974 Sicut
3470 1940 3605 1997 ergo

2010 2007 2156 2061 Deus
2185 2015 2266 2060 est
2293 2006 2446 2061 Pater
2474 2014 2527 2062 et
2572 2007 2794 2063 Creator
2834 2007 3100 2076 omnium,
3150 2009 3224 2065 ita
3272 2012 3390 2068 haec
3436 2014 3603 2085 Virgo

2008 2102 2088 2149 est
2120 2103 2290 2150 mater
2323 2103 2377 2150 et
2429 2095 2719 2150 recreatrix
2775 2097 3035 2152 omnium.
3095 2096 3234 2166 Quia
3286 2100 3425 2155 sicut
3469 2101 3604 2156 nihil

2010 2183 2205 2250 existit,
2238 2182 2341 2237 nisi
2371 2183 2516 2254 quod
2549 2186 2694 2238 Deus
2724 2184 2872 2253 facit,
2904 2185 2978 2241 ita
3008 2186 3138 2241 nihil
3167 2197 3457 2258 recreatur,
3498 2189 3604 2246 nisi

2010 2272 2157 2343 quod
2186 2270 2330 2326 ﬁlius
2357 2280 2559 2328 sanctae
2581 2272 2760 2329 Maria:
2788 2273 3026 2328 redimit.

2077 2361 2347 2416 Ascendet
2373 2375 2508 2433 ergo
2538 2359 2718 2416 ﬁdelis
2747 2362 2928 2417 anima
2956 2364 3011 2417 in
3070 2365 3268 2420 mentis
3323 2367 3603 2437 speculam

2010 2457 2082 2515 et,
2116 2458 2372 2522 quantum
2402 2457 2599 2520 potest,
2647 2450 2829 2505 videat
2852 2452 2905 2505 in
2951 2467 3117 2523 quam
3168 2454 3383 2509 sublimi
3426 2455 3603 2512 locata

2010 2538 2080 2592 sit
2108 2537 2328 2593 domina
2354 2539 2540 2593 Maria.
2573 2537 2764 2594 Omnis
2791 2549 2985 2595 natura
3013 2557 3043 2594 a
3075 2542 3191 2597 Deo
3215 2554 3299 2598 est
3338 2542 3502 2612 facta,
3550 2550 3606 2600 et

2010 2627 2159 2682 Deus
2182 2635 2265 2681 est
2294 2626 2468 2682 factus
2497 2643 2561 2683 ex
2592 2627 2780 2682 Maria.
2810 2628 2957 2683 Deus
2985 2631 3229 2685 omnium
3261 2630 3434 2689 factor
3460 2647 3607 2688 seex

2011 2715 2178 2770 Maria
2200 2714 2527 2784 fecit,etsic
2545 2723 2739 2772 cuncta
2767 2716 2974 2771 refecit.
3032 2716 3135 2787 Qui
3191 2720 3363 2787 potuit
3418 2721 3608 2777 omnia

2009 2820 2078 2859 ex
2105 2804 2274 2859 nihilo
2305 2803 2501 2870 facere,
2525 2803 2695 2859 noluit
2724 2819 2789 2860 ea
2809 2805 3005 2860 violata
3034 2807 3150 2862 sine
3171 2808 3340 2863 Maria
3361 2807 3602 2865 reﬁcere.

2010 2893 2161 2949 Deus
2189 2900 2272 2948 est
2300 2891 2464 2965 igitur
2490 2893 2647 2948 Pater
2676 2909 2859 2947 rerum
2891 2902 3216 2963 creatarum,
3249 2905 3303 2951 et
3332 2896 3497 2952 Maria
3525 2904 3610 2953 est

2010 2990 2186 3037 mater
2206 2997 2385 3037 rerum
2426 2989 2810 3038 recreatarum.
2861 2983 3010 3039 Deus
3063 2983 3213 3039 illum
3273 2986 3459 3057 genuit
3510 3002 3608 3057 per

2008 3086 2167 3141 quem
2199 3078 2321 3124 sunt
2348 3070 2531 3126 omnia
2560 3070 2721 3137 facta,
2752 3078 2806 3125 et
2834 3071 3002 3126 Maria
3058 3072 3212 3127 illum
3270 3074 3460 3146 genuit
3508 3089 3609 3145 per

298 3177 379 3224 ter
407 3176 462 3223 et
499 3174 673 3221 mater
700 3162 875 3219 soboli
928 3175 1041 3216 suae
1089 3160 1306 3221 debent.
1356 3158 1470 3213 sola
1507 3157 1609 3212 ista
1650 3155 1823 3210 dulcis
1852 3162 1906 3210 et
1937 3223 1972 3235 Α
2008 3175 2169 3229 quem
2200 3166 2323 3213 sunt
2348 3160 2531 3213 omnia
2560 3158 2763 3213 refecta
2792 3167 2845 3214 et
2887 3159 3115 3214 salvata.
3167 3161 3277 3216 Per
3324 3164 3424 3217 has
3472 3177 3608 3235 ergo

296 3223 518 3313 terrena
565 3262 734 3309 mater
762 3250 984 3307 domino
1014 3253 1071 3303 et
1098 3246 1210 3302 ﬁlio
1239 3262 1336 3303 suo
1361 3245 1737 3317 impendebat.
1787 3245 1901 3298 Nec
1930 3223 1976 3287 δ
2008 3223 2455 3303 ratiocinationes
2482 3246 2824 3316 impossibile
2853 3254 2936 3302 est
2982 3256 3038 3302 ut
3084 3248 3279 3321 aliquis
3329 3251 3491 3306 homo
3534 3223 3606 3306 ἔτι

304 3354 383 3402 est
407 3345 591 3415 aliqua
640 3341 864 3397 scientia
912 3354 1030 3409 quae
1077 3336 1248 3408 possit
1285 3343 1587 3407 penetrare,
1634 3349 1735 3388 nec
1777 3331 1898 3387 elo-

299 3433 519 3507 quentia
547 3447 668 3504 quae
697 3429 865 3501 possit
895 3425 1206 3498 prtrdicare,
1239 3432 1436 3496 quanta
1477 3421 1784 3478 dulcedinis
1815 3438 1901 3477 se-

298 3523 530 3578 dulitate
559 3518 844 3591 parvulum
895 3515 1112 3583 foverit,
1163 3520 1361 3583 quanta
1403 3510 1687 3582 diligentia
1730 3511 1897 3566 obse-

296 3608 534 3678 quiaque
562 3604 966 3659 adolescentem
998 3607 1049 3653 et
1078 3599 1131 3652 in
1178 3598 1345 3652 robur
1386 3596 1565 3650 aetatis
1607 3596 1896 3651 vadentem

294 3693 625 3766 provexerit,
658 3698 858 3763 quanta
897 3686 1083 3743 laetitia
1107 3686 1359 3755 juvenem
1386 3683 1648 3738 miracula
1686 3683 1894 3739 facien-

294 3792 410 3839 tem
429 3791 683 3839 eteorum
699 3778 875 3852 gloria
898 3777 1165 3831 famosum
1189 3773 1435 3838 audierit,
1461 3771 1674 3843 viderit,
1697 3780 1893 3842 quanta

291 3871 551 3927 mmstitia
589 3869 886 3941 patientem
932 3873 985 3920 et
1027 3863 1347 3919 morientem
1391 3861 1769 3931 suspiraverit.
1823 3862 1893 3916 Et

289 3962 411 4016 haec
450 3958 697 4031 profecto
747 3963 896 4010 tanto
936 3951 1094 4007 nobis
1140 3958 1261 4006 sunt
1318 3965 1456 4020 pene
1497 3949 1887 4021 incogitabilia,

291 4056 494 4121 quanto
518 4048 757 4101 insueta.
790 4045 908 4098 Jam
940 4056 1069 4097 vero
1099 4046 1471 4111 resurgentem
1500 4044 1552 4092 et
1580 4038 1887 4092 ascenden-

294 4145 400 4192 tem
434 4151 596 4208 quam
640 4133 779 4189 laetis
820 4130 995 4186 oculis
1034 4128 1206 4201 Virgo
1252 4126 1380 4181 felix
1426 4124 1637 4191 intuita,
1684 4132 1887 4197 quanto

290 4225 529 4297 tripudio
559 4224 716 4277 beata
735 4218 1099 4275 movebantur
1126 4216 1363 4285 viscera,
1407 4214 1710 4286 praesertim
1762 4230 1884 4269 cum

280 4314 399 4384 jam
421 4312 749 4383 intelligeret
770 4310 822 4364 in
854 4306 1101 4363 eﬂectum
1143 4304 1357 4378 prodire
1399 4319 1521 4375 quae
1559 4309 1710 4358 tanto
1753 4318 1883 4374 par-

286 4403 626 4459 turiebautur
648 4398 924 4470 tempore?
970 4397 1153 4452 Genus
1198 4396 1492 4449 humanum
1535 4392 1605 4447 ad
1652 4391 1883 4446 salutem

285 4491 469 4547 vocari
496 4506 595 4561 per
630 4486 905 4560 apostolos
952 4484 1189 4551 videbat,
1238 4482 1395 4551 cujus
1436 4480 1513 4536 rei
1555 4480 1735 4553 gratia
1783 4479 1882 4534 Dei

2010 3351 2129 3391 eam
2158 3351 2448 3391 conversus
2477 3343 2530 3391 et
2557 3334 2626 3389 ab
2655 3350 2721 3391 ea
2779 3344 3055 3405 respectus
3109 3337 3414 3394 damnetur.
3463 3339 3608 3395 Nam

2009 3424 2134 3497 quia
2164 3423 2281 3494 ipsa
2307 3424 2495 3497 genuit
2523 3439 2648 3479 eum
2677 3438 2777 3493 per
2795 3439 2954 3494 quem
2988 3432 3201 3480 mortua
3254 3425 3607 3495 reviviscunt,

2007 3529 2108 3585 per
2128 3529 2288 3585 quem
2309 3513 2560 3567 homines
2585 3528 2653 3567 ex
2669 3520 2896 3584 peccato
2917 3512 3217 3582 salvantur,
3249 3513 3377 3584 quia
3397 3530 3506 3570 non
3524 3524 3609 3571 est

2001 3601 2337 3673 justiﬁcatio,
2368 3600 2469 3656 nisi
2499 3616 2663 3673 quam
2685 3600 2803 3671 ipsa
2836 3599 2891 3655 in
2934 3609 3085 3656 utero
3143 3601 3298 3668 fovit;
3357 3618 3469 3659 non
3522 3611 3605 3660 est

2004 3692 2172 3757 salus,
2224 3690 2324 3746 nisi
2375 3706 2537 3763 quam
2562 3691 2685 3761 ipsa
2714 3689 2943 3760 peperit.
3003 3692 3130 3761 Ipsa
3174 3699 3257 3747 est
3306 3707 3442 3764 ergo
3480 3707 3605 3748 ma-

2006 3788 2087 3835 ter
2126 3778 2484 3850 justiﬁcantis
2540 3786 2592 3835 et
2624 3776 3066 3850 justiﬁcatorum;
3120 3778 3239 3852 ipsa
3288 3788 3371 3836 est
3427 3789 3606 3837 mater

2000 3868 2259 3925 salvantis
2297 3872 2352 3925 et
2378 3868 2731 3924 salvatorum.
2765 3868 2944 3940 Igitur
2972 3875 3149 3924 mater
3177 3867 3272 3924 Dei
3311 3869 3402 3941 qui
3453 3870 3602 3926 solus

1998 3958 2239 4027 damnat,
2275 3958 2364 4027 qui
2394 3957 2545 4012 solus
2572 3958 2764 4023 salvat,
2798 3972 2958 4027 quem
2989 3957 3172 4012 solum
3216 3957 3490 4025 timemus,
3539 3958 3597 4014 in

1998 4062 2104 4117 quo
2134 4046 2255 4101 solo
2285 4060 2587 4116 speramus,
2619 4052 2702 4099 est
2728 4052 2907 4099 mater
2934 4053 3138 4101 nostra.
3168 4044 3347 4101 Judex
3376 4055 3429 4102 et
3472 4046 3599 4102 Sal-

1995 4143 2147 4192 vator
2174 4142 2376 4200 noster,
2409 4140 2489 4188 est
2535 4133 2702 4187 frater
2729 4138 2929 4187 noster.
2972 4131 3259 4201 Quomodo
3300 4148 3433 4207 ergo
3486 4134 3594 4190 de-

1994 4239 2290 4295 speremus,
2322 4237 2445 4277 cum
2473 4220 2637 4289 salus,
2667 4220 2782 4277 sive
2810 4218 3088 4276 damnatio
3136 4228 3335 4290 nostra,
3367 4237 3440 4277 ex
3469 4222 3600 4279 boni

1993 4300 2181 4368 fratris
2221 4319 2275 4367 et
2300 4311 2407 4383 piae
2435 4307 2621 4364 matris
2648 4307 2885 4380 pendeat
2911 4308 3167 4365 arbitrio?
3194 4309 3453 4381 Nunquid
3474 4327 3589 4367 sus-

1992 4401 2184 4469 tinebit
2228 4400 2402 4456 bonus
2458 4397 2628 4454 frater
2652 4397 2831 4470 puniri
2859 4396 3056 4454 fratres
3110 4413 3235 4453 suos
3260 4413 3396 4469 quos
3430 4400 3596 4456 rede-

1989 4492 2103 4556 mit,
2153 4490 2297 4545 bona
2324 4494 2497 4543 mater
2542 4486 2788 4542 damnari
2832 4485 2973 4542 ﬁlios
3010 4501 3138 4542 suos
3180 4502 3409 4558 quorum
3465 4488 3590 4559 ipsa

283 4580 482 4636 Filium
508 4579 581 4634 de
609 4593 667 4632 se
696 4577 1103 4646 incorporatum
1134 4579 1189 4628 et
1215 4571 1269 4626 in
1298 4585 1461 4626 cruce
1485 4584 1711 4640 passum
1756 4576 1880 4625 ante
1908 4569 1962 4631 D
1984 4580 2408 4649 Redemptorem
2436 4575 2652 4648 genuit?
2683 4575 2870 4631 Dulcis
2898 4581 3074 4630 mater
3108 4574 3328 4648 regabit
3369 4573 3588 4632 dulcem

281 4668 655 4725 intellexerat.
694 4664 1033 4736 Quapropter
1061 4660 1349 4717 laetabatur
1377 4658 1523 4730 quod
1553 4658 1667 4730 spei
1718 4673 1877 4730 quam

282 4764 410 4812 ante
437 4761 783 4826 conceperat,
815 4751 1069 4823 quodque
1099 4749 1336 4804 salutare
1376 4747 1476 4802 toti
1513 4745 1715 4800 mundo
1764 4746 1882 4800 fore

282 4869 353 4909 ex
379 4856 510 4910 voto
538 4850 867 4924 virginitatis
894 4864 1007 4903 suae
1039 4850 1372 4919 speraverat,
1390 4842 1513 4913 jam
1540 4842 1595 4896 in
1630 4858 1743 4898 rem
1779 4858 1882 4897 ve-

281 4965 406 5008 rum
436 4949 722 5008 transibat.
755 4945 1074 5004 Gaudebant
1103 4952 1156 5001 et
1184 4942 1365 5016 angeli
1391 4940 1483 5014 qui
1526 4939 1781 4997 videbant
1800 4940 1884 4995 ci-

631 5687 878 5747 ΡΑτιιοι..
919 5680 1089 5745 CLIX

1989 4669 2156 4724 ﬁlium
2193 4682 2368 4733 suum,
2412 4665 2567 4735 pium
2617 4664 2840 4722 fratrem
2869 4671 3128 4727 nostrum;
3171 4661 3344 4719 ﬁlium
3381 4679 3482 4735 pro
3519 4664 3594 4719 ﬁ-

1989 4759 2095 4828 liis,
2136 4755 2476 4830 unigenitum
2523 4769 2621 4826 pro
2660 4751 2957 4824 adaptatis.
3005 4751 3127 4807 Pius
3171 4750 3317 4808 ﬁlius
3363 4752 3599 4810 libenter

1992 4848 2181 4903 audiet
2206 4852 2433 4901 matrem
2478 4857 2579 4913 pro
2628 4841 2774 4910 ﬁliis,
2818 4839 3139 4913 Unigenitus
3186 4856 3286 4914 pro
3332 4841 3400 4898 iis
3451 4857 3587 4917 quos

1992 4933 2286 5008 adoptavit,
2318 4931 2582 4989 Dominus
2610 4947 2710 5006 pro
2738 4930 2807 4988 iis
2849 4944 2983 5002 quos
3020 4929 3297 4990 liberavit.

3230 5679 3297 5742 19
