4046 6076
254 314 364 371 589

1285 358 1304 375 .
1349 327 1476 384 LIB.
1509 325 1605 385 DE
1632 328 2104 392 BEATITUDINE
2135 336 2482 399 εοιζιιῑετι.

3460 367 3573 423 590

262 441 325 496 in
346 441 522 495 Deum
540 442 805 499 contrahi
823 458 981 513 posse
1002 451 1154 503 certo
1175 452 1479 520 sentirent,
1496 455 1585 510 vel
1611 472 1671 512 se
1710 458 1778 513 ab
1800 455 1864 488 ἶν’
1889 466 1945 524 Α
1975 464 2174 534 quippe
2201 466 2480 524 oculorum
2502 479 2819 531 nostrorum
2852 478 2906 533 in
2948 480 3323 542 sublevatione
3370 488 3564 561 palpe-

262 544 449 561 nmnnn
474 535 808 561 ΜΙΑ-οιιιιυι-..“
836 533 1221 561 :.....-J.'_.'..-..
1257 557 1284 561 .-
1303 542 1454 561 -ηιμη
1479 558 1519 561 -_
1538 559 1550 561 -
1572 559 1579 561 ξ
1636 560 1643 561 ,
1703 553 1713 561 .
1973 549 1985 561 ι
2316 558 2327 561 -

256 544 449 585 amore
470 535 811 587 aeternorum
834 533 1225 607 impedirinan
1250 542 1866 617 pertimescerent,pro-

253 619 803 689 fectojucundiusin
840 623 979 693 ipsis
1023 641 1194 696 quam
1237 629 1301 684 in
1331 646 1524 685 eorum
1555 635 1866 690 contrariis

257 722 380 762 sese
396 707 759 765 deducerent.
781 711 874 765 His
891 713 977 766 ita
994 716 1333 784 praelibatis,
1352 720 1578 789 singula
1595 738 1717 793 qua
1728 737 1861 795 pro-

252 800 552 867 posuimus
569 799 809 855 breviter
833 804 1165 868 tractemus,
1190 810 1247 860 et
1283 809 1533 878 qualiter
1571 810 1693 866 illis
1734 816 1861 881 post

254 899 553 956 corporum
572 891 895 945 nostrorum
936 896 1417 951 resurrectionem
1464 899 1858 970 per/ruemur,

252 977 426 1043 prout
466 976 734 1032 Dominus
768 978 1006 1049 dederit,
1034 983 1410 1053 explicemus.

792 1102 1014 1159 CAPUT
1046 1107 1341 1165 PRIMUM.

452 1197 529 1252 De
540 1199 972 1268 pulchritudine
1001 1219 1299 1276 corporum
1328 1207 1642 1265 beatorum.

326 1286 513 1356 Itaque
549 1286 894 1356 pulchritudo
942 1290 1148 1346 bonum
1189 1295 1466 1363 quoddam
1499 1306 1579 1351 est
1608 1306 1660 1353 et
1716 1297 1861 1371 quod

249 1374 624 1428 naturalitera
661 1378 873 1432 cunctis
913 1379 1097 1435 haberi
1150 1392 1378 1438 amatur.
1439 1385 1498 1438 In
1557 1386 1651 1440 illa
1699 1386 1863 1457 igitur

249 1456 362 1512 vita
427 1458 779 1529 pulchritudo
822 1461 1090 1530 justorum
1137 1467 1267 1521 solis
1314 1456 1743 1538 pulchritudini,"
1771 1472 1862 1542 qui

250 1547 680 1617 septempliciter
706 1565 873 1620 quam
904 1552 1066 1608 modo
1109 1555 1175 1608 sit
1228 1556 1523 1627 speciosior
1578 1558 1696 1626 erit,
1757 1561 1861 1617 ad-

250 1635 570 1706 mquabitur,
593 1639 1054 1707 quemadmodum
1079 1642 1263 1698 divina
1286 1645 1577 1717 Scriptura
1597 1655 1856 1704 testatur:

248 1723 591 1796 Futgebunt,
616 1727 884 1799 inquiens,
892 1730 1066 1801 justi,
1083 1733 1231 1787 sicut
1248 1734 1333 1788 sol
1350 1734 1412 1789 in
1434 1741 1743 1808 conspectu
1762 1740 1857 1795 Dei

254 1811 616 1881 (Matth.xur,
651 1815 759 1884 43).
784 1816 867 1870 Ad
907 1818 1043 1884 haec,
1077 1836 1271 1890 corpus
1304 1822 1645 1879 Dominicum
1684 1826 1848 1882 clari-

251 1901 349 1954 tati
394 1902 531 1955 solis
560 1904 856 1973 praelucere
889 1907 1070 1962 nescio
1095 1909 1333 1978 aliquem
1365 1927 1525 1980 posse
1564 1913 1867 1986 ambigere.

251 1984 328 2038 Et
358 1985 407 2041 ei
434 1986 661 2054 similes,
694 1993 1285 2062 attestanteApostolo,
1311 1994 1531 2064 erimus,
1565 1997 1655 2066 qui
1695 1984 1864 2058 dicit:

259 2074 605 2143 Reformabit
626 2093 829 2149 corpus
851 2079 1201 2135 humilitatis
1213 2086 1423 2137 nostra:
1444 2085 1803 2156 conﬁguratu
1817 2105 1869 2143 m

263 2164 484 2234 corpori
506 2165 793 2223 claritatis
814 2184 931 2223 sua:
952 2167 1130 2237 (Phil.
1158 2184 1238 2235 ιιι,
1264 2173 1377 2241 21).
1411 2174 1515 2227 Ista
1545 2171 1735 2229 fatetur
1764 2191 1868 2231 au-

267 2250 509 2320 ctoritas,
539 2252 625 2307 cui
682 2256 1059 2312 contradicere
1117 2258 1285 2312 scitur
1336 2274 1454 2315 esse
1511 2260 1682 2316 nefas.
1740 2265 1868 2320 Haec

267 2345 453 2393 tamen
490 2340 533 2395 si
565 2342 683 2411 quis
720 2343 825 2398 sibi
855 2344 984 2399 velit
1003 2344 1211 2401 ratione
1239 2347 1485 2418 probari,
1527 2350 1692 2405 credo
1735 2350 1868 2407 nulli

264 2425 467 2505 debere
496 2429 809 2487 incredibile
840 2431 1012 2488 videri
1035 2433 1217 2503 justos
1240 2435 1694 2505 pulchritudinem
1734 2441 1868 2496 solis

261 2514 321 2567 in
351 2504 449 2571 illa
470 2519 601 2587 vita,
650 2520 743 2574 ubi
796 2521 1023 2575 mortale
1078 2524 1179 2579 hoc
1236 2504 1612 2581 absorbebitur
1668 2543 1701 2582 a
1761 2529 1868 2585 vita

264 2611 348 2681 (II
374 2612 494 2666 Cor.
527 2626 582 2677 v,
605 2610 681 2679 4),
701 2609 902 2676 sortiri,
926 2625 1048 2665 cum
1078 2628 1203 2667 vere
1236 2612 1481 2668 dicantur
1511 2622 1562 2670 et
1590 2615 1696 2671 sint
1728 2625 1865 2673 tem—

269 2700 423 2769 plum
452 2707 508 2754 et
536 2699 694 2753 sedes
723 2698 844 2764 Dei,
876 2699 1024 2768 quod
1052 2716 1319 2771 nusquam
1349 2701 1404 2756 in
1432 2702 1617 2761 divina
1658 2706 1864 2778 pagina

276 2788 345 2845 de
365 2786 487 2861 solo
502 2786 611 2842 isto
641 2786 837 2842 visibili
860 2787 1207 2844 meminimus
1239 2789 1369 2861 legi.

882 2897 1106 2955 CAPUT
1139 2900 1204 2954 ll.

854 2998 931 3053 De
951 2996 1271 3053 velocitate.

331 3095 635 3162 Velocitas,
671 3108 790 3163 qum
819 3092 1217 3162 pulchritudine
1264 3110 1373 3151 non
1422 3095 1602 3151 minus
1631 3104 1862 3166 amatur,

1971 549 2187 607 brarum
2224 558 2423 612 caelum
2470 577 2639 633 usque
2696 567 2972 641 pertingit,
3024 579 3076 626 et
3123 574 3177 627 in
3216 573 3324 629 ictu
3380 592 3565 635 earum

1970 646 2109 695 totus
2137 643 2196 697 in
2226 652 2419 716 semet,
2451 665 2515 705 ac
2580 652 2793 725 integer
2838 658 2995 713 redit.
3052 662 3300 733 Amplius
3354 678 3565 724 constat

1969 728 2184 798 quidem
2214 735 2425 790 animas
2448 749 2777 811 sanctorum,
2800 748 3041 817 quzejam
3061 728 3307 807 caele-tia
3348 761 3555 827 tenent,

1968 819 2204 874 necdum
2234 823 2399 893 plena
2427 826 2683 886 felicitate
2704 832 2825 903 frui,
2851 837 3025 892 donec
3054 819 3560 911 incorruptibilitate

1967 922 2255 978 corpomm
2309 930 2535 971 suorum
2582 921 2877 991 potiantur.
2937 924 3113 996 Quam
3162 945 3286 985 cum
3347 941 3563 1012 adeptae

1968 996 2164 1052 fuerint
2194 997 2277 1066 ’°°,
2310 1020 2417 1059 non
2448 1008 2703 1081 eritquod
2725 1015 2955 1086 amplius
2986 1021 3171 1079 velint.
3206 1027 3343 1086 Haec
3385 996 3567 1104 itaque

1968 1101 2199 1158 corpora
2227 1090 2271 1144 si
2292 1107 2388 1147 eas
2417 1109 2447 1149 a
2474 1112 2571 1151 sua
2601 1099 2887 1160 velocitate
2918 1110 3182 1170 tardiores
3209 1126 3303 1173 aut
3330 1090 3561 1190 gravio-

1967 1190 2052 1229 res
2078 1175 2290 1235 eﬂicere
2319 1181 2594 1255 deberent,
2615 1187 2865 1247 nimirum
2889 1198 3073 1266 potius
3107 1217 3293 1259 eorum
3330 1175 3570 1266 bonsor—

1966 1263 2096 1324 tium
2118 1266 2469 1327 abhorrerent
2509 1290 2665 1345 quam
2716 1263 3057 1351 appeterent.
3106 1290 3279 1364 Igitur
3316 1263 3568 1370 ea

1966 1352 2197 1412 dicimus
2225 1359 2511 1418 velocitate
2554 1366 2960 1443 perfungemur,
3012 1352 3228 1437 cumvin
3284 1352 3435 1441 vera!
3456 1388 3571 1445 vita

2591 1553 2813 1615 CAPUT
2844 1560 2939 1617 III.

2504 1646 2585 1707 De
2638 1657 3004 1725 [ortitudine.

2044 1749 2170 1805 Post
2196 1750 2294 1807 has
2322 1753 2721 1817 nominavimus
2750 1763 3143 1842 fortitudinem,
3189 1789 3355 1848 quam
3389 1775 3562 1849 pleri-

1878 1828 1932 1889 B
1966 1853 2071 1906 que
2100 1854 2293 1909 perosa
2321 1841 2694 1906 imbecillitate
2725 1852 3016 1923 plurimum
3074 1828 3572 1925 timeat—"basia-

1979 1925 2111 1981 bunt
2139 1926 2303 1999 igitur
2331 1930 2556 2001 viribus,
2615 1939 2922 2015 quicunque
2977 1949 3230 2021 supernis
3275 1956 3572 2012 meruerint

1981 2014 2189 2070 civibus
2217 2019 2574 2088 associari,in
2594 2032 2796 2082 tantum
2815 2040 2872 2086 ut
2903 2014 3210 2094 nulla—tenus
3265 2040 3375 2097 illis
3420 2045 3574 2100 obsi-

1980 2280 2110 2351 quin
2134 2281 2280 2339 illico
2309 2285 2484 2342 cedat.
2510 2289 2624 2347 Nec
2648 2292 2705 2348 in
2761 2312 2827 2353 eo
2911 2302 3056 2371 quod
3097 2280 3330 2363 dicimus
3380 2311 3576 2383 majori

1979 2378 2169 2425 conatu
2201 2371 2524 2433 laborabunt
2553 2396 2711 2451 quam
2765 2400 2865 2441 nos
2895 2390 3059 2446 modo
3101 2391 3157 2448 in
3205 2403 3353 2452 motu
3387 2371 3578 2457 octilo-

1979 2475 2098 2513 rum
2129 2458 2194 2488 ὀί
2224 2470 2550 2521 nostrorum.
2600 2470 2703 2540 Ne,
2764 2489 2969 2545 quaeso,
3009 2480 3232 2538 excidat
3270 2486 3454 2542 animo
3519 2487 3584 2517 ’°’

1979 2562 2145 2618 quam
2174 2549 2872 2629 adipiscemurangelorum
2922 2566 3237 2639 similitudo,
3287 2582 3575 2645 quatenus,

1978 2635 2025 2689 si
2054 2636 2143 2692 hic
2171 2636 2231 2664 ’°'
2271 2648 2363 2695 aut
2390 2641 2446 2696 in
2471 2642 2537 2699 iis
2553 2662 2673 2716 qua:
2697 2648 2889 2706 dicturi
2928 2671 3113 2711 sumus
3140 2635 3361 2730 aliqudd
3383 2678 3576 2719 exem-

1976 2723 2129 2793 plum
2160 2742 2268 2782 non
2283 2733 2594 2800 occurrerit,
2616 2735 2738 2792 idsa
2785 2748 3057 2813 occurrat,
3103 2749 3335 2818 atquein
3382 2750 3580 2821 quibus

1976 2814 2202 2885 angelos
2218 2817 2399 2873 valere
2419 2822 2741 2895 constiterit,
2760 2835 2815 2883 et
2829 2844 2929 2885 nos
2948 2847 3106 2904 asque
3154 2814 3341 2893 valere
3380 2814 3581 2910 probet

1977 2908 2272 2958 etasserat.
2292 2907 2578 2965 Neminem
2616 2920 2797 2971 autem
2819 2918 2912 2990 qui
2927 2920 3138 2978 dubitet
3158 2907 3398 2983 existere
3443 2937 3574 3000 puto

1975 2991 2204 3061 angelos
2233 3009 2295 3049 ea
2323 3012 2426 3064 qua
2456 2999 2642 3056 volunt
2656 3001 2975 3064 fortitudine
2990 3009 3164 3084 fungi.
3187 3012 3297 3069 Sed
3321 2991 3568 3074 fortassis

1976 3081 2388 3154 quaeretaliquis
2410 3087 2538 3157 quid
2555 3090 2712 3146 nobis
2740 3092 2832 3149 illa
2868 3081 3125 3156 fortitudo
3153 3110 3397 3174 praestet,
3439 3122 3566 3162 cum

267 3195 414 3241 “mm
443 3200 545 3240 nos
598 3181 943 3238 comimhimr
1001 3190 1059 3236 ιη
1106 3183 1236 3254 ipsis
1290 3185 1503 3254 angelis
1560 3185 1655 3239 Dei
1707 3201 1863 3257 eque
1892 3192 1941 3256 Ο
1973 3168 2339 3264 singulistam
2368 3177 3561 3264 convenienter,utconvenientiusnequeant,

257 3275 465 3331 celeres
483 3274 669 3340 simus,
703 3270 1011 3343 quiacaelo
1045 3273 1116 3325 ad
1177 3281 1365 3336 terras,
1421 3281 1471 3327 et
1533 3289 1565 3327 a
1612 3274 1767 3328 terris
1806 3274 1860 3328 in

255 3364 453 3421 coelum
501 3363 644 3416 dicto
687 3360 844 3415 citius
892 3358 1230 3413 dilabuntur.
1293 3358 1427 3428 Quae
1483 3362 1755 3430 celeritas,
1815 3362 1861 3417 si

252 3461 434 3507 utrum
469 3451 537 3505 sit
568 3450 621 3504 in
650 3449 865 3520 angelis
897 3448 1112 3518 probari
1137 3460 1358 3503 necesse
1380 3458 1522 3503 esset
1554 3448 1639 3515 “',
1672 3466 1860 3504 exem-

255 3542 334 3613 pli
364 3541 557 3613 gratia,
591 3539 696 3594 dici
729 3538 957 3593 forsitan
985 3536 1496 3637 possethominem,
1530 3538 1746 3637 mortali
1774 3539 1859 3637 ad-

258 3632 365 3684 huc
391 3644 549 3685 carne
579 3635 894 3699 gravatum,
953 3641 1080 3680 mox
1104 3641 1133 3679 a
1153 3625 1342 3681 Judma
1373 3641 1470 3696 per
1499 3627 1756 3698 angelum
1802 3627 1858 3681 in

251 3718 561 3773 Chaldaeam
592 3717 852 3785 delatum,
884 3715 1142 3785 indeque,
1178 3715 1379 3770 tradito
1422 3715 1651 3784 prandio
1707 3716 1855 3787 quod

249 3806 547 3873 deferebat,
565 3806 682 3860 sine
712 3819 867 3859 mora
906 3804 1157 3859 relatum.
1210 3803 1359 3871 Ergo
1409 3818 1533 3858 cum
1584 3803 1700 3858 istis
1728 3819 1853 3858 om-

249 3896 378 3952 nino
406 3912 505 3966 par
535 3894 794 3951 velocitas
823 3893 930 3946 illis
973 3893 1102 3959 erit,
1164 3891 1386 3963 quibus,
1405 3892 1557 3991 sicut
1588 3892 1849 3991 promissa

249 3993 351 4051 est,
383 3985 600 4039 illorum
654 3982 933 4052 aequalitas
974 3979 1153 4035 inerit.
1191 3979 1487 4049 Apostolus
1533 3981 1713 4049 etiam,
1738 3981 1850 4077 -qui

248 4088 478 4144 corpora
507 4079 706 4138 nostra,
740 4077 1158 4142 quantacunque
1185 4069 1424 4123 locorum
1441 4070 1850 4140 intercapedine

246 4170 501 4233 separata
530 4158 870 4216 membratim
910 4158 1132 4225 fuerint,
1165 4157 1281 4212 sive
1308 4157 1583 4227 dispersa,
1618 4159 1683 4257 in
1727 4161 1851 4257 ictu

247 4251 401 4310 oculi
427 4251 476 4320 (Ι
497 4248 628 4304 Cor.
660 4265 751 4315 xv,
784 4248 874 4317 52)
904 4246 1094 4301 asserit
1137 4252 1524 4346 resurrectura,
1574 4247 1702 4346 satis
1755 4246 1848 4301 in-

248 4339 367 4397 nuit
391 4354 553 4410 quam
582 4337 929 4393 velocitatem
958 4335 1152 4390 eadem
1183 4349 1422 4406 corpora
1445 4336 1561 4405 jam
1579 4335 1846 4434 iincorruf

249 4428 463 4501 ptibilia
484 4426 590 4482 sint
611 4426 879 4480 habitura.
916 4423 1291 4526 Corruptibile
1319 4425 1528 4526 quippe
1572 4424 1847 4526 ltoc,.s.icut

246 4520 367 4590 ipse
395 4523 643 4584 testatur,
664 4515 1230 4611 incorruptionem,“
1250 4513 1494 4569 mortale
1508 4512 1706 4613 induet

241 4606 654 4662 mortalitatem
684 4603 823 4673 (ibid
834 4643 877 4668 .,
908 4603 999 4670 53)
1046 4601 1223 4671 Hujus
1255 4616 1472 4672 quoque
1529 4601 1839 4657 velocitatis

241 4693 554 4764 exemplum
578 4694 636 4747 in
667 4691 821 4746 radio
851 4690 983 4747 solis
1003 4690 1128 4745 licet
1156 4690 1375 4751 intueri,
1396 4689 1680 4759 quistatim
1716 4698 1839 4746 orto

240 4785 354 4840 sole
380 4784 437 4837 in
463 4784 631 4854 plaga
677 4780 943 4849 orientali,
1012 4778 1270 4880 pertingit
1318 4778 1374 4832 in
1428 4778 1615 4833 ultima
1660 4779 1839 4880 plaga

242 4870 596 4930 occidentalis
632 4865 717 4939 θ’,
748 4876 806 4924 ut
834 4870 888 4923 in
918 4883 983 4924 eo
1014 4868 1409 4939 perpendamus
1437 4883 1545 4922 non
1576 4882 1697 4923 esse
1726 4870 1839 4923 im-

236 4961 501 5034 possibile
530 4963 674 5032 quod
695 4959 764 5015 de
794 4965 979 5014 nostra
1007 4957 1237 5011 dicimus
1280 4955 1466 5056 latura
1520 4955 1829 5056 velocitate,

232 5050 535 5122 praesertim
562 5065 684 5105 cum
716 5048 875 5103 rebus
913 5045 1169 5102 animatis
1214 5045 1387 5101 soleat
1430 5044 1611 5101 inesse
1652 5045 1832 5115 major

1968 3255 2167 3327 ubique
2189 3258 2480 3328 dispositis,
2499 3264 2632 3321 nihil
2681 3273 3022 3339 mutandum,
3047 3276 3180 3332 nihil
3214 3255 3569 3338 avertendum

1965 3343 2206 3414 nihilque
2227 3349 2478 3404 standum
2501 3353 2569 3408 sit
2600 3354 2654 3409 in
2678 3373 2786 3427 quo
2806 3360 2946 3415 vires
2982 3379 3114 3418 suas
3176 3366 3351 3435 quivis
3407 3386 3567 3427 exer-

1966 3440 2112 3487 ceat.
2142 3432 2245 3502 Qui
2263 3437 2379 3493 haec
2396 3438 2543 3506 dicit,
2578 3445 2766 3512 paucis
2798 3449 3084 3506 nobiscum
3127 3432 3259 3524 quid
3283 3455 3340 3510 in
3371 3458 3567 3530 hujus-

1962 3522 2106 3576 moli
2140 3523 2336 3579 habeat
2374 3543 2500 3582 usus
2517 3530 2783 3588 humanus
2814 3538 3077 3607 attendat,
3101 3522 3159 3597 et
3187 3543 3401 3601 videbit
3435 3522 3563 3618 quia

1960 3624 2071 3664 non
2098 3626 2315 3683 semper
2341 3616 2597 3673 omnibus
2621 3636 2742 3690 quae
2762 3624 3025 3682 habemus
3047 3637 3100 3685 et
3135 3646 3255 3705 quae
3293 3648 3394 3690 nos
3448 3616 3558 3691 ba-

1963 3696 2089 3753 bere
2119 3716 2227 3755 non
2242 3717 2433 3771 parum
2462 3708 2772 3777 gaudemus
2799 3723 2919 3769 actu
2940 3696 3168 3785 utimur,
3206 3720 3366 3788 sicut,
3408 3723 3562 3780 verbi

1960 3800 2138 3853 causa,
2178 3789 2300 3844 visu
2341 3791 2481 3863 ipso,
2516 3804 2783 3865 potestate
2836 3803 3041 3875 aliqua,
3093 3808 3326 3865 scientia
3379 3826 3560 3890 rerum

1955 3876 2334 3933 nonnullarum
2364 3888 2415 3935 et
2446 3884 2696 3942 multisiu
2719 3888 2865 3947 hunc
2895 3894 3141 3950 modum.
3164 3895 3262 3954 Sic
3304 3907 3357 3953 et
3403 3880 3554 3969 tunc,

1958 3962 2026 4017 de
2054 3980 2161 4033 qua
2188 3967 2365 4037 agitur
2398 3965 2747 4039 ’“,fortitudo
2775 3979 2892 4033 erit.
2943 3982 3073 4038 Sola
3130 4001 3365 4055 namque
3422 3962 3561 4059 pos;

1951 4052 2120 4106 sessio
2151 4054 2263 4121 ejus
2295 4065 2451 4126 grata
2498 4062 2655 4115 nobis
2709 4067 2830 4131 erit,
2864 4075 2917 4122 et
2962 4071 3253 4128 exsultatio
3275 4052 3292 4055 _
3323 4052 3558 4146 grandis

1952 4138 2069 4206 erii,
2102 4139 2224 4196 licet
2244 4158 2587 4217 nequaquam
2615 4149 2684 4203 sit
2712 4153 2868 4207 nobis
2924 4155 2979 4210 in
3011 4165 3154 4227 actu,
3211 4162 3438 4232 cunctis,
3498 4172 3565 4221 ut

1954 4227 2159 4282 dictum
2213 4238 2316 4296 est,
2375 4233 2432 4287 in
2471 4251 2569 4291 suo
2625 4246 2765 4294 statu
2823 4242 3125 4300 collocatis.
3175 4248 3306 4304 Haec
3361 4227 3556 4307 eadem

1953 4316 2211 4385 quaestio,
2243 4318 2289 4373 si
2308 4328 2398 4375 aut
2417 4320 2485 4377 de
2542 4325 2845 4399 velocitate,
2900 4340 2993 4387 aut
3036 4334 3103 4388 de
3150 4335 3334 4409 aliquo
3364 4354 3555 4394 eorum

1948 4420 2071 4476 quae
2119 4405 2190 4460 ob
2257 4410 2521 4479 propositi
2567 4410 2627 4440 ⁹⁰⁵
2692 4418 2876 4486 operis
2934 4405 3295 4480 intentionem
3355 4426 3550 4505 dicturi

1958 4508 2153 4549 sumus
2174 4497 2471 4567 quemlibet
2514 4511 2713 4570 movet,
2765 4521 2885 4561 eam
2941 4527 3051 4582 qua
3092 4511 3181 4567 hic
3226 4500 3415 4569 soluta.
3450 4524 3550 4584 est,

1954 4582 2298 4652 solutionem,
2332 4604 2390 4643 se
2423 4592 2745 4661 apertiorem
2773 4592 2954 4653 ’“non
2994 4598 3264 4668 habuerit,
3297 4603 3546 4674 accipere

1946 4670 2110 4728 valet.

2564 4778 2791 4836 CAPUT
2820 4781 2911 4839 IV.

2561 4875 2638 4932 De
2668 4878 2931 4937 libertate

2012 4965 2171 5035 Hinc,
2204 4971 2504 5028 secundum
2533 4973 2680 5045 quod
2723 4977 3126 5050 praposuimus,
3179 4985 3369 5047 ordine
3436 5005 3536 5049 suo

1940 5052 2166 5110 libertas
2184 5059 2442 5130 sequitur,
2464 5076 2584 5133 quae
2619 5064 2990 5133 superioribus
3032 5087 3143 5128 non
3195 5077 3379 5136 minus
3399 5083 3533 5137 dili-

230 5140 493 5196 velocitas
517 5152 678 5211 quam
718 5135 1046 5193 inanimatis.
1080 5135 1218 5191 Huic
1272 5134 1425 5191 radio
1465 5134 1595 5226 solis
1618 5134 1833 5226 ‘simile
1937 5141 2107 5213 gitur.
2142 5142 2463 5218 Quicunque
2477 5149 2644 5221 igitur
2671 5156 2991 5224 angelorum
3022 5158 3229 5218 iuerint
3265 5168 3527 5226 similitu-

229 5227 533 5286 velocitatis
582 5226 895 5299 exemplum
953 5225 1217 5281 habemus
1265 5224 1321 5278 in
1374 5223 1555 5279 nobis.
1617 5223 1822 5279 Radius

1937 5228 2118 5286 dinem
2148 5236 2399 5306 assecuti,
2429 5252 2615 5292 eorum
2646 5254 2860 5313 quoque
2887 5243 3193 5307 libertatem
3214 5257 3527 5316 necessario

1507 5360 1746 5419 VARIE
1802 5369 2107 5429 LECTION
2112 5373 2221 5430 ES.

298 5488 359 5520 ¹⁹⁷
401 5490 473 5549 Ut
498 5489 585 5546 vel
612 5507 671 5547 se
690 5507 822 5548 mss.
848 5491 1044 5585 amat.
1081 5481 1501 5585 ut.‘_"'Pr?bari
1531 5502 1752 5585 negasse
1768 5501 2002 5585 estnrss.
2031 5497 2251 5585 proeli-ari
2279 5516 2497 5585 necesse
2539 5513 2705 5562 esset.
2755 5506 3005 5585 “’l’lagaa
3063 5518 3354 5579 Orientalis
3399 5539 3509 5581 ms.

298 5577 404 5585 -_._.
428 5562 789 5585 n_-2.l__.a_l:_
962 5565 978 5585 Δ
1036 5568 1139 5585 λήι.
1197 5573 1344 5585 ..Α-ιη
1391 5573 1505 5585 με.-.
1558 5574 1584 5585 ι.
1632 5572 1764 5585 .-...n-_.
1839 5575 1991 5585 __s-,,-.
2224 5579 2234 5585 .

227 5561 407 5633 plaga:
427 5562 818 5618 Occidentalis.
883 5560 1143 5630 ’°°Adepti
1162 5558 1526 5633 rfueriutrnss.
1557 5560 1766 5629 adeptas
1799 5563 2014 5622 fuerint.

2067 5564 2275 5651 malum
2304 5578 2582 5651 oculorum
2609 5596 2745 5651 mss.
2804 5564 2857 5636 in
2889 5564 3037 5641 nimi
3094 5564 3396 5651 oculorum.
3435 5564 3541 5626 ’ἦν

2196 5624 2205 5626 ⁷
2228 5624 2273 5626 77V
2309 5624 2582 5631 --”“ν“-⁷““
2609 5624 2745 5635 ""'"
2804 5624 2857 5636 Ι..
2889 5624 3037 5641 ιιιιιω
3094 5624 3128 5644 υ
3164 5624 3212 5645 ul
3325 5624 3336 5648 ι
3382 5639 3396 5651 .
3494 5624 3507 5626 ἡ

228 5624 445 5688 Excitat
474 5636 655 5689 animo
679 5650 815 5689 mss.
842 5624 1288 5725 excidatgoanimo.
1318 5624 1807 5714 “Quatenus—hic.
1846 5652 1981 5693 mss.
2021 5646 2283 5708 quatenus
2300 5645 2345 5700 si
2378 5647 2485 5704 hic.
2519 5645 2580 5676 ’θ’
2600 5648 2915 5709 fortitudine
2949 5671 3056 5713 ms.
3096 5624 3383 5725 fdrtitiidg,
3449 5664 3512 5697 m

228 5705 510 5725 n_..._-_:n:
545 5721 654 5725 μ---
711 5719 801 5725 ____
822 5723 831 5725 -
852 5703 965 5725 --ξλξ
1171 5712 1395 5725 ..ι-..-η-
1428 5716 1542 5725 ΔΑ.--
1610 5711 1849 5725 -..Α-ΑΑΑΑ
1870 5723 1881 5725 _
1912 5724 1937 5725 Ὗ

224 5705 513 5777 Praepositi
540 5721 679 5761 mss.
707 5703 995 5778 pr0positi.
1055 5700 1398 5774 ’“Aptiorem
1425 5716 1566 5759 mss.
1608 5704 1967 5775 apertiorem.
