4046 6076
515 283 616 340 591

1473 273 1789 332 EADMERI
1825 273 2170 332 MONACHII
2209 275 2784 335 CANTUARIENSIS.

3719 275 3828 335 592

507 406 890 480 assequentur.
933 404 1117 473 Itaque
1145 400 1282 457 sicut
1325 401 1536 472 angelis
1571 398 1706 455 nihil
1737 400 1966 468 obsistit,
2008 414 2108 456 nec
2139 403 2198 464 Α
2225 401 2329 456 sint
2385 403 2758 472 experimento
2815 401 3120 457 didicerunt
3174 400 3230 455 in
3281 417 3359 470 se,
3415 408 3469 456 at
3525 403 3670 473 quod
3721 418 3828 459 nec

507 494 712 566 aliquid
743 509 837 549 eos
867 491 1130 562 impedire
1173 489 1260 545 vel
1296 490 1668 562 constringere
1722 498 1904 559 potest
1947 490 2100 560 quin,

504 599 608 654 pro
637 582 778 640 velle
808 597 924 649 suo,
958 583 1153 637 cuncta
1213 579 1490 634 liberrime
1538 585 1819 648 penetrent
1848 597 1859 640 ;
1895 579 1968 632 ita
1995 594 2103 632 non

506 673 608 729 erit
628 669 964 728 obstaculum
1011 669 1181 724 ullum
1213 668 1353 739 quod
1392 684 1492 723 nos
1523 668 1775 736 retardet,
1807 682 1916 722 non
1947 667 2103 723 clau-

503 776 629 816 sura
645 776 765 832 quae
794 775 894 816 nos
913 757 1168 823 detineat,
1226 773 1335 812 non
1364 757 1690 812 elementum
1747 755 1892 826 quod
1948 754 2106 811 nobis

500 849 569 904 ad
600 848 743 907 veile
767 847 1014 919 pervium
1027 846 1250 902 omnino
1281 861 1388 900 non
1405 852 1600 902 exstet.
1634 845 1889 915 Exempli
1916 860 2101 905 causa,

496 945 642 994 certe
670 937 1014 993 Dominicum
1040 951 1261 1007 corpus,
1316 935 1403 991 cui
1435 933 1823 1007 configuranda
1872 949 2101 1005 corpora

491 1033 679 1082 nostra
701 1025 900 1081 Paulus
921 1033 1144 1081 testatur
1159 1023 1392 1097 (Philip.
1410 1039 1490 1090 III,
1506 1024 1698 1094 Ἡλεί,
1735 1039 1894 1094 supra
1912 1024 2102 1079 memi-

490 1115 690 1184 nimus,
724 1115 912 1170 clauso
940 1114 1194 1185 sepulcro
1224 1130 1256 1168 a
1277 1112 1502 1168 mortuis
1532 1112 1778 1180 surrexit,
1796 1127 1859 1168 ac
1879 1112 2098 1167 demum

2215 507 2377 547 sensu
2406 491 2648 561 percepi,
2681 506 2780 546 nec
2810 491 2880 544 ab
2909 491 3021 546 ullo
3068 490 3161 562 qui
3193 490 3513 561 perceperit,
3571 500 3627 546 ut
3684 491 3822 560 dixi,

2213 580 2422 650 accepi,
2455 596 2562 635 non
2585 580 2776 634 eodem
2811 579 2993 634 modo.
3028 578 3261 635 Credere
3319 588 3496 635 tamen
3528 587 3580 635 et
3628 580 3827 636 incun-

2212 676 2441 735 ctanter,
2494 676 2550 722 ut
2607 683 2725 723 mea
2770 668 2991 737 quidem
3023 667 3124 722 fert
3158 668 3364 738 Opinio,
3397 676 3638 724 astruere
3693 669 3824 725 licet

2209 755 2498 811 sanitatem
2530 755 2654 812 vitae
2683 755 2876 810 futurae
2905 756 2980 811 ita
3017 756 3206 828 jugem
3236 765 3288 811 et
3316 756 3821 813 incommutabilem

2207 849 2367 915 atque
2397 843 2767 900 inviolabilem
2800 845 2919 900 fore
2947 852 3006 900 ut
3046 844 3310 900 ineffabili
3341 846 3579 918 quadam
3653 854 3818 916 atque

2207 933 2443 988 sensibili
2486 933 2763 988 suavitatis
2808 933 3276 989 dulcedinetotum
3294 933 3814 1006 hominemrepleat,

2209 1030 2264 1077 et
2316 1037 2479 1078 omne
2535 1022 2679 1093 quod
2711 1023 2942 1092 alicujus
2967 1023 3020 1076 in
3043 1039 3102 1078 se
3129 1023 3539 1093 vicissitudinis,
3571 1023 3812 1079 mutabi-

2207 1109 2388 1179 litatis,
2422 1118 2512 1165 aut
2543 1110 2783 1165 laesionis
2826 1111 3186 1182 suspicionem
3236 1113 3576 1182 praetendere
3631 1121 3811 1184 queat,

492 1204 564 1260 ad
620 1203 915 1274 discipulos
951 1201 1220 1258 obseratis
1241 1200 1430 1270 januis
1487 1201 1824 1272 palpandum
1890 1202 2106 1260 introiit
2203 1199 2394 1268 procul
2424 1207 2606 1257 arceat
2636 1206 2794 1270 atque
2824 1200 3070 1271 repellat.
3099 1201 3228 1257 Haec
3283 1200 3352 1256 de
3381 1201 3607 1256 sanitate
3662 1200 3810 1257 dicta

489 1293 674 1363 (Joan,
703 1309 806 1360 xx,
838 1294 929 1362 26,
960 1291 1072 1360 27),
1106 1291 1372 1360 nobisque
1402 1290 1456 1344 in
1485 1291 1592 1346 hoc
1620 1289 1884 1346 libertatis
1906 1289 2098 1347 futurae

494 1380 878 1437 documentum
921 1379 1128 1451 grande
1151 1379 1385 1448 reliquit.

1131 1469 1354 1524 CAPUT
1397 1469 1462 1524 V.

973 1559 1049 1615 De
1105 1557 1596 1630 impossibilitate.

559 1650 737 1720 Super
764 1649 882 1704 haec
909 1648 1197 1703 sanitatem
1246 1647 1418 1702 amari
1453 1647 1521 1700 ab
1579 1647 1888 1702 hominibus
1944 1647 2090 1702 dixi-

2203 1285 2329 1341 sint.

2826 1378 3046 1436 CAPUT
3090 1379 3175 1434 VI.

2769 1469 2845 1523 De
2910 1469 3219 1539 voluptate.

2271 1554 2409 1609 Hinc
2437 1570 2501 1611 eo
2531 1555 2720 1611 ordine
2753 1572 2858 1626 quo
2889 1556 3107 1629 singula
3137 1557 3206 1612 de
3231 1557 3429 1630 quibus
3480 1557 3809 1614 instituimus

2203 1648 2430 1698 tractare
2513 1647 2914 1715 proposuimus,
3000 1645 3334 1716 voluptatem
3404 1647 3805 1718 subjunximus,

487 1753 625 1793 mus.
671 1739 736 1792 Et
794 1739 862 1791 de
888 1737 991 1792 hac
1026 1735 1156 1807 quid
1179 1736 1374 1791 melius
1402 1736 1507 1791 dici
1528 1736 1725 1807 poterit
1754 1753 1915 1806 quam
1947 1736 2090 1806 quod
2119 1756 2173 1816 Β
2203 1747 2366 1800 quam
2396 1732 2502 1787 alio
2544 1733 2760 1788 nomine
2819 1749 3202 1805 corporeorum
3257 1751 3510 1790 sensuum
3564 1736 3807 1793 delecta-

483 1825 765 1880 Psalmista
785 1825 948 1892 canit,
971 1825 1784 1898 Salus,inquiens,justoruma
1806 1826 2039 1881 Domino
2061 1825 2092 1878 ?

481 1913 664 1984 (Psal.
707 1930 910 1982 xxxvi,
969 1917 1081 1983 39.)
1131 1912 1341 1982 Quibus
1366 1923 1546 1968 autem
1578 1914 1737 1969 fuerit
1783 1931 1813 1968 a
1856 1915 2088 1970 Domino

480 2018 610 2058 vera
640 2003 862 2070 sanitas,
896 2019 1015 2073 quae
1045 2002 1325 2071 subripere
1356 2002 1557 2057 valebit
1599 2001 1887 2057 infirmitas
1917 2004 1944 2056 ἲ)
1978 2003 2086 2058 Ve-

484 2108 602 2147 rum
635 2092 702 2147 de
731 2092 836 2146 ista
852 2092 1102 2159 sanitate,
1146 2107 1307 2161 quam
1346 2089 1402 2144 in
1429 2091 1605 2146 futuro
1635 2091 1835 2147 saeculo
1857 2090 2084 2146 habebi-

479 2197 623 2247 mus,
657 2180 800 2252 quod
851 2179 1165 2251 exemplum
1209 2178 1399 2236 aﬁ‘erre
1443 2195 1656 2250 queam,
1715 2184 1773 2234 ut
1839 2196 1962 2250 quas
2017 2180 2085 2234 sit

479 2269 835 2341 intelligatur,
870 2285 976 2324 non
1016 2268 1199 2336 video,
1236 2268 1363 2339 quia
1395 2269 1526 2322 nihil
1568 2269 1826 2338 sanitatis,
1860 2269 2003 2339 quod
2032 2269 2080 2324 ei

477 2373 796 2430 comparare
818 2358 1038 2430 possim,
1097 2366 1187 2412 aut
1214 2374 1318 2430 ego
1343 2358 1397 2412 in
1439 2374 1546 2424 me,
1579 2367 1671 2413 aut
1725 2359 1922 2430 aliquis
1980 2358 2080 2413 sub

475 2447 694 2503 mortali
723 2462 889 2502 carne
947 2449 1150 2519 degens
1191 2447 1356 2502 sensit
1393 2447 1449 2501 in
1478 2463 1557 2503 se.
1589 2448 1688 2502 Hic
1730 2448 1930 2503 etenim
1963 2456 2077 2502 tum

478 2535 639 2592 nobis
659 2536 776 2592 sani
807 2535 1073 2603 videmur,
1108 2552 1229 2591 cum
1278 2536 1412 2590 nihil
1452 2536 1506 2589 in
1535 2536 1692 2591 nobis
1720 2536 1868 2608 quod
1899 2537 2075 2591 doleat

471 2624 759 2680 sentimus.
795 2624 1055 2679 Fallimur
1079 2628 1257 2679 tamen
1288 2640 1673 2694 nonnunquam
1696 2625 1750 2679 in
1781 2626 1901 2680 hoc.
1935 2626 2074 2680 Nam

470 2714 786 2784 frequenter
813 2713 870 2766 in
898 2713 1078 2784 aliqua
1108 2721 1259 2782 parte
1281 2714 1522 2784 corporis
1561 2713 1915 2781 inﬁrmamur,
1975 2729 2074 2769 nec

473 2804 659 2854 tamen
687 2801 791 2856 hoc
811 2802 990 2871 ipsum
1022 2801 1120 2854 nisi
1147 2808 1237 2855 aut
1279 2809 1432 2856 motu
1461 2801 1724 2872 corporis,
1783 2810 1875 2855 aut
1931 2810 2071 2856 tactu

473 2888 660 2959 aliquo
684 2888 793 2943 ullo
823 2897 982 2960 pacto
1003 2888 1330 2959 experimur.
1380 2892 1446 2943 At
1501 2889 1569 2945 de
1601 2890 1669 2944 iis
1725 2889 1816 2961 qui
1855 2906 1956 2944 nec
1995 2891 2071 2946 ita

469 2975 835 3042 infirmantur,
877 2978 974 3033 sed
1003 2977 1149 3033 omni
1171 2993 1236 3032 ex
1274 2986 1431 3048 parte
1451 2977 1551 3033 sibi
1581 2977 1695 3033 sani
1725 2995 1841 3035 esse
1871 2980 2068 3035 viden-

472 3073 575 3135 tur,
608 3063 736 3136 quid
767 3066 1033 3134 dicemus,
1053 3070 1116 3121 ut
1170 3074 1346 3122 utrum
1377 3066 1481 3122 sint
1531 3067 1616 3123 vel
1635 3083 1746 3123 non
1790 3068 1896 3122 sint
1952 3068 2065 3122 sani

465 3154 758 3224 probemus
775 3155 803 3210 Ἰ
823 3157 1070 3226 Propone
1102 3156 1195 3210 tibi
1209 3157 1447 3227 aliquem
1463 3157 1809 3212 sanissimum
1827 3174 2073 3227 corpore,
2108 3151 2156 3177 "'

468 3251 522 3298 et
552 3243 620 3298 de
649 3244 880 3300 sanitate
939 3245 1085 3300 illius
1100 3245 1391 3315 sciscitare,
1425 3262 1584 3301 sanus
1602 3255 1681 3302 est
1709 3261 1805 3302 suo
1830 3246 2066 3317 judicio.

463 3331 564 3388 I’Iic
593 3334 714 3388 talis
744 3334 909 3405 paulo
937 3334 1126 3390 durius
1176 3342 1445 3407 tangatur,
1495 3343 1586 3390 aut
1633 3336 1689 3390 in
1747 3335 1935 3407 aliqua
1991 3330 2071 3390 sui

466 3422 710 3494 corporis
747 3431 899 3493 parte
939 3423 1139 3479 arctius
1194 3425 1611 3496 constringatur,
1663 3433 1714 3479 et
1754 3425 1934 3479 statim
1984 3423 2068 3480 vi-

469 3509 629 3564 debis
677 3511 803 3580 quia
839 3511 1098 3567 clamabit
1133 3531 1143 3566 :
1180 3513 1330 3579 Sine,
1384 3513 1541 3568 laedis
1593 3529 1700 3580 me,
1763 3529 1929 3568 vexas
1959 3529 2068 3567 me.

463 3599 608 3669 Quid
630 3607 708 3654 est
737 3600 842 3655 hoc
872 3600 900 3652 ‘2
929 3602 1121 3670 Nonne
1142 3602 1289 3670 prius
1318 3618 1376 3657 se
1394 3617 1518 3657 esse
1547 3618 1736 3657 sanum
1751 3603 1962 3658 dicebat
1981 3604 2073 3667 ‘2et

465 3697 593 3743 tunc
623 3688 839 3743 modice
872 3696 1061 3756 tactus,
1101 3689 1173 3743 ita
1228 3689 1473 3745 dolenter
1527 3692 1845 3746 succlamat.
1895 3693 2070 3747 Islene

468 3773 566 3828 tibi
624 3790 788 3829 sanus
845 3775 1060 3830 videtur
1113 3778 1141 3829 εἰ
1196 3778 1316 3832 Non
1375 3787 1525 3847 puto.
1559 3780 1911 3850 Nequaquam
1939 3795 2069 3851 ergo

465 3862 616 3916 salus
644 3861 956 3932 hujusmodi
987 3865 1145 3919 nobis
1165 3865 1398 3934 dabitur,
1444 3883 1672 3936 quorum
1727 3867 1870 3922 salus
1898 3883 1926 3921 a
1957 3869 2068 3923 Do-

462 3950 614 4007 mino
645 3950 820 4006 futura
851 3967 969 4007 esse
1005 3952 1315 4024 specialiter
1341 3955 1744 4024 repromittitur.
1779 3957 1919 4012 Nam
1937 3957 2066 4012 abs-

468 4044 650 4111 terget
667 4041 811 4097 Deus
832 4057 1056 4097 omnem
1081 4044 1390 4114 lacrymam
1431 4045 1499 4099 ab
1519 4046 1700 4100 oculis
1744 4062 1976 4102 suorum
2005 4044 2068 4076 ’°"

465 4132 521 4184 et
533 4129 658 4200 jam
679 4146 793 4186 non
806 4132 916 4185 erit
934 4132 1182 4202 amplius
1203 4147 1382 4201 neque
1403 4133 1612 4199 luctus,
1628 4151 1808 4206 neque
1825 4137 2062 4202 clamor,

463 4234 644 4290 neque
665 4219 820 4274 ullus
830 4219 1282 4291 dolos-,quom‘am
1291 4223 1484 4292 priora
1502 4224 1860 4279 transierunt
1875 4225 2061 4296 (Apoc.

465 4322 581 4375 χχι,
602 4308 655 4376 4)
679 4324 690 4367 ;
725 4311 782 4362 et
810 4323 924 4364 non
943 4310 1221 4378 esuriant,
1254 4326 1430 4382 neque
1446 4313 1647 4368 sitient
1668 4313 1934 4381 amplius,
1960 4327 2063 4368 nec

467 4393 636 4451 cadet
663 4411 834 4468 super
861 4396 990 4453 illos
1013 4397 1116 4464 sol,
1153 4413 1330 4469 neque
1360 4400 1512 4454 ullus
1534 4403 1706 4456 (estus
1735 4400 1893 4470 (Isai.
1911 4417 2056 4471 xux,

2203 1820 2403 1875 tionem
2433 1821 2801 1892 appellamus.
2832 1824 2898 1877 Et
2927 1825 3042 1878 haec
3070 1823 3287 1893 quidem
3320 1841 3650 1896 magnopere
3669 1826 3807 1881 solet

2197 1910 2385 1977 amari,
2417 1910 2544 1979 quia
2575 1911 2774 1982 singuli
2804 1912 3052 1982 corporis
3096 1911 3157 1938 ²⁰⁶
3212 1929 3398 1968 sensus
3453 1914 3509 1967 in
3555 1914 3625 1969 iis
3681 1931 3805 1986 quae

2195 1998 2299 2051 sibi
2361 1999 2653 2054 commoda
2720 2000 2975 2069 judicant
3062 2002 3414 2057 delectantur.
3489 2003 3803 2059 Delectatur

2193 2087 2414 2156 quippe,
2448 2095 2527 2155 ut,
2560 2089 2711 2144 verbi
2743 2091 2943 2161 gratia,
2975 2092 3161 2162 paucis
3189 2091 3400 2148 dicatur
3424 2090 3505 2161 ’°’,
3537 2093 3799 2149 odoratus

2192 2175 2448 2229 odoribus
2476 2177 2658 2243 variis,
2692 2187 2743 2233 et
2773 2187 2963 2250 gustus
2995 2195 3173 2235 rerum
3231 2181 3565 2237 diversarum
3626 2197 3796 2252 sapo-

2191 2263 2342 2318 ribus
2372 2264 2616 2332 diversis,
2650 2282 2822 2323 necne
2880 2265 3082 2340 singuli
3113 2269 3204 2324 alii
3243 2286 3433 2326 sensus
3482 2268 3545 2299 ’το
3601 2271 3684 2325 his
3737 2277 3796 2326 et

2189 2351 2316 2421 illis,
2337 2353 2491 2423 juxta
2519 2355 2664 2425 quod
2690 2355 2895 2426 cuique
2924 2357 3029 2412 fert
3073 2356 3134 2386 ’πί
3192 2360 3449 2414 naturalis
3501 2359 3789 2431 appetitus.

2187 2441 2310 2495 Ista:
2341 2449 2523 2496 tamen
2561 2442 2949 2500 delectationes
2978 2462 3088 2501 non
3119 2463 3334 2518 semper
3370 2448 3661 2518 delectant,
3692 2449 3792 2503 sed

2186 2528 2296 2583 suis
2354 2545 2571 2601 quoque
2621 2533 2953 2588 amatoribus
2994 2535 3078 2589 sui
3127 2551 3512 2608 nonnunquam
3569 2535 3792 2592 taedium

2184 2617 2440 2689 ingerunt
2468 2637 2480 2681 ;
2519 2621 2844 2676 transitoria
2871 2639 3104 2693 namque
3134 2633 3254 2680 sunt
3283 2634 3336 2681 et
3370 2625 3642 2681 bestiales.
3676 2626 3791 2682 Illa:

2182 2722 2330 2775 vero,
2364 2724 2486 2777 quae
2507 2707 2561 2762 in
2592 2708 2768 2764 futuro
2795 2708 2858 2738 ’τ’
2878 2715 3082 2767 saeculo
3127 2713 3284 2783 plene
3335 2714 3495 2784 justis
3550 2714 3789 2770 admini-

2180 2794 2497 2851 strabuntur
2527 2806 2777 2868 perpetes
2807 2807 2928 2855 sunt
2961 2805 3013 2855 et
3043 2801 3412 2858 rationabiles.
3468 2802 3650 2872 Quare
3679 2819 3791 2860 non

2177 2883 2338 2939 video
2363 2892 2424 2939 ut
2453 2886 2688 2956 qualiter
2707 2887 3085 2961 intelligantur
3100 2892 3268 2961 possit
3289 2891 3446 2962 edici,
3474 2894 3787 2963 praesertim

2177 2987 2322 3041 cum,
2382 2972 2436 3026 in
2497 2973 2954 3031 delectationibus
2999 2978 3124 3034 vitae
3182 2979 3482 3049 praesentis,
3530 2996 3638 3052 quo
3690 2997 3784 3037 eas

2179 3059 2529 3132 designemus
2560 3065 2812 3135 exemplo
2843 3075 3078 3137 nequeat
3105 3067 3360 3123 inveniri.
3390 3068 3781 3126 Delectationi-

2184 3149 2285 3203 bus
2315 3150 2514 3206 etenim
2544 3151 2651 3205 illis
2679 3168 2787 3222 quo
2818 3155 2995 3225 magis
3040 3155 3266 3228 quisque
3321 3165 3513 3226 utetur,
3545 3174 3610 3214 eo
3666 3159 3781 3214 fer-

2182 3237 2401 3293 ventius
2433 3238 2554 3294 illas
2573 3241 2945 3310 amplectetur,
2979 3245 3107 3313 quia
3163 3261 3226 3300 ex
3258 3261 3448 3301 earum
3495 3249 3780 3304 saturitate

2182 3326 2389 3382 nullum
2439 3327 2714 3384 fastidium
2746 3330 2837 3385 ulli
2895 3337 3131 3387 creatur.
3193 3333 3340 3402 Quas
3387 3334 3782 3392 delectationes

2181 3415 2455 3471 neminem
2486 3416 2540 3470 in
2569 3417 2672 3472 hac
2704 3418 3029 3474 mortalitate
3059 3420 3332 3477 viventem
3359 3438 3481 3478 esse
3511 3431 3658 3495 puto,
3690 3424 3777 3479 vel

2183 3502 2369 3574 fuisse,
2431 3505 2521 3576 qui
2576 3505 2912 3574 scnserit’",
2946 3508 3032 3565 vel
3087 3511 3404 3582 gustaverit,
3462 3520 3518 3566 ut
3563 3512 3775 3568 illarum

2180 3608 2430 3665 saporem
2462 3594 2548 3651 vel
2604 3595 2976 3651 habitudinem
3024 3599 3236 3654 caeteris
3289 3600 3535 3672 digerere
3581 3604 3772 3674 possit.

2178 3683 2325 3738 Duas
2377 3683 2520 3737 enim
2567 3684 2951 3753 beatitudines,
3012 3695 3065 3742 et
3117 3688 3250 3743 item
3303 3689 3548 3746 miserias
3609 3692 3771 3761 duas,

2178 3771 2440 3840 majorem
2499 3773 2752 3829 videlicet
2810 3783 2973 3846 atque
3028 3775 3290 3833 minorem
3345 3794 3465 3836 esse
3495 3780 3772 3836 novimus.

2177 3859 2444 3930 Majorem
2499 3861 2907 3932 beatitudinem,
2983 3881 3208 3936 regnum
3283 3866 3382 3922 Dei
3445 3885 3458 3930 ;
3510 3869 3772 3926 minorem

2175 3947 2407 4003 dicimus
2435 3965 2579 4016 esse,
2615 3949 2669 4004 id
2700 3967 2808 4021 quo
2864 3953 3032 4007 Adam
3088 3953 3264 4024 primo
3315 3956 3525 4026 positus
3575 3957 3772 4029 fuerat,

2173 4037 2435 4107 gaudium
2466 4037 2722 4108 paradisi.
2751 4041 2886 4096 Item
2916 4042 3175 4110 majorem
3195 4043 3774 4116 miseriam,asternum

2174 4124 2359 4197 ignem
2385 4129 2652 4198 gehennae
2675 4145 2687 4190 ;
2714 4128 2978 4185 minorem
2999 4129 3246 4201 fatemur,
3281 4150 3416 4204 quas
3443 4134 3778 4192 incessanter

2172 4214 2409 4284 patimur
2434 4231 2704 4271 aerumnas
2723 4218 3016 4287 praesentis
3031 4219 3572 4279 vitaBeatitudinem
3592 4233 3774 4281 autem

2173 4312 2418 4358 neutram
2449 4305 2744 4377 aliquando
2788 4309 2999 4378 experti
3028 4325 3232 4365 sumus.
3285 4309 3444 4380 Quod
3497 4313 3540 4368 si
3578 4315 3773 4370 saltem

2172 4391 2323 4446 illam
2345 4409 2568 4464 parvam
2599 4394 3012 4466 beatitudinem,
3045 4414 3208 4470 quam
3237 4400 3410 4454 Adam
3443 4400 3498 4456 in
3523 4402 3776 4473 paradiso

466 4485 563 4545 10;
586 4485 752 4556 Apoc.
778 4500 873 4551 vn,
909 4483 1010 4546 16;
1039 4485 1277 4542 dextera
1306 4489 1460 4542 enim
1484 4505 1587 4543 sua
1616 4490 1757 4544 Deus
1789 4469 2064 4560 tegetem,
2095 4469 2148 4528 D
2176 4481 2383 4552 positus
2424 4482 2631 4552 habuit,
2691 4486 2898 4555 experti
2944 4469 3202 4555 essemus,
3271 4487 3408 4544 forte
3458 4469 3555 4562 per
3612 4492 3773 4563 hanc,

468 4579 526 4631 et
546 4574 776 4630 brachio
823 4577 1022 4630 sancto
1070 4590 1168 4631 suo
1209 4574 1472 4646 defendet
1516 4578 1643 4633 illos
1678 4578 1835 4648 (Sap.
1864 4594 1917 4645 v,
1953 4579 2061 4649 Π).

474 4662 617 4731 Quid
669 4663 850 4732 itaque
889 4662 966 4717 eis
1013 4679 1207 4720 nocere
1235 4665 1439 4734 poterit
1495 4665 1688 4735 quibus
1716 4666 1940 4722 dextera
1969 4667 2067 4722 Dei

473 4759 805 4822 tegmentum
836 4751 986 4806 erit?
1016 4750 1205 4820 Qualis
1231 4760 1411 4808 autem
1443 4755 1512 4809 sit
1563 4754 1761 4809 sanitas
1790 4755 1903 4824 illa,
1926 4763 2068 4810 certe

464 4838 576 4893 scio
610 4854 696 4893 me
726 4853 826 4895 nec
874 4855 996 4895 meo
1011 4856 1111 4895 nec
1139 4840 1365 4911 alicujus
1396 4858 1550 4897 sensu
1580 4843 1664 4898 vel
1695 4843 2067 4914 experimento

467 4928 766 4997 accepisse.
800 4927 880 4982 De
913 4925 1141 4983 febrium
1172 4944 1302 4986 vero
1333 4939 1384 4986 et
1412 4931 1751 4986 diversarum
1783 4931 2066 4986 inﬁrmita-

471 5025 577 5071 tum
610 5015 885 5088 qualitate,
919 5016 964 5070 si
993 5018 1299 5086 cujusmodi
1350 5019 1455 5074 sint
1483 5021 1658 5090 quivis
1690 5020 2064 5092 interrogaret,

466 5104 630 5160 facile
660 5104 840 5159 forsan
871 5104 1256 5176 intelligendas
1276 5122 1630 5177 exponerem,
1663 5125 1785 5163 cum
1818 5109 1943 5179 quia
1963 5124 2068 5181 ego

465 5195 588 5253 illas
643 5193 700 5248 in
727 5208 833 5264 me,
864 5202 974 5250 tum
1005 5194 1258 5265 quoniam
1289 5195 1358 5250 ab
1389 5197 1468 5252 eis
1515 5197 1701 5269 accepi
1733 5198 1818 5269 qui
1842 5213 1934 5252 eas
1947 5214 2067 5270 quae

2177 4569 2327 4625 illam
2386 4572 2649 4642 majorem
2697 4573 2884 4644 aliquo
2929 4575 3094 4631 modo
3163 4577 3518 4647 conjectando
3586 4579 3775 4638 videre

2168 4674 2477 4728 possemus,
2531 4661 2670 4716 sicut
2716 4677 2861 4718 nunc
2907 4663 2962 4717 in
2991 4664 3187 4720 minori
3238 4665 3455 4722 miseria
3511 4669 3642 4739 nati,
3674 4687 3772 4726 nu-

2172 4747 2280 4801 triti
2338 4756 2390 4803 et
2444 4748 2638 4818 adulti,
2699 4750 2867 4806 multa
2896 4751 2965 4806 de
3018 4753 3218 4826 majori
3260 4754 3498 4828 miseria,
3559 4759 3773 4828 quoties

2169 4836 2445 4906 volumus,
2477 4838 2689 4894 edicere
2719 4848 2772 4894 et
2793 4839 3086 4910 explanare
3118 4843 3385 4900 valemus.
3423 4847 3613 4919 Itaque
3642 4863 3770 4904 cum

2171 4924 2475 4996 delectatio,
2508 4927 2575 4982 de
2601 4943 2710 4998 qua
2756 4928 2990 5000 agimus,
3021 4939 3229 4987 constet
3281 4948 3403 4989 esse
3433 4950 3541 4991 una
3583 4938 3771 5006 portio

2167 5031 2381 5087 magnae
2410 5015 2787 5085 beatitudinis,
2826 5034 2934 5090 quo
2989 5019 3138 5074 illam
3195 5021 3358 5077 modo
3405 5024 3766 5098 explicemus,

2167 5113 2226 5160 ut
2255 5104 2516 5176 capiatur,
2549 5122 2657 5161 non
2687 5106 2868 5176 video,
2899 5107 3005 5164 nisi
3053 5109 3190 5166 forte
3222 5110 3276 5166 id
3307 5127 3537 5184 agamus
3583 5114 3771 5187 aliqua

2167 5195 2436 5253 contraria
2482 5195 2832 5252 similitudine
2908 5213 3124 5270 magnae
3197 5199 3432 5258 miseriae
3485 5219 3651 5275 quam
3700 5219 3771 5261 ex

1786 5346 2025 5404 VARIE
2063 5346 2470 5404 LECTIONES.

536 5470 926 5560 ’ﬁSanctorum
957 5486 1175 5560 suorum
1198 5472 1660 5560 msszpri‘uittuut.
1695 5479 2047 5555 sanctorum.
2082 5472 2344 5560 “amari.
2379 5475 2640 5560 Corporis
2661 5491 2793 5560 mnu:
2827 5475 3013 5560 amari.
3048 5475 3191 5546 Quia
3218 5477 3425 5560 singuli
3485 5479 3768 5560 Corporis.

465 5543 793 5600 "'Dicanlur
820 5563 952 5601 mss.
985 5546 1212 5601 dicatur.

1325 5543 1602 5622 "°$inguli
1633 5561 1980 5622 sensu_s__mss.
2005 5545 2316 5622 singulialii
2345 5543 2642 5622 sanatis.1m
2699 5546 2906 5622 cuique
2943 5543 3244 5606 fere'mss.
3276 5543 3480 5622 cuique
3566 5543 3782 5609 f'ert.m

474 5615 616 5677 Vero
637 5617 692 5675 in
720 5617 903 5676 futuro
923 5634 1057 5675 mss.
1084 5631 1212 5675 vero
1241 5633 1363 5693 qua:
1384 5617 1438 5674 in
1465 5615 1663 5672 futuro.
1739 5615 1871 5674 "'Et
1893 5618 1982 5692 qui
2013 5615 2243 5674 senserit
2272 5633 2404 5674 mss.
2432 5619 2521 5694 qui
2549 5619 2796 5675 senserit.
