4046 6076
268 369 372 424 593

1375 362 1498 417 LIB.
1539 360 1634 416 DE
1672 352 2141 413 BEATITUDINE
2178 349 2527 408 C(ELESTI.
3478 350 3581 404 594

271 498 471 556 minori
520 498 902 568 conjectamus.
949 494 1030 552 Sit
1058 493 1226 566 igitur
1283 499 1407 547 ante
1451 488 1640 545 oculos
1696 486 1872 542 cordis
1904 497 1957 557 Α
1986 487 2132 537 tanta
2178 475 2551 534 misericordia
2603 489 2765 546 quam
2796 473 2890 529 tibi
2925 472 3066 540 fecit,
3120 471 3361 528 remissis
3389 471 3497 528 illis
3526 482 3581 530 et

270 587 504 660 positus,
538 586 778 657 exempli
808 601 989 653 causa,
1042 585 1206 639 homo
1262 580 1481 653 aliquis,
1511 578 1601 650 qui
1657 584 1768 632 tam
1817 574 1873 629 in

269 677 405 749 ipsis
435 676 717 734 oculorum
747 691 966 731 suorum
1014 670 1239 744 pupillis
1283 685 1448 741 quam
1486 675 1539 723 et
1567 668 1620 721 in
1647 664 1875 737 singulis

270 767 530 823 membris
558 766 763 821 ferrum
792 763 1021 837 ignitum
1051 770 1104 817 et
1133 760 1371 815 candens
1397 756 1624 812 inﬁxum
1654 754 1868 822 habeat,

268 858 346 914 ita
374 865 431 913 ut
458 872 557 912 nec
585 855 855 921 medullas,
883 868 986 909 nec
1018 850 1290 916 intestina,
1343 863 1443 903 nec
1471 845 1692 902 omnino
1719 843 1871 913 quid-

268 963 441 1020 quam
468 945 526 1000 in
556 947 667 1001 toto
710 943 830 1013 ipso
856 940 1124 998 cruciatus
1149 937 1301 992 illius
1338 935 1671 990 immanitate
1697 939 1868 1000 vacet,

269 1035 356 1091 vel
384 1050 503 1090 eam
552 1032 729 1088 levius
757 1046 916 1103 quam
947 1029 1002 1084 in
1057 1027 1233 1105 oculis
1287 1025 1630 1095 aliquatenus
1656 1021 1868 1081 sentiat.

271 1123 417 1194 Quid
445 1122 667 1179 dicam?
696 1118 1065 1191 Angustiatur.
1098 1115 1231 1185 Quis
1258 1116 1402 1169 hunc
1427 1111 1698 1168 existimet
1724 1125 1871 1166 senm

270 1212 477 1269 mentis
507 1212 647 1267 inter
700 1210 806 1264 ista
824 1210 852 1261 ‘I
882 1206 1089 1264 Eodem
1120 1204 1305 1273 modo,
1353 1203 1448 1258 sed
1494 1202 1707 1272 penitus
1733 1216 1871 1256 con-

269 1301 444 1358 traria
494 1297 951 1363 consideratione,
1008 1294 1061 1348 in
1091 1292 1183 1348 illa
1212 1292 1391 1347 futura
1418 1291 1529 1347 vita
1584 1287 1872 1345 ineffabilis

272 1389 563 1446 delectatio
613 1386 866 1459 quaedam
916 1385 1090 1440 bonos
1138 1379 1449 1447 inebriabit,
1490 1388 1539 1435 et
1586 1377 1872 1435 dulcedine

270 1480 355 1535 sui
388 1486 525 1534 totos
553 1492 648 1533 eos
693 1474 1059 1532 inaestimabili
1099 1470 1432 1529 exundantia
1487 1468 1729 1523 satiabit.
1763 1465 1869 1535 Qui

268 1567 390 1623 dixi
445 1574 585 1622 totos
607 1567 636 1618 εὶ
667 1563 829 1633 oculi,
856 1579 1033 1631 aures,
1074 1577 1257 1628 nares,
1306 1576 1390 1627 os,
1432 1572 1645 1623 manus,
1674 1555 1871 1627 pedes,

269 1664 479 1730 guttur,
502 1670 616 1722 cor,
642 1653 819 1722 jecur,
848 1652 1055 1723 pulmo,
1077 1666 1221 1717 ossa,
1254 1648 1528 1715 medullae,
1560 1653 1686 1703 exta
1704 1645 1868 1700 etiam

268 1745 411 1817 ipsa,
468 1752 520 1801 et
574 1751 767 1800 cuncta
822 1739 1166 1812 singulatim,
1242 1735 1563 1810 singulaque
1619 1733 1869 1790 membra

269 1850 456 1892 eorum
486 1833 540 1887 in
594 1846 907 1898 commune,
941 1836 1050 1884 tam
1106 1825 1341 1883 mirabili
1400 1823 1777 1881 delectationis
1814 1829 1863 1878 et
1898 1861 1949 1921 Β

269 1920 575 1979 dulcedinis
617 1936 777 1975 sensu
818 1917 1236 1989 complebuntur
1285 1923 1342 1970 ut
1368 1930 1497 1970 vere
1525 1920 1668 1968 totus
1703 1912 1867 1966 homo

272 2018 514 2073 torrente
533 2008 822 2078 voluptatis
846 2008 945 2062 Dei
971 2013 1202 2077 potetur,
1226 2011 1279 2060 et
1308 2003 1377 2059 ab
1407 2002 1655 2058 ubertate
1684 2000 1883 2056 domus

271 2100 390 2169 ejus
417 2097 719 2155 inebrietur
748 2097 924 2169 (Psal.
958 2110 1131 2164 xxxv,
1164 2094 1239 2164 9).

878 2219 1102 2276 CAPUT
1153 2218 1273 2272 VII.

723 2330 801 2385 De
829 2328 962 2384 vita:
990 2327 1339 2383 calamitate.

343 2454 447 2526 Qui
478 2470 614 2529 ergo
645 2454 762 2510 haec
810 2453 957 2509 bona
992 2449 1151 2506 fuerit
1196 2449 1444 2520 adeptus,
1490 2462 1599 2503 non
1628 2445 1877 2520 intelligo

272 2546 341 2603 ad
397 2544 529 2619 quid
577 2559 674 2616 pro
731 2540 1021 2598 commodo
1079 2537 1321 2609 corporis
1358 2554 1484 2591 suus
1539 2533 1600 2564 ’“
1656 2534 1879 2589 ulterius

268 2635 584 2708 porrigatur
639 2630 891 2688 affectus.
958 2626 1321 2685 Solummodo
1377 2624 1523 2681 adsit
1589 2623 1659 2691 ei,
1712 2638 1876 2694 quam

266 2732 490 2781 cunctos
518 2730 773 2793 appetere
815 2718 1074 2783 diximus,
1110 2714 1429 2771 diuturnitas
1456 2712 1602 2770 vita.
1636 2713 1747 2769 Sed
1776 2713 1881 2767 ista

272 2814 348 2869 illi
370 2812 593 2868 mimine
622 2810 816 2874 deerit,
848 2808 975 2879 quia
1001 2807 1155 2880 justi
1174 2806 1235 2861 in
1275 2806 1617 2877 perpetuum
1664 2804 1876 2871 vivent,

272 2903 410 2958 sicut
455 2900 730 2971 Scriptura
768 2897 898 2954 dicit
926 2897 1077 2969 (Sap.
1128 2912 1184 2961 γ,
1221 2896 1334 2963 16).
1388 2892 1531 2948 Sunt
1559 2892 1719 2947 etiam
1751 2891 1877 2959 alia,

276 3007 399 3064 qua
433 2990 653 3063 quidem
682 2988 766 3051 iis,
826 3002 949 3059 quin
978 2984 1304 3058 digessimus
1368 2981 1431 3011 "‘
1465 3025 1478 3048 ,
1538 2997 1648 3037 non
1704 2980 1882 3035 minus

277 3088 546 3147 amantur,
578 3078 676 3134 sed
706 3077 776 3133 ad
826 3075 1084 3143 animam,
1117 3074 1255 3129 sicut
1291 3073 1386 3127 illa
1415 3073 1487 3127 ad
1534 3086 1752 3142 corpus,
1785 3085 1877 3126 re-

275 3169 537 3226 feruntur.
572 3166 707 3237 Qua:
754 3163 1133 3231 nihilominus,
1186 3162 1240 3216 in
1287 3160 1601 3232 septenario
1648 3174 1876 3215 numero

1979 569 2085 624 illis
2114 567 2325 625 delictis
2363 565 2464 622 tuis
2492 563 2555 594 ’ν’
2592 567 2621 620 ε)
2651 565 2719 620 Et
2746 563 2886 618 unde
2916 563 3120 635 gratias
3168 578 3320 635 ages,
3369 562 3413 617 si
3447 563 3580 619 nihil

1980 674 2189 727 eorum,
2248 655 2393 712 unde
2448 653 2571 709 illas
2624 652 2748 725 jure
2805 650 3031 721 debeas,
3082 652 3140 704 in
3196 659 3287 706 tua
3315 652 3579 708 memoria

1980 746 2188 802 habes!
2249 746 2318 801 Ut
2344 742 2513 814 igitur
2540 742 2596 797 in
2652 741 2792 797 illius
2840 739 3091 794 laudibus
3132 738 3459 796 aeternaliter
3480 741 3578 812 ju-

1979 834 2251 902 cunderis,
2283 847 2499 903 semper
2552 831 2619 886 de
2652 836 2851 900 quanta
2905 829 2980 884 sis
3009 827 3231 883 miseria
3286 837 3489 898 erutus,
3518 839 3579 886 ut

1979 931 2131 994 puto,
2171 936 2356 979 coram
2411 919 2659 975 habebis.
2716 919 2851 973 Cum
2882 932 3014 989 ergo
3055 917 3400 989 singulorum
3437 934 3576 975 con-

1978 1011 2219 1068 scientiae
2267 1008 2496 1082 singulis
2541 1014 2776 1078 pateant,
2829 1006 2979 1061 fateri
3029 1005 3204 1062 audeo
3255 1021 3321 1062 ea
3360 1022 3577 1080 quoque

1980 1098 2187 1157 cunctis
2216 1104 2423 1169 patere,
2455 1111 2557 1168 pro
2586 1111 2815 1168 quorum
2847 1094 3124 1151 curatione
3154 1103 3207 1149 tu
3237 1096 3354 1151 Deo
3376 1095 3581 1169 jugiter

1978 1188 2247 1262 gratiosus
2292 1186 2515 1256 existes,
2566 1200 2676 1240 non
2719 1186 2789 1239 ad
2837 1191 2984 1239 tuam
3030 1183 3427 1255 confusionem,
3479 1185 3579 1242 sed

1979 1277 2049 1333 ad
2079 1290 2335 1348 magnam
2365 1274 2465 1329 Dei
2494 1271 2947 1346 glorificationem
2996 1278 3253 1343 tuamque
3281 1283 3583 1346 congratu-

1977 1365 2256 1422 lationem.
2304 1364 2421 1419 Nec
2450 1363 2596 1418 enim
2627 1369 2754 1416 tunc
2781 1376 2882 1431 pro
2910 1360 3159 1431 peccatis
3187 1361 3291 1416 tuis
3327 1369 3379 1418 te
3399 1362 3578 1434 major

1979 1454 2159 1510 cordis
2211 1452 2465 1525 angustia
2512 1456 2726 1520 premet
2771 1449 3130 1522 scelerunque
3176 1458 3386 1505 tuorum
3417 1468 3579 1525 mage

1978 1543 2209 1615 pudebit
2263 1557 2427 1613 quam
2485 1539 2743 1612 aliquem,
2798 1538 3013 1611 magnis
3079 1537 3209 1594 olim
3268 1539 3584 1597 vulneribus

1982 1630 2223 1687 saucium
2275 1630 2504 1701 jamque
2556 1627 2702 1683 omni
2760 1642 2827 1683 ex
2881 1634 3037 1698 parte
3094 1634 3364 1698 sanatum,
3390 1628 3580 1686 aboliti

1978 1718 2256 1791 languoris
2302 1717 2554 1773 molestia
2604 1715 2825 1787 premit,
2855 1716 2947 1771 vel
2976 1730 3164 1772 eorum
3194 1733 3318 1789 quas
3357 1717 3412 1772 in
3443 1733 3585 1776 cuna

1978 1809 2186 1880 positus
2214 1806 2277 1837 ’τ’
2308 1805 2486 1861 infans
2529 1813 2718 1878 egerat
2746 1820 2887 1860 nunc
2939 1805 3156 1879 granda
3212 1820 3336 1862 vum
3396 1809 3583 1879 pudet.

1991 1899 2141 1954 Tunc
2170 1897 2373 1968 qu'ppe
2399 1910 2522 1952 cum
2549 1895 2768 1966 integra
2796 1893 3013 1963 sanitas,
3046 1893 3283 1966 perfecta
3301 1897 3586 1969 munditia,

1989 1986 2151 2057 plena
2180 1985 2457 2052 remissio,
2491 1998 2681 2040 secura
2728 1983 2977 2039 omnium
3016 1982 3374 2040 offensionum
3405 1985 3592 2058 impu-

1988 2076 2133 2130 nitas
2164 2075 2257 2129 tibi
2307 2080 2455 2130 certo
2485 2071 2748 2141 arriserit,
2782 2072 3022 2144 cognitio
3048 2088 3254 2140 eorum,
3287 2073 3379 2144 qui
3413 2078 3591 2148 magis

1990 2162 2199 2220 horrori
2242 2162 2339 2217 tibi
2368 2178 2494 2217 esse
2522 2160 2725 2217 valebit
2754 2176 2918 2234 quam
2966 2168 3046 2217 est
3072 2161 3237 2217 modo
3278 2161 3593 2222 beatissimo

1988 2251 2357 2323 apostolorum
2387 2248 2614 2322 principi
2645 2250 2802 2306 Petro
2831 2266 2938 2321 qua
2975 2249 3246 2306 Christum
3273 2248 3336 2281 ’τ’
3365 2253 3594 2325 negavit

1987 2340 2260 2411 abjuratio
2289 2355 2407 2406 sua,
2434 2338 2597 2395 beato
2647 2338 2816 2395 Paulo
2862 2354 2970 2410 qua
3016 2348 3328 2411 persecutus
3371 2350 3453 2398 est
3480 2342 3592 2398 im-

1986 2430 2218 2484 manitas
2250 2444 2368 2498 sua,
2419 2428 2593 2484 beatae
2623 2425 2805 2483 Mariae
2848 2427 3186 2499 Magdalenae
3215 2438 3440 2501 peccata
3472 2448 3589 2503 sua,

1987 2527 2039 2575 et
2067 2517 2250 2573 multis
2282 2516 2403 2573 aliis
2430 2516 2619 2583 multa,
2652 2532 2773 2587 quae
2801 2515 3043 2572 sciuntur
3082 2517 3201 2588 jam
3231 2517 3450 2589 donata,
3477 2522 3592 2577 cri-

1986 2607 2134 2663 mina
2163 2622 2257 2662 sua
2285 2608 2314 2660 ‘?
2362 2608 2563 2662 Verum
2594 2621 2756 2675 super
2798 2604 2916 2661 haec
2960 2604 3159 2678 agnitis
3188 2605 3416 2677 delictis,
3448 2609 3598 2667 velut

1989 2696 2198 2752 enormi
2264 2710 2331 2752 ac
2376 2695 2528 2751 fmda
2570 2692 2883 2749 inﬁrmitate
2932 2700 3045 2763 tua,
3077 2694 3269 2766 pietas,
3316 2696 3483 2753 virtus
3530 2715 3596 2756 ac

1989 2785 2253 2855 sapientia
2302 2783 2519 2852 medici,
2570 2782 2661 2853 qui
2705 2790 2756 2838 te
2801 2782 3031 2851 sanavit,
3082 2783 3428 2841 sublimiusa
3455 2803 3594 2843 cun-

1990 2874 2089 2931 ctis
2139 2873 2518 2937 admirabitur,
2568 2870 2895 2938 laudabitur,
2946 2871 3421 2945 magniﬁcabitur;
3474 2877 3594 2933 laus

1989 2968 2169 3019 autem
2217 2970 2271 3018 et
2316 2960 2723 3035 magniﬁcentia
2752 2960 2939 3034 gloria
2985 2961 3110 3032 Dei,
3144 2969 3250 3030 tua,
3287 2964 3331 3019 si
3360 2964 3502 3022 bene
3531 2964 3595 2995 ”°

1986 3052 2241 3120 advertis,
2264 3051 2443 3123 gloria
2473 3057 2580 3107 est.
2606 3050 2714 3106 Sed
2744 3049 2894 3105 dices
2919 3064 2931 3104 :
2960 3049 3031 3105 Et
3062 3050 3282 3124 quidem
3313 3054 3592 3112 consentio

1987 3139 2207 3196 laudem
2236 3139 2336 3195 Dei
2367 3138 2609 3212 gloriam
2651 3152 2826 3195 meam
2857 3154 2994 3194 esse.
3030 3139 3234 3196 Verum
3284 3157 3409 3198 cum
3461 3144 3589 3201 hinc

279 3217 708 3324 constituafnon
734 3254 1011 3310 modicum
1041 3217 1259 3322 placent
1287 3217 1453 3306 menti
1483 3265 1607 3320 quae
1635 3248 1876 3320 ipsorum
1908 3217 1957 3283 Ο
1989 3229 2123 3324 ίηάθῆ
2166 3235 2243 3284 ίοῑ
2288 3236 2340 3284 εί
2384 3235 2484 3324 fma
2516 3227 3077 3324 3d_‘_3°mp_al‘a_ﬁ°nem
3107 3229 3235 3299 mei,
3280 3231 3595 3289 innocentes

280 3346 441 3402 fuerit
476 3360 674 3415 sapore
721 3342 944 3397 imbuta.
1001 3341 1136 3395 Sunt
1182 3347 1361 3396 autem
1405 3340 1541 3406 haec,
1592 3336 1877 3408 sapientia,

279 3434 537 3505 amicitia,
562 3432 873 3498 concordia,
911 3437 1172 3501 potestas,
1203 3429 1395 3495 honor,
1428 3425 1713 3495 securitas,
1745 3441 1879 3498 gau-

278 3525 449 3581 dium.

877 3627 1101 3685 CAPUT
1141 3626 1284 3681 VIII.

886 3737 961 3793 De
990 3734 1292 3809 sapientia.

346 3847 627 3919 Sapientia
656 3845 839 3918 igitur,
886 3858 1047 3915 quam
1079 3855 1267 3896 omnes
1297 3848 1350 3897 et
1396 3839 1450 3894 in
1474 3837 1580 3894 hac
1616 3837 1730 3893 vita
1759 3853 1868 3893 non

273 3937 504 3994 viriliter
529 3945 735 4006 amant,
797 3944 939 3991 tanta
991 3934 1046 3989 in
1102 3933 1285 3988 futura
1336 3931 1449 3986 vita
1476 3929 1636 3985 bonis
1666 3929 1769 3985 erit
1814 3939 1868 3987 ut

268 4041 454 4083 eorum
485 4043 606 4099 quae
657 4026 798 4082 scire
827 4022 1096 4081 voluerint
1132 4021 1265 4076 nihil
1295 4020 1361 4075 sit
1408 4019 1553 4092 quod
1581 4019 1862 4092 ignorent;

265 4115 437 4172 scient
477 4115 621 4171 enim
674 4119 871 4171 cuncta
902 4128 1022 4185 quae
1060 4111 1284 4166 scienda
1314 4109 1443 4165 fecit
1469 4109 1631 4174 Deus,
1665 4116 1774 4163 tam
1803 4123 1869 4164 ea

265 4221 387 4274 quae
440 4204 710 4276 praeterita
742 4219 907 4275 quam
940 4217 1062 4272 quae
1107 4200 1271 4270 hujus
1304 4196 1491 4253 δεξιουιί
1519 4204 1641 4251 sunt
1669 4195 1863 4252 futura.

264 4292 343 4348 lbi
373 4308 404 4349 ι
433 4292 665 4365 singulis
685 4307 880 4348 omnes
899 4333 913 4359 ,
945 4289 1020 4345 ibi
1050 4288 1117 4344 ab
1147 4286 1399 4343 omnibus
1428 4285 1626 4359 singuli
1653 4300 1865 4359 cogno-

1988 3316 2272 3390 prodeant,
2305 3317 2419 3389 qui,
2453 3314 2812 3372 consideratis
2826 3316 2952 3371 vita:
2983 3332 3119 3373 mea:
3144 3317 3590 3390 obscenitatibus,

1986 3422 2074 3463 me
2121 3405 2363 3473 omnino,
2415 3405 2549 3460 sicut
2577 3420 2794 3474 aequum
2845 3402 2909 3432 ἠ
2964 3403 3084 3474 erit,
3133 3406 3341 3463 horrori
3385 3409 3592 3463 haben-

1985 3494 2114 3548 dum
2136 3493 2404 3563 judicent,
2429 3491 2559 3565 quid
2588 3491 2768 3547 dicam
2802 3493 2831 3546 ‘?
2859 3492 3068 3548 Justitia
3098 3510 3296 3564 nempe
3323 3511 3502 3564 suum,
3533 3502 3592 3554 et

1984 3597 2141 3637 suum
2170 3580 2433 3652 injustitia
2464 3580 2745 3652 praemium
2774 3580 2966 3653 exigit.
2989 3582 3048 3636 In
3074 3582 3179 3651 his,
3212 3582 3400 3654 frater,
3432 3586 3587 3657 nolo,

1981 3670 2172 3726 timeas
2194 3694 2212 3730 .~
2243 3670 2401 3725 aliter
2426 3669 2526 3725 erit
2557 3684 2716 3740 quam
2741 3669 3046 3725 existimas.
3079 3670 3236 3727 Illum
3264 3672 3309 3727 si
3340 3673 3581 3745 quidem,

1981 3774 2141 3832 quem
2171 3766 2229 3814 tu
2269 3758 2368 3813 tibi
2414 3767 2791 3829 comparatum
2819 3759 3035 3832 judicas
3079 3761 3296 3832 penitus
3325 3763 3587 3821 innocen-

1981 3856 2111 3917 tem,
2141 3863 2247 3904 non
2278 3847 2350 3902 ibi
2381 3848 2616 3920 reperies
2637 3847 2705 3904 de
2734 3856 2805 3918 te,
2829 3849 3294 3920 quemadmodum
3316 3852 3577 3924 aestimas,

1974 3936 2317 3993 sentientem.
2353 3936 2605 4007 Namque
2657 3937 2854 3992 videns
2892 3945 2942 3992 te
2988 3937 3103 4006 ille,
3154 3938 3223 3995 de
3269 3956 3377 4012 quo
3430 3941 3572 4015 agis,

1975 4025 2137 4097 plane
2191 4023 2456 4097 intelliget
2503 4022 2567 4052 ²²¹
2621 4032 2674 4080 te
2728 4041 3069 4098 nequaquam
3126 4043 3205 4096 se,
3257 4029 3352 4082 sed
3383 4029 3578 4100 Deum,

1976 4114 2193 4186 quando
2226 4112 2476 4185 peccasti,
2509 4112 2791 4169 oﬂ’endise.
2842 4113 2973 4169 Cum
3006 4129 3139 4187 ergo
3175 4114 3370 4171 viderit
3400 4117 3575 4174 Deum

1978 4203 2070 4258 tibi
2103 4218 2201 4257 sua
2243 4200 2428 4257 debita
2484 4200 2720 4255 funditus
2774 4200 3061 4271 dimisisse,
3112 4218 3205 4258 rec
3241 4204 3299 4259 in
3341 4220 3438 4261 cor
3485 4206 3569 4263 sib

1974 4290 2234 4348 ascendet
2287 4297 2346 4345 ut
2400 4296 2451 4345 te
2480 4288 2607 4344 inde
2635 4288 2695 4318 ”’
2735 4287 3074 4360 aliquatenus
3112 4290 3340 4361 judicet.
3372 4294 3434 4348 In
3464 4295 3569 4354 hoc

261 4391 494 4452 scentur,
526 4398 628 4439 nec
661 4396 989 4454 quemquam
1032 4376 1252 4435 omnino
1281 4376 1496 4446 latebit,
1528 4391 1633 4447 qua
1662 4375 1854 4446 patria,
1887 4359 1937 4421 D
1979 4381 2127 4436 enim
2173 4380 2293 4450 ipso
2341 4378 2513 4435 Deum
2556 4394 2617 4433 se
2662 4359 2938 4435 offendere
2983 4359 3360 4452 cognosceret,
3411 4383 3457 4437 si
3500 4393 3570 4455 te,

261 4488 372 4544 qua
400 4480 588 4546 gente,
618 4487 727 4544 qua
755 4470 921 4542 stirpe
952 4468 1076 4540 quis
1106 4466 1281 4523 editus
1310 4464 1500 4534 fuerit,
1532 4465 1617 4521 vel
1650 4464 1777 4538 quid
1809 4466 1862 4521 in

258 4560 372 4616 vita
402 4561 610 4617 fecerit.
641 4561 738 4616 llis
767 4558 1015 4616 fortassis
1053 4557 1129 4612 ait
1159 4554 1392 4626 aliquis:
1429 4554 1573 4625 Quid
1603 4562 1685 4611 est
1713 4557 1815 4612 hoc
1834 4557 1862 4609 εἰ

255 4657 489 4720 peccata
512 4666 632 4721 qua:
654 4649 779 4719 feci,
813 4647 984 4705 scient
1013 4662 1201 4703 omnes
1222 4647 1251 4699 Ὺ
1281 4645 1349 4701 ad
1371 4645 1477 4702 hoc
1499 4661 1562 4702 ea
1581 4644 1863 4701 confessus

257 4754 379 4794 sum
409 4747 467 4794 ut
494 4738 825 4803 delerentur,
859 4744 916 4792 ut
965 4735 1434 4805 obliviscerentur,
1467 4742 1524 4790 ut
1551 4734 1682 4789 nulli
1736 4751 1859 4789 am-

258 4827 398 4899 plius
452 4822 840 4898 panderentur.
873 4826 1060 4894 Bene;
1121 4824 1217 4880 sed
1244 4841 1367 4881 cum
1425 4830 1481 4879 tu
1510 4824 1563 4878 in
1611 4823 1703 4879 illa
1730 4823 1857 4895 glo-

258 4917 342 4971 ria
374 4914 438 4945 "‘
467 4916 543 4971 ab
595 4915 744 4972 omni
773 4914 1015 4972 criminis
1046 4915 1210 4970 sorde
1250 4922 1516 4987 purgatus
1557 4913 1726 4971 vultui
1757 4915 1857 4970 Dei

259 5022 504 5077 praesens
558 5005 836 5071 astiteris,
892 5003 1212 5077 ingratusne
1265 5003 1313 5059 ei
1344 5018 1464 5059 esse
1515 5002 1721 5075 poteris
1761 5018 1861 5073 pro

1973 4470 2088 4525 Deo
2142 4484 2240 4541 per
2293 4467 2485 4524 omnia
2539 4468 2965 4536 reconciliatum,
3022 4484 3120 4541 pro
3176 4469 3242 4524 iis
3284 4487 3407 4543 quae
3437 4472 3569 4529 olim

1971 4556 2195 4625 feceras,
2230 4556 2499 4612 ullatenus
2554 4556 3011 4614 contemnendum
3068 4558 3352 4630 cogitaret.
3393 4562 3570 4636 Magis

1970 4654 2151 4703 autem
2199 4647 2470 4720 gratiosus
2516 4645 2877 4701 admirabitur
2917 4644 3253 4702 ineffabilem
3306 4648 3405 4705 Dei
3452 4650 3571 4707 cle-

1970 4736 2246 4805 mentiam,
2292 4750 2401 4792 non
2429 4735 2603 4790 salum
2632 4735 2687 4789 in
2719 4742 2789 4802 te,
2821 4734 2917 4791 sed
2949 4738 3008 4791 et
3035 4734 3089 4790 in
3120 4751 3178 4792 se
3206 4753 3218 4790 :
3251 4738 3311 4791 in
3339 4744 3411 4807 te,
3443 4739 3571 4813 quia

1968 4824 2035 4881 de
2081 4828 2191 4879 tam
2221 4823 2492 4895 profundo
2520 4823 2817 4895 iniquitatis
2844 4824 3041 4895 eripuit
3088 4832 3177 4891 te;
3231 4826 3287 4881 in
3315 4842 3392 4897 se,
3442 4829 3573 4903 quia

1967 4914 2082 4970 sola
2113 4913 2285 4985 gratia
2306 4914 2447 4984 ejus,
2477 4928 2546 4968 ne
2574 4911 2630 4967 in
2655 4911 2798 4968 idem
2819 4913 3151 4984 profundum
3177 4925 3374 4986 rueret,
3401 4919 3569 4976 tenuit

1971 5019 2030 5058 se
2082 5001 2166 5057 "‘.
2224 5000 2514 5058 Laudando
2560 5000 2726 5075 igitur
2780 5001 3153 5076 magniﬁcabit
3197 5002 3273 5060 in<
3321 5014 3392 5076 te,
3443 5015 3571 5079 post

1566 5118 1792 5175 VARLE
1828 5116 2130 5174 LECTION
2135 5118 2216 5174 ES
2228 5159 2241 5171 .

369 5246 431 5278 "‘
461 5245 717 5331 corporis
745 5245 825 5303 sui
881 5263 1017 5304 mss.
1048 5244 1290 5316 corporis
1326 5261 1476 5328 suus.
1508 5244 1567 5274 ’τ’
1599 5245 1733 5326 Quae
1776 5245 1995 5316 quidem
2026 5244 2097 5300 iis
2127 5259 2249 5315 quae
2275 5230 2604 5316 digessimus
2653 5258 2787 5299 mss.
2836 5243 2897 5300 S.
2936 5244 3005 5299 62
3060 5261 3183 5317 quae
3213 5246 3432 5312 quidem
3463 5249 3569 5305 huc

369 5336 429 5374 ue
476 5321 820 5374 dmessrmus.
852 5320 913 5351 ἰ’
943 5318 1053 5374 Sed
1100 5333 1225 5373 cum
1274 5326 1328 5372 tu
1374 5318 1467 5371 illa
1508 5316 1683 5374 gloria
1732 5332 1865 5371 mss.
1915 5316 1969 5373 S.
2015 5319 2082 5370 62
2123 5320 2179 5371 et
2215 5318 2317 5371 605
2364 5316 2458 5369 sed
2507 5330 2630 5371 cum
2678 5321 2732 5368 tu
2761 5314 2816 5368 in
2845 5314 2938 5370 illa
2979 5315 3159 5374 gloria
3211 5315 3274 5347 "7
3302 5318 3565 5374 Remissis

258 5336 429 5402 usque
476 5314 820 5403 digessimus.
852 5320 913 5351 ἰ’
943 5318 1053 5374 Sed
1100 5314 1225 5406 cum
1274 5326 1328 5372 tu
1354 5318 1467 5400 .illa
1508 5315 1708 5399 gloria.
1732 5314 1865 5371 mss.
1915 5316 1987 5397 8.⁹
2015 5319 2082 5370 62
2123 5320 2179 5395 et
2215 5318 2317 5371 605
2342 5314 2458 5369 ’δρᾶ
2507 5330 2630 5371 cum
2678 5321 2732 5368 tu
2761 5314 2816 5368 in
2845 5314 2938 5370 illa
2979 5314 3159 5387 gloria
3211 5315 3274 5347 "7
3302 5318 3565 5374 Remissis

260 5390 367 5444 illis
421 5389 643 5446 delectis
700 5400 809 5446 tuis
862 5409 949 5448 ms
1003 5391 1057 5445 S.
1114 5393 1182 5445 62
1235 5404 1476 5444 l‘BlIllSSlS
1530 5397 1581 5443 et
1637 5387 1742 5443 Illis
1796 5387 2020 5443 delectis
2072 5395 2179 5442 tuis
2226 5391 2282 5441 et
2318 5402 2406 5442 ms
2436 5388 2538 5441 605
2569 5384 2808 5442 remissis
2851 5385 2958 5440 illis
2999 5395 3051 5443 et
3083 5387 3190 5442 illis
3220 5386 3432 5444 delictis
3458 5388 3565 5445 tuis

258 5459 319 5489 ’“
349 5463 408 5515 In
432 5461 528 5545 via
567 5462 782 5545 positus
809 5480 916 5545 ms.
1132 5463 1198 5540 st_
1219 5461 1321 5545 605
1364 5460 1417 5514 in
1449 5475 1589 5545 cuna
1617 5459 1843 5545 positus.
1872 5456 1932 5487 ’“
1963 5457 2106 5527 Quia
2149 5457 2422 5545 Christum
2450 5474 2569 5545 ηις.⁸
2591 5473 2698 5545 (ιυέ
2726 5455 3013 5540 Christum.
3044 5455 3106 5485 ’”
3135 5460 3273 5545 haus
3302 5468 3482 5515 autem
3514 5467 3566 5515 et

260 5527 662 5613 magniﬁcentia
682 5534 799 5590 Deo
817 5534 1009 5613 glgriaz
1034 5539 1137 5613 tua.
1157 5530 1215 5613 si
1232 5532 1374 5587 bene
1401 5546 1533 5613 "ass.
1556 5527 1705 5613 haus
1725 5538 1902 5613 agitem
1932 5539 1986 5613 et
2010 5528 2414 5613 magnificentia
2431 5528 2775 5613 gloriaripei,
2796 5536 2884 5583 tua
2904 5529 2951 5583 si
2979 5527 3211 5609 benef".
3235 5529 3325 5610 Sic
3352 5546 3566 5600 aequum

260 5598 383 5657 ms.‘
423 5601 561 5658 sicut
600 5598 849 5677 ,πεφιυωῖ
876 5604 940 5635 ²³¹
967 5600 1222 5675 intelligit
1264 5618 1399 5659 mss.
1442 5600 1731 5677 intelliget.
1761 5600 1821 5630 ”‘
1848 5602 1926 5659 Te
1952 5598 2150 5659 deinde
2176 5616 2315 5657 mss.
2350 5609 2401 5657 te
2428 5599 2577 5662 inde.
2610 5598 2670 5629 ”‘
2701 5601 2914 5660 Rueres
2943 5599 3111 5658 tenuit
3137 5598 3316 5672 potius
3345 5616 3404 5659 se
3421 5598 3566 5659 'mss.

261 5681 443 5732 rueret
467 5673 638 5732 tenuit
665 5673 743 5735 ac.

3668 24 3725 41 ’ἴδ’
3728 24 3755 39 -1
