3970 6088
461 276 567 334 695

1486 267 1795 325 EADMERI
1834 267 2152 325 MONACHI
2191 272 2761 328 CANTUARIENSIS

3673 268 3780 322 596

460 400 698 474 gratiam
728 398 849 468 Dei,
884 397 995 455 vim
1042 404 1205 465 atque
1232 394 1588 450 constantiam
1637 393 1835 466 quibus
1864 395 2070 451 enitens
2100 397 2153 456 A
2181 396 2332 465 tiant,
2384 397 2479 452 tibi
2510 398 2563 453 in
2611 399 2819 453 cunctis
2847 416 2944 468 pro
2988 399 3216 457 veritate
3246 396 3469 455 rationis
3508 394 3779 451 honorem

464 489 790 563 voraginem
843 486 972 543 tanti
1004 485 1132 540 mali
1178 484 1403 538 viriliter
1431 482 1672 553 evasisti,
1706 499 1887 556 quam,
1911 485 2068 555 juxta

468 579 615 650 quod
665 580 780 650 ipse
826 574 1215 641 considerabit,
1271 573 1315 627 si
1344 572 1634 629 derelictus
1676 589 1708 627 a
1751 574 1864 628 Deo
1905 573 2065 627 simili

467 666 633 723 modo
682 664 1015 730 incurrisset,
1066 677 1175 716 non
1203 661 1277 717 ita
1325 660 1549 715 forsitan
1596 661 1871 717 evasisset.
1904 662 2068 717 Vides

468 754 635 826 igitur
661 768 833 826 quam
867 750 999 806 nihil
1047 749 1363 821 imprOperii
1393 749 1613 820 vulgata
1654 750 1888 822 cognitio
1927 765 2066 820 pec-

468 842 575 899 cati
635 843 732 909 tui,
791 841 904 896 imo
960 854 1124 912 quam
1181 841 1406 897 multum
1464 838 1641 894 laudis
1681 848 1734 894 et
1770 840 2067 912 gratiarum

468 933 691 1004 cognita
720 929 971 987 remissio
1000 928 1083 984 sui
1113 928 1421 999 generabit.
1463 930 1575 998 Ipsi
1604 928 1766 984 etiam
1809 930 1991 1002 angeli
2020 932 2067 987 si

471 1029 522 1078 te
551 1016 810 1076 societate
860 1018 942 1074 sui
979 1025 1199 1089 propter
1228 1024 1313 1071 tua
1362 1025 1585 1087 peccata
1629 1017 1907 1091 indignum
1943 1019 2065 1074 vel-

466 1110 583 1167 lent
628 1108 902 1179 judicare,
954 1106 1182 1162 haberes
1230 1106 1461 1176 qualiter
1490 1104 1551 1134 ²¹⁸
1594 1115 1780 1162 contra
1810 1123 1906 1162 eos
1952 1108 2069 1177 iure

469 1207 523 1254 te
550 1198 730 1269 possis
758 1196 1074 1253 defensare.
1113 1194 1383 1265 Quonam,
1417 1195 1617 1266 inquis,
1657 1195 1821 1252 modo
1842 1195 1870 1250 Ἰ
1896 1196 2064 1252 Audi.

470 1289 720 1358 Propone
748 1285 1076 1359 angelorum
1104 1284 1362 1354 aliquem,
1396 1286 1547 1355 quasi
1580 1285 1706 1339 talia
1736 1286 1831 1339 tibi
1861 1284 2074 1355 impro-

464 1383 785 1450 perantem:
837 1376 923 1430 Tu
973 1376 1137 1430 homo
1167 1374 1235 1429 de
1282 1373 1503 1444 pulvere
1556 1374 1748 1441 factus,
1802 1383 1856 1428 tu
1897 1374 2075 1445 pulvis

465 1464 792 1537 quandoque
838 1462 1067 1530 iuturus,
1110 1469 1299 1518 contra
1341 1461 1513 1517 Deum
1546 1469 1595 1517 te
1625 1462 1884 1530 extulisti,
1939 1479 2075 1519 con-

2178 486 2449 554 deferant,
2483 490 2778 559 perpende,
2810 490 2855 544 si
2899 490 3065 558 vales,
3099 506 3257 562 quam
3290 495 3447 562 grata
3492 484 3555 513 ⁸³⁹
3584 486 3651 540 sit
3680 501 3780 539 sa-

2176 575 2384 646 pientia
2415 577 2533 644 ista,
2586 595 2691 650 qua
2721 586 2779 632 tu
2825 578 2901 634 sic
2930 579 2999 635 ab
3029 579 3283 635 omnibus
3340 597 3422 643 ut,
3481 576 3560 633 sic
3588 590 3783 631 omnes

2179 674 2549 739 aguoscentur
2576 683 2608 722 a
2639 674 2689 722 te
2720 665 2773 722 in
2805 668 2914 722 vita
2945 668 3057 723 illa.

2806 757 3032 813 CAPUT
3063 757 3161 810 IX.

2782 828 2856 883 De
2887 829 3167 884 amicitia.

2248 915 2440 970 Nonne
2470 923 2866 987 consequenter
2894 933 2956 971 ex
2990 917 3088 971 ista
3117 932 3239 989 quae
3266 915 3471 972 cunctis
3501 914 3601 971 erit
3632 927 3785 969 com-

2178 1004 2361 1058 munis
2389 1004 2674 1075 sapientia,
2709 1015 2763 1060 et
2806 1005 3056 1075 quaedam
3102 1004 3497 1061 inasstimabilis
3538 1002 3787 1059 amicitia

2179 1093 2565 1162 procreabitur,
2613 1110 2734 1164 quas
2764 1094 2819 1148 in
2851 1102 3055 1148 tantum
3102 1092 3166 1122 ¹⁸’
3195 1094 3533 1166 singulorum
3583 1092 3789 1146 intima

2181 1180 2241 1210 ³³³
2275 1197 2407 1254 erga
2454 1181 2700 1252 singulos
2746 1198 2841 1237 suo
2875 1184 3084 1238 fervore
3113 1181 3175 1210 ⁹³⁴
3204 1184 3475 1254 compleat
3525 1184 3583 1236 ut
3622 1197 3789 1236 amor

2182 1272 2449 1342 cujusque
2508 1270 2563 1324 in
2612 1287 2880 1344 quemque
2927 1271 3120 1345 cuique
3168 1270 3415 1326 suﬂiciat.
3462 1272 3577 1327 Nec
3633 1270 3789 1326 enim

2183 1361 2341 1416 video
2373 1360 2649 1432 quomodo
2682 1360 2837 1415 aliter
2880 1377 3001 1415 esse
3033 1360 3205 1431 possit
3233 1359 3297 1388 ’³⁸
3325 1360 3626 1430 praesertim
3656 1376 3789 1413 cum

2182 1466 2375 1504 omnes
2431 1466 2597 1504 unum
2624 1447 2686 1476 "'
2742 1464 2943 1520 corpus
3001 1448 3203 1504 Christi
3253 1450 3379 1518 sint,
3412 1456 3466 1505 et
3522 1448 3788 1515 Christus,

466 1563 552 1610 tra
592 1560 868 1624 praecepta
914 1552 1029 1619 ejus
1076 1560 1128 1607 te
1170 1552 1226 1605 in
1277 1567 1491 1607 caenum
1546 1552 1725 1607 omnis
1775 1553 1978 1623 peccati
2024 1561 2076 1607 et
2182 1538 2271 1609 (Ιυί
2302 1546 2385 1593 ρει
2433 1537 2553 1608 ipsa
2582 1554 2710 1610 Pax:
2745 1538 2814 1593 είι
2842 1538 3086 1593 omnium
3135 1536 3197 1567 ’⁸⁷
3226 1547 3407 1611 caput,
3457 1554 3556 1593 nec
3587 1537 3791 1593 ωῖοοῐί

470 1640 831 1697 immunditiae
861 1639 1102 1696 tumidus
1129 1639 1399 1710 dejecisti,
1433 1648 1484 1694 et
1513 1656 1658 1697 nunc
1686 1641 1849 1696 nostri
1882 1642 2075 1697 similis

2192 1644 2300 1682 sese
2382 1626 2580 1682 affectu
2658 1626 3087 1698 complectantur
3167 1625 3229 1654 ’³⁸
3293 1643 3455 1698 quam
3533 1627 3789 1682 membra

468 1744 585 1786 esse
624 1730 839 1800 quaeris,
883 1745 1021 1800 quos
1047 1743 1325 1799 nunquam
1374 1727 1427 1783 in
1458 1728 1639 1799 aliquo
1680 1729 1944 1785 voluntati
1974 1730 2069 1786 Dei
2103 1754 2158 1818 B
2188 1716 2346 1817 ξιῐξίυε
2401 1715 2645 1786 corporis
2691 1715 2801 1814 ,είδί
2861 1716 3094 1771 invicem
3151 1715 3494 1818 εοιξυῐεξηιυς-
3556 1717 3788 1818 Αωξδίδ

465 1818 763 1875 conmissa
810 1818 1006 1873 cernis,
1056 1818 1137 1872 Ad
1182 1817 1300 1874 hac
1330 1817 1455 1874 licet
1497 1817 1571 1872 im
1591 1818 1956 1887 respondeas;
2010 1819 2067 1877 Si
2103 1804 2157 1818 "
2186 1805 2351 1877 igitur
2381 1820 2571 1860 omnes
2602 1813 2657 1860 ut
2688 1804 2865 1875 ipsum
2900 1813 2968 1869 te,
3002 1812 3055 1858 et
3104 1805 3373 1859 amaberis
3413 1804 3483 1859 ab
3529 1805 3790 1859 omnibus

461 1923 616 1981 ergo,
678 1916 734 1962 ut
791 1906 947 1973 dicis,
1004 1905 1072 1961 de
1119 1908 1340 1977 pulvere
1382 1905 1555 1961 factus
1583 1922 1728 1975 sum,
1775 1905 1913 1963 forte
1958 1923 2067 1962 non
2177 1902 2233 1949 υι
2266 1894 2369 1965 iPSi
2401 1910 2429 1948 ³
2460 1912 2515 1948 50
2547 1893 2628 1947 ³⁸ὀ
2664 1895 2842 1961 Ρυιείεν
2896 1892 3185 1948 abundans
3223 1894 3330 1948 eris
3359 1892 3412 1947 in
3460 1892 3787 1956 dilectione.

464 1995 682 2064 mirum,
739 1995 785 2050 si
843 2002 1007 2051 γθηιο
1075 1994 1382 2050 ιειιωιίοηίε
1437 1993 1703 2065 impulsus
1760 1994 1814 2049 in
1877 1996 2067 2051 sordes
2176 1983 2392 2053 quando
2447 1983 2563 2037 hzec
2618 1981 2717 2036 tibi
2751 1982 2909 2037 fuerit
2964 1983 3017 2035 in
3086 1982 3487 2053 possessione?
3525 1987 3784 2036 Attamen

460 2100 583 2140 sum
640 2083 934 2141 criminum
992 2084 1198 2153 lapsus.
1257 2084 1459 2139 Verum
1514 2084 1704 2154 agnita
1756 2091 1811 2139 et
1863 2084 2067 2140 credita
2176 2073 2337 2127 istam
2391 2071 2575 2137 ῐτθηδίι
2654 2076 2709 2125 εὶ
2758 2070 3126 2140 θοηιθηδριθτθ
3199 2070 3375 2140 ipsum
3443 2086 3543 2141 P9P
3616 2086 3781 2140 (ιιιεηι

458 2172 833 2229 misericordia
894 2172 1109 2241 Christi,
1160 2173 1356 2243 spretis
1421 2172 1677 2228 omnibus
1725 2190 1850 2242 qua;
1911 2173 2065 2228 illum
2176 2163 2291 2216 haec
2351 2161 2494 2216 bona
2551 2160 2646 2214 tibi
2690 2175 3009 2230 provenere,
3054 2167 3109 2214 et
3156 2159 3423 2230 percipies
3481 2159 3608 2229 quia
3663 2158 3784 2214 illle

458 2260 607 2317 nolle
636 2261 775 2317 scire
802 2261 975 2333 potui,
1015 2261 1070 2315 in
1099 2260 1307 2318 cunctis
1337 2276 1458 2330 qua:
1486 2260 1639 2316 illum
1670 2260 1832 2328 velle,
1866 2261 2065 2317 intelli-
2173 2249 2298 2320 P103
2356 2265 2517 2321 (ιιιειω
2581 2257 2633 2303 ίυ
2686 2256 2739 2303 ιθ
2795 2249 2972 2318 ipsum
3030 2257 3083 2304 οἱ
3140 2264 3303 2319 quam
3352 2263 3545 2302 omnes
3574 2248 3663 2301 alii
3699 2247 3783 2301 ίη·

472 2351 678 2426 gebam
723 2357 922 2405 memet
970 2349 1208 2406 exercui.
1242 2348 1398 2405 Unde
1445 2349 1824 2406 tribulationes
1854 2358 1907 2406 et
1959 2366 2065 2406 an-
2174 2338 2620 2409 οοηιρθνδὺῑιίίετ
2670 2337 2870 2391 amabit
2929 2345 3019 2397 te;
3080 2344 3133 2392 et
3188 2352 3353 2406 sui)er
3407 2344 3473 2426 ἳολ
3503 2335 3680 2426 ips“?
3731 2345 3787 2391 ει

458 2440 666 2512 gustias
693 2439 751 2494 in
795 2438 958 2506 fame,
999 2438 1113 2506 siti,
1145 2437 1369 2510 vigiliis,
1399 2437 1739 2506 verberibus,
1773 2444 2063 2496 contunie-

463 2528 553 2585 liis
606 2527 834 2599 aliisque
890 2527 1067 2583 modis
1119 2527 1424 2583 innumeris
1488 2528 1558 2582 ad
1616 2527 1877 2583 honorem
1945 2529 2065 2598 ejus

459 2616 723 2674 sustinere
753 2631 861 2672 non
892 2614 1158 2686 dubitavi,
1190 2624 1262 2684 et,
1296 2631 1528 2687 quasque
1558 2616 1842 2672 mundana
1870 2615 1930 2645 ”‘
1964 2633 2065 2688 pro

460 2704 668 2762 viribus
694 2704 848 2759 nihili
907 2703 1169 2775 pendens,
1229 2704 1353 2775 ejus
1408 2711 1615 2759 tantum
1650 2702 1824 2761 solius
1875 2707 2065 2777 gratia:

461 2809 563 2865 per
592 2792 810 2865 singula
840 2791 1178 2849 reconciliari
1210 2791 1539 2848 desideravi.
1580 2793 1688 2848 Vos
1716 2801 1901 2849 autem
1936 2794 2065 2865 quid

461 2882 659 2937 horum
706 2895 944 2950 unquam
973 2878 1056 2935 sui
1085 2895 1254 2935 causa
1281 2878 1616 2936 sustinuistis
1636 2882 1665 2933 ‘l
1709 2881 1941 2952 Semper
1970 2898 2065 2938 vos

2173 2443 2340 2498 super
2369 2442 2559 2482 omnes
2590 2426 2725 2481 alios
2755 2426 3014 2482 ineffabili
3047 2426 3277 2497 quadam
3325 2424 3591 2483 suavitate
3623 2425 3782 2480 illum

2173 2518 2399 2573 amabis.

2801 2605 3024 2661 CAPUT
3062 2606 3133 2659 X.

2759 2678 2835 2733 De
2867 2677 3183 2734 concordia.

2246 2766 2353 2821 Sed
2412 2764 2665 2836 quoniam
2735 2765 2872 2821 solet
2927 2764 3219 2835 aliquando
3275 2763 3593 2833 contingere
3640 2762 3788 2817 inter

2177 2855 2422 2910 homines
2452 2858 2513 2909 ut
2542 2854 2574 2908 ii
2610 2854 2697 2924 qui
2730 2871 2848 2909 sese
2879 2854 3202 2909 altrinsecus
3231 2853 3568 2908 unanimiter
3594 2861 3786 2906 amant

462 2968 660 3043 gloria,
694 2942 911 3041 sem-per
933 2967 1248 3039 jucunditas
1295 2976 1378 3024 est
1407 2968 1692 3037 comitata,
1724 2942 1941 3042 semper
1967 2988 2066 3028 vos
2174 2959 2282 3043 “9"
2313 2945 2369 2998 ίη
2690 2944 2888 3043 ubique
2917 2943 3268 3043 concordent,
3299 2944 3435 3043 dum
3460 2942 3589 3043 huic

463 3029 893 3115 ienuit'dextera
921 3029 1021 3113 Dei
1065 3063 1229 3128 atque
1274 3055 1517 3113 defendit
1545 3057 1614 3112 ab
1657 3029 2066 3131 impughatione
2098 3107 2143 3131 η
2174 3041 2339 3105 mque
2391 3031 2467 3130 ίιὲί
2524 3031 2752 3131 videtur,
2813 3041 2864 3087 ei
2912 3031 3062 3131 q“?d_
3106 3032 3192 3086 hie
3235 3030 3443 3129 δῐξβθίίί
3490 3030 3592 3131 λης
3624 3029 3789 3131 fugi"

463 3107 647 3204 argi-3
666 3107 1033 3217 *ἑξέᾷῐίξίξᾼ
1066 3107 2065 3203 ῐεῩηνυιῑέ-ὧξ
2098 3107 2146 3170 C
2173 3121 2479 3177 necessario
2512 3121 2761 3176 addenda
2791 3120 3104 3191 prescripto
3134 3120 3307 3175 amori
3337 3120 3643 3217 concordia.
3669 3126 3778 3184 est,

2172 3227 2260 3277 ne,
2295 3211 2339 3265 si
2371 3211 2637 3266 ullatenus
2664 3211 2751 3266 vel
2782 3211 2835 3265 in
2884 3218 3082 3281 puncto
3113 3209 3366 3274 defuerit,
3414 3208 3601 3277 aliqua
3631 3207 3792 3262 laesio

464 3236 605 3307 ejus.
637 3238 825 3306 Itaque
852 3235 899 3291 εἰ
931 3251 964 3290 8
990 3234 1267 3293 voluntate
1296 3234 1414 3304 ejus
1443 3249 1550 3290 DOD
1572 3235 1864 3303 cecidistis,
1893 3235 2063 3307 ipsius
2172 3234 2260 3307 ξων
2295 3234 2339 3265 δι
2372 3234 2751 3307 ξλυθιθηυδ-Υθι
2783 3234 2835 3265 ιιι
2884 3234 3082 3307 Ρυυωῖυ
3113 3234 3366 3307 uitiferi“
3414 3234 3601 3307 aliqua.
3631 3234 3748 3307 taxat

2177 3303 2325 3356 tanto
2378 3300 2524 3356 bono
2572 3301 2861 3371 subrepere
2904 3299 3096 3369 possit.
3146 3298 3263 3354 Erit
3307 3299 3493 3368 itaque
3542 3304 3687 3350 tanta
3733 3298 3790 3350 in

466 3325 670 3382 donum
695 3330 794 3394 est,
822 3339 855 3379 a
884 3339 991 3394 quo
1032 3322 1240 3396 jugiter
1285 3322 1416 3379 lenti
1457 3324 1605 3379 estis.
1638 3324 1746 3380 Sed
1793 3325 1921 3396 quia
1951 3326 2065 3381 haec

458 3412 601 3469 ratio
630 3412 775 3482 illos,
809 3412 1191 3469 tantummodo
1221 3411 1445 3482 respicit
1491 3412 1585 3483 qui
1632 3413 1922 3489 perditioni
1951 3430 2065 3469 suae

466 3502 580 3557 vim
631 3502 872 3559 fecerunt
917 3507 971 3557 et
998 3516 1226 3574 regnum
1274 3499 1536 3557 caelorum
1567 3502 1832 3557 violenter
1868 3518 2069 3572 rapue-

468 3596 595 3646 runt
624 3589 851 3658 (Matth.
908 3603 985 3656 xi,
1019 3589 1131 3658 12),
1163 3587 1255 3644 alii
1285 3588 1376 3659 qui
1415 3588 1471 3643 in
1502 3588 1635 3644 illud
1667 3597 1807 3655 sunt,
1839 3591 1936 3645 sed
1965 3589 2071 3645 alio

472 3676 639 3733 modo
686 3675 958 3745 intraturi,
1020 3675 1130 3731 alia
1173 3676 1380 3732 ratione
1429 3676 1709 3748 paritatem
1757 3678 2075 3750 angelorum

476 3764 582 3820 sibi
613 3770 740 3819 sunt
764 3762 1111 3819 vindicaturi.
1143 3762 1201 3819 Si
1234 3764 1452 3835 quaeris,
1486 3781 1590 3836 qua
1614 3766 1642 3818 ‘2
1674 3765 1901 3821 forsitan
1943 3766 2069 3821 ista.

481 3852 677 3908 Dicent
703 3849 870 3924 igitur
914 3850 1050 3906 illis:
1100 3851 1246 3923 quod
1274 3852 1331 3906 in
1375 3868 1547 3924 regno
1574 3852 1673 3909 Dei
1711 3861 1889 3909 vestra
1927 3870 2081 3925 quae-

478 3940 658 3996 rimus
706 3937 1016 4010 aequalitate
1056 3939 1228 4008 beari,
1274 3939 1419 3995 dono
1449 3938 1511 3968 ”'
1555 3949 1608 3996 et
1652 3942 1844 4014 gratiae
1882 3941 2086 3997 Christi

476 4029 607 4107 Jesu
637 4027 858 4086 Domini
886 4026 1056 4083 nostri
1085 4027 1142 4090 id
1192 4027 1535 4099 ascribimus,
1568 4029 1659 4103 qui
1689 4030 1757 4085 ad
1789 4030 1892 4086 hoc
1919 4030 2087 4101 digna

482 4126 566 4174 tus
591 4124 672 4175 est
699 4117 866 4174 homo
897 4115 1041 4184 ﬁeri,
1073 4124 1127 4172 et
1153 4116 1273 4188 pati
1324 4125 1377 4173 et
1405 4117 1564 4185 mori,
1596 4127 1652 4174 ut
1694 4134 1813 4187 nos,
1846 4118 1914 4174 ab
1939 4119 2086 4175 omni

484 4205 683 4281 delicto
711 4205 769 4260 in
815 4204 1081 4277 sanguine
1108 4220 1209 4260 suo
1252 4205 1597 4277 justificatos,
1628 4206 1797 4278 ipsius
1828 4206 1979 4279 regni
2008 4206 2088 4262 sui

485 4300 760 4351 consortes
790 4292 1052 4351 efﬁceret.
1104 4294 1212 4350 Vos
1240 4293 1408 4366 igitur
1454 4294 1796 4353 considerate
1850 4312 1920 4351 an
1961 4312 2090 4350 san—

485 4383 615 4460 guis
645 4382 865 4451 Christi,
917 4382 1007 4459 qui
1052 4388 1134 4439 est
1163 4398 1262 4454 pro
1290 4382 1450 4439 nobis
1479 4382 1698 4450 effusus,
1741 4391 1904 4454 queat
1935 4383 2094 4441 nobis

2178 3388 2389 3445 cunctis
2429 3389 2719 3444 concordia
2766 3397 2821 3443 ut
2871 3389 2923 3443 in
2957 3387 3106 3444 nullo
3157 3386 3358 3442 sentias
3398 3386 3637 3456 aliquem
3666 3385 3796 3438 dis-

2180 3493 2404 3549 crepare
2447 3478 2517 3532 ab
2570 3494 2636 3533 eo
2695 3478 2841 3549 quod
2900 3485 2949 3532 te
3007 3476 3299 3532 constiterit
3356 3476 3515 3530 velle.
3580 3476 3796 3543 Corpus

2182 3583 2345 3621 unum
2378 3565 2601 3635 erimus,
2652 3564 2900 3621 Ecclesia
2931 3582 3036 3621 una
3074 3565 3303 3632 erimus,
3343 3565 3560 3634 Sponsa
3590 3562 3795 3617 Christi

2184 3656 2386 3711 erimus
2420 3656 2732 3726 quicunque
2757 3654 2832 3708 ibi
2863 3655 3088 3709 erimus.
3121 3655 3243 3710 Non
3274 3668 3408 3724 ergo
3457 3650 3636 3721 major
3664 3659 3800 3706 tunc

2187 3743 2328 3799 inter
2355 3759 2456 3798 nos
2486 3742 2762 3799 discordia
2808 3744 2908 3798 erit
2937 3759 3099 3813 quam
3129 3759 3270 3798 nunc
3299 3750 3380 3796 est
3425 3741 3570 3795 inter
3613 3756 3798 3793 mem-

2191 3830 2289 3886 bra
2320 3832 2480 3886 unius
2508 3833 2775 3903 corporis.
2810 3832 3005 3887 Verum
3048 3832 3186 3887 sicut
3214 3830 3367 3887 vides
3395 3831 3448 3884 in
3479 3836 3629 3884 metu
3654 3843 3800 3883 ocu-

2194 3918 2389 3988 lorum,
2444 3920 2586 3990 quod
2619 3921 2744 3976 illuc
2774 3936 2882 3993 quo
2929 3937 3068 3975 unus
3109 3920 3332 3976 vertitur
3360 3934 3486 3973 mox
3521 3917 3656 3972 alius
3704 3932 3801 3971 se-

2196 4006 2396 4078 quitur,
2449 4009 2520 4063 ita
2550 4025 2874 4081 quocunque
2920 4018 3065 4064 tuum
3097 4008 3237 4064 velle
3264 4006 3621 4072 converteris,
3653 4005 3805 4060 velle

2197 4096 2435 4152 omnium
2469 4098 2584 4153 sine
2605 4097 2997 4169 disceptatione
3020 4097 3165 4153 illico
3187 4096 3281 4151 tibi
3313 4104 3510 4167 praesto
3544 4092 3799 4149 habebis.

2200 4183 2344 4254 Quid
2392 4186 2528 4255 dixi,
2576 4187 2819 4242 omnium
2848 4188 2877 4239 ‘?
2912 4189 3039 4259 Ipsa
3087 4186 3180 4243 Dei
3225 4184 3470 4241 voluntas
3501 4199 3607 4239 non
3635 4182 3737 4238 erit
3772 4199 3808 4235 a

2203 4280 2291 4327 tua
2321 4274 2553 4342 diversa,
2586 4275 2683 4331 sed
2732 4276 2871 4331 sicut
2901 4284 2956 4331 tu
3006 4276 3151 4347 quod
3184 4274 3297 4344 ille,
3332 4275 3403 4329 ita
3452 4280 3507 4328 et
3535 4271 3626 4327 ille
3655 4271 3808 4326 volet

2203 4360 2256 4415 in
2315 4364 2518 4419 cunctis
2550 4364 2693 4437 quod
2735 4368 2789 4419 tu
2826 4380 2840 4433 ;
2872 4372 3037 4434 caput
3091 4380 3325 4436 namque
3356 4379 3388 4418 a
3417 4378 3513 4417 suo
3570 4374 3811 4431 corpore

487 4449 609 4532 csse
662 4449 904 4542 perfecta
926 4449 1119 4527 i-causa
1163 4449 1374 4527 salutis.
1410 4470 1553 4540 Quid
1583 4472 1654 4526 ad
1709 4449 1828 4528 haec
1882 4471 2086 4546 angeli,
2117 4462 2179 4527 D
2205 4450 2293 4521 (Ιυί
2342 4451 2739 4546 discreparet?
2773 4453 2871 4509 Hic
2913 4453 3110 4546 aliquis
3140 4452 3326 4546 forsan
3381 4452 3462 4546 in;
3494 4451 3575 4504 sui
3620 4449 3810 4546 cordis

488 4558 579 4632 qui
608 4557 861 4626 libenter,
894 4572 961 4614 eo
990 4555 1138 4630 quod
1166 4556 1294 4631 boni
1325 4565 1468 4625 sunt,
1501 4557 1698 4613 rationi
1749 4558 2092 4632 acquiescere

488 4644 699 4725 volunt,
759 4644 1001 4703 dicerent
1040 4641 1103 4705 ‘."’
1156 4644 1262 4701 nisi
1317 4662 1439 4718 qum
1492 4646 1638 4703 dicta
1692 4654 1834 4721 sunt,
1884 4647 2093 4703 ratione

497 4732 614 4797 niti,
672 4741 724 4809 et
781 4733 1090 4804 hujusmodi
1147 4734 1396 4792 homines
1446 4734 1571 4807 jure
1626 4750 1726 4790 sua
1787 4736 2093 4808 mqualitate

496 4820 698 4878 debere
743 4822 902 4892 potiri
943 4822 971 4874 ‘l
1021 4822 1156 4882 Cum
1195 4821 1376 4897 itaque
1405 4821 1593 4895 angeli
1624 4832 1784 4896 atque
1821 4824 2089 4888 homines,

504 4904 641 4982 quos
672 4909 846 4982 magis
875 4918 926 4967 te
948 4908 1299 4982 judicaveras
1344 4911 1682 4986 innocentes,
1728 4912 1825 4971 tibi
1854 4927 2097 4969 consen-

2208 4549 2418 4596 secreto
2452 4542 2660 4611 quaerit,
2690 4541 2909 4598 dicens:
2968 4543 3103 4597 Eia!
3137 4541 3183 4597 si
3223 4542 3368 4597 Deus
3415 4543 3466 4594 et
3495 4539 3675 4595 omnis
3714 4538 3811 4594 ille

2208 4629 2483 4684 beatorum
2524 4640 2697 4687 coetus
2730 4631 2912 4686 volent
2943 4631 3088 4703 quod
3119 4645 3243 4702 ego,
3280 4638 3405 4685 tunc
3450 4635 3503 4684 et
3533 4643 3813 4701 augmen-

2207 4726 2317 4771 tum
2361 4720 2466 4774 mei
2495 4719 2622 4775 boni
2653 4735 2865 4776 mecum
2897 4719 3082 4775 volent
3112 4718 3255 4790 quod
3287 4733 3390 4790 ego
3418 4716 3491 4771 ibi
3524 4733 3632 4771 non
3668 4715 3813 4770 velle

2205 4823 2311 4862 nou
2343 4817 2530 4880 potero
2557 4828 2570 4873 ;
2600 4826 2691 4864 ero
2714 4809 2912 4879 itaque,
2946 4823 3043 4878 pro
3073 4807 3211 4863 velle
3234 4822 3377 4873 meo,
3408 4804 3477 4860 de
3507 4805 3813 4876 majoribus

2207 4910 2262 4965 in
2298 4910 2459 4965 c«.elo.
2492 4909 2627 4964 iluic
2658 4907 2965 4978 respondeo
2996 4904 3107 4978 qui,
3154 4905 3197 4959 si
3226 4904 3387 4961 etiam
3436 4903 3597 4958 beato
3648 4904 3808 4959 Petro

1811 5073 2044 5129 VABLE
2073 5070 2488 5128 LECTIONES.

573 5190 651 5267 _”“
678 5191 864 5250 Habes
894 5193 1124 5267 qualiter
1150 5212 1286 5250 mss.
1319 5195 1546 5252 haberes
1601 5194 1858 5266 qualiter.
1921 5197 1982 5227 ⁸³⁸
2011 5195 2254 5267 Quaeque
2310 5196 2575 5267 mundana
2605 5210 2759 5267 mss,
2800 5200 2853 5248 et
2908 5206 3141 5267 quaeque
3198 5187 3595 5267 mundana.___”"
3619 5188 3819 5267 __Vohis

507 5263 785 5341 subripere
843 5260 1053 5341 macula
1112 5281 1243 5341 nt“.
1280 5270 1346 5323 62
1402 5271 1482 5341 εξΔ
1511 5269 1568 5341 ξ.
1618 5260 1696 5322 ’10
1755 5283 1855 5341 vos
1906 5260 2110 5322 fucaret
2144 5260 2379 5322 macula.
2440 5265 2875 5341 ”'A‘l_3e!ati,_dono
2904 5260 3267 5341 mssteati:
3311 5261 3479 5341 dono.
3509 5260 3570 5289 ”'
3619 5260 3817 5341 Vqlunt

510 5333 693 5409 quem
729 5352 865 5409 mss.
888 5337 1096 5398 volunt,
1129 5337 1389 5392 dicerent.
1422 5336 1484 5365 ”°
1521 5337 1696 5402 Quam
1724 5340 1895 5409 gratia
1925 5356 2059 5393 mss.
2094 5354 2251 5408 quam
2285 5346 2459 5401 grata.
2491 5337 2564 5409 ’ᾖ
2584 5339 2660 5390 Tu
2689 5338 2757 5390 ab
2789 5336 3047 5409 omnibus
3079 5351 3208 5389 mss.
3245 5342 3297 5387 tu
3323 5333 3400 5409 sic
3431 5333 3501 5385 ab
3531 5333 3808 5409 omnibus.

506 5406 576 5441 ³³⁸
602 5406 736 5476 Qum
759 5406 852 5477 jus
880 5414 1088 5462 tantum
1118 5423 1254 5466 mss.

506 5479 682 5607 ἓοιιίι
706 5475 842 5537 mis.
889 5494 1013 5535 esse
1041 5479 1230 5549 possit.
1262 5475 1323 5507 ’⁸⁸
1354 5479 1490 5533 Cum
1532 5496 1696 5534 unum
1722 5497 1855 5536 mss.
1886 5496 2007 5535 cum
2054 5494 2250 5536 omnes
2289 5498 2473 5535 unum.
2508 5478 2571 5507 ""
2599 5481 2700 5533 Pax
2746 5480 2990 5533 omnium
3024 5493 3155 5533 mss.
3188 5492 3289 5547 pax
3326 5476 3407 5529 sic
3434 5475 3701 5529 omnium.

554 5551 946 5607 omnlectamnr
972 5567 1108 5607 nm.
1135 5551 1591 5607 comnlectantur.
1632 5550 1693 5580 "’
1726 5553 1791 5607 Ut
1820 5552 1934 5607 insa
1963 5566 1997 5607 a
2024 5567 2084 5607 se
2112 5567 2240 5607 ms.
2274 5552 2453 5607 utinsi
2482 5566 2515 5607 a
2543 5566 2627 5607 se.

554 5551 946 5623 omplectamur
972 5567 1108 5609 mu.
1135 5551 1591 5624 complectantur.
1632 5550 1693 5580 ²⁸⁹
1726 5553 1791 5609 Ut
1820 5552 1934 5625 ipsa
1963 5566 1997 5608 a
2024 5567 2084 5609 se
2112 5567 2240 5611 ms.
2274 5552 2453 5624 utipsi
2482 5566 2515 5608 a
2543 5566 2627 5607 se.

1326 5424 1408 5462 uae
1435 5409 1488 5462 in
1537 5401 1761 5464 tantum”.
1795 5408 1856 5437 ’“
1886 5410 2073 5465 intimo
2104 5401 2236 5464 ίὶηεε.
2269 5410 2476 5464 intima.
2510 5407 2570 5437 "‘
2602 5410 2740 5462 Suos
2788 5407 2999 5461 fervore
3028 5422 3162 5459 mss.
3194 5420 3289 5458 suo
3334 5403 3562 5458 fervore.
3594 5402 3656 5430 ⁸³⁸
3714 5401 3815 5455 llle

3735 5470 3808 5500 III
