4046 6076
300 259 407 313 597

1396 258 1521 313 LIB.
1562 259 1657 315 DE
1695 260 2162 321 BEATITUDINE
2199 264 2541 325 C(ELESTI.

3501 282 3607 334 598

298 399 398 455 par
426 384 481 439 in
506 383 681 457 gloria
710 398 828 439 esse
842 382 1089 451 voluerit,
1107 383 1210 439 erit
1243 401 1256 437 :
1289 383 1342 438 in
1365 384 1563 457 gloria,
1588 385 1731 454 dico,
1761 387 1890 459 quia
1918 386 1976 446 A
2005 397 2168 458 tutos,
2234 393 2588 464 omniumque
2645 395 3014 453 infirmitatum
3089 399 3437 470 passionibus
3492 398 3623 459 ob-'

299 480 360 527 ut
392 474 579 528 Petrus
604 473 674 528 sit
701 472 755 527 in
784 486 1036 543 persona,
1061 473 1202 528 velle
1232 488 1341 528 non
1361 475 1598 545 poterit;
1633 490 1893 547 namque,

298 560 348 616 si
386 562 491 617 hoc
538 562 718 630 vellet,
749 562 984 633 seipsum
1016 562 1149 616 nihil
1179 577 1300 619 esse
1327 562 1491 619 vellet
1524 582 1535 618 :
1568 566 1721 635 quod
1762 565 1901 622 velle

297 650 508 720 nequit.
542 650 651 707 Sed
682 666 858 721 neque
904 651 959 704 in
1001 651 1176 723 gloria
1220 650 1297 706 illi
1354 652 1576 724 aquari,
1610 653 1656 707 si
1694 654 1902 709 meritis

297 740 419 809 ejus
476 739 652 811 impar
696 748 795 808 est,
839 738 981 795 velle
1038 739 1251 810 poterit,
1311 741 1436 811 quia
1483 742 1901 812 pulcherrimam

254 810 262 827 ”
298 829 446 883 illius
473 810 714 900 corporis
753 829 1224 901 compositionem,
1268 846 1431 902 quam
1478 831 1535 886 in
1581 834 1684 887 hoc
1712 827 1903 888 violari

302 919 666 989 conspiceret,
698 918 846 974 omni
877 918 1166 974 commodo
1197 918 1319 990 plus
1344 919 1567 975 amabit.
1604 920 1720 977 Nec
1747 921 1898 977 enim

295 1007 352 1062 in
384 1007 625 1063 humano
655 1023 881 1079 corpore
913 1008 1001 1065 vel
1029 1024 1143 1079 pes,
1175 1008 1295 1064 loco
1338 1012 1433 1063 aut
1470 1007 1649 1065 ofﬁcio
1687 1026 1898 1079 manus,

294 1096 385 1152 vel
416 1113 607 1151 manus
635 1096 795 1168 pedis
816 1096 967 1167 fungi
998 1104 1149 1168 optat
1174 1112 1187 1166 ;
1220 1105 1311 1151 aut
1336 1113 1416 1167 os,
1447 1098 1564 1154 sive
1591 1113 1777 1168 nasus,
1806 1100 1901 1154 ubi

297 1186 441 1241 oculi
483 1193 642 1249 sunt;
695 1194 787 1241 aut
834 1185 998 1254 oculi,
1038 1186 1129 1240 ubi
1169 1201 1249 1254 os,
1281 1203 1373 1240 seu
1403 1203 1565 1242 nasus
1590 1195 1674 1242 est
1701 1188 1901 1243 relictis

296 1274 521 1330 sedibus
562 1275 696 1343 suis,
728 1274 1007 1330 transferri
1053 1274 1409 1339 desiderant;
1443 1282 1533 1330 aut
1562 1276 1604 1330 si
1637 1276 1901 1333 transfer-

297 1368 506 1431 rentur,
551 1364 820 1435 patienter
865 1364 919 1419 id
962 1368 1277 1435 paterentur
1323 1382 1338 1418 :
1391 1364 1586 1421 eodem
1630 1365 1794 1421 modo
1842 1366 1899 1421 in

291 1452 368 1508 lla
410 1452 719 1508 admirabili
748 1460 802 1508 et
827 1450 1132 1525 gloriﬁcata
1161 1452 1530 1523 dispositione
1562 1454 1734 1511 beata:
1760 1454 1897 1511 civi-

297 1542 422 1598 tatis
450 1543 565 1612 Dei,
596 1543 675 1597 ita
711 1542 941 1613 quisque
973 1541 1117 1612 quod
1164 1542 1326 1598 habet
1364 1543 1567 1599 amabit
1613 1552 1672 1599 ut
1698 1551 1896 1599 statum

295 1648 457 1687 suum
494 1632 694 1702 potiori
731 1632 910 1703 gradu
935 1631 1130 1686 mutari
1174 1646 1282 1687 non
1314 1632 1461 1688 velit.
1505 1631 1684 1701 Quare
1705 1635 1732 1686 ‘2
1753 1632 1895 1703 Quia

2008 479 2220 551 noxios,
2254 497 2319 538 ac
2349 492 2691 553 peccatorum
2720 494 2772 542 et
2819 488 3290 560 corruptibilitatis
3328 491 3601 548 ulceribus

2008 568 2197 639 plenos
2215 572 2331 626 sola
2350 572 2726 630 misericordia
2747 576 2938 631 ductus
2956 577 3265 649 accipiet,et
3284 579 3602 636 curabit“‘*

2009 673 2108 712 nos
2164 666 2218 714 et
2270 660 2485 716 sanitati
2532 664 2801 719 restitutos
2842 668 3174 722 ornamentis
3224 669 3478 739 perfecta:
3500 670 3602 741 ju-

2010 746 2172 801 stitiae
2215 755 2269 803 et
2304 749 2827 822 incorruptibilitatis
2855 755 3089 822 ornabit,
3145 756 3517 829 adductosque
3548 760 3605 814 in

2010 832 2149 889 ﬁlios
2199 836 2302 891 sibi
2348 838 2645 909 adoptabit,
2678 842 2834 914 regni
2879 844 2960 898 sui
3004 855 3282 901 consortes
3322 846 3519 903 ofﬁciet
3547 856 3604 905 et

2008 924 2272 992 haeredes,
2321 926 2561 997 Filioque
2618 945 2717 985 suo
2772 931 3053 1002 unigenito
3111 934 3215 989 sibi
3270 950 3371 1005 per
3418 937 3603 993 omnia

2008 1013 2205 1083 tequali
2246 1022 2299 1070 et
2351 1017 2774 1087 coomnipotenti
2829 1023 3256 1091 concorporales
3311 1031 3507 1081 statuet
3555 1034 3610 1082 et

2008 1103 2343 1175 coheredes,
2401 1106 2655 1176 omnique
2701 1116 2964 1163 creatura
3006 1109 3222 1178 jubebit
3258 1118 3317 1167 ut
3352 1112 3406 1167 in
3458 1114 3607 1170 omni

2007 1193 2155 1263 quod
2214 1192 2459 1249 volemus
2500 1192 2561 1222 ²⁴⁷
2605 1196 2766 1251 nobis
2830 1197 3065 1265 obediat,
3124 1208 3453 1273 vocatosque
3505 1219 3608 1259 nos

2007 1282 2225 1338 nomine
2261 1298 2359 1339 suo
2389 1284 2521 1339 deos
2549 1285 2729 1341 faciet.
2774 1286 2914 1343 Dicit
2941 1287 3086 1343 enim
3117 1288 3235 1360 ipse
3268 1307 3279 1343 :
3313 1306 3410 1362 ego
3432 1292 3561 1349 dixi
3583 1310 3600 1345 :

2006 1372 2100 1426 Dii
2127 1373 2282 1438 estis,
2302 1376 2361 1428 et
2372 1374 2483 1442 ﬁlii
2495 1374 2718 1431 Excelsi
2736 1391 2929 1432 omnes
2946 1377 3325 1447 (Psal.1.xxxr,
3347 1383 3378 1434 6
3400 1399 3412 1443 ;
3437 1382 3600 1437 Joau.

2006 1477 2066 1531 x,
2090 1462 2202 1531 34).
2254 1461 2364 1516 Sed
2403 1462 2519 1533 ipse
2564 1464 2707 1518 Deus
2756 1464 3017 1521 deiﬁcans
3059 1473 3175 1530 est;
3210 1476 3263 1522 tu
3309 1483 3441 1524 vero
3464 1469 3603 1524 deus

2003 1550 2111 1606 eris
2165 1549 2461 1606 deiﬁcatus.
2504 1555 2574 1607 At
2621 1552 2871 1609 fortassis
2915 1554 2994 1609 ais
3026 1572 3040 1609 :
3072 1556 3192 1610 hinc
3239 1556 3377 1611 ratio
3424 1561 3519 1612 tua
3547 1556 3605 1613 in

2004 1638 2113 1695 illis
2152 1639 2372 1711 quidem
2427 1641 2646 1713 magnis
2687 1642 2972 1713 apostolis,
2996 1658 3090 1699 seu
3139 1644 3467 1715 martyribus
3502 1662 3613 1717 po-

295 1720 491 1791 cuique
529 1721 661 1775 satis
700 1721 798 1776 erit
823 1736 919 1775 sua
952 1719 1184 1776 felicitas
1213 1728 1266 1776 et
1295 1720 1589 1777 beatitudo.
1624 1723 1900 1804 Amplius,
1934 1739 1991 1800 B
2020 1728 2145 1785 terit
2191 1729 2418 1786 existere
2464 1739 2620 1800 rata;
2668 1731 2726 1787 in
2764 1747 2852 1788 me
2881 1740 3058 1789 autem
3089 1732 3203 1804 qui,
3251 1733 3453 1789 utinam
3480 1737 3492 1789 l
3522 1736 3615 1793 vel

292 1809 341 1864 si
380 1808 434 1865 hi
497 1808 587 1881 qui
623 1810 740 1880 jam
779 1810 832 1864 in
880 1809 1050 1880 ipsius
1088 1809 1337 1880 cerporis
1360 1810 1564 1866 unitate
1590 1811 1755 1868 locati
1785 1800 1909 1868 sunt

299 1900 512 1968 majora
533 1897 597 1927 ¹⁴⁸
633 1916 798 1971 quam
836 1907 961 1954 sunt
992 1900 1174 1970 adepti
1197 1900 1586 1968 desiderarent,
1611 1918 1677 1958 eo
1698 1901 1758 1930 ἠ
1788 1902 1906 1974 ipso

300 1988 488 2045 miseri
539 1996 724 2044 essent
768 2003 875 2058 quo
932 1988 1175 2043 nondum
1205 1986 1270 2015 ²⁴¹
1301 1988 1569 2044 haberent
1600 1992 1746 2060 quod
1777 1992 1905 2047 vel-

308 2077 420 2131 lent
454 2095 466 2140 ;
510 2076 567 2132 in
615 2093 723 2148 quo
766 2077 909 2132 enim
960 2077 1124 2131 alicui
1165 2077 1311 2147 quod
1354 2078 1499 2147 cupit
1537 2078 1708 2144 deest,
1740 2083 1796 2134 in
1840 2097 1904 2137 eo

272 2228 275 2229 7
306 2165 476 2220 miser
499 2165 567 2220 sit
594 2181 822 2222 necesse
851 2173 956 2221 est.
996 2165 1104 2221 Sed
1143 2165 1284 2220 absit
1327 2165 1400 2220 ab
1448 2166 1543 2221 illo
1575 2183 1750 2239 regno
1781 2185 1905 2225 om-

305 2253 392 2308 nis
423 2253 665 2309 miseria.
717 2255 903 2309 Aderit
933 2255 1115 2326 itaque
1144 2254 1397 2310 omnibus
1426 2256 1606 2310 omnis
1632 2256 1905 2313 sufﬁcien-

305 2343 402 2411 tia,
436 2359 594 2415 quam
651 2343 894 2415 perficiet
942 2343 996 2398 in
1052 2343 1285 2416 singulis
1332 2344 1604 2400 unanimis
1647 2355 1697 2401 et
1744 2348 1907 2418 plena

306 2432 599 2489 concordia
612 2473 625 2486 .

925 2523 1144 2580 CAPUT
1182 2526 1281 2580 ΧΙ.

899 2613 977 2667 De
1011 2617 1313 2685 potestate.

376 2700 509 2757 Cum
537 2700 717 2771 itaque
745 2701 922 2756 Deum
953 2710 1007 2755 et
1034 2717 1223 2758 omnes
1253 2706 1362 2758 tuas
1393 2701 1656 2760 voluntati
1684 2718 1907 2758 concor-

305 2790 404 2846 des
433 2789 712 2855 babueris,
744 2790 990 2860 profecto
1033 2791 1167 2845 nihil
1206 2792 1355 2847 voles
1392 2792 1539 2863 quod
1567 2808 1677 2848 non
1709 2792 1903 2863 possis.

307 2877 668 2949 Omnipotens
724 2879 893 2950 igitur
939 2881 1043 2935 eris
1076 2888 1181 2936 tuae
1226 2882 1519 2937 voluntatis
1547 2880 1629 2950 ²⁴³,
1653 2882 1906 2952 quoniam

305 2967 747 3038 Omnipotentem
804 2968 1035 3025 habebis
1077 2969 1132 3025 in
1185 2970 1441 3027 omnibus
1487 2971 1907 3029 concordantem

304 3064 414 3112 tum
445 3057 727 3113 voluntati.

893 3147 1122 3206 CAPUT
1167 3150 1296 3204 XII.

931 3239 1009 3294 De
1043 3239 1275 3296 honore.

374 3327 589 3398 Itaque,
621 3342 745 3383 cum
777 3326 895 3384 haec
924 3334 1073 3382 tanta
1120 3335 1363 3398 potestas
1394 3326 1487 3383 tibi
1518 3328 1767 3395 adfuerit,
1803 3329 1906 3383 lio-

300 3430 405 3471 nor
445 3415 760 3472 condecens
810 3416 1068 3487 potestati
1108 3416 1333 3473 minime
1370 3416 1568 3473 deerit.
1598 3416 1703 3486 Qui
1735 3418 1910 3473 honor

299 3503 609 3574 cujusmodi
652 3505 740 3569 sit,
774 3504 925 3559 brevi
974 3504 1077 3560 sub
1108 3506 1364 3577 exemplo
1385 3504 1445 3534 ²⁴⁴
1475 3506 1903 3562 consideremus.

299 3594 440 3649 Ecce
458 3595 530 3649 sit
557 3591 621 3621 "‘
650 3594 993 3649 anteoculos
1040 3601 1256 3651 nostros
1292 3596 1503 3666 positus
1549 3610 1758 3666 pauper
1802 3595 1906 3650 ali-

302 3683 446 3753 quis,
495 3683 643 3739 omni
699 3682 894 3738 solatio
952 3684 1263 3754 destitutus,
1295 3684 1535 3740 ulcerum
1585 3692 1639 3741 et
1679 3684 1908 3740 aliarum

299 3772 676 3828 infirmitatum
733 3771 975 3828 foeditate
1030 3782 1337 3843 corruptus,
1371 3782 1425 3829 et
1479 3774 1625 3829 omni
1668 3790 1775 3847 quo
1820 3775 1910 3830 vel

300 3877 332 3916 ο
366 3860 597 3933 frigoris
625 3861 1075 3917 incommoditate
1107 3861 1428 3917 defendatur
1449 3862 1688 3935 tegmine
1707 3863 1903 3919 nudus.

300 3950 461 4005 Hunc
513 3949 686 4021 igitur
741 3949 933 4018 talem,
969 3949 1062 4004 tali
1090 3950 1258 4006 modo
1282 3952 1557 4021 jacentem
1588 3959 1642 4006 et
1670 3952 1724 4006 in
1759 3952 1907 4008 nullo

300 4044 476 4093 semet
497 4036 694 4106 juvare
734 4037 1028 4105 valentem,
1064 4037 1111 4092 si
1144 4053 1249 4093 rex
1278 4038 1475 4108 aliquis
1503 4040 1908 4110 potentissimus

301 4125 569 4181 transiens
614 4124 846 4192 videret,
883 4134 936 4180 et
978 4125 1266 4181 miseratus
1295 4127 1411 4195 ejus
1446 4126 1760 4184 vulneribus
1788 4144 1907 4183 me—

302 4214 424 4270 deri
454 4221 809 4286 curatumque
855 4214 965 4269 suis
1005 4215 1223 4284 juberet
1250 4214 1586 4272 ornamentis
1615 4216 1825 4285 vestiri,
1859 4227 1913 4275 et

300 4302 596 4360 adductum
634 4303 741 4358 sibi
778 4303 1063 4374 adoptaret
1099 4304 1155 4358 in
1182 4302 1373 4374 ﬁlium,
1406 4304 1828 4376 praeciperetque
1856 4316 1914 4363 ut

300 4392 359 4447 in
387 4408 568 4464 regno
596 4407 695 4448 suo
723 4408 856 4448 suus
882 4391 1023 4447 filius
1050 4408 1082 4448 a
1111 4393 1319 4448 cunctis
1339 4393 1653 4463 haberetur,
1671 4395 1909 4465 atquein

303 4480 460 4537 nullo
508 4482 653 4552 quod
693 4482 917 4552 juberet
958 4498 991 4536 a
1038 4497 1312 4552 quoquam
1351 4482 1402 4538 ei
1431 4483 1911 4543 contradiceretur,

304 4571 694 4642 heredemque
719 4586 875 4625 suum
907 4586 972 4625 ac
1000 4569 1097 4624 ﬁlii
1119 4570 1201 4627 sui
1241 4571 1588 4628 cobasredem
1618 4573 1911 4629 constitue-

309 4667 393 4715 ret
421 4668 474 4715 et
523 4675 646 4716 eum
679 4674 782 4715 suo
823 4658 1046 4715 nomine
1101 4659 1283 4716 vocari
1330 4659 1676 4732 praeciperet,
1733 4677 1914 4718 nonne

311 4748 528 4805 diceres
555 4746 615 4776 ’“
664 4746 957 4821 magnifice
1013 4747 1387 4804 honoratum?
1432 4750 1503 4805 Et
1555 4758 1704 4807 certe
1757 4751 1913 4806 Deus

309 4837 472 4893 nobis
529 4839 646 4894 haec
692 4838 873 4893 omnia
915 4836 1091 4893 faciet.
1140 4837 1265 4893 Nati
1320 4838 1465 4894 enim
1507 4839 1576 4895 de
1633 4840 1914 4911 putredine

309 4926 487 4982 carnis
536 4927 816 4997 replemur
881 4925 1066 4980 multis
1131 4926 1383 4989 miseriis,
1434 4927 1550 4998 (Job
1571 4944 1683 4995 xxv,
1718 4930 1809 5000 I);
1861 4929 1915 4986 in

309 5016 509 5087 quibus
554 5014 789 5071 miseriis
841 5014 1182 5084 constitutos,
1214 5024 1267 5072 et
1316 5016 1464 5072 omni
1513 5017 1709 5074 solatio
1746 5018 1917 5074 desti-

1936 3101 1986 3163 C

2016 1817 2237 1873 ultimus
2280 1836 2399 1874 esse
2444 1836 2684 1889 merear,
2708 1837 2945 1891 quonam
2975 1829 3133 1892 pacto
3162 1830 3411 1880 constare
3451 1832 3614 1896 queat

2013 1922 2123 1963 non
2165 1907 2431 1981 intelligo.
2473 1911 2698 1965 Intende
2743 1917 2823 1965 et.
2852 1910 3098 1982 intellige
3127 1911 3253 1981 quia
3284 1912 3491 1967 nullum
3514 1914 3614 1983 ju-

2014 2005 2223 2052 storum
2254 1998 2324 2052 ab
2360 1999 2462 2053 ista
2503 1999 2705 2054 deitate
2734 2000 2947 2070 excepit
2976 2001 3142 2069 Deus,
3178 2001 3269 2056 ubi
3298 2000 3436 2056 dixit
3469 2020 3482 2056 :
3514 2005 3608 2060 Dii

2014 2088 2173 2151 estis,
2192 2090 2251 2142 et
2275 2087 2388 2155 ﬁlii
2416 2088 2643 2143 Excelsi
2669 2103 2881 2143 omnes.
2912 2090 3128 2157 Verum,
3151 2097 3205 2144 ut
3234 2090 3380 2146 dicta
3408 2091 3608 2147 melius

2014 2176 2286 2241 eluceant,
2318 2176 2598 2231 considera
2640 2176 2739 2230 sub
2783 2177 3040 2248 exemplo
3088 2185 3333 2233 naturam
3373 2180 3519 2251 ignis
3552 2186 3609 2237 et

2012 2272 2262 2319 naturam
2292 2279 2473 2319 rerum
2520 2263 2837 2336 ignitarum,
2868 2265 2915 2319 si
2961 2266 3101 2321 forte
3144 2266 3219 2320 ibi
3276 2266 3615 2338 aliquatenus

2014 2369 2183 2426 queas
2232 2353 2520 2425 imaginari
2576 2353 2805 2423 qualiter
2858 2354 2938 2408 illi
2993 2370 3227 2411 summm
3272 2356 3454 2412 deitati
3500 2373 3601 2429 pro

2012 2442 2234 2499 modulo
2274 2449 2364 2497 tuo
2393 2441 2569 2512 possis
2605 2442 2978 2514 participando
3009 2443 3265 2499 deiﬁcari.
3298 2447 3442 2502 Ecce
3471 2447 3617 2519 ignis

2014 2547 2152 2585 unus
2180 2538 2279 2599 est,
2312 2538 2368 2586 et
2410 2531 2466 2586 in
2503 2546 2601 2586 sua
2656 2547 2830 2587 naura
2874 2531 3119 2598 calidus;
3162 2533 3220 2588 in
3261 2535 3403 2590 hunc
3428 2535 3616 2609 ignem

2013 2636 2158 2691 pone
2204 2620 2414 2693 lignum
2458 2620 2701 2691 aliquod,
2749 2619 3057 2691 plumbum,
3089 2629 3143 2677 et
3183 2623 3387 2679 ferrum
3428 2624 3610 2680 simul.

2015 2711 2202 2782 Itaque
2233 2725 2356 2765 cum
2388 2710 2595 2780 lignum
2653 2709 2815 2766 fuerit
2857 2710 2909 2764 in
2955 2711 3226 2767 carbones
3269 2728 3613 2781 conversum,

2015 2809 2067 2855 et
2099 2798 2382 2870 plumbum
2420 2799 2795 2869 liquefactum;
2824 2799 2899 2854 ita
2942 2808 2998 2855 ut
3027 2799 3082 2854 in
3111 2800 3436 2856 carbonibus
3483 2802 3619 2857 nihil

2014 2889 2117 2943 nisi
2164 2889 2306 2960 ignis
2346 2895 2625 2959 appareat,
2672 2896 2725 2944 et
2781 2889 3006 2959 plumbo
3062 2889 3201 2944 nihil
3250 2890 3445 2946 caloris
3486 2890 3618 2947 addi

2015 2986 2197 3048 queat,
2229 2977 2459 3033 necdum
2503 2986 2683 3033 tamen
2712 2978 2854 3033 ferro
2885 2985 3136 3049 poterunt
3169 2981 3224 3034 in
3255 2979 3436 3036 calore
3466 2996 3619 3038 coae-

2017 3067 2193 3139 quari,
2225 3066 2368 3140 quod
2398 3066 2639 3122 nonduin
2670 3065 2851 3122 forsan
2879 3066 3093 3138 penitus
3122 3068 3401 3125 incanduit
3447 3070 3576 3144 igne
3600 3089 3615 3135 ;

2017 3155 2144 3213 licet
2163 3157 2329 3228 igitur
2347 3155 2495 3211 aliud
2522 3156 2634 3211 alio
2664 3156 2840 3227 magis
2867 3155 2923 3210 in
2946 3157 3124 3212 calore
3154 3158 3463 3229 profecerit,
3496 3160 3616 3215 sin-

2017 3244 2209 3317 gulum
2255 3252 2453 3311 tamen,
2486 3251 2702 3301 servata
2748 3252 2936 3299 natura
2973 3246 3075 3314 sui,
3107 3247 3301 3302 usitato
3332 3246 3617 3304 locutionis

2016 3334 2202 3400 modo,
2233 3332 2361 3402 quia
2389 3331 2616 3403 ignitum
2642 3339 2744 3400 est,
2774 3348 2874 3403 per
2892 3349 2953 3388 se
2982 3333 3182 3390 dicitur
3207 3334 3370 3405 ignis.
3395 3334 3484 3391 Sic
3504 3337 3614 3392 erit

2015 3423 2071 3476 in
2120 3421 2208 3476 illa
2253 3423 2410 3476 beata
2453 3435 2810 3489 supernorum
2839 3419 3038 3475 civium
3081 3421 3358 3490 societate,
3408 3422 3477 3478 de
3505 3438 3615 3494 qua

2016 3510 2308 3581 loquimur.
2341 3508 2482 3563 Nam
2530 3509 2993 3579 quemadmodum
3033 3508 3072 3564 ii
3113 3510 3204 3581 qui
3253 3526 3484 3567 summae
3513 3512 3613 3567 Dei

2015 3599 2295 3671 majestati
2322 3605 2442 3653 sunt
2471 3597 2903 3669 propinquiores,
2937 3605 2989 3653 et
3035 3598 3107 3655 ob
3159 3600 3263 3655 hoc
3310 3599 3432 3655 aliis
3460 3616 3612 3672 prae-

2018 3688 2322 3756 stantiores,
2356 3686 2434 3741 dii
2462 3687 2743 3750 dicentur;
2777 3687 2851 3742 ita
2879 3693 2934 3743 et
2963 3688 3052 3758 qui
3082 3687 3192 3743 illis
3229 3695 3351 3743 sunt
3380 3687 3613 3746 inferio-

2016 3794 2122 3844 res,
2168 3775 2420 3849 quoniam
2464 3790 2569 3830 una
2616 3783 2668 3829 et
2705 3774 2899 3831 eadem
2947 3791 3057 3848 qua
3100 3783 3154 3832 et
3195 3777 3302 3848 ipsi
3328 3775 3390 3806 ²⁴⁸
3417 3778 3620 3836 deitate

2017 3881 2114 3938 pro
2179 3881 2278 3920 sua
2331 3864 2630 3935 capacitate
2683 3864 3032 3936 participant,
3065 3864 3228 3920 simili
3273 3867 3495 3924 nomine
3536 3867 3615 3923 dii

2015 3954 2286 4010 dicentur.
2324 3952 2560 4022 Quando
2606 3968 2740 4025 ergo
2796 3968 2921 4008 cum
2977 3961 3124 4010 tanto
3179 3954 3325 4012 bono
3381 3956 3613 4028 adeptus

2016 4042 2179 4099 fueris
2206 4042 2350 4096 hunc
2378 4043 2665 4111 honorem,
2710 4057 2819 4096 non
2847 4042 3008 4098 video
3036 4057 3150 4111 'qua
3188 4044 3393 4100 ratione
3425 4046 3617 4116 possis

2016 4146 2214 4201 cupere
2260 4129 2598 4201 ampliorem.
2642 4130 2814 4199 Igitur
2854 4131 2984 4184 dum
3025 4132 3372 4202 possessione
3419 4134 3615 4189 horum

2019 4221 2284 4275 bonorum
2326 4234 2451 4289 quae
2498 4218 2827 4290 digessimus
2870 4218 3005 4274 felix
3032 4219 3220 4289 fueris,
3251 4236 3433 4277 nonne
3459 4221 3614 4278 suffi-

2018 4309 2169 4364 ciens
2220 4307 2315 4363 tibi
2344 4306 2661 4364 videberis?
2709 4307 2775 4362 Et
2814 4307 3072 4377 maxime,
3104 4308 3298 4379 inquis.
3345 4311 3467 4382 Age
3505 4310 3615 4383 igi-

2027 4405 2115 4453 tur
2145 4413 2159 4452 :
2190 4397 2235 4452 si
2290 4396 2543 4453 omnibus
2596 4396 2719 4453 istis
2772 4395 2860 4451 vel
2896 4411 3003 4450 una
3034 4396 3154 4464 'die,
3187 4397 3325 4453 sicut
3369 4399 3621 4471 exposita

2029 4494 2170 4556 sunt,
2201 4486 2258 4541 in
2302 4501 2363 4541 re
2404 4486 2505 4542 frui
2553 4486 2785 4555 valeres,
2818 4484 3131 4557 gauderes?
3168 4484 3300 4541 Sine
3339 4487 3507 4544 dubio
3533 4486 3617 4543 “’.

2019 4575 2078 4631 Si
2134 4582 2313 4630 autem
2371 4591 2560 4631 mense
2605 4574 2692 4631 vel
2740 4589 2883 4629 anno
2918 4589 3028 4629 uno
3074 4572 3420 4632 laetiﬁcareris
3437 4578 3473 4630 ?-
3503 4578 3619 4633 Nec

2021 4663 2127 4720 dici
2173 4664 2413 4734 quidem,
2444 4672 2504 4719 ut
2550 4671 2791 4733 autumo,
2832 4666 3011 4735 potest
3052 4662 3253 4719 latitia;
3301 4665 3517 4721 modus.
3548 4664 3620 4721 Et

2020 4753 2064 4807 si
2095 4759 2207 4808 toto
2234 4760 2481 4824 tempore
2509 4753 2635 4809 vita
2676 4760 2802 4822 tum,
2836 4750 2967 4824 quid
2996 4751 3207 4808 faceres
3224 4752 3255 4805 ?
3282 4752 3442 4809 dares
3471 4768 3627 4825 prm-

2024 4840 2192 4896 mium
2212 4839 2322 4894 “‘“l
2352 4842 2549 4913 Utique
2594 4840 2793 4910 libens,
2845 4840 3113 4913 quidquid
3160 4841 3412 4912 haberes,
3443 4851 3498 4899 et
3534 4844 3625 4899 in-

2024 4945 2195 5002 super
2235 4930 2603 5002 temetipsum,
2645 4929 2690 4985 si
2734 4929 2815 4986 sic
2852 4938 2904 4986 et
2946 4935 3063 4986 non
3102 4929 3257 4987 aliter
3300 4947 3367 4988 ea
3394 4930 3624 5007 adipisci

2026 5020 2266 5076 valeres.

1611 5167 1842 5224 VABLE
1897 5168 2294 5225 LECTIONES
2306 5209 2321 5223 .

387 5280 450 5310 "'
469 5282 550 5336 Ita
579 5290 632 5337 et
660 5281 869 5352 majora
892 5297 1026 5336 mss.
1050 5280 1239 5334 omitt.
1271 5288 1343 5336 et.
1377 5276 1438 5307 ²⁴ί
1464 5279 1795 5337 Desiderant
1823 5298 1888 5338 eo
1920 5301 2053 5340 mss.
2084 5283 2455 5339 desiderarent
2475 5297 2559 5339 eo.
2593 5281 2655 5311 ³⁴¹

317 5353 469 5408 dum.
488 5352 562 5429 ξ’
620 5354 733 5429 Erit
763 5354 1133 5429 tua_v_oluntas
1161 5367 1314 5429 MSS;
1332 5352 1431 5405 erit
1461 5353 1924 5429 tuaemvolgntatist
1951 5353 2019 5429 _‘“
2040 5355 2195 5409 Brevi
2224 5354 2476 5429 exemplo
2508 5371 2641 5429 mss.
2673 5352 2823 5429 brevi
2855 5356 2957 5411 sub
3001 5358 3279 5429 exemplo.

320 5442 454 5481 mss.
488 5425 625 5480 Ecce
644 5424 731 5480 sit.
762 5423 824 5452 ¹⁴⁶
857 5422 1066 5479 Diceris
1095 5437 1229 5477 mss.
1263 5422 1500 5478 diceres.
1538 5420 1597 5449 ²⁴⁸
1627 5424 1756 5479 *Et
1779 5424 1990 5492 juvabit
2016 5443 2151 5483 mss.
2183 5434 2234 5480 et
2266 5420 2502 5482 curabit.
2543 5424 2603 5453 ’⁸⁷
2659 5426 2822 5483 Omni
2841 5437 3167 5484 uenturae...

2683 5282 3619 5385 RE??-ES"§ET...’II§".3“339‘EZ

3308 5356 3369 5385 ’⁸⁸
3397 5360 3542 5414 Ecce
3570 5360 3614 5412 si

3202 5428 3346 5498 quod
3367 5428 3617 5484 volumus

321 5512 457 5575 mss.
480 5496 747 5575 omnique
771 5503 1097 5575 creaturae".
1130 5493 1278 5573 quod
1299 5492 1556 5575 volemus.
1582 5491 1643 5521 "'
1676 5491 1795 5575 Qua
1826 5496 1932 5575 ipsi
1959 5512 2094 5554 mss.
2122 5513 2231 5569 qua
2256 5496 2402 5568 ipsa.
2431 5494 2491 5524 "’
2513 5497 2796 5556 Gauderes
2823 5499 2945 5554 sine
2964 5499 3129 5556 dubio
3150 5491 3569 5571 miagaudenes
3589 5500 3619 5552 ?

324 5568 441 5623 sine
463 5564 742 5630 dubio.“
770 5568 945 5623 Dares
971 5564 1259 5643 praemium
1290 5580 1398 5621 ms.
1438 5564 1597 5622 dares
1614 5564 1863 5641 precium
1878 5569 1906 5626 ‘I
