3970 6088
433 207 540 265 599

1023 332 1254 389 CAPUT
1290 332 1442 386 ΧΙΙΙ.

1017 423 1091 478 De
1127 423 1453 478 securitate.

517 511 575 569 Si
614 528 744 568 vero
787 511 854 567 ad
900 513 1014 567 hazc
1065 510 1287 566 omnino
1334 525 1560 564 securus
1592 508 1852 564 existeres
1898 507 2043 578 quod

442 617 506 656 ea
562 601 689 656 dum
745 599 978 666 viveres,
1035 597 1181 653 nullo
1238 605 1434 652 eventu
1497 597 1796 664 amitteres,
1852 595 2042 651 omitto

443 689 627 745 dicere
682 694 861 742 utrum
918 686 1004 741 vel
1060 686 1302 758 cogitare
1359 685 1556 757 possis,
1606 700 1678 740 an
1733 700 1861 752 non,
1911 682 2043 754 quid

444 776 791 834 exultationis
839 775 932 830 tibi
971 782 1143 830 esset.
1200 777 1408 846 Itaque,
1454 789 1576 830 cum
1625 783 1716 829 tua
1761 775 1866 828 vita
1909 789 2042 844 per-

439 873 602 938 petuo
658 864 811 920 duret
863 864 916 918 in
977 865 1067 919 illa
1134 864 1262 933 vita,
1329 871 1383 918 et
1440 865 1556 919 hac
1589 862 1650 892 ⁸⁵⁸
1707 863 1892 918 omnia
1947 861 2043 917 tibi

444 952 662 1009 habenti
711 953 976 1008 securitas
1025 967 1240 1025 quoque
1283 968 1345 1007 ea
1385 952 1620 1021 amplius
1649 969 1756 1007 non
1787 952 2048 1022 perdendi

442 1050 591 1098 certo
645 1040 904 1109 arriserit,
964 1041 1212 1108 obsecro,
1260 1041 1390 1112 quid
1447 1041 1684 1096 aestimas
1739 1040 1836 1094 tibi
1893 1040 2048 1094 erit?

447 1131 624 1188 Credo
654 1130 798 1202 quod
823 1129 982 1184 etiam
1014 1130 1081 1184 ad
1112 1144 1310 1184 nomen
1343 1131 1647 1184 securitatis
1677 1137 1822 1184 mota
1867 1138 1950 1184 est
1997 1130 2052 1182 in

447 1228 500 1276 te
532 1219 782 1291 quaedam
808 1217 1063 1289 jubilatio
1109 1218 1310 1285 cordis,
1344 1225 1396 1272 et
1427 1233 1496 1274 an
1528 1225 1671 1272 tanta
1703 1218 1843 1272 bona
1871 1233 2056 1273 secure

450 1308 525 1365 sis
581 1315 844 1379 perpetuo
900 1321 1268 1377 possessorus,
1310 1307 1504 1360 avidus
1540 1305 1825 1362 addiscere
1881 1306 2053 1376 cupis.

457 1397 596 1453 Dico
653 1395 820 1467 igitur
874 1394 1024 1466 quia,
1057 1394 1106 1448 si
1155 1409 1222 1450 ea
1249 1395 1557 1466 perditurus
1601 1410 1686 1462 es,
1719 1403 1808 1450 aut
1849 1403 1899 1449 tu
1941 1395 2058 1464 ipse

453 1485 603 1541 voles
650 1500 717 1538 ea
759 1483 988 1554 perdere
1034 1491 1123 1538 tua
1179 1493 1391 1554 sponte,
1437 1492 1527 1539 aut
1566 1484 1710 1539 Deus
1753 1499 1818 1538 ea
1857 1485 2063 1539 auferet

454 1573 548 1629 tibi
579 1571 810 1639 nolenti,
846 1579 938 1627 aut
975 1571 1171 1642 aliquis
1218 1571 1356 1626 alius
1401 1573 1520 1627 Deo
1565 1572 1755 1628 fortior
1793 1589 2059 1644 superve-

1443 205 1756 260 EADMERI
1793 203 2110 260 MONACHI
2164 201 2714 258 CANTUARIENSIS

2062 333 2109 388 Α
2143 327 2284 394 illos,
2317 326 2452 381 sicut
2483 333 2538 380 tu
2574 333 2622 380 te
2656 326 2852 396 ipsum.
2886 326 3138 379 Potestne
3170 323 3335 393 igitur
3364 320 3512 375 illius
3551 319 3751 392 gaudii

3641 200 3752 250 600

2145 418 2342 472 modus
2390 432 2420 470 a
2463 416 2698 486 quodam
2745 413 2961 468 homine
2987 412 3047 440 "'
3076 412 3374 482 penetrari,
3429 427 3552 465 cum
3608 409 3752 463 ultra

2146 507 2296 562 mille
2353 505 2520 558 millia
2560 512 2611 558 et
2655 503 2838 559 decies
2887 503 3082 557 millies
3121 510 3347 555 centena
3379 499 3548 553 millia
3577 497 3751 552 innu-

2150 595 2440 651 merabiles
2482 594 2559 647 ibi
2608 594 2734 661 sint,
2786 601 2838 648 et
2891 607 3081 647 omnes
3145 591 3338 646 eadem
3404 587 3750 643 beatitudine

2149 685 2513 757 perfruantur,
2547 698 2645 738 nec
2698 683 2841 736 ullus
2896 696 3083 736 eorum
3142 680 3211 735 sit
3257 678 3348 750 qui
3387 694 3494 733 non
3538 682 3748 731 tantum

2152 775 2220 829 de
2240 773 2386 828 bono
2415 771 2639 826 alterius
2667 771 2898 843 gaudeat
2917 778 3173 842 quantum
3204 770 3273 823 de
3303 768 3446 822 suo?
3477 767 3748 819 Praeterea

2152 863 2399 920 videntes
2441 862 2616 917 Deum
2662 861 2862 930 ipsum,
2891 874 3055 928 supra
3101 873 3262 928 quam
3305 856 3408 928 ipsi
3437 871 3558 911 sese
3587 869 3749 909 ama-

2155 953 2306 1020 bunt,
2365 951 2514 1020 ipsos
2561 958 2827 1003 amantem
2859 957 2912 1003 et
2958 947 3321 1018 intelligentes
3355 962 3415 1000 se
3461 945 3756 999 inenarra-

2157 1041 2339 1095 biliter
2366 1039 2486 1110 plus
2506 1055 2674 1110 quam
2707 1037 3193 1107 sernetipsosillum
3220 1043 3483 1100 amantes,
3505 1034 3558 1087 in
3580 1032 3761 1104 gloria

2160 1131 2278 1200 ejus
2336 1128 2471 1182 mira
2527 1136 2578 1182 et
2634 1125 2888 1182 ineffabili
2957 1125 3321 1181 exsultatione
3378 1122 3752 1179 exsultabunt.

2163 1218 2429 1274 Gaudium
2461 1233 2593 1288 ergo
2623 1216 2730 1272 erit
2761 1216 2838 1271 eis
2870 1216 3010 1270 intus
3039 1223 3094 1270 et
3125 1223 3293 1283 extra,
3335 1213 3598 1285 gaudium
3633 1227 3766 1264 sur-

2165 1325 2285 1362 sum
2318 1315 2477 1378 atque
2507 1308 2781 1371 deorsum,
2814 1305 3076 1377 gaudium
3108 1305 3160 1358 in
3192 1303 3418 1358 circuitu
3448 1309 3502 1356 et
3529 1301 3763 1372 ubique;

2167 1405 2220 1453 et
2251 1397 2353 1452 hoc
2391 1399 2490 1463 est,
2531 1395 2668 1450 sicut
2705 1402 2974 1465 putamus,
3014 1392 3178 1464 quod,
3223 1390 3684 1464 quemadmodum
3717 1387 3766 1441 in

2169 1485 2344 1556 capite
2376 1485 2531 1555 hujus
2550 1483 2795 1554 opusculi
2828 1483 2961 1550 dixi,
2996 1483 3144 1537 Deus
3171 1479 3506 1551 preparavit
3539 1478 3770 1548 diligen-

2171 1575 2312 1630 tibus
2343 1589 2420 1629 se.
2469 1574 2596 1628 Haec
2630 1572 2830 1642 itaque,
2857 1571 3008 1640 juxta
3052 1571 3198 1642 quod
3228 1568 3438 1624 interim
3487 1567 3618 1620 mihi
3649 1582 3770 1620 mea

455 1663 614 1718 niens
661 1677 724 1716 ea
768 1660 936 1727 tollet,
971 1661 1086 1715 Deo
1126 1668 1179 1716 et
1209 1665 1261 1716 te
1291 1660 1356 1688 ³⁵³
1385 1677 1493 1716 non
1523 1661 1758 1728 volente,
1790 1663 1886 1717 sed
1915 1670 2058 1717 certe
2088 1691 2139 1752 Β
2171 1663 2457 1719 aestimatio
2512 1662 2666 1730 dicit,
2726 1660 3129 1731 quodammodo
3186 1667 3364 1730 potest
3407 1655 3466 1685 "’
3515 1656 3626 1712 dici
3681 1656 3770 1709 illa

459 1766 563 1808 nec
592 1761 666 1816 tu,
727 1749 942 1821 ahjecto
1001 1756 1150 1805 tanto
1206 1750 1374 1820 bono,
1406 1749 1460 1804 in
1515 1749 1762 1805 miserias
1817 1765 1952 1820 quas
2007 1755 2061 1806 te

455 1841 701 1896 evasisse
733 1837 795 1866 ’⁵³
821 1837 1091 1910 gratiosus
1134 1839 1406 1894 exultabis
1451 1839 1722 1894 recideres
1770 1840 1921 1895 voles
1962 1855 2061 1895 nec

453 1929 622 1996 Deus,
680 1927 772 1999 qui
825 1926 964 1981 illud
1025 1933 1132 1981 tam
1193 1927 1348 2000 larga
1402 1936 1456 1982 et
1510 1927 1763 1984 clementi
1819 1928 2062 1983 bonitate

456 2016 698 2083 donavit,
749 2015 802 2070 id
836 2015 928 2071 tibi
976 2014 1269 2086 aliquando
1317 2017 1532 2073 auferre
1579 2016 1744 2083 volet,
1778 2035 1877 2080 nec
1921 2017 2062 2072 nllus

460 2105 658 2162 fortior
713 2105 828 2161 Deo
885 2104 1250 2175 superveniet,
1284 2105 1396 2177 qui,
1448 2106 1560 2161 Deo
1621 2113 1669 2162 te
1723 2113 2061 2179 protegente,

456 2195 589 2250 illud
637 2194 734 2250 tibi
786 2193 954 2248 invito
1002 2193 1344 2265 aliquatenus
1393 2195 1569 2250 tollet.
1621 2194 1858 2250 Securus
1903 2195 2068 2266 igitur

458 2292 724 2341 tantorum
783 2283 1047 2338 bonorum
1101 2291 1364 2354 perpetuo
1413 2283 1522 2340 eris
1551 2282 1633 2353 ’“,
1692 2301 1792 2340 nec
1829 2283 2064 2354 alicujus

461 2372 558 2430 tibi
588 2370 865 2428 adversari
906 2370 1139 2427 volentis
1179 2370 1458 2428 incursum
1493 2373 1726 2430 timebis.
1767 2373 1908 2443 Quid
1936 2389 2066 2446 ergo

461 2470 625 2535 putas
659 2461 758 2516 tibi
816 2461 936 2528 erit,
997 2477 1118 2517 cum
1177 2462 1296 2517 hinc
1350 2463 1552 2527 omnia,
1609 2463 2068 2535 pulchritudinem

458 2550 735 2618 videlicet,
806 2550 1172 2617 velocitatem,
1227 2550 1581 2620 voluptatem,
1659 2552 2066 2608 diuturnitatem

465 2639 613 2707 vitaz,
667 2638 1066 2707 fortitudinem,
1119 2638 1445 2706 libertatem,
1496 2640 1800 2707 sanitatem,
1847 2641 2069 2711 sapien-

464 2727 619 2794 tiam,
653 2726 970 2794 amicitiam,
1009 2727 1378 2795 concordiam,
1409 2736 1752 2798 polestatem,
1785 2731 2066 2798 honorem,

465 2814 835 2881 securitatem,
898 2814 1192 2870 secundum
1249 2816 1392 2886 quod
1423 2832 1488 2871 ea
1516 2817 1919 2888 descripsimus,
1960 2817 2068 2873 imo

464 2920 631 2976 supra
687 2919 906 2960 omnem
963 2904 1256 2958 humanam
1309 2904 1720 2962 aestimationem
1779 2906 2070 2976 gloriosius

466 3001 627 3064 atque
649 2991 936 3046 sublimius
966 3006 1134 3062 quam
1167 2991 1331 3047 scribi
1363 2993 1445 3047 vel
1480 2993 1585 3048 dici
1614 2994 1916 3065 possint,in
1948 3011 2072 3066 pos-

2168 1752 2442 1808 beatiludo
2471 1759 2693 1816 aeterna,
2728 1749 2954 1806 felicitas
2978 1753 3202 1816 aeterna,
3226 1747 3645 1804 commodorum
3675 1744 3765 1798 sci-

2171 1842 2292 1896 licet
2350 1841 2589 1896 omnium
2633 1838 2954 1893 sufﬁcientia
2999 1837 3301 1892 secundum
3350 1837 3688 1891 voluntatem
3716 1840 3768 1885 et

2171 1929 2285 1986 sine
2315 1930 2461 1986 omni
2493 1928 2814 2000 indigentia,
2866 1943 3026 1999 quam
3073 1929 3231 1998 plene
3275 1925 3552 1980 habebunt
3581 1938 3766 1978 omnes

2172 2019 2332 2074 amici
2365 2019 2461 2074 Dei
2503 2019 2556 2072 in
2609 2018 2716 2072 vita
2747 2025 2977 2079 azterna;
3024 2033 3124 2070 nec
3167 2016 3308 2070 enim
3343 2014 3601 2070 volumus
3628 2010 3764 2065 aﬂir-

2173 2125 2319 2163 mare
2340 2108 2487 2162 illam
2522 2110 2620 2162 hac
2651 2122 2814 2177 quam
2843 2104 2905 2132 ⁹⁶⁰
2934 2105 3266 2178 digessimus
3297 2104 3466 2158 multo
3515 2101 3767 2171 majorem

2175 2215 2281 2255 non
2311 2213 2445 2252 esse.

2769 2285 3008 2342 CAPUT
3059 2286 3178 2340 XV.

2592 2379 2667 2432 De
2695 2375 2931 2431 miseria
2962 2374 3352 2447 reproborum.

2247 2467 2382 2522 Cum
2436 2466 2604 2538 igitur
2657 2465 2790 2535 justi
2842 2464 3042 2519 fuerint
3098 2472 3244 2518 tanta
3311 2462 3565 2519 felicitate
3613 2460 3771 2525 beati,

2176 2563 2341 2611 restat
2395 2559 2453 2609 ut
2511 2553 2696 2623 injusti
2755 2569 2853 2622 per
2898 2553 3228 2608 contrarium
3277 2553 3385 2607 sint
3423 2549 3775 2606 inaestimabili

2179 2645 2416 2715 quadam
2475 2641 2791 2697 infelicitate
2849 2642 3052 2696 miseri.
3125 2642 3279 2697 Sicut
3335 2640 3484 2695 enim
3543 2641 3672 2694 istos
3697 2637 3773 2707 “1,

2172 2737 2330 2807 juxta
2363 2732 2527 2805 quod,
2573 2739 2731 2802 prout
2772 2731 3071 2802 potuimus,
3105 2732 3222 2785 Deo
3261 2731 3516 2795 donante,
3566 2729 3773 2784 descri-

2181 2823 2410 2895 psimus,
2487 2821 2624 2874 mira
2710 2820 3074 2890 pulchritudo,
3159 2820 3440 2884 velocitas,
3502 2819 3775 2884 fortitudo,

2178 2912 2417 2976 libertas,
2441 2911 2666 2976 sanitas,
2692 2909 2943 2979 voluptas
2971 2910 3178 2963 alacres
3200 2909 3362 2964 faciet
3383 2908 3774 2976 etjubilantes;

2179 3000 2255 3056 ita
2287 3000 2408 3054 illos
2439 2998 2691 3052 immanis
2732 2998 2984 3068 quasdam
3030 3007 3085 3051 et
3115 2997 3515 3052 inaestimabilis
3547 2997 3774 3060 fmditas,

982 3046 999 3062 .
1179 3046 1184 3047 κ
1411 3046 1440 3047 η
1614 3046 1632 3065 ι
1889 3046 1913 3048 υ
1949 3046 2036 3066 .---
2180 3046 2255 3056 ---
2287 3046 2406 3054 .m-
2735 3046 2984 3068 «ιη-πη-
3035 3046 3084 3051 --
3115 3046 3512 3052 -ν-η---η-νηκ--ςν
3547 3046 3774 3060 unum

465 3081 710 3137 sessione
740 3080 1066 3136 aaternaliter
1096 3080 1373 3150 habueris,
1406 3099 1584 3138 nonne
1616 3083 1901 3154 gaudium,
1927 3083 2070 3154 quod
2101 3046 2149 3109 Ο
2177 3089 2423 3150 tarditas,
2456 3086 2813 3146 imbecillitas,
2847 3087 3091 3152 servitus,
3138 3085 3368 3156 languor
3424 3095 3588 3156 atque
3635 3086 3781 3140 dolor

463 3171 564 3227 erit
593 3170 986 3226 consummatio
1017 3169 1258 3226 omnium
1291 3172 1480 3226 horum
1503 3173 1531 3225 ?
1571 3173 1649 3228 Re
1689 3173 1882 3228 etenim
1921 3190 2070 3242 vera,

473 3259 660 3316 videre
693 3275 798 3315 non
830 3273 1050 3330 possum
1096 3259 1368 3330 quomodo
1412 3260 1788 3316 inaestimabile
1815 3261 2074 3333 gaudium

470 3348 896 3422 circumquaque
929 3364 1037 3403 non
1069 3349 1265 3404 habeat
1294 3365 1454 3419 quem
1488 3357 1562 3406 tot
1590 3352 1877 3407 commoda
1906 3351 2078 3406 beatae

468 3437 746 3509 felicitatis
793 3435 1077 3508 felicisque
1136 3437 1487 3494 beatitudinis
1531 3438 1644 3494 sine
1679 3439 1784 3496 ﬁne
1840 3441 2076 3496 circum-

461 3523 715 3585 dant’“.
770 3525 920 3580 Tunc
966 3525 1133 3596 igitur
1170 3533 1224 3580 et
1264 3534 1318 3580 tu
1363 3525 1468 3581 isto
1517 3527 1721 3598 gaudio
1750 3528 2079 3597 perfrueris:

463 3614 591 3684 quia
616 3611 770 3682 nihil,
801 3613 947 3668 unde
975 3613 1216 3684 gaudere
1246 3629 1354 3669 non
1375 3614 1598 3682 debeas,
1631 3615 1881 3672 habebis.

1077 3699 1302 3756 CAPUT
1339 3702 1484 3756 XIV.

1115 3789 1192 3845 De
1220 3789 1446 3860 gaudio.

545 3889 734 3958 Itaque
783 3884 834 3941 si
885 3885 1118 3942 haberes
1161 3885 1422 3958 aliquem,
1463 3904 1622 3959 quem
1696 3899 1754 3944 ut
1806 3894 1858 3947 te
1906 3891 2085 3962 ipsum

479 3976 702 4048 penitus
760 3990 996 4040 amares,
1030 3983 1084 4030 et
1121 3975 1189 4030 de
1238 3976 1393 4047 cujus
1441 3976 1605 4046 bono,
1653 3978 1796 4034 sicut
1853 3981 1920 4035 de
1977 3988 2087 4055 tuo,

815 4063 1109 4135 gauderes,
1133 4063 1396 4135 illumque
1443 4083 1552 4122 non
1595 4067 1786 4123 minori
1831 4085 1987 4140 quam
2039 4077 2092 4126 te

477 4065 699 4122 omnino
721 4062 786 4090 ’“

2179 3187 2471 3233 manentes
2518 3177 2708 3231 reddet
2751 3183 2804 3230 et
2846 3175 3143 3245 ejulantes.
3197 3175 3344 3230 Sane
3389 3175 3782 3229 diuturnitatem

2185 3267 2331 3332 vitae,
2387 3281 2546 3335 quam
2605 3265 2689 3318 isti
2741 3279 2838 3334 pro
2881 3263 3125 3318 fruendis
3172 3265 3331 3318 tantis
3378 3264 3535 3319 bonis
3581 3279 3783 3318 summo

2185 3371 2372 3410 amore
2415 3353 2861 3424 complectentur,
2894 3353 2975 3407 illi
3031 3368 3132 3422 pro
3179 3353 3566 3407 interminabili
3617 3369 3782 3423 patria,

2189 3461 2294 3516 qua
2325 3445 2730 3513 torquebuntur,
2766 3441 3021 3512 quoniam
3053 3442 3161 3496 illis
3191 3442 3370 3506 inerit,
3425 3458 3636 3495 summo
3666 3444 3785 3496 odio

2190 3532 2622 3589 exsecrabuntur
2652 3530 2735 3588 ’“.
2796 3533 2876 3586 De
2926 3531 3191 3600 sapientia
3239 3547 3372 3586 vero
3415 3531 3547 3600 quid
3591 3533 3782 3595 dic-am,

2194 3637 2304 3675 non
2357 3620 2593 3688 invenio,
2629 3619 2731 3673 nisi
2789 3622 2915 3691 quia
2968 3619 3102 3674 sicut
3140 3620 3300 3690 justis
3349 3619 3400 3673 in
3445 3620 3709 3692 gaudium
3738 3627 3787 3674 et

2193 3712 2478 3778 honorem,
2529 3709 2600 3763 ita
2646 3709 2889 3779 injustis,
2913 3708 3175 3779 quidquid
3224 3707 3420 3775 scient,
3453 3714 3698 3763 vertetur
3739 3708 3787 3761 in

2195 3813 2486 3855 maerorem
2545 3807 2597 3852 et
2640 3799 3041 3853 confusionem.
3090 3796 3341 3850 Amicitia
3392 3811 3545 3857 Vero,
3580 3813 3685 3868 qua
3741 3797 3791 3850 in

2197 3886 2430 3943 invicem
2489 3886 2563 3957 pii
2619 3901 2831 3940 summa
2882 3885 3220 3954 jucunditate
3276 3885 3696 3953 copulabuntur,
3751 3886 3790 3938 si

2199 3993 2305 4046 qua
2362 3975 2414 4029 in
2462 3975 2645 4046 impiis
2693 3975 2812 4042 erit,
2845 3975 2897 4028 in
2949 3983 3280 4029 tormentum
3309 3972 3370 4001 ³⁸⁸
3401 3974 3477 4030 eis
3517 3974 3638 4030 erit.
3682 3973 3793 4042 Quo

2200 4065 2344 4120 enim
2377 4064 2555 4135 magis
2599 4079 2844 4133 quosque
2892 4063 3168 4130 amabunt,
3203 4079 3269 4117 eo
3301 4065 3474 4134 magis
3502 4063 3725 4134 gravius
3750 4063 3796 4115 in

482 4153 746 4210 felicitate
774 4169 875 4224 per
905 4152 1090 4208 omnia
1121 4153 1312 4208 fultum
1337 4154 1571 4217 videres,
1593 4172 1776 4212 nonno
1802 4157 1856 4211 in
1886 4158 2090 4230 gaudio
2119 4190 2171 4250 D
2201 4153 2419 4207 illorum
2467 4167 2626 4221 poena
2669 4151 2954 4207 dolebunt.
3013 4151 3069 4207 Si
3102 4157 3307 4218 contra,
3359 4152 3706 4206 concordiam
3737 4166 3800 4205 an

486 4242 604 4311 ejus
631 4241 896 4314 gaudium
947 4241 1282 4312 duplicatum
1327 4243 1608 4300 haberes?
1646 4245 1702 4302 Si
1749 4262 1882 4302 vero
1931 4247 2088 4313 duos,

485 4340 577 4388 aut
611 4341 740 4399 tres,
773 4337 867 4387 aut
898 4329 1084 4401 plures
1114 4331 1241 4388 huic
1272 4331 1372 4387 tibi
1415 4333 1471 4388 in
1518 4350 1706 4390 amore
1737 4351 1895 4406 pares
1926 4335 2100 4407 possi-

483 4421 664 4490 deres,
698 4428 754 4476 et
783 4435 878 4476 eos
910 4416 973 4446 ’"
994 4435 1156 4491 aequa
1181 4419 1438 4477 felicitate
1467 4423 1791 4494 conspicuos
1829 4441 2096 4494 cerneres,

489 4504 736 4578 nunquid
775 4520 880 4576 pro
913 4519 1097 4560 eorum
1129 4521 1353 4561 numero
1402 4522 1512 4561 non
1559 4506 1612 4560 in
1643 4515 1694 4562 te
1724 4509 2102 4579 multiplicare-

489 4603 577 4651 tur
606 4593 792 4668 gaudii
824 4592 897 4648 tui
927 4593 1252 4664 magnitudo
1275 4595 1302 4648 ‘.’
1325 4595 1392 4649 Et
1411 4595 1615 4667 utique,
1633 4613 1755 4650 cum
1779 4597 1845 4652 de
1865 4598 2106 4653 amicitia

501 4683 753 4754 superius
811 4697 1120 4754 ageremus,
1190 4683 1528 4739 ostendimus
1591 4685 1665 4741 ita
1719 4701 1908 4741 omnes
1963 4687 2107 4741 illius

492 4770 686 4843 patria:
725 4770 880 4828 cives
949 4779 1222 4826 amaturos
1270 4780 1338 4841 te,
1369 4771 1504 4828 sicut
1548 4773 1809 4829 amabunt
1855 4790 1934 4841 se,
1978 4783 2030 4830 et
2057 4783 2110 4830 te

2200 4239 2553 4296 babitueri’“
2584 4240 2710 4308 sint,
2772 4240 3086 4310 quaeritur:
3149 4240 3476 4296 discordiam
3535 4239 3804 4295 habebunt

2207 4346 2328 4384 cum
2378 4331 2561 4384 omnis
2591 4338 2861 4394 creatura,
2896 4337 2950 4383 et
2994 4329 3172 4383 omnis
3200 4338 3445 4383 creatura
3475 4329 3802 4384 discordabit

2210 4419 2278 4474 ab
2309 4418 2457 4472 aliis.
2501 4418 2634 4473 Hinc
2683 4433 2816 4489 ergo
2865 4432 2960 4488 pro
3020 4422 3282 4483 potestate
3331 4417 3621 4484 bonorum,
3668 4425 3806 4470 tanta

2210 4507 2528 4577 impotentia
2577 4523 2668 4561 eos
2706 4515 2962 4576 sequetur
2991 4504 3052 4533 ’“
3083 4513 3139 4560 ut
3187 4505 3409 4560 omnino
3451 4507 3581 4559 nihil
3627 4521 3806 4560 eorum

2213 4613 2334 4668 quae
2360 4595 2629 4651 voluerint
2657 4596 2884 4666 possint,
2909 4604 2960 4650 et
2990 4594 3258 4665 quidquid
3290 4595 3582 4649 habuerint
3623 4595 3803 4648 nolint.

2215 4687 2403 4759 lgitur,
2439 4701 2538 4754 pro
2578 4684 2788 4740 honore
2829 4692 3164 4748 sanctorum,
3199 4683 3520 4738 obtinebunt
3579 4699 3807 4751 perenne

2220 4775 2597 4846 opprobrium.
2649 4774 2712 4828 Et
2760 4775 2878 4828 hanc
2916 4789 3021 4843 quo
3069 4771 3174 4828 fine
3203 4773 3526 4827 claudentur
3546 4771 3650 4828 ’“17
3682 4773 3808 4827 Vere

1812 4902 2039 4958 VARUS
2080 4902 2380 4958 LECTION
2390 4903 2494 4958 ES.

573 5018 635 5050 ’“
677 5023 810 5077 Cum
842 5021 895 5075 in
929 5029 1016 5097 tua
1048 5020 1154 5077 vita
1176 5033 1436 5097 perpetuo
1461 5025 1512 5079 in
1542 5025 1633 5081 illa
1660 5034 1772 5082 tuta
1802 5035 1852 5081 et
1883 5029 1998 5082 hmo
2026 5043 2156 5082 mss.
2179 5027 2310 5081 Cum
2339 5027 2448 5080 vita
2480 5034 2565 5081 tua
2596 5033 2859 5097 perpetuo
2888 5027 3039 5080 duret
3070 5025 3122 5080 in
3155 5025 3240 5079 illa
3267 5025 3394 5092 vita,
3427 5033 3475 5078 et
3501 5026 3644 5097 inec.
3678 5024 3738 5053 "’
3754 5027 3809 5079 Et

512 5092 633 5173 Deo
661 5101 714 5148 et
745 5101 795 5147 te
815 5109 950 5173 mss.
983 5093 1097 5173 D_eo
1128 5092 1374 5173 et__t_e.h”'
1397 5097 1473 5173 'Iju
1504 5098 1750 5173 evasisse
1778 5115 1911 5153 mss.
1952 5107 2002 5153 te
2050 5099 2312 5173 evasisse.
2344 5098 2405 5173 Ψ
2433 5092 2710 5173 Perpetuo
2729 5098 2841 5165 ejus
2874 5114 3006 5151 mss.
3047 5107 3306 5168 perpetuo
3338 5098 3465 5151 eris.
3498 5095 3559 5124 ’⁵⁵
3589 5097 3807 5173 Cir_cun-

511 5162 607 5248 flat
640 5179 770 5248 mis:
801 5163 1144 5244 circundant.
1177 5164 1237 5193 ³⁵⁸
1280 5166 1514 5248 Omnino
1547 5169 1758 5238 penitus
1791 5171 2206 5248 mssitornittunt
2236 5171 2471 5238 penitus.
2511 5167 2573 5199 ’⁵⁷
2601 5173 2699 5222 Aut
2731 5162 2838 5221 tres
2870 5178 2922 5222 et
2952 5162 3208 5223 eos'mss.
3234 5177 3323 5248 apt
3356 5177 3460 5221 tres
3492 5169 3608 5222 sive
3636 5167 3806 5236 plures

509 5235 638 5292 huic
667 5235 768 5289 sibi
799 5235 852 5288 in
882 5249 1070 5309 amore
1101 5251 1258 5309 pares
1287 5235 1578 5309 possidens
1604 5250 1648 5291 et
1684 5256 1797 5294 eos.
1824 5238 2181 5309 "'Quoquam
2217 5235 2434 5295 homine
2464 5258 2598 5294 mss.
2632 5255 2662 5293 a
2695 5255 2962 5309 quoquam
2991 5242 3228 5294 homine.
3264 5237 3323 5265 "’
3345 5235 3801 5307 Quemaelrnodum

507 5314 685 5387 potest
731 5323 866 5362 mss.
887 5307 1290 5387 quodammodo
1321 5317 1517 5378 potest.
1565 5308 1628 5338 ”°
1659 5314 1728 5364 At
1760 5327 1917 5387 quam
1953 5307 2084 5387 mss.
2113 5315 2212 5366 hac
2243 5329 2430 5387 quam.
2500 5311 2561 5340 ’σί
2593 5307 2740 5387 Sient.
2772 5307 3119 5387 enimjnstos
3145 5329 3278 5366 mss.
3311 5312 3450 5387 sient
3481 5311 3627 5364 enim
3658 5310 3796 5364 istos.

505 5376 574 5411 ³⁸³
603 5380 829 5436 Summo
856 5377 984 5432 odio
1012 5376 1474 5435 exurabunt‘mss.
1495 5397 1707 5436 summo
1731 5376 1857 5437 odio
1879 5376 2271 5436 exurabuntur.
2296 5381 2356 5410 ’⁸⁸
2377 5383 2429 5435 ln
2459 5383 2738 5436 tormentis
2771 5399 2902 5436 mss.
2929 5376 2979 5434 in
3013 5390 3358 5436 tormentum.
3394 5380 3454 5409 ’“
3473 5383 3664 5436 Contra
3685 5398 3796 5435 con-

513 5449 946 5532 cordiam,quod
979 5448 1216 5532 habituri
1249 5466 1379 5532 mis.
1398 5460 1616 5532 eontra,
1649 5453 1997 5532 concordiam
2031 5469 2138 5532 non
2165 5453 2425 5532 habituri.
2451 5451 2511 5480 ⁸⁸⁸
2529 5455 2698 5532 Tanta
2726 5453 3189 5532 impotentiaejus
3218 5463 3475 5522 sequetur
3503 5470 3634 5509 mss.
3668 5460 3795 5508 tanta

512 5519 834 5595 impotentia
860 5535 955 5578 eos
985 5523 1257 5594 sequettir.
1303 5519 1363 5550 ³⁸⁸
1396 5523 1460 5578 Ει
1490 5523 1605 5580 base
1634 5539 1850 5597 quoque
1879 5525 1992 5582 sive
2022 5525 2339 5583 claudentur
2365 5541 2498 5582 mss.
2523 5529 2576 5580 et
2607 5526 2724 5580 haec
2752 5519 2859 5598 quo
2889 5524 2996 5582 ﬁne
3028 5519 3366 5581 claudentur.
