4046 6076
333 284 429 338 601
1408 288 1538 344 LlB.
1580 285 1674 340 DE
1706 285 2171 343 BEATlTUDlNE
2209 284 2552 341 C(ELESTI.

3540 291 3643 346 602

334 406 472 462 sicut
500 406 660 465 amici
690 409 789 465 Dei
818 412 997 467 securi
1046 420 1200 467 emat
1242 428 1303 467 se
1352 425 1591 482 unquam
1639 410 1937 465 amissuros
1966 414 2020 474 Α
2049 425 2280 480 cumque
2336 408 2473 464 sicut
2501 410 2841 466 coheeredem
2873 414 2933 467 et
2974 411 3425 483 comparticipem
3481 412 3635 484 regni

332 493 477 551 bona
505 513 625 564 sua,
658 498 730 553 ita
759 499 847 555 isti
878 500 1084 557 inimici
1115 501 1212 556 Dei
1243 501 1467 557 omnino
1487 498 1849 569 desperabunt
1877 514 1935 552 se

324 584 441 655 jam
472 586 704 658 amplius
732 588 1043 659 perdituros
1066 592 1184 645 haec
1230 590 1371 645 mala
1420 604 1538 643 sua.
1585 589 1685 643 Pro
1733 596 1935 642 aeterno

330 671 495 745 igitur
522 684 574 731 et
602 676 866 733 ineffabili
923 680 1128 751 gaudio
1175 679 1480 746 beatorum,
1538 676 1938 732 haereditabunt

328 769 585 819 eternam
640 774 693 821 et
744 766 1145 840 incOgitabilem
1218 768 1491 823 tristitiam
1568 781 1758 822 omnes
1817 766 1929 837 qui,

330 866 432 921 pro
490 852 905 924 impcenitudine
959 867 1140 913 reatus
1212 857 1313 925 sui,
1375 854 1647 911 transituri
1699 862 1820 909 sunt
1878 854 1931 909 in

331 940 647 998 societatem
677 944 1068 1001 daemoniorum
1095 944 1176 1001 “7.

401 1028 494 1084 His
520 1031 704 1102 itaque
754 1033 1115 1089 consideratis
1169 1042 1330 1106 atque
1351 1036 1657 1106 perspectis
1703 1032 1930 1105 intelligi

328 1126 503 1187 potest
529 1135 688 1190 quam
718 1122 854 1178 utile
884 1123 953 1177 sit
997 1123 1201 1178 homini
1233 1125 1285 1178 in
1344 1125 1503 1181 bonis
1559 1124 1808 1179 moribus
1867 1138 1931 1177 ac

322 1205 481 1274 justis
511 1209 772 1278 operibus
804 1211 969 1266 vitam
1002 1228 1153 1267 suam
1185 1229 1461 1280 exercere,
1489 1229 1758 1283 quamque
1778 1212 1929 1267 dam-

328 1310 520 1350 nosum
577 1296 690 1354 illis
742 1300 958 1356 omissis
1031 1318 1130 1373 per
1184 1301 1308 1357 vitia
1377 1311 1431 1358 et
1481 1303 1794 1373 iniquitates
1851 1302 1929 1355 af-

326 1383 512 1440 liuere.

397 1472 563 1537 Quod
590 1476 640 1531 si
671 1477 835 1535 latius
868 1480 1297 1550 consideremus,
1331 1481 1579 1537 videlicet
1606 1497 1767 1551 quam
1815 1479 1926 1534 uti-

324 1562 377 1617 le
404 1563 789 1636 sitquemlibet
819 1569 1097 1625 hominum
1156 1571 1357 1627 bonum
1418 1586 1555 1635 esse.
1616 1569 1929 1626 videbimus

322 1666 437 1707 non
469 1653 645 1710 solum
676 1656 792 1725 ejus
823 1659 914 1728 qui
943 1659 1121 1715 bonus
1170 1668 1271 1727 est,
1305 1661 1402 1715 sed
1452 1668 1505 1714 et
1544 1660 1660 1714 Deo
1717 1658 1840 1729 ipsi,
1875 1666 1929 1714 et

323 1741 555 1813 angelis,
588 1751 641 1799 et
685 1746 881 1817 cuique
920 1748 1070 1818 justo
1126 1748 1332 1803 homini
1389 1765 1453 1805 ac
1507 1748 1724 1817 insuper
1778 1748 1928 1803 omni

325 1838 590 1887 creatura:
619 1833 675 1888 id
706 1835 836 1890 utile
863 1851 998 1892 esse.
1031 1838 1099 1891 Et
1146 1838 1259 1892 Deo
1315 1837 1557 1907 quidem,
1616 1852 1723 1891 non
1780 1837 1925 1907 quod

324 1934 575 1987 personae
604 1921 750 1978 illius
779 1924 981 1995 aliquid
1013 1926 1284 1981 commodi
1316 1926 1401 1981 vel
1433 1925 1764 1981 incommodi
1787 1925 1927 1981 acci-

324 2008 454 2063 dere
482 2011 677 2080 possit,
708 2012 886 2067 bonus
918 2015 1081 2070 homo
1113 2015 1257 2069 utilis
1284 2031 1405 2071 esse
1434 2015 1651 2079 dicitur,
1684 2016 1774 2070 sed
1792 2031 1926 2086 quo-

322 2096 470 2155 niam
501 2099 576 2155 illi
607 2102 676 2156 ad
705 2100 1090 2171 perﬁciendam
1122 2104 1397 2159 civitatem
1424 2120 1603 2172 suam,
1638 2122 1798 2175 quam
1855 2106 1923 2160 de

321 2188 485 2244 bonis
515 2190 826 2246 hominibus
857 2190 1122 2261 perﬁcere
1150 2193 1403 2261 instituit,
1434 2210 1500 2249 eo
1530 2194 1710 2248 studio
1741 2210 1848 2264 quo
1870 2193 1924 2247 in

322 2277 467 2331 illam
500 2278 1145 2335 tenditadminiculatur.
1203 2283 1482 2337 Humanus
1535 2282 1736 2352 quippe
1794 2299 1925 2336 usus

323 2366 429 2423 hoc
459 2366 623 2422 habet
651 2375 709 2422 ut
736 2384 859 2424 eum
891 2368 995 2424 sibi
1027 2370 1149 2440 quis
1179 2371 1366 2425 utilem
1396 2371 1598 2441 judicet
1627 2371 1719 2442 qui
1750 2388 1807 2426 se
1855 2372 1924 2426 ad

323 2455 428 2509 hoc
459 2454 682 2526 abjuvat
700 2456 816 2513 sine
845 2473 954 2530 quo
982 2459 1037 2514 id
1061 2460 1205 2530 quod
1234 2460 1375 2516 bene
1391 2460 1504 2516 vult
1532 2459 1794 2531 perﬁcere
1815 2476 1923 2516 non

322 2543 464 2599 vult.

394 2633 640 2702 Qualiter
666 2643 845 2693 autem
867 2637 1039 2692 bonus
1069 2638 1232 2694 homo
1262 2638 1331 2693 sit
1359 2639 1524 2694 etiam
1557 2638 1770 2711 angelis
1812 2638 1924 2699 uti-

323 2721 410 2787 lis,
442 2721 568 2777 inde
595 2725 940 2795 cognoscitur
966 2727 1114 2796 quod
1144 2743 1213 2781 ex
1238 2727 1495 2783 societate
1524 2727 1788 2783 bonorum
1820 2728 1925 2782 ho-

326 2810 533 2866 minum
564 2828 821 2868 numerus
847 2814 1062 2869 illorum
1099 2816 1189 2886 qui
1222 2815 1516 2870 diminutas
1572 2824 1684 2870 erat
1739 2816 1927 2870 redin-

323 2905 589 2970 tegratur.
622 2901 756 2957 Cum
788 2902 954 2975 igitur
982 2904 1183 2974 aliquis
1238 2920 1345 2974 per
1396 2905 1560 2960 vitam
1622 2905 1819 2960 bonam
1874 2905 1929 2959 in

326 2988 640 3044 societatem
671 2991 885 3045 illorum
908 2992 1095 3059 currit,
1131 3010 1387 3065 magnum
1419 2993 1551 3065 quid
1606 2994 1738 3063 ipsis
1794 3011 1927 3065 pra:-

330 3083 456 3144 stat,
488 3078 631 3147 quia,
666 3087 925 3150 quantum
958 3081 1010 3135 in
1071 3082 1190 3152 ipso
1244 3091 1341 3150 est,
1392 3099 1676 3136 numerum
1736 3098 1925 3137 eorum

326 3165 545 3235 supplet
576 3176 626 3221 et
654 3167 886 3237 perﬁcit.
920 3168 1080 3225 Omni
1113 3187 1327 3241 quoque
1351 3171 1502 3240 justo
1543 3171 1766 3238 homini,
1828 3187 1926 3226 nec

326 3267 435 3307 non
466 3255 615 3309 omni
639 3265 903 3313 creaturtc
925 3257 1132 3327 justum
1156 3260 1429 3315 hominem
1462 3259 1644 3313 utilem
1669 3259 1925 3313 diximus.

323 3341 480 3396 Justo
512 3343 735 3410 homini,
786 3346 912 3416 quia
942 3356 1144 3418 quanto
1200 3349 1473 3403 ardentius
1528 3348 1582 3402 in
1638 3364 1930 3418 supernam

330 3430 564 3499 patriam
589 3433 777 3499 tendit,
815 3442 960 3489 tanto
1018 3435 1254 3491 velocius
1306 3438 1477 3506 patria
1537 3437 1657 3507 ipsa
1710 3436 1765 3489 in
1822 3436 1932 3490 suis

329 3514 541 3570 civibus
569 3518 1059 3587 consummabitur,
1092 3530 1142 3575 et
1182 3520 1429 3591 quisque,
1462 3521 1660 3590 adepta
1708 3536 1929 3575 suorum

330 3618 619 3674 corporum
674 3609 1072 3663 resurrectione
1130 3625 1289 3679 quam
1348 3610 1569 3663 multum
1630 3609 1927 3677 desiderat,

327 3692 602 3762 geminata
634 3693 823 3749 laetitia
853 3704 1014 3766 atque
1045 3697 1099 3751 in
1128 3698 1333 3752 honore
1388 3698 1443 3752 in
1475 3713 1645 3769 regno
1676 3697 1773 3753 Dei
1805 3713 1931 3767 per-

329 3779 559 3835 fruetur.
595 3781 756 3837 Omni
786 3793 1069 3852 creaturae,
1120 3786 1377 3855 quoniam
1437 3786 1565 3840 dum
1614 3802 1711 3856 per
1767 3785 1928 3840 boni-

330 3875 492 3923 tatem
550 3887 702 3925 suam
762 3872 1151 3928 incrementum
1212 3874 1443 3929 civitatis
1498 3875 1595 3929 Dei
1673 3874 1925 3945 assurgit,

327 3958 737 4013 renovationem
768 3976 874 4032 qua
907 3961 1020 4030 ipsa
1052 3970 1297 4018 creatura
1328 3962 1384 4016 in
1417 3963 1607 4018 melius
1638 3970 1717 4016 est
1772 3978 1928 4017 com-

329 4046 587 4100 mutanda
618 4048 761 4102 ultra
817 4065 924 4103 non
983 4051 1269 4121 impendit,
1327 4051 1456 4116 imo,
1516 4059 1775 4120 quantum
1834 4066 1930 4105 sua

327 4133 518 4199 refert,
577 4152 794 4192 omnem
849 4138 900 4194 ei
947 4155 1156 4195 moram
1212 4140 1567 4211 perfectionis
1624 4138 1824 4210 rumpit
1877 4147 1932 4195 et

327 4222 535 4279 adimit.

397 4310 669 4381 Quantum
716 4330 847 4387 ergo
901 4316 1096 4387 cuique
1153 4317 1220 4372 sit
1276 4317 1587 4373 enitendum
1644 4324 1701 4371 ut
1755 4316 1931 4371 bonus

327 4399 415 4466 sit,
439 4403 752 4471 perpendat
781 4404 867 4473 qui
898 4413 1093 4474 potest,
1127 4406 1566 4477 quandoquidem
1598 4422 1663 4460 ex
1706 4406 1927 4460 bonita-

2044 497 2279 553 cwlestis
2310 497 2458 568 quasi
2514 498 2723 567 seipsos
2772 499 3086 570 perenniter
3138 501 3389 573 diligent.
3457 500 3642 573 Siqui-

2045 588 2189 652 dem,
2220 594 2479 657 quanlum
2509 586 2563 640 in
2618 587 2737 657 ipso
2794 589 2914 652 fuit,
2973 598 3028 643 et
3075 590 3351 645 civitatem
3398 590 3519 655 Dei,
3578 598 3633 645 et

2042 676 2361 748 angelorum
2388 691 2672 731 numerum
2728 685 2781 731 et
2832 685 3048 733 sanctos
3104 679 3351 734 homines
3398 694 3645 734 consum-

2042 764 2234 820 mavit.
2273 765 2382 820 Sed
2411 780 2538 820 cum
2571 765 2607 820 ii
2637 766 2728 835 qui
2759 766 2827 820 ad
2858 767 3024 820 vitam
3055 774 3311 822 aeternam
3326 768 3641 840 pertingant

2043 862 2185 908 tanta
2219 861 2512 920 merentur,
2542 864 2708 924 patet,
2742 870 2840 924 per
2870 854 3218 923 contrarium,
3252 855 3381 927 quid
3411 872 3647 926 nequam

2040 941 2310 1010 homines,
2343 941 2470 1013 quia
2495 958 2666 1014 regno
2692 942 2791 997 Dei
2822 951 3060 998 extorres
3098 959 3196 999 suo
3243 943 3434 999 merito
3487 942 3640 1012 ﬁunt,

2039 1038 2467 1100 promereantur.
2502 1028 2774 1099 Quantum
2806 1032 3006 1087 etenim
3036 1032 3105 1086 ad
3132 1048 3231 1087 eos
3284 1040 3510 1104 spectat,
3543 1048 3647 1088 nec

2040 1119 2138 1173 Dei
2170 1118 2380 1183 civitas,
2414 1134 2514 1175 nec
2534 1120 2854 1191 angelorum
2884 1121 3267 1189 numerositas,
3300 1135 3401 1176 nec
3430 1121 3639 1176 electo-

2041 1224 2158 1262 rum
2218 1207 2495 1262 hominum
2546 1208 2789 1279 proﬁciet
2845 1208 3069 1279 prtrﬁxa
3138 1210 3452 1281 integritas;
3510 1209 3645 1278 imo,

2039 1314 2157 1352 cum
2189 1298 2289 1368 ipsi
2322 1297 2389 1351 ad
2420 1298 2611 1352 horum
2643 1298 3031 1369 perfectionem
3055 1298 3260 1353 conditi
3292 1298 3510 1366 fuerint,
3543 1315 3643 1353 nec

2038 1386 2345 1457 pertingere
2402 1394 2673 1458 satagunt,
2708 1403 2775 1442 ne
2834 1403 3072 1458 unquam
3130 1386 3480 1460 perﬁciantur
3536 1388 3646 1441 suis

2040 1476 2196 1530 factis
2224 1475 2525 1531 intendunt.

2109 1564 2583 1632 Quemadmodum
2611 1564 2777 1636 igitur
2805 1565 2983 1636 quivis
3013 1566 3177 1621 homo
3210 1566 3359 1621 dolet
3389 1574 3441 1621 et
3465 1563 3645 1636 queri-

2038 1661 2129 1709 tur
2159 1654 2373 1723 quando
2404 1653 2589 1724 aliquo
2619 1655 2783 1709 modo
2815 1655 2991 1725 perdit
3021 1656 3167 1724 quod
3194 1670 3294 1725 pro
3343 1655 3427 1710 sui
3484 1669 3643 1709 com-

1957 1772 2010 1832 B
2041 1743 2205 1797 modo
2235 1751 2285 1798 et
2316 1743 2546 1797 utilitate
2575 1743 2879 1814 acquisivit,
2914 1744 2988 1798 ita
3031 1744 3178 1799 Deus
3236 1742 3645 1813 quodammodo

2040 1831 2187 1885 dolet
2216 1839 2268 1886 et
2297 1830 2554 1901 queritur,
2588 1833 2807 1904 quando
2837 1832 3107 1888 hominem
3167 1849 3327 1903 quem
3376 1832 3446 1886 ad
3505 1847 3643 1900 opus

2032 1937 2188 1975 suum
2218 1927 2502 1975 creaverat
2530 1935 2562 1974 a
2593 1921 2812 1976 diabolo
2859 1922 2999 1991 rapi,
3033 1930 3085 1976 et
3138 1921 3193 1975 in
3215 1926 3479 1976 aeternum
3538 1915 3646 1973 sibi

2032 2010 2210 2079 perire
2240 2009 2566 2064 considerat.
2617 2011 2746 2065 lude
2802 2010 2967 2065 etiam
3025 2010 3102 2064 illi
3159 2010 3251 2080 qui
3308 2010 3641 2064 damnantur

2035 2098 2231 2169 perditi
2258 2098 2525 2164 dicuntur,
2558 2100 2810 2169 quoniam
2844 2100 2958 2155 Deo
2988 2100 3057 2154 ad
3087 2100 3241 2169 cujus
3299 2113 3531 2170 regnum
3587 2103 3643 2151 et

2035 2188 2297 2242 honorem
2319 2188 2521 2242 conditi
2568 2195 2710 2253 sunt,
2744 2188 2794 2241 in
2853 2187 3231 2243 confusionem
3289 2194 3549 2243 aeternam
3607 2200 3641 2239 a

2034 2275 2253 2331 diabolo
2284 2276 2602 2347 prmeipitati
2632 2278 2953 2347 depereunt.

2106 2365 2243 2419 Ecce
2274 2373 2546 2435 utcunque
2577 2366 2857 2435 proposita
2882 2366 3042 2421 nobis
3072 2372 3153 2421 est
3183 2365 3461 2421 beatitudo
3504 2362 3636 2419 vita:

2032 2454 2309 2524 perennis,
2342 2461 2394 2509 et
2422 2456 2698 2510 contrario
2756 2455 2967 2510 miseria
3028 2456 3221 2510 mortis
3277 2463 3510 2510 aeternae.
3571 2451 3641 2509 Ut

2034 2542 2200 2612 igitur
2228 2544 2343 2597 haec
2398 2544 2712 2611 evadantur,
2772 2543 2865 2599 illa
2921 2545 3286 2615 acquirantur,
3343 2559 3408 2599 eo
3456 2541 3636 2612 magis

2035 2630 2430 2686 elaborandum
2463 2641 2542 2686 est
2570 2648 2678 2703 quo
2708 2632 2811 2686 ista
2854 2632 3244 2687 interminabili
3297 2647 3461 2702 paena
3518 2645 3638 2684 ma-

2034 2720 2116 2774 los
2145 2719 2369 2788 cruciat,
2402 2720 2493 2774 illa
2516 2719 2841 2775 indeﬁcienti
2869 2721 3209 2791 jucunditate
3249 2721 3422 2776 bonos
3478 2719 3637 2775 oble-

2035 2818 2161 2864 ctat.

2109 2899 2210 2966 Qui
2238 2915 2369 2970 ergo
2399 2908 2478 2956 est
2507 2899 2683 2955 bonus
2710 2907 3041 2970 perseveret,
3093 2902 3266 2956 donec
3311 2898 3495 2955 debita
3536 2896 3639 2952 sibi

2036 2987 2346 3042 beatudinis
2375 2988 2601 3059 praemia
2649 2989 2860 3059 capiat;
2896 2990 2984 3059 qui
3047 3006 3175 3045 vero
3234 2988 3431 3054 malus,
3492 2985 3639 3060 quod

2039 3084 2118 3131 est
2141 3093 2258 3130 esse
2285 3078 2522 3143 desistat,
2558 3093 2665 3147 quo
2698 3077 2969 3133 miseriam
3002 3095 3164 3150 quam
3213 3086 3453 3132 meretur
3507 3091 3638 3131 eva—

2037 3164 2165 3219 dere
2197 3174 2375 3235 queat.
2412 3167 2474 3219 Et
2502 3166 2721 3236 quidem
2755 3167 2983 3230 bonitas,
3014 3168 3139 3236 quia
3184 3167 3275 3220 lux
3319 3173 3418 3233 est,
3477 3164 3640 3235 plane

2037 3253 2249 3307 instruit
2278 3270 2420 3319 eum,
2456 3255 2541 3309 cui
2570 3255 2817 3322 inlueret,
2846 3270 2951 3323 qua
2982 3255 3266 3325 gradiatur
3295 3262 3353 3308 ut
3378 3254 3447 3308 ad
3472 3254 3637 3307 vitam

2040 3338 2341 3408 perveniat,
2371 3339 2469 3392 sed
2502 3338 2728 3403 malitia,
2762 3340 2885 3409 quia
2917 3338 3151 3393 tenebras
3206 3346 3348 3405 sunt,
3393 3338 3636 3392 obcaecat

2040 3426 2191 3479 illum
2222 3425 2311 3495 qui
2343 3442 2404 3479 ea
2436 3426 2749 3493 inebriatur,
2783 3442 2851 3481 ne
2882 3425 3063 3480 videat
3093 3441 3199 3496 quo
3230 3427 3353 3491 ruit,
3388 3434 3444 3479 ut
3464 3425 3632 3479 inter-

2039 3523 2143 3569 eat.
2178 3514 2285 3569 Sed
2316 3514 2384 3569 sit
2414 3514 2613 3585 aliquis
2646 3515 2786 3570 forte
2818 3515 3009 3581 malus,
3044 3515 3134 3584 qui
3183 3515 3330 3586 quod
3380 3521 3459 3568 est
3514 3529 3634 3568 esse

2038 3602 2318 3659 erubescat
2348 3611 2401 3658 et
2433 3619 2488 3658 se
2520 3603 2720 3657 bonum
2753 3601 2868 3658 ﬁeri
2900 3603 3038 3659 velle
3069 3604 3230 3658 dicat.
3264 3603 3364 3657 llic
3417 3616 3639 3657 necesse

2038 3700 2119 3747 est
2147 3700 2203 3747 ut
2234 3700 2361 3747 ante
2392 3692 2575 3748 omnia
2604 3709 2661 3747 se
2693 3692 2913 3758 malum,
2948 3693 3002 3748 id
3034 3702 3111 3748 est
3152 3702 3508 3762 peccatorem,
3569 3705 3635 3745 ac

2038 3797 2137 3851 per
2166 3782 2268 3836 hoc
2301 3782 2539 3836 tenebris
2580 3780 2877 3837 involutum
2933 3782 3222 3855 intelligat,
3254 3789 3520 3853 quatenus
3575 3795 3636 3835 se

2038 3870 2125 3924 ubi
2152 3870 2368 3940 jacebat
2397 3873 2570 3941 possit
2600 3872 2811 3926 videre.
2868 3871 3005 3927 Sunt
3043 3871 3242 3926 etenim
3299 3872 3483 3942 plures
3537 3869 3637 3940 qui

2038 3967 2145 4013 tam
2178 3959 2361 4014 densis
2390 3969 2736 4030 peccatorum
2788 3960 3022 4015 tenebris
3072 3960 3320 4016 obvoluti
3379 3968 3522 4027 sunt,
3581 3967 3639 4014 ut

2036 4048 2181 4102 nulla
2212 4049 2420 4104 ratione
2450 4066 2511 4104 se
2553 4050 2639 4105 vel
2695 4050 2750 4103 in
2794 4050 2925 4121 ipsis
2975 4048 3211 4105 tenebris
3267 4064 3383 4105 esse
3438 4047 3644 4119 possint

2037 4136 2336 4192 advertere.

2109 4226 2345 4281 Primum
2368 4225 2532 4298 igitur
2559 4235 2607 4280 et
2639 4242 2896 4298 magnum
2927 4226 3056 4296 quid
3079 4226 3206 4281 boni
3254 4241 3373 4281 esse
3423 4231 3636 4280 constat

2039 4315 2313 4369 hominem
2342 4315 2580 4384 seipsum
2612 4330 2773 4385 posse
2805 4315 3109 4387 intelligam
3140 4315 3195 4368 in
3226 4330 3332 4386 quo
3359 4322 3497 4368 statu
3551 4312 3637 4368 vel

2040 4419 2167 4459 casu
2198 4403 2473 4459 subsistat.
2503 4405 2579 4459 Eo
2609 4404 2753 4458 enim
2788 4419 2895 4474 quo
2924 4420 2982 4459 se
3013 4404 3286 4476 intelligit,
3345 4402 3448 4457 luci
3478 4417 3640 4458 acce-

330 4495 383 4544 te
410 4490 642 4546 hominis
670 4499 723 4547 et
751 4495 1140 4548 consummatio
1191 4496 1345 4566 regni
1387 4495 1623 4550 caelestis
1678 4503 1731 4550 et
1786 4512 1928 4566 praa-
1958 4480 2010 4541 D
2041 4493 2143 4547 dit.
2177 4492 2309 4547 Cum
2341 4493 2518 4564 itaque
2549 4492 2801 4565 intelligit
2829 4509 2887 4549 se
2918 4494 3119 4548 malum
3148 4508 3285 4558 esse,
3319 4497 3535 4562 oportet
3562 4498 3638 4562 ut,

331 4577 599 4635 destinata
623 4581 716 4637 toti
742 4590 1005 4638 creatura:
1030 4584 1231 4653 pendet
1262 4584 1530 4654 reparatio
1587 4584 1931 4640 universalis.

331 4666 481 4722 Nihil
508 4668 652 4723 enim
685 4670 876 4725 horum
907 4671 1052 4726 omni
1078 4688 1142 4726 ex
1168 4680 1322 4743 parte
1370 4673 1701 4742 perﬁcietur,
1761 4673 1936 4728 donec

336 4772 599 4812 numerus
632 4757 928 4815 electorum
957 4760 1263 4831 impleatur.
1298 4763 1467 4816 Tanto
1496 4761 1673 4833 itaque
1730 4762 1936 4817 bonum

335 4843 483 4901 istud
513 4846 638 4916 plus
667 4845 1170 4919 diﬁ‘eretur,quanto
1202 4850 1236 4903 ii
1268 4848 1358 4921 qui
1391 4857 1611 4906 aeternae
1638 4850 1761 4906 vita:
1783 4849 1934 4922 digni

336 4934 573 4990 existant
602 4935 781 4990 minus
808 4936 1169 4992 invenientur.

411 5022 641 5095 Singula
670 5024 837 5096 igitur
865 5025 1070 5080 homini
1100 5026 1166 5080 ad
1194 5042 1421 5099 regnum
1470 5026 1569 5082 Dei
1625 5026 1938 5097 pervenien-

338 5110 374 5166 ti
410 5112 551 5167 Deus
576 5111 713 5182 ipse,
748 5114 926 5183 angeli
950 5129 1186 5186 quoque,
1237 5131 1300 5169 ac
1351 5116 1483 5185 justi
1539 5115 1812 5183 homines,
1868 5132 1935 5170 eo

336 5201 482 5268 quod
510 5217 570 5255 se
600 5201 760 5256 talem
789 5202 1033 5257 exhibuit
1061 5211 1118 5257 ut
1163 5203 1290 5257 illuc
1348 5204 1647 5273 perveniet,
1709 5205 1934 5275 gratiosi

336 5288 590 5358 existant,
622 5297 764 5345 etut
805 5306 897 5344 sua
944 5291 1126 5346 omnia
1164 5292 1282 5361 ejus
1337 5292 1672 5346 unanimiter
1727 5293 1932 5357 volent,

2045 4582 2088 4635 si
2120 4582 2295 4636 bonus
2328 4580 2441 4635 fieri
2473 4583 2602 4647 vult,
2636 4582 2815 4637 doleat
2845 4598 2902 4638 se
2942 4582 3143 4637 malum
3188 4597 3329 4637 esse.
3386 4579 3641 4650 Alioquin

2050 4671 2193 4727 falso
2216 4671 2343 4726 dicit
2371 4688 2429 4726 se
2459 4672 2621 4725 alium
2653 4688 2816 4740 quam
2847 4679 2927 4726 est
2952 4687 3073 4726 esse
3103 4671 3266 4726 velle.

2118 4760 2372 4815 Scientiae
2414 4760 2581 4831 igitur
2635 4776 2739 4831 qua
2794 4760 2944 4814 novit
3008 4776 3085 4828 se,
3150 4759 3307 4815 dolor
3358 4757 3648 4829 adjiciatur

2045 4864 2272 4903 necesse
2302 4856 2399 4916 est,
2432 4849 2642 4903 dicente
2664 4848 2973 4917 Scriptura:
3010 4850 3114 4917 Qui
3143 4849 3302 4905 addit
3319 4849 3642 4915 scientiam,

2045 4939 2207 4993 addit
2232 4941 2287 4993 et
2317 4937 2561 4993 dolorem
2593 4938 2797 5006 (Eccle.
2823 4955 2863 5005 ι,
2897 4940 3005 5006 18).
3044 4939 3240 4993 Verum
3271 4938 3444 4995 dolori
3476 4938 3646 4994 medi-

2046 5034 2353 5082 camentum
2400 5026 2512 5079 vult
2570 5026 2848 5092 adhibere,
2908 5026 2999 5080 ubi
3057 5027 3256 5095 doleat,
3314 5026 3537 5099 eXpedit
3590 5032 3649 5080 ut

2046 5115 2295 5170 ostendat
2325 5112 2373 5169 ei
2403 5131 2565 5180 quem
2597 5114 2694 5167 scit
2742 5114 2847 5168 sibi
2892 5131 3053 5171 nosse
3100 5124 3151 5171 et
3204 5133 3370 5187 posse
3409 5114 3639 5170 mederi.

2051 5205 2252 5258 Vulnus
2300 5203 2441 5258 enim
2475 5203 2619 5274 quod
2646 5204 2757 5273 jam
2788 5205 3008 5273 pulruit,
3042 5215 3096 5261 et
3150 5207 3202 5260 in
3250 5223 3307 5260 se
3366 5205 3642 5261 horridum

2047 5293 2198 5346 virus
2229 5309 2293 5346 ex
2327 5291 2609 5358 putredine
2638 5292 2717 5346 sui
2765 5293 3106 5361 coadunavit,
3190 5310 3471 5366 quousque
3521 5308 3648 5364 ape-

1643 5470 1864 5526 VARLE
1903 5469 2204 5527 LECTION
2214 5470 2295 5526 ES
2308 5511 2320 5524 .

409 5587 473 5619 ’⁸⁷
510 5593 582 5651 In
611 5611 748 5655 mss.
783 5595 888 5650 EE.
916 5598 979 5651 10
1010 5598 1066 5652 et
1095 5594 1153 5652 S.
1197 5598 1263 5650 62
1294 5595 1465 5670 plura
1493 5599 1813 5667 sequuntur
1842 5612 1967 5668 quae
1996 5597 2279 5653 hactenus
2309 5595 2535 5654 inedita
2563 5600 2825 5670 fuerunt.
