3970 6088
457 256 560 312 603

1468 242 1783 302 EADMERI
1821 236 2134 295 MONACHI
2175 230 2729 289 CANTUARIENSIS

3658 228 3771 282 604

453 382 623 439 riatur
650 384 702 437 et
734 380 981 453 putridus
1010 382 1204 435 humor
1249 375 1592 448 exprimatur,
1631 386 1732 426 nec
1778 386 1811 426 a
1867 369 2053 426 dolore
2082 364 2137 425 Α
2163 360 2371 453 mitem.
2404 358 2719 453 Ρξιὶθυίνςεηξ.
2753 373 2851 413 sua
2896 354 3285 453 indigentibus.
3307 352 3654 453 largientem‘,
3719 351 3777 449 in

460 471 704 540 liberari,
736 488 835 526 nec
864 471 971 526 ullo
1002 468 1143 525 valet
1169 466 1332 523 modo
1362 465 1609 520 liberari.
1667 462 1757 519 Sic
1799 461 1890 532 qui
1944 461 2051 516 sibi

457 562 667 634 peccati
687 561 878 617 vulnus
893 560 1044 614 dolet
1073 557 1355 623 intlictum,
1382 571 1482 625 per
1511 570 1700 609 veram
1746 553 2050 609 confessio-

457 667 582 707 nem
612 650 789 721 ipsum
820 648 1038 719 detegat
1065 661 1127 701 ac
1157 645 1253 713 sic,
1297 659 1556 715 expresso
1607 643 1895 697 mortifero
1952 643 2049 695 hu-

456 755 608 795 more
656 738 745 808 qui
804 736 1020 802 latebat,
1054 751 1151 806 per
1204 733 1487 789 consilium
1544 732 1910 803 praesidentis,
1946 745 2053 802 quo

458 834 674 882 curetur
704 824 1038 896 poenitentia}
1067 823 1405 878 medicamen
1437 829 1690 876 assumat.
1713 821 1836 875 Non
1872 835 2055 875 verea-

459 924 543 971 tur
596 914 811 985 linguas
868 914 1169 982 hominum,
1229 929 1341 966 non
1397 919 1663 983 proponat
1728 910 2055 980 ptenitentiaa

457 1004 685 1059 cultum.
717 1004 832 1058 Imo
863 1003 1008 1074 apud
1037 1019 1096 1058 se
1127 1003 1229 1057 hoc
1260 1002 1313 1056 in
1362 1009 1539 1056 mente
1582 999 1807 1055 ﬁrmiter
1861 999 2055 1053 habeat

455 1093 598 1165 quia,
627 1092 673 1147 si
703 1092 823 1147 aliis
852 1093 1057 1162 peccati
1089 1090 1411 1147 scandalum
1442 1091 1569 1145 inde
1613 1090 1908 1159 subrepere
1940 1104 2046 1143 non

453 1183 686 1251 timeret,
717 1181 875 1236 talem
904 1198 963 1237 se
1001 1182 1206 1237 cunctis
1240 1181 1598 1235 innotesceret
1629 1179 1845 1249 qualem
1885 1194 1940 1231 se
1999 1177 2053 1231 in

453 1279 747 1342 conspectu
778 1271 876 1325 Dei
901 1287 1059 1340 quem
1091 1269 1313 1325 oii‘endit
1339 1286 1455 1324 esse
1512 1269 1680 1323 videt.
1741 1269 1854 1322 Hoc
1908 1265 2053 1321 enim

452 1361 683 1415 multum
712 1361 856 1415 valet
884 1360 953 1413 ad
984 1360 1205 1429 dignum
1237 1358 1567 1429 pcenitentiae
1596 1358 1851 1424 fructum,
1876 1372 2052 1425 quan-

454 1449 527 1504 do
556 1449 721 1504 homo
753 1456 955 1504 tantum
985 1448 1132 1503 dolet
1162 1449 1230 1503 de
1287 1456 1510 1519 peccato
1563 1462 1682 1514 suo,
1715 1461 1822 1517 quo
1880 1446 2053 1499 Deum

455 1538 702 1608 offendit,
735 1545 790 1592 ut
820 1554 928 1593 non
984 1537 1216 1607 refugiat
1267 1538 1337 1592 ab
1391 1536 1511 1591 aliis
1571 1533 1883 1590 hominibus
1932 1533 2052 1588 talis

455 1626 676 1699 agnosci
707 1627 918 1698 qualem
950 1643 1005 1682 se
1038 1628 1087 1681 in
1121 1627 1290 1682 oculis
1312 1627 1389 1679 sui
1424 1625 1693 1680 Creatoris
1724 1640 1841 1677 esse
1871 1638 2048 1695 agno-

2162 450 2261 505 Dei
2290 448 2507 505 servitio
2538 448 2862 516 sedulum,et
2893 462 3013 518 quae
3042 445 3149 500 sibi
3176 443 3289 499 fieri
3317 443 3431 497 vult
3458 442 3584 496 aliis
3614 439 3778 496 beni-

2161 555 2269 608 gna
2298 546 2479 593 mente
2512 537 2821 603 facientem,
2852 534 3195 605 plurimaque
3227 534 3282 587 in
3323 534 3467 587 hunc
3519 528 3772 593 modum,

2163 637 2215 682 et
2243 627 2327 682 hic
2358 626 2480 680 talis
2503 626 2771 695 judicabit
2798 640 2858 679 se
2885 623 3129 679 viliorem
3183 622 3259 676 illi
3316 620 3613 693 quemlibet
3646 634 3771 673 esse

2162 715 2524 783 luxuriosum,
2556 714 2868 784 superbum,
2901 712 3257 783 injuriosum,
3303 709 3765 779 deprmdatorem,

2163 806 2265 860 Dei
2298 804 2600 871 servitium,
2634 811 2889 873 quantum
2923 802 3067 857 valet
3094 801 3179 857 vel
3210 797 3770 868 audet,devitantem,

2163 902 2215 947 et
2243 893 2473 963 qualiter
2501 893 2619 946 aliis
2648 892 2916 946 contraria
2950 890 3111 946 faciat
3150 905 3246 960 pro
3274 904 3437 960 posse
3467 886 3767 942 elaboran-

2166 990 2291 1037 tem.
2324 982 2404 1036 Ita
2433 989 2665 1050 oportet,
2709 996 2934 1036 necesse
2982 988 3085 1036 est.
3143 979 3314 1033 Aliter
3364 976 3509 1032 enim
3566 975 3770 1030 divina:

2161 1071 2380 1141 paginae
2409 1070 2725 1125 humilitatis
2755 1077 2925 1125 metas
2944 1069 3231 1135 excedens,
3262 1081 3370 1122 non
3399 1064 3605 1121 obedit.
3651 1065 3769 1119 Nec

2155 1159 2356 1231 aliquis
2386 1159 2624 1214 mstimet
2653 1173 2860 1214 sacram
2893 1158 3228 1227 Scripturam
3258 1155 3430 1211 cuivis
3465 1153 3767 1224 quidquam

2160 1248 2460 1322 praecipere
2489 1248 2637 1320 quod
2668 1248 2867 1304 debeat
2913 1247 3158 1317 judicare
3216 1246 3362 1302 factu
3416 1241 3767 1315 impossibile

2162 1352 2282 1392 esse
2292 1379 2304 1391 .

2233 1452 2377 1521 Quia
2406 1451 2574 1523 igitur
2603 1451 2859 1523 scriptum
2890 1457 2973 1505 est
3010 1458 3067 1505 ut
3123 1448 3348 1519 quisque
3403 1462 3462 1502 se
3516 1445 3766 1502 viliorem

2161 1541 2411 1597 omnibus
2437 1541 2557 1595 aliis
2586 1557 2693 1597 non
2726 1541 2903 1595 solum
2925 1555 3020 1595 ore
3050 1539 3389 1610 pronuntiet,
3448 1535 3549 1590 sed
3606 1534 3764 1589 etiam

2158 1630 2350 1685 intimo
2380 1630 2571 1686 affectu
2604 1630 2787 1685 cordis
2815 1630 3020 1709 credat,
3072 1628 3308 1697 qualiter
3356 1626 3502 1696 quod
3550 1623 3766 1694 impleri

459 1717 578 1772 scit.
610 1715 763 1784 Quod
797 1716 1045 1786 quamvis
1076 1716 1218 1771 facto
1250 1731 1352 1770 non
1386 1715 1453 1769 sit
1508 1715 1921 1781 admittendum,
1983 1727 2049 1766 ne
2080 1720 2131 1780 B
2162 1727 2344 1789 queat,
2377 1719 2721 1775 considerare
2752 1719 3014 1773 studeatis
3045 1716 3200 1788 cujus
3252 1724 3491 1770 mentem
3546 1712 3767 1768 divinus

453 1803 716 1861 Ecclesiae
732 1806 827 1860 Dei
859 1806 1141 1877 quodlibet
1171 1805 1564 1860 scandalumex
1583 1805 1710 1858 inde
1740 1810 2054 1875 generetur,

455 1902 637 1950 tamen
667 1911 765 1949 nec
794 1894 1024 1949 inﬁciari
1056 1910 1155 1951 nec
1188 1894 1485 1965 perturbari
1517 1894 1704 1961 debet,
1738 1893 1780 1947 si
1814 1892 1883 1946 ab
1934 1892 2057 1946 aliis

452 1984 497 2040 ei
531 1983 785 2055 objicitur
810 1986 955 2055 quod
983 1984 1098 2054 ipse
1144 1984 1209 2038 de
1242 2000 1298 2039 se
1356 1998 1456 2038 sua
1508 1991 1698 2054 sponte
1752 1982 2052 2037 conﬁtetur.

459 2073 593 2128 Sunt
624 2074 819 2127 etenim
854 2071 1009 2126 multi
1042 2073 1130 2144 qui
1160 2073 1455 2143 plurimum
1488 2070 1895 2141 perturbantur,
1931 2070 2057 2124 dum

452 2161 524 2216 de
571 2162 651 2216 eis
705 2162 799 2216 alii
858 2162 1043 2217 dicunt
1094 2161 1241 2234 quod
1297 2162 1456 2216 etiam
1489 2161 1593 2231 ipsi
1643 2161 1710 2215 de
1740 2177 1796 2215 se
1839 2159 2059 2230 publice

458 2250 618 2306 fateri
648 2269 757 2305 non
790 2251 1086 2323 refugiunt.
1113 2251 1196 2305 Ad
1228 2267 1488 2323 magnum
1529 2251 1710 2321 itaque
1760 2249 2057 2319 perfectio-

456 2340 543 2394 nis
573 2341 790 2396 culmen
812 2341 1064 2410 pertinet,
1100 2342 1227 2395 dum
1257 2342 1378 2411 quis
1409 2340 1631 2404 malum,
1665 2340 1811 2411 quod
1854 2338 2057 2408 praedi-

454 2436 543 2483 cat
573 2428 641 2483 de
670 2446 750 2496 se,
804 2429 1069 2501 patienter
1096 2438 1161 2485 et.
1203 2429 1370 2484 illaesa
1428 2429 1625 2484 mentis
1681 2428 2061 2498 tranquillitate

459 2519 529 2573 ab
554 2518 675 2573 aliis
704 2527 894 2573 contra
942 2535 1001 2574 se
1057 2519 1259 2574 dictum
1316 2518 1459 2574 valet
1502 2518 1780 2574 sustinere.
1842 2516 2059 2571 Probari

462 2622 696 2677 namque
727 2624 823 2678 per
849 2608 953 2663 hoc
1007 2615 1183 2679 potest
1239 2608 1392 2662 illum
1450 2609 1505 2661 in
1559 2624 1689 2663 vero
1743 2607 2060 2662 humilitatis

460 2697 638 2768 gradu
668 2696 986 2763 consistere,
1021 2697 1166 2751 sicut
1196 2713 1225 2751 e
1251 2697 1467 2752 diverso
1498 2697 1647 2751 illum
1681 2697 1769 2768 qui
1800 2699 1903 2751 hoc
1953 2712 2059 2750 non

454 2792 635 2855 potest
664 2785 718 2838 in
749 2785 983 2855 quadam
1011 2786 1274 2855 jactantia
1300 2794 1352 2840 et
1407 2787 1647 2857 appetitu
1701 2786 2057 2841 sublimitatis

447 2882 688 2929 mentem
720 2874 946 2929 habere.
979 2875 1157 2929 Justus
1182 2876 1454 2945 siquidem
1490 2878 1599 2931 vult
1647 2878 1852 2932 haberi.
1916 2877 2057 2931 Scri-

446 2970 598 3032 ptum
631 2963 834 3034 quippe
866 2973 979 3019 est:
1016 2967 1211 3022 Justus
1228 2967 1289 3021 in
1307 2968 1589 3039 principio
1620 2971 1920 3024 accusator
1959 2973 2045 3024 est

445 3051 537 3107 sui
567 3053 751 3123 (Prov.
781 3067 943 3121 xvm,
978 3057 1087 3125 17).

523 3142 661 3195 Dum
692 3141 855 3215 igitur
876 3158 933 3197 se
963 3150 1200 3212 accusat,
1235 3149 1289 3199 et
1320 3146 1387 3200 de
1417 3144 1607 3200 eodem
1634 3144 1751 3215 ipso
1802 3145 1869 3200 ab
1928 3146 2049 3201 aliis

456 3232 702 3287 accusari
756 3241 986 3301 recusat,
1047 3232 1175 3303 quid
1232 3234 1376 3288 aliud
1430 3235 1661 3290 intendit
1720 3235 1819 3289 nisi
1878 3241 1940 3290 ut
1994 3252 2053 3290 se

451 3320 780 3387 humilitate,
812 3321 951 3376 alios
981 3330 1160 3377 autem
1193 3323 1423 3378 falsitate
1456 3323 1543 3379 vel
1568 3325 1694 3381 odio
1718 3324 2051 3396 praeditosin

453 3409 646 3466 eodem
677 3412 930 3466 ostendat
955 3413 983 3465 εν

524 3501 580 3556 Si
612 3516 747 3571 ergo
781 3502 892 3555 vult
923 3518 1066 3557 verae
1107 3502 1427 3558 humilitatis
1492 3503 1707 3558 culmen
1765 3504 2049 3574 attingere,

452 3589 717 3644 concedat
773 3598 984 3659 Oportet
1038 3591 1107 3644 ab
1164 3591 1287 3645 aliis
1343 3593 1484 3647 dicta
1539 3593 1808 3661 patienter
1862 3593 2053 3647 audire

450 3692 573 3747 quae
602 3675 718 3747 ipse
751 3677 819 3731 de
848 3678 1027 3749 seipso
1060 3694 1166 3733 non
1215 3689 1430 3735 veretur
1481 3680 1661 3750 palam
1719 3681 1858 3735 ultro
1915 3696 2050 3752 pro-

451 3764 626 3834 ferre,
652 3772 706 3819 et
730 3766 964 3836 patiatur
993 3783 1050 3821 se
1081 3766 1152 3822 ita
1182 3777 1239 3823 ut
1277 3785 1335 3824 se
1392 3770 1617 3841 dignum
1674 3769 1877 3824 fatetur
1940 3776 2052 3824 ten-

452 3852 571 3907 tari.

526 3944 661 3998 Cum
709 3944 892 4016 itaque
949 3945 1115 4002 homo
1172 3946 1225 4001 in
1283 3947 1431 4004 hunc
1483 3947 1799 4003 humilitatis
1856 3955 2051 4002 statum

451 4032 779 4102 pervenerit,
816 4044 942 4091 tunc
967 4052 1152 4090 revera
1182 4036 1226 4091 si
1256 4036 1309 4091 in
1336 4036 1611 4109 antiquam
1670 4037 2053 4092 conversatio—

455 4137 576 4175 nem
608 4138 758 4176 suam
790 4122 978 4180 oculos
1034 4124 1211 4180 cordis
1267 4126 1563 4196 retlexerit,
1619 4125 1831 4181 videbit
1886 4142 1944 4180 se
2000 4124 2054 4178 in

451 4208 725 4267 horrendo
745 4213 888 4268 malo
919 4220 971 4267 et
1002 4214 1240 4269 tenebris
1272 4231 1395 4270 vere
1426 4215 1617 4282 fuisse,
1677 4222 1731 4269 et
1780 4214 2055 4285 gratiosus

449 4298 708 4356 ineﬂ'abili
733 4300 935 4374 gaudio
956 4309 1010 4357 et
1053 4303 1412 4359 exsultatione
1469 4302 1825 4358 admirabitur
1884 4318 1943 4356 se
1998 4301 2052 4356 in

448 4404 647 4462 magno
678 4391 821 4447 bono
850 4397 904 4447 et
930 4391 1129 4448 lumine
1160 4409 1302 4448 esse.

518 4479 795 4536 Custodiat
825 4498 959 4554 ergo
990 4497 1085 4538 cor
1110 4498 1286 4550 suum,
1319 4481 1586 4537 custodiat
1624 4497 1823 4552 corpus
1861 4497 2036 4548 suum,

448 4586 517 4625 ne
542 4569 747 4626 inimici
777 4570 896 4640 ejus
918 4570 1023 4625 sibi
1054 4571 1355 4643 subripiant
1384 4571 1527 4643 quod
1560 4587 1657 4642 per
1688 4571 1783 4626 Dei
1814 4570 2041 4642 gratiam

449 4658 755 4729 acquisivit,
787 4675 1047 4733 reumque
1076 4660 1326 4731 dejiciant
1370 4662 1423 4715 in
1483 4660 1737 4732 pristinas
1796 4659 2046 4714 tenebras

451 4761 587 4818 quas
615 4748 851 4820 reliquit.
874 4750 1025 4804 Nihil
1056 4751 1337 4819 virtutum,
1373 4766 1505 4822 quas
1534 4750 1761 4820 adeptus
1801 4756 1905 4815 est,
1939 4748 2051 4802 suis

451 4835 657 4891 viribus
686 4836 929 4907 imputet,
963 4855 1067 4894 nec
1097 4855 1259 4910 super
1287 4856 1380 4895 eos
1409 4841 1501 4911 qui
1534 4839 1771 4895 nondum
1828 4839 1897 4892 ad
1948 4839 2050 4893 hoc

453 4925 694 4997 provecti
724 4933 863 4991 sunt,
900 4926 1008 4981 ullo
1035 4928 1199 4983 modo
1231 4945 1291 4984 se
1320 4928 1560 4984 extollat.

522 5015 583 5068 In
640 5015 953 5070 humilitatis
1010 5019 1268 5085 culmine,
1329 5020 1399 5074 ad
1467 5021 1610 5091 quod
1666 5020 1935 5092 pervenit,
1991 5035 2052 5075 se

455 5122 674 5178 semper
700 5119 855 5166 caute
885 5111 1171 5179 custodiat,
1204 5119 1256 5165 et
1312 5111 1623 5168 inferiorem
1681 5130 1737 5167 se
1793 5111 2051 5168 omnibus

452 5199 782 5266 hominibus,
816 5215 925 5255 non
958 5197 1099 5262 ficto,
1133 5200 1229 5253 sed
1262 5200 1449 5256 intimo
1482 5203 1644 5256 corde
1678 5202 1883 5258 credat.
1912 5201 2057 5268 Quo-

459 5291 628 5355 niam,
659 5288 864 5358 inquis,
896 5290 1060 5342 modo
1093 5287 1147 5341 id
1177 5287 1375 5359 aliquis
1405 5289 1585 5345 facere
1640 5298 1832 5360 potest,
1889 5299 1946 5344 ut
2000 5307 2060 5345 se

452 5379 698 5436 viliorem
744 5378 837 5432 illo
890 5375 1081 5432 credat
1137 5392 1297 5445 quem
1357 5376 1410 5430 in
1466 5377 1626 5432 bonis
1674 5379 1886 5433 actibus
1944 5395 2052 5434 non

455 5469 626 5525 solum
658 5467 779 5535 sibi,
812 5466 912 5523 sed
943 5473 995 5521 et
1015 5463 1137 5519 aliis
1176 5464 1485 5521 inferiorem
1545 5483 1666 5522 esse
1716 5468 1831 5522 sine
1889 5467 2055 5523 dubio

456 5559 715 5617 constat?
750 5556 906 5614 Verbi
936 5554 1153 5634 gratia:
1188 5554 1376 5611 videas
1406 5554 1645 5628 aliquem
1677 5555 1937 5626 sobrium,
1962 5558 2060 5612 hu-

2077 3076 2126 3140 Ο

2166 1808 2400 1877 Spiritus
2425 1808 2616 1878 tetigit,
2647 1814 2705 1861 ut
2730 1824 2788 1862 se
2847 1809 2903 1861 in
2959 1804 3266 1877 hujusmodi
3316 1818 3570 1858 exercere
3615 1800 3763 1856 velit.

2169 1898 2352 1951 Grave
2386 1896 2650 1967 siquidem
2674 1904 2752 1951 est
2808 1904 2883 1962 ut,
2942 1895 3140 1950 bonam
3195 1902 3248 1949 et
3301 1901 3542 1946 sanctam
3600 1889 3765 1944 vitam

2167 2000 2359 2057 agens,
2394 1985 2635 2055 perversi
2661 1985 2841 2041 cordis
2880 1991 2932 2039 et
2976 1984 3155 2055 cperis
3191 1981 3395 2037 homini
3450 1996 3511 2035 se
3563 1979 3764 2048 iudicet

2168 2091 2239 2129 ex
2271 2075 2461 2129 intimo
2492 2075 2658 2130 corde
2688 2074 3022 2141 inferiorem,
3056 2089 3177 2128 cum
3210 2070 3468 2125 naturalis
3496 2067 3659 2123 simul
3715 2074 3764 2121 et

2168 2164 2351 2217 divina
2383 2164 2472 2217 lex
2503 2164 2713 2218 sanciat
2752 2164 2954 2217 bonum
2986 2176 3201 2232 semper
3243 2159 3389 2215 malo
3417 2158 3765 2228 praestantius

2169 2268 2309 2320 esse,
2343 2261 2395 2306 et
2427 2252 2551 2306 huic
2581 2261 2797 2307 internae
2827 2252 3016 2323 gloriae
3034 2248 3423 2316 retributio,illi
3453 2244 3765 2316 sempiterni

2170 2340 2451 2412 Opprobrii
2480 2356 2643 2411 pmna
2669 2349 2903 2411 paretur.
2941 2342 3019 2393 Ex
3048 2338 3242 2395 effectu
3280 2338 3461 2409 itaque
3506 2334 3766 2389 mercedis

2170 2430 2443 2501 utriusque
2472 2439 2618 2500 patet
2649 2430 2775 2499 quid
2807 2430 2896 2485 cui
2928 2437 3161 2501 praestet.
3196 2428 3251 2483 Si
3299 2442 3436 2498 ergo
3482 2424 3664 2480 bonus
3711 2438 3765 2477 se

2165 2519 2376 2589 judicat
2406 2520 2550 2574 malo
2578 2519 2907 2584 inferiorem,
2943 2518 3145 2572 malum
3193 2519 3525 2587 przepostero
3582 2513 3765 2569 ordine

2170 2607 2275 2661 sibi
2306 2607 2436 2663 facit
2467 2609 2823 2679 superiorem.
2857 2608 3019 2676 Quod
3051 2608 3131 2663 sic
3169 2621 3290 2662 esse
3336 2619 3527 2659 verum
3586 2610 3768 2657 natura

2169 2712 2276 2752 non
2308 2698 2569 2751 admittit.
2605 2700 2705 2751 Aut
2735 2697 2901 2767 igitur
2928 2696 3141 2752 veritati
3181 2693 3488 2750 contrarius
3537 2692 3640 2748 erit
3682 2692 3767 2763 qui

2167 2801 2225 2840 se
2254 2787 2454 2840 bonum
2485 2786 2630 2841 malo
2662 2787 2832 2841 credit
2852 2785 3186 2851 inferiorem,
3219 2791 3333 2850 aut,
3365 2783 3416 2838 si
3445 2798 3554 2837 non
3577 2781 3763 2845 credit,

2167 2874 2364 2929 divina:
2390 2874 2624 2945 pagimr,
2657 2890 2778 2946 quae
2812 2876 2913 2929 hoc
2937 2874 3113 2943 jubet,
3142 2872 3466 2927 inobediens
3501 2870 3623 2926 erit.
3656 2869 3761 2926 Sed

2168 2964 2362 3018 horum
2395 2964 2527 3017 nihil
2558 2963 2977 3018 admittendum.

2233 3077 2539 3133 Videndum
2572 3078 2735 3151 igitur
2763 3087 2846 3133 est
2897 3092 3134 3150 quonam
3191 3078 3355 3132 modo
3413 3076 3529 3131 fieri
3584 3076 3763 3131 valeat

2162 3174 2219 3221 ut
2248 3175 2302 3221 et
2328 3167 2525 3221 veritas
2555 3183 2660 3222 non
2692 3167 2998 3233 deseratur,
3059 3174 3111 3221 et
3148 3166 3440 3221 divinitatis
3496 3174 3761 3237 praecepto

2165 3256 2474 3310 obediatur.
2510 3257 2646 3310 Cum
2674 3272 2806 3328 ergo
2833 3256 3010 3327 quivis
3039 3256 3317 3310 hominum
3347 3255 3457 3310 vult
3487 3269 3762 3325 compara-

2162 3361 2223 3399 re
2255 3360 2313 3399 se
2344 3345 2412 3399 ad
2445 3345 2628 3412 alium,
2667 3344 2793 3415 quid
2825 3344 2876 3398 in
2907 3360 2966 3399 se
2994 3360 3023 3397 a
3054 3361 3112 3399 se
3134 3345 3317 3413 habet,
3361 3350 3414 3397 et
3452 3343 3586 3415 quid
3633 3344 3765 3398 alter

2164 3449 2272 3487 non
2306 3450 2338 3487 a
2367 3450 2444 3499 se,
2479 3434 2574 3488 sed
2607 3449 2704 3504 per
2730 3434 2830 3488 Dei
2861 3433 3091 3505 gratiam
3122 3433 3354 3496 habeat;
3413 3450 3445 3486 a
3477 3449 3538 3488 se
3568 3433 3764 3504 quippe

2167 3538 2349 3590 nemo,
2382 3522 2482 3575 nisi
2515 3522 2737 3590 malum,
2771 3538 2867 3592 per
2892 3523 3121 3593 gratiam
3152 3536 3282 3577 vero
3332 3520 3430 3576 Dei
3471 3519 3660 3591 habet,
3715 3521 3761 3575 si

2163 3611 2307 3681 quod
2337 3611 2564 3665 bonum.
2600 3612 2768 3666 Ponat
2798 3610 2977 3681 itaque
3008 3610 3208 3665 malum
3239 3626 3397 3665 suum
3442 3627 3571 3665 cum
3626 3611 3761 3664 malo

2162 3699 2409 3766 alterius,
2443 3706 2497 3754 et
2525 3699 2705 3753 statim
2743 3698 2952 3754 videbit
3007 3699 3137 3770 quid
3194 3701 3384 3753 horum
3442 3699 3511 3753 sit
3564 3700 3756 3770 potius.

2165 3787 2463 3859 Perpendat
2500 3788 2660 3842 etiam
2691 3788 2874 3842 omnia
2902 3788 2959 3841 in
3009 3788 3247 3842 futurum
3298 3787 3486 3858 juncta
3540 3788 3757 3855 servari,

2171 3884 2222 3930 et
2252 3892 2319 3930 ne
2349 3875 2486 3932 forte
2512 3876 2631 3946 ipse
2659 3877 2870 3931 occulto
2900 3875 2999 3930 Dei
3022 3875 3231 3945 judicio
3261 3891 3294 3931 a
3352 3877 3495 3931 bono
3552 3875 3759 3933 decidat

2162 3973 2212 4019 et
2244 3964 2384 4019 alius
2412 3981 2445 4019 a
2473 3965 2621 4020 malo
2652 3972 2902 4037 resurgat
2930 3980 3141 4037 gnarus
3172 3964 3429 4020 attendat.

2233 4079 2551 4149 Quicunque
2580 4078 2748 4152 igitur
2774 4079 2865 4133 tali
2893 4078 3329 4135 consideratione
3378 4095 3439 4135 se
3494 4079 3757 4135 studuerit

2171 4168 2509 4233 examinare,
2541 4168 2787 4237 profecto
2816 4183 2924 4223 non
2952 4167 3213 4223 residebit
3243 4168 3295 4222 in
3324 4168 3507 4223 animo
3534 4184 3634 4224 suo
3661 4183 3761 4239 quo

2162 4274 2220 4312 se
2259 4256 2457 4312 debeat
2484 4272 2599 4327 prae
2629 4256 2749 4312 aliis
2780 4255 3148 4328 magnificare.
3202 4257 3391 4328 quue
3424 4258 3602 4329 magis
3656 4257 3762 4312 Deo

2167 4345 2450 4417 proximus
2480 4345 2798 4411 adbtrrebit,
2829 4362 2935 4417 que
2964 4344 3034 4401 de
3077 4361 3137 4400 se
3173 4344 3475 4400 humillima
3530 4346 3762 4401 sentiens

2080 4433 2132 4495 D
2165 4434 2372 4488 nullum
2401 4434 2723 4501 contemnit,
2756 4420 2851 4489 sed
2882 4442 2938 4488 ut
2994 4433 3238 4490 omnium
3292 4450 3424 4490 vera
3468 4435 3759 4491 dilectione

2160 4524 2395 4594 potiatur
2422 4524 2524 4579 sub
2555 4524 2668 4579 Deo
2689 4522 2984 4579 contendit.

2232 4640 2380 4706 Ilaec,
2406 4646 2463 4693 ut
2492 4655 2560 4694 ex
2588 4654 2681 4694 ore
2706 4640 2768 4692 Β.
2810 4640 2868 4693 Ρ.
2903 4638 3143 4694 Anselmi
3175 4638 3379 4709 accepi,
3441 4641 3754 4712 conscripsi,

2161 4727 2483 4783 satisfacere
2511 4727 2739 4798 cupiens
2767 4727 3029 4783 voluntati
3059 4728 3221 4784 amici
3251 4728 3380 4797 mei,
3413 4745 3502 4785 me
3534 4730 3637 4785 hoc
3677 4730 3761 4786 fa-

2160 4832 2284 4873 cere
2315 4816 2514 4871 obnixe
2558 4817 2819 4889 rogantis.
2869 4817 2967 4871 Cui
3027 4825 3080 4872 et
3131 4817 3418 4888 epistolam
3474 4817 3756 4887 destinavi,

2163 4920 2323 4976 quam
2354 4905 2407 4959 in
2435 4905 2659 4960 exordio
2691 4905 2850 4975 hujus
2879 4905 3124 4975 opusculi
3169 4920 3369 4974 ponere
3423 4922 3533 4962 non
3588 4907 3756 4970 omisi,

2164 5009 2362 5048 cavens
2389 5009 2458 5058 ne
2490 4993 2629 5065 quis,
2663 4995 2903 5049 materia:
2931 4993 3394 5065 pulchritudinem
3424 5003 3476 5050 et
3510 4996 3759 5052 dictami-

2166 5083 2251 5137 nis
2281 5082 2577 5139 fmditatem
2637 5082 2914 5149 intuendo,
2971 5082 3271 5138 aestimaret
3324 5084 3639 5140 Anselmum
3692 5100 3755 5139 ex

2168 5172 2414 5226 materiae
2444 5171 2661 5241 quidem
2701 5170 3044 5227 formositate
3088 5172 3218 5226 illud
3276 5174 3663 5244 composuisse,
3693 5188 3755 5227 ex

2170 5260 2473 5315 dictaminis
2502 5276 2630 5315 vero
2658 5259 2885 5330 vilitate,
2920 5276 3029 5331 quo
3059 5260 3253 5315 mentis
3298 5260 3440 5315 illius
3482 5262 3755 5333 perspica-

2170 5348 2251 5405 cia
2282 5357 2333 5404 et
2364 5349 2517 5419 lepos
2547 5349 2749 5419 eloquii
2778 5350 3075 5419 evanuerit,
3098 5349 3294 5403 mirum
3324 5350 3574 5407 duxisse.

2240 5466 2466 5522 Noverit
2496 5473 2677 5521 tamen
2698 5467 3005 5538 quicunque
3030 5466 3133 5521 hoc
3164 5465 3216 5520 in
3235 5465 3319 5521 sui
3335 5466 3581 5523 notitiam
3602 5476 3754 5522 trans-

2170 5555 2249 5615 ire
2272 5555 2584 5629 dignabitur
2611 5556 2787 5631 ipsum
2836 5556 3050 5611 Patrem
3103 5555 3208 5619 hoc
3260 5571 3408 5632 saepe
3464 5555 3659 5635 legisse
3709 5563 3753 5613 et
