4046 6076
377 251 480 305 605

1364 252 1490 307 LIB.
1523 252 1617 307 DE
1647 253 1702 307 S.
1736 254 2037 309 ANSELHI
2069 255 2679 314 SIMILITUDINIBUS.

3561 265 3666 317 606

375 366 610 433 audisse,
645 382 849 438 suaque
901 375 1088 423 sancta
1144 384 1307 422 manu
1364 376 1417 423 et
1461 368 1776 425 auctoritate
1828 385 1969 424 exa-
2002 366 2057 428 A
2089 372 2519 428 commendasse.
2582 374 2662 429 Sit
2691 372 2857 446 igitur
2885 374 3031 430 Deus
3073 373 3389 432 benedictus
3417 376 3471 432 in
3495 377 3679 433 omni-

374 455 639 511 minatum
669 455 905 526 posteris
935 456 1003 511 ad
1054 457 1522 513 transcribendum
1580 473 1643 513 ac
1683 458 1977 532 legendum
2086 461 2205 518 bus.
2233 464 2424 517 Amen.

1102 800 1972 945 EADMERI
2059 803 2944 948 MONACHI

1847 1042 2171 1117 LIBER

402 1234 608 1377 DE
709 1232 1256 1378 SANCTI
1356 1232 2044 1378 ANSELMI
2154 1224 3641 1393 SlMlLlTUDINIBUSM.

904 1607 1126 1663 CAPUT
1157 1608 1447 1663 PRIMUM.

806 1697 881 1752 De
907 1698 1124 1769 triplici
1154 1698 1443 1753 voluntate
1475 1695 1555 1750 κ’.

452 1784 714 1839 Voluntas
768 1785 1049 1854 tripliciter
1092 1785 1428 1858 intelligitur.
1465 1786 1728 1842 Voluntas
1777 1786 1976 1842 etenim

381 1872 575 1927 dicitur
603 1870 664 1901 "’°
693 1873 828 1928 illud
877 1873 1070 1929 animae
1121 1874 1531 1930 instrumentum
1578 1893 1686 1949 quo
1735 1877 1867 1945 vult,
1924 1887 1977 1933 et

385 1960 601 2018 affectio
627 1963 872 2032 ejusdem
904 1963 1283 2023 instrumenti;
1318 1963 1531 2020 affectio
1563 1981 1711 2033 vero,
1743 1975 1817 2021 est
1836 1966 1974 2023 aﬂ‘e-

378 2051 484 2106 ctio
513 2051 761 2121 ejusdem
819 2051 1157 2107 instrumenti
1212 2053 1458 2108 volendi.
1525 2056 1649 2111 llaec
1703 2057 1970 2124 voluntas,

375 2155 499 2211 quae
529 2141 726 2196 dicitur
753 2139 968 2197 aﬂ‘ectio
1000 2140 1079 2209 νη,
1113 2151 1193 2196 est
1224 2143 1291 2197 ad
1324 2152 1534 2215 tempus
1582 2145 1731 2214 quasi
1776 2146 1968 2214 scpita,

375 2229 503 2299 quia
535 2238 615 2285 est
644 2245 829 2285 eorum
881 2248 1004 2301 quae
1060 2246 1212 2285 mens
1244 2249 1351 2287 non
1377 2242 1661 2300 memorat,
1690 2235 1785 2289 sed
1818 2250 1968 2303 mox,

374 2327 527 2373 utea
584 2319 772 2388 recoli,
806 2320 964 2375 etiam
1010 2320 1425 2375 instrumentum
1470 2322 1688 2377 volendi
1745 2324 1968 2394 appetit.

368 2410 503 2463 Item
568 2408 825 2465 voluntas
882 2409 1078 2465 dicitur
1106 2410 1267 2478 velle,
1299 2410 1385 2466 vel
1417 2427 1542 2465 usus
1571 2412 1741 2483 ipsius
1766 2412 1967 2467 instru-

364 2495 555 2551 menti.

992 2589 1215 2645 CAPUT
1262 2589 1332 2644 II.

490 2675 824 2734 Similitudo
864 2679 1019 2734 inter
1047 2681 1349 2735 mulierem
1380 2684 1435 2735 et
1466 2681 1842 2737 voluntatem.

447 2766 710 2821 Voluntas
740 2767 941 2838 itaque,
974 2784 1094 2837 qua:
1123 2777 1202 2823 est
1255 2769 1671 2824 instrumentum
1728 2770 1969 2837 volendi,

367 2852 448 2909 sic
480 2860 564 2909 est
594 2854 735 2910 inter
764 2855 935 2910 Deum
967 2864 1017 2910 et
1041 2856 1317 2912 diabolum
1337 2859 1610 2927 quomodo
1626 2858 1974 2914 mulierinter

370 2958 529 2997 suum
559 2943 863 3016 legitimum
922 2944 1100 2998 virum
1155 2954 1210 3000 et
1238 2947 1475 3017 aliquem
1519 2947 1841 3003 adulterum.
1884 2948 1975 3002 Vir

366 3032 416 3086 ei
447 3029 512 3059 ’7’
541 3033 790 3103 praecipit
819 3042 877 3087 ut
905 3033 1009 3088 sibi
1039 3034 1140 3089 soli
1170 3036 1550 3105 conjungatur,
1586 3038 1797 3091 adulter
1844 3053 1970 3093 vero

362 3120 660 3192 persuadet
690 3129 746 3177 ut
774 3131 827 3178 et
857 3123 960 3176 sibi
989 3123 1271 3194 copuletur
1298 3121 1379 3178 η’.
1451 3126 1506 3181 Si
1539 3125 1719 3195 itaque
1758 3144 1817 3182 se
1870 3127 1969 3182 soli

366 3208 610 3281 legitimo
643 3211 761 3267 viro
790 3213 1104 3285 conjungat,
1140 3213 1383 3284 legitima
1411 3222 1512 3279 est,
1558 3215 1788 3286 ipsaque
1834 3215 1971 3270 filios

363 3296 426 3327 ⁸⁷⁸
452 3299 737 3371 legitimos
765 3309 1030 3373 generat;
1064 3301 1107 3356 si
1140 3311 1318 3356 autem
1348 3302 1594 3358 adultero
1624 3319 1680 3358 se
1704 3304 1967 3373 junxerit,

364 3387 615 3444 adultera
669 3398 769 3454 est,
834 3396 887 3446 et
920 3390 1037 3460 ipsa
1068 3390 1208 3445 ﬁlios
1237 3389 1298 3418 ’π
1328 3390 1667 3446 adulterinos
1697 3394 1855 3461 parit.
1889 3392 1971 3447 Si-

366 3476 569 3532 militer
597 3493 730 3550 ergo
760 3479 909 3533 Deus
940 3478 1169 3549 imperat
1224 3480 1485 3534 voluntati
1515 3488 1572 3535 ut
1600 3481 1836 3536 societur
1864 3482 1967 3551 ipsi

364 3565 468 3622 soli
491 3564 591 3633 '7‘;
630 3566 882 3622 diabolus
939 3583 1065 3622 vero
1122 3584 1187 3622 ex
1244 3568 1351 3623 alia
1406 3578 1561 3639 parte
1618 3571 1859 3640 suggerit
1913 3578 1971 3624 ut

371 3657 740 3727 conjungatur
768 3664 822 3711 et
850 3656 979 3710 sibi.
1020 3656 1076 3711 Si
1102 3656 1283 3726 itaque
1312 3673 1369 3712 se
1393 3658 1493 3712 soli
1524 3659 1639 3713 Deo
1667 3660 1969 3729 conjunxe-

368 3742 456 3813 rit,
494 3743 548 3798 id
581 3752 663 3798 est
690 3743 920 3814 Spiritus
940 3745 1111 3800 sancti
1132 3747 1566 3818 suggestionem,
1600 3747 1748 3803 velut
1779 3764 1969 3803 semen

2089 1611 2320 1667 ctionem
2356 1612 2415 1641 ²⁸⁰
2445 1621 2497 1668 ct
2527 1613 2595 1668 ad
2628 1614 2919 1669 volendum
2951 1615 3221 1686 optanda:
3256 1615 3521 1670 memoria
3550 1632 3678 1672 vero

2088 1702 2156 1755 ad
2188 1704 2604 1757 memorandum
2638 1705 2989 1759 memoranda
3012 1723 3023 1767 ;
3049 1704 3413 1777 cogitatio,ad
3443 1704 3683 1777 cogitan-

2088 1792 2213 1845 dum
2245 1792 2575 1864 cogitanda;
2612 1792 2933 1860 intellectus,
2965 1796 3033 1849 ad
3083 1794 3497 1849 discernendum
3556 1794 3685 1864 quid

2087 1883 2156 1936 sit
2190 1881 2498 1949 volendum,
2532 1882 2615 1936 vel
2674 1884 3109 1952 memorandum,
3168 1882 3253 1939 vel
3309 1883 3682 1954 cogitandum.

2084 1971 2309 2025 Animus
2338 1986 2552 2042 quoque
2581 1970 2649 2025 ad
2681 1971 2996 2026 charitatcm
3029 1972 3257 2043 erigitur
3286 1973 3364 2037 ’",
3398 1970 3465 2024 ad
3495 1970 3680 2024 humi—

2084 2059 2289 2113 litatem
2322 2060 2649 2130 disponitur,
2678 2061 2746 2114 ad
2778 2061 3097 2130 patientiam
3140 2060 3441 2128 roboratur,
3497 2066 3551 2112 et
3606 2058 3676 2113 ad

2082 2148 2222 2203 alias
2250 2148 2473 2203 virtutes
2502 2149 2847 2220 generandas
2876 2149 3129 2218 aperitur.

2701 2234 2924 2289 CAPUT
2969 2234 3055 2288 ιν.

2538 2324 2612 2378 De
2648 2323 2905 2378 sensibus
2944 2324 3193 2395 corporis
3206 2363 3219 2377 .

2152 2412 2412 2468 Similiter
2445 2421 2498 2467 et
2533 2413 2777 2481 corporis
2808 2428 3001 2467 sensus
3030 2413 3343 2481 aperiuntur
3398 2411 3465 2466 ad
3496 2410 3677 2480 impc-

1989 2517 2043 2577 B
2080 2502 2222 2556 rium
2255 2502 2390 2571 ejus,
2416 2501 2667 2556 videlicet
2700 2500 2843 2555 visus
2873 2501 2940 2555 ad
2998 2502 3234 2556 videnda
3290 2499 3389 2567 ως
3443 2499 3678 2567 auditus,

2078 2591 2145 2645 ad
2180 2590 2516 2646 audiendum
2547 2590 2643 2644 Dei
2673 2589 2840 2645 verba
2866 2608 2878 2652 ;
2904 2598 3110 2663 gustus,
3132 2589 3198 2644 ad
3222 2589 3488 2662 gustanda
3513 2608 3527 2655 ;
3551 2589 3684 2643 odo-

2081 2688 2250 2748 ratus,
2276 2680 2343 2735 ad
2374 2679 2690 2741 odoranda;
2718 2687 2917 2745 tactus,
2951 2679 3019 2733 ad
3052 2678 3330 2751 tangenda
3359 2693 3372 2747 ;
3429 2676 3679 2732 olfactuso

2084 2770 2151 2825 ad
2184 2769 2529 2836 olfacienda;
2563 2768 2704 2822 oculi
2738 2784 2973 2840 quoque,
3008 2768 3076 2822 ad
3106 2768 3442 2837 vigilandum
3474 2774 3526 2820 et
3554 2765 3679 2835 plo-

2080 2859 2350 2919 randum;
2384 2873 2465 2924 os,
2489 2857 2559 2911 ad
2588 2856 2724 2912 bene
2755 2856 3125 2928 loquendum;
3159 2873 3369 2920 manus,
3410 2855 3479 2910 ad
3535 2862 3680 2909 recte

2082 2947 2455 3018 operandam;
2489 2948 2679 3017 pedes,
2726 2947 2794 3000 ad
2853 2945 3241 3001 ambulandum
3299 2960 3404 3014 quo
3456 2943 3677 2999 debent.

2084 3037 2280 3108 Sicque
2331 3053 2434 3090 una
2466 3034 2579 3090 sola
2607 3034 2876 3102 voluntas,
2921 3043 3204 3106 postquam
3262 3033 3361 3088 Dei
3419 3030 3681 3088 voluntati

2083 3134 2161 3181 est
2188 3126 2394 3197 juncta,
2422 3133 2497 3180 tot
2527 3125 2755 3180 virtutes
2785 3133 3011 3196 generat
3042 3132 3095 3177 et
3123 3137 3292 3193 opera
3340 3121 3502 3177 bona.

2720 3214 2945 3267 CAPUT
2971 3214 3031 3266 V.

2650 3303 2724 3356 De
2760 3300 3104 3357 obedz‘entia.

2152 3392 2321 3461 Hujus
2349 3399 2528 3444 autem
2589 3384 2881 3445 voluntatis
2911 3389 3123 3443 aﬂcctio
3162 3388 3274 3443 sive
3330 3404 3480 3451 usus,
3539 3387 3676 3441 obe—

2079 3482 2233 3535 diens
2252 3479 2500 3535 voluntas
2528 3479 2615 3533 vel
2645 3476 2955 3533 obedientia
2979 3477 3193 3545 dicitur,
3214 3476 3339 3547 quia
3360 3476 3457 3530 Dei
3480 3475 3676 3529 volun-

2081 3570 2177 3624 tati
2208 3569 2492 3632 obediens,
2520 3584 2639 3621 eam
2668 3567 2828 3621 habet
2857 3566 3199 3633 advocatam,
3228 3565 3278 3621 si
3309 3572 3580 3635 quaeratur
3615 3562 3675 3591 ’⁸³

2080 3676 2177 3714 cur
2203 3659 2308 3714 hoc
2337 3657 2421 3713 vel
2456 3657 2584 3710 illud
2644 3656 2799 3711 velit.
2841 3655 2999 3723 Quod
3029 3655 3073 3709 si
3107 3656 3222 3710 hzec
3254 3653 3523 3722 voluntas,
3552 3670 3675 3725 qua:

2081 3748 2278 3803 dicitur
2308 3748 2730 3801 instrumentum
2788 3744 3027 3813 volendi,
3057 3743 3257 3799 diaboli
3311 3758 3370 3798 se
3420 3742 3675 3812 junxerit,

375 3832 603 3898 bonum,
635 3833 925 3903 receperit,
957 3833 1014 3888 ﬁt
1042 3835 1154 3902 ejus
1183 3834 1389 3903 conjux
1436 3835 1681 3907 legitima
1724 3836 1972 3909 ﬁliosque
2002 3865 2052 3927 Ο
2082 3840 2200 3909 ejus
2232 3835 2542 3907 recipiendo
2569 3833 2629 3864 ’“
2659 3833 3065 3907 suggestionem
3111 3830 3255 3888 velut
3300 3831 3675 3887 inordinatum

363 3919 644 3992 legitimos
671 3930 921 3991 generat,
946 3922 1000 3976 id
1027 3931 1107 3977 est
1136 3921 1197 3951 ³⁷⁷
1224 3924 1449 3978 virtutes
1477 3932 1529 3978 et
1558 3940 1745 3994 opera,
1780 3925 1922 3980 bona
1954 3946 1968 3993 ;

363 4024 498 4064 mox
522 4010 663 4064 enim
698 4011 769 4065 ad
798 4010 1083 4080 imperium
1115 4012 1233 4081 ejus
1263 4028 1452 4067 omnes
1482 4014 1792 4083 aperiuntur
1845 4015 1968 4069 ani-

369 4112 473 4152 ma:
505 4104 563 4152 et
592 4099 839 4170 corporis
867 4115 1060 4155 sensus
1088 4102 1159 4155 ad
1188 4100 1523 4173 implendum
1555 4102 1696 4171 quod
1727 4102 1969 4174 praecipit

363 4185 515 4241 Deus
546 4188 629 4243 ⁸⁷⁸.

984 4278 1208 4333 CAPUT
1236 4279 1338 4332 III.

873 4368 947 4422 De
971 4367 1226 4423 sensibus
1241 4368 1468 4424 animae.

446 4453 571 4526 Ipsa
599 4470 836 4528 namque
866 4456 1114 4514 voluntas
1134 4455 1367 4528 aperitur
1384 4458 1453 4512 ad
1474 4458 1729 4514 virtutum
1758 4457 1819 4487 ’τ’
1848 4459 1970 4517 aﬂ'e-

2083 3944 2294 3994 semen,
2322 3926 2568 3980 adultera
2624 3932 2796 3978 mater
2825 3923 3017 3977 atlecta
3073 3923 3213 3977 ﬁlios
3244 3919 3595 3988 adulterinos,
3622 3920 3678 3974 id

2079 4024 2158 4071 est
2190 4016 2321 4070 vitia
2352 4021 2405 4068 et
2434 4028 2599 4083 opera
2626 4015 2769 4066 mala
2797 4018 3052 4083 generat.
3091 4011 3385 4066 Universos
3410 4010 3553 4063 enim
3580 4008 3679 4063 ho-

2082 4105 2245 4159 minis
2275 4118 2467 4158 sensus
2498 4099 2753 4155 claudens
2781 4101 2849 4153 ad
2887 4114 2952 4154 ea
2982 4114 3103 4170 quae
3133 4098 3379 4168 praecipit
3406 4095 3466 4125 ’⁸⁵
3504 4097 3673 4165 Deus,

2081 4193 2274 4264 pandit
2304 4191 2371 4246 ad
2403 4206 2464 4246 ea
2496 4205 2616 4261 quae
2639 4189 2799 4257 jubet
2828 4187 3097 4242 diabolus.
3122 4190 3241 4257 Ipsa
3263 4200 3497 4256 namque
3525 4184 3675 4255 prius

2080 4282 2323 4352 aperitur
2351 4279 2419 4334 ad
2450 4277 2788 4333 affectionem
2820 4275 3096 4343 vitiorum,
3138 4282 3191 4330 et
3246 4274 3314 4329 ad
3368 4290 3430 4329 ea
3484 4273 3674 4328 volen-
3765 4292 3771 4299 ε

2080 4371 2230 4437 dum,
2266 4385 2330 4425 ac
2359 4366 2553 4423 deinde
2584 4365 2817 4422 hominis
2847 4380 3033 4420 sensus
3059 4364 3231 4434 aperit
3260 4362 3329 4419 ad
3350 4363 3469 4433 ipsa
3486 4377 3678 4434 perpe-

2076 4460 2262 4517 tranda
2276 4500 2288 4514 .

1677 4584 1899 4639 VARle
1946 4583 2355 4640 LECTlONES.

444 4678 506 4708 "‘
522 4681 579 4736 Is
599 4680 852 4736 Collatus
870 4684 953 4736 est
970 4696 1099 4736 eum
1118 4696 1250 4737 mss.
1281 4679 1440 4735 Gem.
1462 4683 1583 4737 Bec.
1604 4681 1763 4738 Coro.
1781 4684 1907 4737 307.
1935 4684 2214 4738 Victorino
2227 4685 2337 4737 EE.
2362 4682 2447 4735 t3.
2471 4680 2995 4736 SanoGermanensi
3012 4695 3110 4751 per
3122 4695 3209 4734 me
3228 4678 3501 4751 notatoA.
3526 4682 3575 4751 l.
3596 4678 3665 4751 Et

374 4768 506 4807 cum
533 4754 794 4807 Editione
816 4751 1132 4807 Coloniensi
1156 4754 1311 4807 1573.
1334 4753 1428 4807 ills.
1462 4752 1594 4807 Vict.
1630 4753 1823 4822 incipit
1845 4753 1983 4807 liber
2010 4753 2247 4807 Anselmi
2277 4752 2678 4822 Cantuariensis
2716 4749 3124 4821 Archiepiscopi
3166 4751 3232 4805 de
3276 4749 3664 4804 Similitudini-

370 4823 494 4877 bus.
531 4840 632 4877 ms.
672 4822 826 4878 Corb.
852 4824 1342 4891 Incipit'l‘ractatus
1374 4823 1429 4877 S.
1454 4824 1695 4877 Ansclmi
1728 4821 1795 4878 de
1817 4823 2286 4879 Similitudinibns.
2312 4840 2416 4877 ms.
2445 4821 2871 4876 Son-German.
2906 4822 3369 4891 lncipittractatua
3391 4837 3419 4874 a
3444 4835 3666 4875 venera-

375 4893 470 4947 bili
502 4894 756 4949 Anselmo
788 4893 1160 4964 cantuariensi
1191 4893 1617 4963 Archiepisc0po
1648 4894 1820 4949 editus
1849 4895 1915 4949 de
1940 4895 2158 4964 Triplici
2195 4894 2494 4947 Voluntate.
2526 4891 2591 4964 [η
2623 4909 2800 4964 eonzs.
2827 4891 2918 4949 hic
2957 4895 3252 4947 Tractatus
3297 4895 3357 4948 in
3404 4892 3666 4963 Capitula

372 4979 488 5020 non
515 4963 811 5020 dividitur.
848 4962 909 4992 ’⁸⁸
944 4965 1018 5019 De
1050 4965 1318 5020 divisione
1347 4961 1634 5019 voluntatis
1663 4981 1796 5019 mss.
1830 4965 1898 5020 de
1940 4961 2135 5035 triplici
2167 4965 2461 5019 voluntate.
2522 4961 2582 4991 ’⁷ο
2637 4962 2943 5035 Tripliciter
2997 4963 3323 5035 intelligitur
3376 4961 3655 5035 voluntas.

373 5035 587 5107 Etenim
618 5036 817 5107 dicitur
846 5051 954 5089 ms.
997 5038 1337 5091 Son-Germ.
1371 5035 1617 5107 voluntas
1645 5037 1928 5107 tripliciter
1956 5034 2305 5107 intelligitur.
2346 5035 2603 5090 Voluntas
2632 5034 2829 5107 etenim
2859 5035 3074 5107 dieltur.
3106 5034 3169 5107 "l
3196 5034 3330 5103 Quae
3348 5043 3429 5089 est
3454 5034 3665 5090 aﬁectio

371 5123 489 5161 ms.
532 5105 961 5178 Sun-German.
998 5123 1118 5176 qua:
1149 5108 1344 5178 dicitur
1369 5105 1606 5178 affectio.
1640 5105 1702 5134 ’⁷⁸
1736 5107 1826 5160 Vir
1853 5108 1995 5178 enim
2028 5108 2074 5162 ei
2105 5104 2211 5161 nis.
2253 5106 2672 5178 Son-German.
2708 5105 2793 5157 vir
2823 5105 2894 5178 ei».
2925 5104 2984 5132 ’⁷⁸
3021 5107 3085 5178 Ut
3113 5106 3213 5159 sibi
3243 5108 3527 5178 copuletur
3554 5121 3660 5178 ms.

372 5179 449 5232 A.
486 5179 509 5230 1
546 5184 604 5231 ut
633 5186 683 5231 et
712 5177 813 5231 sibi
845 5175 1149 5248 copuletur.
1189 5175 1249 5206 ’⁷⁸
1281 5177 1539 5247 Legitima
1570 5186 1668 5243 est,
1702 5178 1923 5248 ipsaque
1955 5176 2095 5233 ﬁlios
2122 5194 2225 5231 ms.
2252 5181 2368 5248 (1,7,1,
2410 5177 2646 5248 legitima
2678 5176 3011 5248 estetipsa,
3044 5175 3327 5247 ﬁliosque:
3373 5176 3433 5248 ’τέ
3488 5177 3660 5231 Adul-

373 5257 491 5303 tera
521 5255 622 5312 est,
655 5257 709 5302 et
738 5248 851 5317 ipsa
885 5247 1022 5302 ﬁlios
1053 5266 1157 5303 ms.
1192 5250 1265 5302 Α.
1302 5252 1324 5301 1
1361 5245 1607 5302 adultera
1638 5245 1799 5303 estet
1830 5245 1967 5317 ipsa,
2001 5248 2275 5318 ﬁliosque.
2314 5246 2373 5275 ’⁷⁸
2404 5246 2654 5301 Societur
2674 5245 2773 5299 sibi
2792 5247 2889 5299 soli
2908 5263 3012 5302 ms.
3032 5252 3092 5301 A.
3114 5252 3135 5301 1
3158 5245 3658 5318 sdcieturipsisolll

377 5318 440 5347 ’⁷⁷
469 5319 724 5386 General,
759 5314 808 5372 id
828 5326 909 5373 est
932 5337 1039 5374 ms.
1062 5320 1201 5375 Vict.
1234 5319 1393 5388 parit,
1415 5319 1467 5370 id
1493 5327 1597 5373 est.
1637 5318 1696 5346 ²⁷⁸
1725 5314 1879 5385 Quod
1912 5314 2178 5390 praecepit
2200 5321 2344 5373 Deus
2374 5335 2506 5373 mss.
2549 5320 2684 5390 Vict.
2719 5321 2773 5372 et
2804 5319 2876 5369 A.
2918 5322 2936 5371 1
2978 5320 3120 5390 quod
3153 5319 3398 5387 praecipit
3428 5314 3570 5371 Deus
3599 5314 3661 5344 ’τ’

380 5393 505 5459 lpsa
538 5406 772 5459 namque
803 5399 855 5444 et
884 5392 1119 5459 aperitur
1138 5392 1204 5443 ad
1238 5391 1491 5443 virtutum
1513 5406 1615 5460 ms:
1648 5391 1722 5443 A.
1761 5394 1782 5443 1
1816 5388 1936 5460 ipsa
1970 5388 2202 5459 namque
2233 5392 2469 5459 aperitur
2496 5388 2563 5442 ad
2596 5390 2854 5460 virtutum
2888 5388 3179 5445 maiCorb.
3212 5392 3332 5458 Ipsa
3360 5403 3595 5460 namque
3610 5395 3665 5460 et

380 5457 637 5529 aperitur,
663 5457 892 5531 namque
912 5457 1157 5515 voluntas
1177 5462 1247 5515 ad
1268 5461 1545 5514 virtutum.
1583 5459 1641 5488 "°
1673 5457 2048 5525 Aﬁ‘ect'ionem,
2083 5457 2133 5516 et
2164 5457 2279 5516 ms.
2309 5459 3003 5531 Corbciensluaﬁ'ectionem
3053 5457 3296 5531 erigitur,
3354 5467 3429 5514 et.
3469 5457 3539 5531 ”‘_
3580 5458 3665 5531 Ad

383 5529 985 5604 charitatemudirigitur
1012 5549 1118 5587 ms.
1156 5533 1215 5587 Α.
1252 5535 1301 5585 1.
1337 5533 1455 5587 Bec.
1490 5537 1545 5604 et
1579 5533 1846 5604 Gemmet.
1878 5533 2292 5604 adllcharitatem
2323 5531 2569 5604 erigitur.
2596 5529 2657 5558 ’"
2685 5532 2761 5585 Ad
2795 5540 2936 5585 recte
2957 5529 3257 5604 _vivendum
3284 5546 3441 5604 mss._
3475 5529 3544 5582 ad
3577 5529 3663 5604 vi:

383 5603 643 5677 vendam.
675 5601 735 5630 ’“
768 5598 1130 5677 Si'quaeratur
1156 5620 1261 5677 ms.
1294 5603 1373 5657 A.
1414 5606 1463 5656 1.
1495 5602 1539 5677 si
1566 5603 1886 5677 requiratur.
1925 5602 1984 5631 ’“
2013 5604 2141 5671 Ejus
2169 5598 2481 5677 recipiendo
2510 5603 2888 5676 manuscript.
2923 5602 2995 5657 Α.
3036 5601 3086 5658 l.
3119 5602 3233 5672 ejus
3279 5599 3570 5675 recipiens.
3606 5598 3665 5629 ’⁸⁵

385 5674 470 5732 Ad
498 5690 565 5733 ea
594 5691 715 5748 quae
745 5675 999 5749 praecepit
1028 5691 1167 5735 nm.
1213 5676 1343 5733 Vict.
1378 5680 1433 5732 et
1460 5673 1536 5729 A.
1577 5678 1601 5730 1
1637 5673 1705 5731 ad
1726 5689 1791 5731 ea
1821 5692 1941 5748 quae
1966 5675 2233 5749 praecipit.
