4046 6076
347 230 453 286 607

981 358 1202 415 CAPUT
1240 360 1333 415 VI.

570 446 644 501 De
674 446 1053 503 inobedientia
1081 452 1139 503 et
1166 449 1392 520 propria
1426 447 1741 504 voluntate.

427 531 598 603 Hujus
626 550 756 589 vero
787 534 996 590 affectio
1025 535 1140 592 sive
1182 553 1329 607 usus,
1384 536 1704 592 inobediens
1761 537 1958 592 volun-

365 629 447 676 tas
478 621 561 676 vel
591 623 961 679 inobedientia
1021 626 1107 680 vel
1137 626 1299 681 etiam
1359 626 1578 698 propria
1607 625 1666 653 ’⁸⁸
1716 627 1964 682 voluntas

363 710 580 764 dicitur.
617 711 837 781 Propria
871 713 1070 784 quippe
1097 714 1347 769 voluntas
1377 723 1455 769 est
1485 732 1604 785 qua:
1633 715 1735 770 Dei
1760 715 1963 769 volun-

368 805 528 852 tatem
575 797 677 851 sibi
738 800 1058 856 advocatam
1118 801 1321 858 habere
1376 820 1488 859 non
1533 812 1731 874 potest,
1788 812 1865 872 ut,
1922 803 1963 857 si

366 892 638 954 quaeratur
672 885 732 914 ’⁸⁷
761 903 858 942 cur
886 890 992 944 hoc
1019 890 1104 945 vel
1135 891 1266 946 illud
1302 892 1447 959 velit,
1507 890 1838 962 respondere
1868 907 1967 947 ve-

370 974 575 1028 raciter
602 990 708 1029 non
732 975 875 1031 valet
899 976 1024 1047 quia
1081 987 1133 1033 et
1189 980 1335 1035 Deus
1391 980 1504 1035 vult
1554 988 1611 1035 ut
1666 980 1771 1035 hoc
1816 979 1966 1035 velit.

367 1060 595 1117 At’fectio
626 1071 805 1117 autem
836 1066 951 1121 sive
980 1082 1111 1120 usus
1138 1067 1237 1133 illi,
1272 1083 1340 1122 ex
1367 1068 1640 1124 diabolica
1675 1076 1969 1124 nascentes

365 1148 427 1178 ’“
458 1153 829 1224 suggestione,
861 1154 958 1209 Dei
991 1156 1323 1212 voluntatem
1354 1157 1455 1211 sibi
1487 1157 1806 1213 advocatam
1863 1159 1967 1212 ha-

364 1238 495 1295 bere
527 1256 633 1296 non
669 1252 895 1311 possunt
924 1242 1008 1297 κ’.
1048 1245 1287 1315 Utraque
1316 1245 1480 1317 igitur
1506 1247 1777 1303 voluntate
1806 1246 1967 1300 indu-

359 1326 594 1383 bitanter
620 1337 704 1384 est
734 1332 953 1401 propria
986 1351 998 1395 ;
1033 1350 1152 1403 qua:
1180 1331 1242 1361 ²⁹⁶
1271 1350 1304 1388 a
1335 1335 1467 1403 Dei;
1501 1335 1777 1390 voluntate
1808 1349 1970 1403 porro

365 1415 631 1485 privatur,
664 1419 737 1472 ob
769 1420 881 1473 ha‘c
912 1428 1057 1476 recte
1087 1422 1302 1493 propria
1355 1423 1607 1478 voluntas
1664 1422 1974 1477 nominatur

369 1502 451 1558 ’“.
472 1504 606 1561 Haec
623 1510 815 1563 autem
835 1510 1001 1564 volun
1011 1513 1100 1565 tas
1116 1512 1368 1582 propria,
1400 1511 1660 1583 superbia
1705 1515 1790 1567 est
1843 1512 1970 1577 illa,

372 1610 539 1666 quam
555 1595 786 1651 initium
805 1600 1160 1670 omnispecca
1172 1601 1212 1655 ti
1235 1600 1540 1673 Scriptura
1558 1604 1857 1672 nuncupat
1877 1599 1964 1654 ”’.

972 1706 1200 1762 CAPUT
1247 1707 1365 1760 VII.

965 1796 1041 1851 De
1078 1795 1343 1868 superbia
1358 1837 1371 1850 .

446 1878 720 1949 Superbia
749 1881 873 1937 ideo
903 1891 1142 1953 vocatur,
1174 1884 1303 1956 quia
1346 1900 1510 1955 supra
1567 1902 1729 1955 quam
1785 1883 1984 1940 debeat

375 1967 652 2040 graditur.
721 1968 987 2042 Superbia
1045 1989 1279 2043 namque
1342 1974 1713 2046 supergressio
1767 1973 1979 2028 dicitur.

376 2057 607 2126 Propria
640 2057 820 2129 itaque
852 2061 1117 2125 voluntas,
1148 2062 1275 2133 quia
1308 2062 1405 2118 Dei
1433 2062 1691 2118 voluntati
1725 2078 1831 2118 non
1860 2061 1985 2116 sub-

368 2144 573 2213 jicitur,
608 2147 707 2201 sed
738 2163 899 2219 supra
929 2165 1048 2205 eam
1080 2150 1370 2219 extollitur,
1397 2150 1469 2206 ob
1495 2151 1598 2206 hoc
1625 2156 1769 2206 recte
1798 2166 1986 2220 super-

379 2232 469 2288 bia
499 2234 724 2290 dicitur.
789 2238 908 2307 Ipsa
966 2254 1183 2311 quoque
1212 2240 1389 2294 omnis
1406 2240 1613 2309 peccati
1642 2247 1722 2294 est
1750 2239 1983 2310 initium,

379 2322 508 2395 quia
545 2338 613 2378 ex
673 2340 735 2379 ea
792 2326 1033 2382 nascitur
1060 2343 1221 2384 omne
1257 2329 1678 2399 peccatumuEt
1732 2328 1984 2399 quoniam

380 2412 543 2467 homo
600 2412 751 2469 illam
813 2416 977 2471 habet
1008 2433 1039 2471 a
1095 2434 1196 2473 se:
1258 2433 1435 2488 neque
1481 2417 1815 2473 voluntatem
1867 2416 1984 2482 Dei,

379 2517 541 2571 quam
574 2499 635 2529 ’³⁸
667 2513 950 2576 sequatur,
984 2506 1097 2560 vult
1125 2507 1327 2561 habere
1363 2522 1527 2577 super
1574 2522 1654 2574 se,
1714 2506 1814 2577 ipsi
1873 2507 1987 2561 Deo

384 2589 580 2657 aufert,
614 2592 760 2663 quod
780 2594 999 2666 preprie
1028 2610 1083 2649 et
1113 2595 1458 2667 singulariter
1489 2595 1652 2650 debet
1680 2594 1897 2650 habere.

979 2684 1198 2740 CAPUT
1241 2685 1361 2740 VIII
1376 2724 1390 2737 .

519 2768 670 2836 Quod
698 2771 925 2842 propria
961 2773 1225 2828 voluntas
1262 2774 1358 2828 sili
1387 2773 1495 2829 Deo
1522 2773 1849 2829 conveniat.

451 2855 618 2910 Solus
648 2857 792 2911 enim
844 2860 1010 2927 Deus,
1045 2860 1307 2931 quidquid
1332 2861 1464 2925 vult,
1498 2860 1661 2915 debet
1687 2860 1826 2914 velle
1859 2875 1989 2930 pro-

384 2943 503 3016 pria
558 2946 854 3016 voluntate,
903 2947 979 3003 ita
1034 2957 1091 3003 ut
1142 2948 1323 3013 aliam,
1386 2965 1544 3019 quam
1577 2957 1850 3021 sequatur,
1881 2964 1988 3004 non

380 3032 582 3089 habeat
636 3052 804 3107 supra
833 3052 912 3090 se.
948 3036 1077 3092 Cum
1111 3036 1279 3110 igitur
1305 3039 1471 3094 homo
1500 3038 1607 3092 vult.
1644 3038 1849 3108 aliquid
1886 3054 1983 3108 per
2013 3051 2062 3114 ρ

385 3124 660 3194 propriam
721 3124 1068 3193 voluntatem,
1128 3127 1244 3182 Deo
1272 3126 1441 3181 aufert
1465 3125 1617 3198 quasi
1648 3142 1802 3181 suam
1833 3143 1989 3182 coro-

388 3226 536 3266 nam.
598 3210 742 3266 Sicut
785 3213 928 3267 enim
986 3230 1191 3270 corona
1246 3215 1344 3271 soli
1398 3215 1516 3288 regi
1573 3216 1851 3286 competit,
1909 3216 1989 3271 sic

384 3300 605 3371 propria
651 3301 903 3357 voluntas
948 3303 1052 3358 soli
1081 3304 1217 3359 Deo.
1256 3305 1320 3359 Et
1349 3303 1488 3359 sicut
1520 3321 1707 3377 regem
1753 3305 1987 3375 aliquem

386 3388 752 3458 inhonoraret,
788 3392 913 3460 quia
943 3408 1096 3447 suam
1126 3408 1385 3448 coronam
1416 3392 1462 3447 ei
1484 3394 1754 3457 auferret;
1788 3394 1867 3449 sic
1888 3395 1989 3449 ho—

385 3494 474 3533 mo
505 3477 793 3535 inhonorat
838 3481 1032 3546 Deum,
1068 3482 1157 3552 qui
1189 3483 1363 3537 aufert
1390 3482 1439 3537 ei
1496 3483 1731 3552 propriae
1788 3481 1988 3537 volun-

382 3565 505 3619 tatis
537 3567 904 3640 privilegium,
964 3569 1215 3625 habendo
1273 3571 1419 3640 quod
1450 3570 1540 3626 ille
1597 3570 1759 3625 debet
1792 3570 1991 3625 habere

382 3654 581 3708 solum.
615 3655 724 3711 Sed
782 3655 923 3710 sicut
978 3659 1196 3728 propria
1224 3659 1497 3726 voluntas,
1530 3658 1629 3713 Dei
1675 3659 1800 3714 fons
1831 3665 1912 3713 est
1941 3664 1991 3714 et

386 3740 542 3813 origo
601 3743 763 3798 totius
806 3743 970 3810 boni;
1027 3746 1101 3799 ita
1154 3746 1379 3818 propria
1433 3746 1682 3802 voluntas
1734 3745 1989 3816 hominis,

385 3830 548 3885 totius
576 3837 656 3887 est
685 3831 967 3887 exordium
992 3833 1138 3892 mali.

1007 3921 1228 3979 CAPUT
1267 3922 1363 3977 IX.

393 4007 732 4065 Similitudo
766 4012 923 4067 inter
951 4014 1239 4083 propriam
1270 4012 1622 4068 voluntatem
1652 4015 1705 4068 et
1736 4014 1981 4084 fontem.

458 4098 590 4153 Haec
620 4105 700 4152 est
730 4098 874 4153 enim
932 4101 1085 4155 velut
1140 4100 1262 4156 fons
1292 4100 1535 4173 quidam,
1568 4101 1657 4172 qui
1685 4102 1739 4155 in
1771 4102 1873 4156 tria
1902 4117 1993 4156 ca-

387 4186 505 4256 pita
534 4186 812 4258 dividitur,
845 4204 876 4243 e
906 4188 1101 4259 quibus
1130 4189 1227 4245 rivi
1259 4190 1457 4245 diversi
1486 4198 1540 4245 et
1559 4189 1993 4245 innumerabiles

392 4273 787 4345 deriverantur,
820 4277 909 4348 qui
932 4276 985 4331 in
1007 4276 1480 4347 locisquibusdam
1496 4278 1564 4332 ab
1585 4278 1815 4335 invicem
1838 4294 1993 4348 sepa-

388 4372 597 4429 rantur,
629 4365 900 4435 aliquibus
927 4382 1057 4421 vcro
1087 4364 1148 4395 ²⁹⁴
1205 4366 1312 4422 duo
1368 4375 1421 4421 et
1474 4367 1602 4432 duo,
1658 4366 1744 4424 vel
1801 4366 1986 4437 plures

384 4452 633 4521 pluribus
664 4451 724 4482 ³⁸⁵
756 4456 1174 4527 conjunguntur.
1209 4456 1288 4510 Ita
1342 4470 1557 4527 quoque
1615 4455 1827 4526 propria
1884 4471 1984 4509 vo-

383 4540 561 4596 luntas
615 4541 670 4596 in
728 4559 932 4616 genera
972 4544 1071 4598 tria
1113 4543 1373 4598 dividitur
1404 4559 1417 4600 :
1450 4560 1480 4599 e
1509 4543 1707 4615 quibus
1734 4544 1868 4599 vitia
1896 4542 1985 4598 di-

383 4644 533 4684 versa
565 4638 619 4685 et
646 4630 761 4688 sine
792 4648 1014 4688 numero
1042 4640 1371 4701 nascuntur;
1406 4648 1528 4706 qua:
1582 4632 1876 4705 aliquando
1932 4632 1988 4686 in

1364 234 1669 290 EADMEBI
1714 232 2030 288 SIONACHI
2070 230 2635 288 CANTUARIENSIS

1988 357 2044 419 A
2070 356 2345 414 hominem
2375 366 2497 413 sunt
2550 357 2838 429 disjuncta,
2871 360 3197 432 quandoque
3243 375 3372 417 vero
3415 360 3524 417 duo
3582 359 3686 418 vel

2065 447 2221 517 plura
2249 447 2552 517 conjuncta.

2014 4410 2065 4470 D
2093 4395 2252 4436 suum
2266 4419 2280 4435 ο

3567 238 3687 292 608

2705 519 2930 576 CAPUT
2961 521 3034 577 Χ.

2241 610 2314 663 De
2344 607 2522 664 tribus
2548 608 2847 680 generibus
2886 610 3134 681 propriis
3164 610 3497 667 voluntatis.

2142 696 2367 767 Propria
2397 712 2630 766 namque
2652 697 2930 767 voluntas,
2962 706 3054 753 aut
3103 707 3182 754 est
3210 699 3261 753 in
3288 698 3677 769 delectatione,

2073 794 2166 842 aut
2193 785 2247 840 in
2276 786 2624 853 exultatione,
2659 794 2750 841 aut
2779 786 2833 840 in
2870 786 3208 843 curiositate.

2688 885 2908 942 CAPUT
2947 886 3026 941 XI
3041 927 3052 940 .

2629 976 2706 1029 De
2734 974 3132 1032 delectatione.

2146 1060 2586 1118 Delectationum
2642 1078 2843 1134 genera
2898 1061 2958 1090 ”'
2990 1071 3113 1119 sunt
3142 1065 3250 1120 duo
3309 1063 3623 1136 principalia
3656 1088 3676 1125 :

2076 1169 2240 1207 unum
2271 1152 2525 1219 exterius,
2556 1152 2610 1206 in
2639 1152 2876 1223 quinque
2907 1152 3153 1209 sensibus
3188 1154 3470 1225 corporis;
3531 1153 3683 1209 aliud

2077 1240 2325 1311 interius,
2358 1240 2411 1295 in
2445 1240 2640 1297 anima:
2666 1239 3061 1297 affectionibus.

2690 1340 2909 1397 CAPUT
2944 1341 3067 1397 XII.

2409 1429 2486 1484 De
2514 1429 2758 1500 quinque
2788 1430 3040 1503 corporis
3070 1429 3354 1487 sensibus.

2153 1518 2289 1573 Sunt
2316 1525 2492 1572 autem
2528 1517 2772 1588 corporis
2801 1534 2994 1573 sensus
3037 1518 3296 1592 quinque,
3357 1520 3526 1587 visus,
3580 1536 3683 1574 au-

2082 1607 2246 1675 ditus,
2278 1614 2485 1680 gustus,
2519 1606 2775 1661 odoratus
2802 1615 2854 1662 et
2904 1615 3094 1663 tactus.
3156 1607 3259 1677 Qui
3318 1608 3443 1664 ideo
3498 1624 3689 1664 sensus

2002 1696 2355 1779 Bdicuntur,
2411 1696 2533 1767 quia
2591 1711 2687 1766 per
2743 1711 2838 1751 eos
2885 1697 3155 1753 exteriora
3211 1696 3531 1753 sentiuntur.
3590 1699 3692 1753 Per

2088 1785 2260 1840 visum
2293 1784 2436 1840 enim
2468 1785 2658 1840 formae
2715 1789 2773 1840 et
2824 1784 3034 1841 colores
3067 1804 3079 1847 ;
3111 1802 3212 1856 per
3240 1786 3501 1856 auditum,
3531 1785 3688 1853 soni;

2089 1890 2188 1945 per
2241 1881 2478 1946 gustum,
2540 1889 2805 1944 sapores;
2865 1890 2963 1945 per
2990 1873 3264 1943 olfactum,
3294 1875 3536 1941 odores;
3593 1891 3695 1945 per

2092 1970 2313 2031 tactum,
2346 1962 2481 2017 dura
2508 1963 2596 2017 vel
2627 1962 2834 2031 mollia,
2866 1962 3042 2018 calida
3088 1963 3174 2019 vel
3217 1964 3437 2036 frigida,
3493 1980 3695 2035 aspera

2090 2051 2173 2106 vel
2208 2050 2347 2105 lenia
2377 2049 2456 2116 ”",
2490 2051 2675 2123 gravia
2707 2052 2790 2107 vel
2821 2052 2960 2106 levia
2990 2053 3245 2108 sentiunt.
3267 2054 3470 2109 Horum
3513 2062 3691 2110 autem

2091 2156 2347 2195 sensuum
2379 2140 2668 2196 delectatio
2698 2155 2831 2194 raro
2881 2149 2961 2195 est
3006 2139 3066 2169 ²⁹⁸
3113 2141 3274 2211 bona,
3306 2141 3513 2214 saepius
3563 2156 3693 2200 vero

2093 2228 2263 2283 mala.
2302 2229 2450 2284 Bona
2507 2230 2704 2284 etenim
2758 2237 2855 2297 est,
2914 2246 3035 2285 cum
3066 2230 3165 2289 Dei
3221 2229 3553 2286 voluntatem
3590 2228 3696 2285 sibi

2094 2317 2416 2373 advocatam
2448 2318 2646 2386 habet;
2682 2319 2824 2374 mala
2854 2334 2983 2375 vero
3012 2336 3134 2375 cum
3165 2336 3285 2376 eam
3314 2320 3417 2376 sibi
3455 2320 3695 2377 advoca-

2095 2415 2199 2460 tam
2230 2407 2433 2463 habere
2465 2423 2571 2462 non
2602 2415 2802 2478 potest.

2680 2514 2904 2571 CAPUT
2942 2516 3071 2570 XIII
3086 2557 3099 2571 .

2369 2604 2446 2659 De
2474 2604 2772 2674 generibus
2803 2606 3201 2662 delectationis
3229 2605 3419 2662 mala'.

2168 2692 2338 2762 Hujus
2368 2697 2548 2748 autem
2581 2694 2955 2750 delectationis
2985 2695 3147 2750 malae
3176 2711 3376 2768 genera
3422 2703 3541 2750 sunt
3601 2693 3700 2748 tri-

2097 2780 2247 2851 ginta
2277 2788 2329 2835 et
2357 2796 2521 2835 unum
2557 2795 2569 2835 :
2632 2798 2663 2837 e
2720 2784 2913 2853 quibus
2957 2785 3193 2855 quinque
3247 2791 3373 2839 sunt
3412 2782 3697 2853 simplicia,

2100 2871 2286 2924 decem
2319 2870 2574 2939 duplicia,
2606 2871 2794 2927 decem
2827 2871 3081 2943 triplicia,
3115 2873 3221 2927 alia
3267 2872 3508 2945 quinque
3557 2886 3698 2943 qua-

2097 2958 2383 3030 druplicia,
2415 2976 2578 3013 unum
2610 2976 2735 3015 vero
2764 2976 2828 3017 ex
2860 2962 3098 3033 quinque
3122 2962 3371 3032 partibus
3399 2968 3623 3018 constat.

2685 3050 2913 3106 CAPUT
2950 3052 3100 3106 XIV.

2380 3136 2453 3191 De
2473 3137 2717 3209 quinque
2730 3139 3085 3210 simplicibus
3096 3140 3410 3210 generibus.

2168 3223 2416 3296 Quinque
2446 3225 2623 3297 itaque
2675 3237 2795 3283 sunt
2849 3226 3138 3298 simplicia,
3198 3229 3327 3300 quia
3381 3229 3702 3299 plerumque

2097 3313 2392 3369 delectatur
2428 3330 2525 3385 per
2577 3331 2635 3369 se
2689 3316 3065 3388 unusquisque
3123 3317 3356 3387 quinque
3411 3333 3689 3374 sensuum.

2096 3402 2403 3474 Aliquando
2431 3404 2574 3457 enim
2605 3404 2750 3460 solus
2778 3405 2925 3460 visus
2982 3421 3120 3461 vane
3158 3406 3473 3475 delectatur,
3532 3415 3591 3461 ut
3642 3405 3701 3460 in

2097 3491 2480 3560 conspiciendo
2507 3490 2566 3519 ⁹⁹⁹
2597 3508 2764 3565 equos
2794 3494 3037 3549 certatim
3093 3511 3304 3550 currere
3356 3495 3438 3561 ”°,
3472 3502 3561 3549 aut
3600 3510 3698 3550 ac-

2098 3580 2317 3650 cipitres
2344 3580 2595 3635 volantes
2622 3582 2762 3635 alias
2792 3597 2922 3638 aves
2949 3599 3159 3653 capere.
3218 3583 3524 3654 Aliquando
3552 3584 3700 3639 solus

2099 3669 2337 3736 auditus,
2371 3678 2427 3724 ut
2447 3684 2571 3724 cum
2592 3670 2865 3726 hominem
2921 3672 3173 3739 delectat,
3206 3673 3276 3727 ad
3298 3687 3483 3728 aurem
3541 3688 3698 3728 suam

2099 3757 2192 3812 diu
2220 3759 2401 3814 nolam
2431 3756 2491 3786 ⁸⁶¹
2526 3768 2827 3831 percutere,
2875 3761 2967 3831 qui
2997 3776 3117 3816 eam
3147 3761 3295 3816 audit
3323 3761 3551 3818 dulciter
3601 3776 3701 3816 so-

2098 3862 2259 3903 nare.
2296 3848 2600 3918 Aliquando
2628 3848 2781 3904 solus
2809 3858 3021 3922 gustus,
3055 3858 3111 3904 ut
3139 3849 3193 3903 in
3222 3849 3563 3905 comedendo
3594 3850 3702 3905 mel

2098 3935 2473 4002 immoderate,
2506 3952 2614 3993 non
2646 3945 2824 3992 tamen
2856 3937 2975 3992 visu
3000 3938 3338 3994 delectabile.
3394 3938 3701 4010 Aliquando

2100 4026 2247 4081 solus
2261 4025 2516 4092 olfactus,
2547 4033 2606 4080 ut
2633 4042 2754 4081 cum
2787 4026 2983 4097 aliquis
3010 4028 3179 4082 defert
3210 4026 3501 4083 feniculum
3547 4025 3701 4081 nari-

2097 4113 2199 4168 bus
2228 4114 2337 4169 suis
2376 4130 2697 4185 suspensum
2747 4115 2812 4144 ⁸⁰²
2857 4123 2914 4169 ut
2960 4115 3064 4170 sibi
3128 4115 3363 4171 suaviter
3424 4115 3692 4171 redoleat.

2097 4203 2402 4275 Aliquando
2449 4203 2595 4259 solus
2656 4210 2825 4258 tactus
2881 4203 2963 4273 '”,
3005 4202 3447 4276 uteumaliquem
3497 4203 3701 4258 immo-

2097 4292 2281 4347 derate
2344 4292 2601 4347 refectum
2659 4300 2997 4348 contrectare
3054 4292 3293 4348 oblectat
3347 4299 3586 4347 ventrem
3635 4290 3700 4319 '“

2696 4451 2918 4509 CAPUT
2964 4452 3091 4509 XV.

2549 4541 2625 4597 De
2670 4541 2860 4597 decem
2908 4540 3247 4613 duplicibus.

2172 4629 2370 4685 Decem
2401 4644 2529 4685 vero
2560 4636 2683 4684 sunt
2711 4628 2970 4700 duplicia,
3004 4629 3129 4700 quia
3161 4630 3481 4703 plerumque
3537 4629 3701 4685 dele-

1688 4774 1917 4830 VARIE
1970 4772 2365 4830 LECTlONES
2378 4812 2391 4825 .

456 4897 514 4927 ”‘
546 4898 639 4954 Vel
670 4900 949 4969 proprium
981 4916 1115 4955 mss.
1149 4900 1234 4955 vel
1267 4901 1428 4955 etiam
1460 4899 1701 4971 propria.
1734 4897 1893 4971 ’"Ut
1922 4899 1966 4953 si
1992 4905 2275 4971 quaeratur
2302 4914 2403 4954 ms.
2438 4897 2512 4953 A.
2548 4901 2571 4952 1
2607 4903 2661 4951 ut
2708 4896 2753 4950 si
2798 4896 3118 4971 requiratur.
3175 4895 3235 4925 ’⁸⁸
3281 4897 3385 4971 Exi
3411 4894 3689 4971 diabolica

393 4986 623 5042 nascens
651 4966 1043 5042 manuscripta
1068 4986 1135 5025 ex
1169 4970 1437 5026 diabolica
1462 4966 1768 5027 nascentes.
1800 4969 1860 4999 "'
1908 4966 2122 5025 Habere
2168 4984 2275 5024 non
2318 4977 2495 5042 potest
2534 4966 2930 5042 manuscripla
2985 4984 3091 5023 non
3113 4976 3351 5042 possunt!
3376 4970 3597 5042 habere.
3632 4966 3699 4995 ’”

399 5040 637 5114 Pr0pria.
663 5041 815 5096 Unde
845 5037 1365 5114 pro'priavoluntas,
1424 5058 1543 5112 quae
1573 5043 1701 5114 quia
1730 5059 1861 5114 mss.
1898 5043 2115 5114 prepria
2149 5055 2176 5114 :_
2194 5037 2337 5114 quae-
2359 5041 2506 5112 quia.
2553 5037 2614 5114 "f
2662 5038 2746 5093 Ob
2804 5040 2922 5114 haec
2978 5037 3123 5114 recte

3168 5040 3391 5110 propria
3446 5038 3697 5093 voluntas

388 5109 997 5184 nominaturgms.fA.ﬁl
1032 5113 1104 5167 ob
1134 5113 1236 5168 hoc
1268 5109 1485 5184 propria
1515 5109 1663 5169 recte
1694 5109 2019 5168 nominatur.
2051 5110 2114 5141 ²⁹²
2144 5109 2424 5184 Scriptura
2452 5109 2669 5184 nunciat
2697 5126 2834 5166 mss.
2858 5111 2978 5165 Bec.
3007 5109 3342 5184 Gem.etA.
3370 5113 3391 5163 l
3429 5110 3699 5184 scriptura

382 5190 675 5251 nuncupat.
706 5181 766 5209 ²⁹³
794 5183 988 5249 Aliam,
1022 5199 1184 5252 quam
1217 5178 1319 5237 ms.
1370 5178 1443 5241 Ἀ.
1482 5187 1505 5237 1
1542 5185 1703 5239 aliam
1734 5186 2087 5249 voluntatem,
2119 5178 2303 5251 quam.
2339 5182 2403 5212 ”‘
2432 5185 2474 5236 A
2496 5180 2703 5253 quibus
2732 5197 2859 5235 vero
2889 5198 3029 5237 mss.
3069 5181 3335 5252 aliquibus
3367 5196 3512 5253 vero.
3538 5178 3613 5253 ”’_
3628 5180 3700 5253 Ut

380 5253 628 5323 pluribus
656 5270 787 5310 mss.
822 5263 878 5307 ut
907 5250 1092 5322 plures
1123 5254 1367 5324 pluribus
1395 5272 1500 5310 ms.
1535 5258 1597 5311 Α.
1636 5259 1657 5309 1
1695 5256 1779 5309 vel
1810 5255 1989 5324 plures
2018 5250 2288 5322 pluribus.
2322 5252 2382 5282 ”‘
2411 5250 2838 5324 Delectationum
2872 5267 3074 5320 genera
3103 5250 3237 5307 mss.
3272 5257 3327 5324 et
3362 5250 3698 5324 Edit.___Coj.

385 5320 521 5380 1573
554 5320 925 5381 delectationis
953 5320 1174 5394 genera.
1207 5322 1269 5353 "7
1302 5327 1511 5394 Aspera
1541 5327 1628 5379 vel
1659 5320 1975 5380 levia—mss.
2016 5320 2208 5391 aspera
2233 5332 2285 5379 et
2309 5326 2472 5380 lenia.
2506 5321 2566 5351 ”'
2598 5323 2736 5394 Raro
2767 5330 2845 5377 est
2878 5340 2979 5378 ms.
3022 5324 3095 5394 A.
3131 5326 3156 5394 l
3194 5322 3368 5377 rarius
3391 5330 3491 5377 est.
3527 5320 3588 5349 ”’
3634 5321 3702 5377 Et.

384 5392 1056 5478 contemplando_ms."A:
1099 5398 1122 5451 1
1159 5392 1396 5478 omittit;
1521 5397 1774 5478 Certatim
1805 5412 2128 5452 concurrere
2173 5411 2277 5450 ms.
2325 5400 2392 5452 Α.
2510 5392 2752 5475 certatim
2803 5409 3040 5449 currere.
3085 5393 3309 5478 "‘“Diun
3348 5394 3531 5478 polam
3586 5409 3696 5478 ms.

393 5468 526 5525 Vict.
560 5463 654 5540 diu
685 5468 1065 5540 nigellamvel
1090 5468 1296 5540 uolam.
1328 5465 1392 5494 "’
1415 5467 1648 5522 Naribus
1677 5468 2132 5540 suis_s_uspensum
2162 5482 2297 5521 mss.
2330 5466 2550 5524 auribus
2592 5464 2703 5520 suis
2739 5481 3082 5538 suspensum.
3149 5463 3211 5493 ’θ’
3276 5463 3436 5523 Solus
3494 5472 3699 5521 tractus

382 5555 516 5595 mss.
548 5538 693 5595 solus
721 5537 912 5596 tactus.
944 5538 1007 5569 ⁸⁰⁴
1033 5538 1285 5597 Oblectet
1315 5546 1564 5598 ventrem
1597 5554 1731 5596 mss.
1759 5537 2002 5595 oblectat
2031 5543 2293 5594 ventrem.
