4046 6076
333 289 435 344 609

1311 284 1437 343 LIB.
1482 287 1578 343 DE
1618 288 1674 345 S.
1713 285 2018 346 ANSELMI
2069 288 2677 351 SIMILITUDINIBUS.

3547 309 3651 363 610

336 419 546 502 ctantur
589 411 748 502 simul
796 410 936 502 duo,
988 419 1039 467 et
1087 411 1200 467 duo
1244 411 1409 468 iidem
1459 430 1646 502 sensus
1687 412 1767 469 '°‘.
1810 415 1928 471 Ali-
1959 417 2013 477 A
2043 417 2234 488 pipere
2277 418 2524 474 conditas
2570 419 2782 475 interim
2826 422 3018 487 edere;
3070 425 3358 498 aliquando
3403 431 3648 502 auditus,

338 501 555 572 quando
586 501 732 556 enim
777 500 1110 556 delectantur
1152 502 1314 557 simul
1357 502 1504 558 visus
1533 501 1592 531 ⁸⁰⁶
1625 512 1679 559 et
1708 505 1936 574 auditus,

337 596 400 645 ut
430 607 550 645 cum
588 590 748 645 nimis
795 589 1112 646 delectando
1156 606 1317 646 canes
1363 591 1566 648 bestias
1611 592 1819 665 insequi
1852 594 1939 647 vi-

337 681 516 748 detur,
549 687 602 734 et
645 680 983 735 conclamare
1011 678 1073 707 ⁸⁸⁷
1100 687 1229 750 post
1275 681 1419 752 ipsas
1466 681 1783 750 audiuntur;
1834 682 1938 738 ali-

339 768 558 840 quando
591 768 740 823 visus
769 777 822 824 et
845 777 1057 842 gustus,
1091 778 1147 824 ut
1176 785 1300 826 cum
1343 787 1539 842 magna
1583 771 1942 828 delectatione

339 857 526 912 vinum
558 857 1000 929 limpidissimum
1032 859 1365 930 conspicitur
1393 859 1448 914 in
1477 861 1768 932 saphyrino
1813 878 1939 932 scy-

340 949 451 1018 pho
481 954 534 1002 et
563 946 796 1016 bibitur;
848 947 1142 1019 aliquando
1194 949 1338 1003 visus
1387 957 1437 1004 et
1484 951 1733 1017 olfactus,
1783 958 1840 1005 ut
1886 949 1942 1004 in

341 1036 580 1092 videndo
616 1037 780 1091 simul
810 1046 860 1093 et
890 1037 1199 1093 olfaciendo
1248 1037 1408 1093 nimis
1455 1039 1706 1094 rubentes
1751 1055 1937 1103 rosas;

344 1124 638 1196 aliquando
687 1127 840 1181 visus
889 1133 941 1180 et
984 1134 1186 1195 tactus,
1238 1135 1295 1181 ut
1346 1127 1398 1181 in
1445 1128 1832 1198 eonspiciendo
1891 1136 1943 1183 ct

342 1214 738 1284 complanando
769 1214 1005 1286 aliquem
1036 1216 1357 1285 muricipem
1387 1216 1599 1279 album;
1650 1217 1942 1288 aliquando

341 1303 558 1359 auditus
589 1311 641 1358 et
669 1311 880 1376 gustus,
928 1312 985 1358 ut
1031 1320 1151 1358 cum
1201 1303 1434 1375 aliquem
1479 1305 1560 1361 sic
1607 1306 1792 1362 bibere
1840 1307 1941 1362 de-

342 1392 505 1447 lectat
538 1401 592 1448 ut
625 1393 762 1448 inter
807 1392 952 1447 labia
1000 1409 1102 1448 sua
1151 1394 1388 1448 sonitum
1440 1395 1732 1464 quemdam
1776 1395 1942 1466 pitis-

336 1482 510 1536 saudo
558 1479 620 1508 '°'
672 1481 867 1548 faciat;
914 1481 1204 1552 aliquando
1247 1483 1459 1538 auditus
1506 1492 1558 1538 et
1603 1483 1854 1554 olfactus,
1885 1492 1943 1539 ut.

338 1588 465 1628 cum
521 1570 757 1643 aliquem
807 1570 1030 1625 bibendi
1079 1572 1338 1627 aviditate
1389 1573 1617 1627 delectat
1666 1574 1940 1629 ausculta-

332 1677 396 1716 re
452 1659 516 1688 ’θ’
567 1669 802 1715 mustum
864 1660 1128 1715 ebulliens
1182 1661 1450 1732 applicata
1520 1678 1675 1732 aure,
1727 1670 1780 1716 et
1827 1662 1942 1732 ejus

331 1750 560 1806 odorem
616 1748 838 1803 naribus
896 1749 1196 1812 attrahere;
1259 1748 1549 1820 aliquando
1607 1751 1828 1804 auditus
1885 1759 2016 1836 etB

333 1847 532 1906 tactus,
582 1845 638 1893 ut
686 1855 806 1892 cum
836 1835 898 1864 "°
927 1837 1160 1909 aliquem
1206 1839 1365 1892 nimis
1415 1839 1643 1895 delectat
1674 1840 1935 1894 citharam

333 1936 676 1983 resonantem
708 1926 921 1995 audire,
946 1935 997 1981 et
1026 1927 1275 1982 eamdem
1305 1929 1656 1996 percutiendo
1682 1936 1934 2000 tangere;

331 2016 638 2086 aliquando
670 2023 860 2087 gustus
909 2024 962 2085 et
1008 2015 1260 2081 olfactus,
1311 2025 1366 2070 ut
1413 2033 1535 2071 cum
1584 2017 1940 2071 immoderate

334 2105 568 2161 eduntur
596 2104 816 2176 gallinae
866 2103 1052 2174 pipere
1100 2112 1151 2159 et
1199 2105 1412 2174 cymino
1461 2105 1752 2174 diligenter
1797 2122 1938 2159 con-

332 2194 505 2262 ditae;
540 2193 832 2262 aliquando
865 2200 1056 2263 gustus
1086 2201 1138 2247 et
1167 2200 1358 2259 tactus,
1391 2201 1448 2247 ut
1478 2209 1599 2249 cum
1649 2193 1941 2264 gulositate

337 2283 666 2338 manduntur
711 2280 846 2336 ﬁcus
892 2290 1150 2349 matura,
1185 2282 1372 2337 dulces
1421 2282 1488 2337 ad
1539 2283 1838 2348 edendum,
1889 2290 1941 2336 et

330 2375 482 2428 lenes
512 2380 564 2427 et
593 2370 784 2426 molles
827 2371 894 2425 ad
938 2371 1308 2442 tangendum;
1360 2371 1653 2442 aliquando
1704 2372 1940 2427 olfactus

330 2469 384 2516 et
437 2468 626 2529 tactus,
657 2467 716 2514 ut
759 2475 884 2514 cum
934 2468 1210 2531 unguento
1258 2459 1396 2516 bene
1443 2459 1606 2515 olenti
1655 2460 1779 2531 quis
1831 2476 1937 2514 un-

332 2550 499 2623 gitur.

925 2638 1149 2694 CAPUT
1187 2638 1334 2695 XVI.

790 2738 864 2794 De
899 2735 1089 2793 decem
1123 2736 1472 2810 triplicibus.

404 2837 609 2893 Decem
653 2850 866 2907 quoque
915 2842 1041 2890 sunt
1089 2833 1340 2904 triplicia,
1373 2835 1498 2905 quia
1523 2851 1666 2906 saepe
1697 2837 1852 2906 terni,
1883 2840 1939 2893 et

331 2926 470 2982 terni
524 2924 861 2980 delectantur
907 2922 1152 2995 corporis
1197 2940 1384 2978 sensus
1441 2925 1761 2995 supradicti.
1814 2927 1932 2981 Ali-

333 3015 552 3088 quando
582 3013 723 3068 enim
755 3013 1199 3068 condelectantur
1219 3012 1388 3079 visus,
1411 3014 1627 3068 auditus
1650 3023 1702 3069 et
1720 3023 1931 3086 gustus,

329 3113 388 3159 ut
416 3120 540 3160 cum
590 3102 751 3156 nimis
799 3101 960 3157 avide
1007 3101 1294 3172 collyridae
1343 3103 1594 3173 eduntur,

327 3194 420 3248 nix
450 3191 697 3248 candida:
727 3191 996 3258 videntur,
1028 3199 1327 3261 sponteque
1358 3191 1608 3246 manibus
1655 3193 1744 3248 vel
1790 3193 1931 3248 den-

330 3283 469 3339 tibus
500 3282 578 3338 sic
610 3289 914 3337 atteruntur
932 3287 990 3335 ut
1013 3295 1264 3335 resonare
1285 3280 1601 3350 audiantur;
1635 3281 1929 3352 aliquando

326 3372 495 3440 visus,
527 3369 743 3426 auditus
790 3377 842 3424 et
888 3369 1137 3434 olfactus,
1186 3376 1246 3422 ut
1291 3384 1413 3423 cum
1460 3369 1658 3440 aliquis
1689 3371 1741 3424 in
1775 3372 1928 3426 horto

327 3461 406 3515 sic
430 3459 633 3514 residet
656 3467 714 3513 ut
744 3457 946 3513 virides
975 3456 1168 3511 herbas
1198 3457 1444 3526 aspiciat,
1477 3457 1686 3513 fabulas
1721 3460 1925 3524 audiat,

326 3549 489 3605 ﬂores
518 3547 777 3614 olfaciat;
829 3545 1123 3615 aliquando
1175 3546 1334 3610 visus,
1379 3546 1593 3601 auditus
1641 3555 1693 3602 et
1737 3556 1925 3619 tactus,

329 3647 388 3693 ut
417 3654 540 3694 cum
568 3637 768 3691 mulier
794 3636 1042 3705 speciosa
1089 3634 1459 3690 delectationis
1507 3651 1669 3691 causa
1709 3637 1931 3708 conspi-

329 3728 486 3794 citur,
519 3725 800 3780 luxuriosa
838 3724 985 3794 loqui
1029 3723 1261 3791 auditur,
1313 3724 1410 3778 sed
1453 3731 1505 3778 et
1551 3725 1756 3780 interea
1805 3730 1928 3780 tan-

328 3816 511 3888 gitur;
543 3813 838 3884 aliquando
890 3812 1054 3878 visus,
1104 3819 1295 3882 gustus
1338 3821 1390 3866 et
1433 3813 1680 3882 olfactus,
1706 3823 1764 3868 ut
1805 3831 1926 3870 cum

331 3903 567 3973 aliquem
607 3902 838 3957 delectat
865 3897 931 3928 '"
961 3899 1227 3969 inspicere
1275 3899 1455 3956 vinum
1503 3902 1686 3956 herbis
1738 3904 1928 3958 confe-

330 4000 478 4049 ctum
552 3989 887 4058 scintillare,
947 3989 1139 4044 bibere
1195 3996 1248 4043 et
1308 3989 1584 4052 olfacere;
1644 3991 1933 4061 aliquando

330 4080 498 4148 visus,
532 4086 720 4151 gustus
749 4087 802 4133 et
827 4086 1018 4145 tactus,
1051 4083 1107 4131 ut
1136 4093 1257 4131 cum
1307 4078 1504 4148 aliquis
1545 4087 1624 4134 est
1670 4086 1935 4135 saturatus

330 4168 583 4237 racemis,
615 4168 828 4224 vineam
860 4175 1038 4222 tamen
1069 4164 1133 4193 '"
1162 4165 1498 4236 deambulat,
1529 4176 1587 4222 ut
1615 4183 1774 4238 quam
1804 4169 1933 4239 pul-

331 4258 460 4314 chre
489 4259 696 4312 racemi
727 4257 780 4310 in
807 4271 872 4310 ea
900 4256 1242 4325 dependeant
1271 4254 1481 4324 videat,
1533 4263 1586 4310 et
1632 4257 1732 4312 hos
1774 4264 1936 4329 atque

331 4346 459 4418 illos
489 4352 834 4402 contrectans
866 4345 1148 4416 degustat;
1184 4343 1474 4415 aliquando
1504 4345 1674 4414 visus,
1705 4345 1939 4400 olfactus

331 4444 386 4490 et
446 4442 663 4503 tactus,
715 4442 772 4489 ut
810 4450 932 4489 cum
983 4433 1104 4504 quis
1149 4433 1240 4488 diu
1282 4433 1446 4488 nimis
1492 4433 1606 4488 lilia
1647 4434 1934 4506 conspicit,

2048 515 2236 579 gustus
2266 515 2318 563 et
2348 517 2539 577 tactus,
2571 518 2627 565 ut
2657 527 2779 566 cum
2811 511 3025 583 aliquis,
3058 515 3110 569 in
3137 515 3334 577 balneo
3380 521 3646 589 residens,

2049 596 2262 651 fabulas
2293 597 2460 666 audit,
2492 599 2603 654 edit
2629 607 2681 654 et
2712 600 2864 666 bibit,
2899 611 3057 673 atque
3109 613 3354 675 tepOrem
3403 625 3560 680 aqua:
3589 609 3651 640 ’τ’

2051 683 2472 757 circumquaque
2506 689 2706 760 tangit;
2739 689 3032 760 aliquando
3063 694 3296 764 auditus,
3329 697 3553 754 olfactus
3596 709 3647 756 et

2052 781 2241 840 tactus,
2273 783 2328 827 ut
2360 792 2480 828 cum
2513 775 2709 846 aliquis
2738 779 3032 835 cantilenas
3063 784 3234 851 audit,
3269 785 3395 840 dum
3426 787 3478 842 in
3510 790 3650 847 lecto

2050 860 2307 916 mollibus
2360 871 2528 919 strato
2586 867 2847 936 quiescit,
2896 869 2987 923 ubi
3049 879 3102 925 et
3163 873 3361 928 herbas
3413 878 3652 948 undique

2049 964 2266 1022 sparsas
2297 952 2516 1017 olfacit;
2548 954 2838 1026 aliquando
2873 967 3081 1029 gustus,
3114 961 3341 1017 olfactus
3371 973 3423 1020 et
3456 973 3648 1035 tactus,

2050 1047 2106 1094 ut
2135 1055 2256 1094 cum
2287 1048 2444 1096 nocte
2475 1041 2801 1098 mandantur
2841 1044 3196 1104 immoderate
3236 1067 3400 1120 poma
3441 1055 3652 1125 sapida,

2049 1127 2318 1184 odorifera
2343 1137 2394 1184 et
2427 1130 2630 1185 mollia.

2630 1239 2851 1296 CAPUT
2889 1243 3062 1297 XVII.

2417 1347 2497 1400 De
2527 1349 2770 1418 quinque
2801 1349 3284 1422 quadruplicibus.

2122 1449 2370 1521 Quinque
2423 1467 2554 1506 vero
2595 1454 2972 1525 quadruplicia
3002 1466 3144 1522 sunt,
3179 1459 3303 1529 quia
3330 1461 3648 1534 plerumque

2050 1538 2212 1592 simul
2244 1539 2488 1609 quaterni
2519 1549 2572 1594 et
2601 1544 2850 1612 quaterni
2870 1543 3207 1600 delectantur
3236 1546 3316 1601 "‘.
3351 1550 3654 1622 Aliquando

2050 1627 2194 1682 enim
2253 1628 2590 1684 delectantur
2631 1631 2792 1684 simul
2837 1634 3018 1701 visus,
3071 1645 3296 1705 gustus,
3343 1640 3558 1696 auditus
3601 1651 3655 1697 et

2051 1716 2298 1784 olfactus,
2329 1725 2388 1771 ut
2423 1734 2547 1771 cum
2578 1718 2631 1771 in
2663 1719 2863 1790 nuptiis
2908 1722 3018 1775 ludi
3065 1724 3334 1794 videntur,
3368 1729 3653 1785 cantilenae

2049 1805 2364 1884 audiuntur,
2405 1805 2555 1860 cibus
2603 1815 2655 1860 et
2702 1816 2862 1877 potus
2911 1809 3156 1866 deliciosi
3206 1825 3505 1884 sumuntur,
3552 1835 3652 1873 eo-

2047 1867 2274 1964 rumque
2318 1893 2455 1950 odor
2501 1867 2755 1958 sentitur;
2808 1898 3101 1968 aliquando
3150 1903 3392 1969 auditus,
3444 1867 3652 1976 gustus,

2046 1982 2282 2037 olfactus
2315 1991 2366 2036 et
2397 1991 2588 2050 tactus,
2622 1993 2681 2038 ut
2712 2001 2831 2040 cum
2859 1985 2914 2040 in
2945 1997 3099 2044 nocte
3147 1991 3278 2044 nihil
3310 1993 3384 2045 ibi
3417 1994 3650 2064 videtur,

2049 2087 2159 2142 quo
2190 2071 2486 2126 delectatur
2522 2073 2685 2141 visus,
2720 2075 2813 2128 sed
2845 2092 2965 2129 cum
2997 2079 3202 2146 auditu,
3235 2088 3396 2150 gustu
3427 2091 3479 2136 et
3509 2083 3652 2137 olfa-

2049 2167 2134 2212 ctu
2166 2159 2464 2216 delectatur
2492 2169 2544 2215 et
2577 2170 2744 2217 tactus
2772 2161 2853 2228 "‘,
2888 2172 2943 2217 ut
2973 2181 3094 2220 cum
3127 2182 3354 2235 sponsus
3394 2186 3651 2241 sponsam

2049 2249 2406 2317 amplexatur,
2453 2258 2543 2304 aut
2589 2251 2725 2305 alius
2771 2253 2839 2308 ab
2881 2253 2988 2308 alio
3037 2253 3330 2312 libidinose
3374 2260 3647 2331 tangitur;

2049 2337 2342 2407 aliquando
2369 2345 2578 2409 gustus,
2611 2339 2862 2410 olfactus,
2897 2349 3066 2398 tactus
3113 2351 3164 2398 et.
3209 2345 3371 2415 visus,
3423 2356 3479 2402 ut
3526 2366 3648 2404 cum

2049 2425 2126 2479 ibi
2159 2426 2290 2480 nihil
2324 2427 2508 2480 auditu
2540 2427 2863 2484 delectabile
2894 2429 3128 2500 auditur,
3161 2433 3254 2486 sed
3289 2435 3486 2490 adsunt
3515 2438 3646 2506 alia,

2049 2513 2246 2584 quibus
2277 2514 2456 2568 caeteri
2487 2530 2696 2584 sensus,
2739 2517 2962 2589 quisque
2999 2535 3104 2574 suo
3153 2520 3336 2590 modo,
3371 2523 3650 2580 delectan-

2048 2611 2131 2656 tur
2159 2600 2254 2664 "‘;
2286 2601 2582 2673 aliquando
2614 2605 2864 2675 olfactus,
2900 2614 3087 2676 tactus,
3121 2609 3272 2664 visus
3315 2619 3367 2666 et
3410 2613 3646 2684 auditus,

2045 2698 2103 2745 ut
2131 2707 2251 2747 cum
2285 2690 2359 2744 ibi
2398 2691 2529 2745 nihil
2576 2699 2840 2764 gustatur,
2892 2696 2988 2750 sed
3034 2695 3194 2752 ﬂores
3240 2698 3347 2753 illic
3394 2717 3650 2771 aspersos

2047 2779 2278 2834 delectat
2320 2780 2580 2835 convivas
2626 2781 2895 2851 olfacere,
2950 2793 3193 2856 tangere,
3240 2787 3529 2858 inspicere,
3562 2791 3650 2846 di-

2047 2885 2232 2925 versos
2263 2868 2594 2925 musicorum
2639 2868 2704 2898 “7
2755 2887 2920 2928 sonos
2970 2875 3304 2938 auscultare;
3355 2877 3651 2950 aliquando

2045 2962 2243 3024 tactus,
2276 2957 2444 3027 visus,
2478 2959 2696 3013 auditus
2741 2967 2793 3014 et
2835 2965 3050 3032 gustus,
3102 2971 3160 3017 ut
3204 2979 3324 3018 cum
3371 2966 3505 3020 nihil
3549 2968 3651 3023 ha-

2047 3045 2224 3113 betur,
2258 3061 2365 3118 quo
2397 3046 2690 3101 delectetur
2719 3047 2968 3117 olfactus,
3003 3050 3096 3105 sed
3129 3052 3275 3121 talia,
3310 3054 3504 3123 quibus
3534 3071 3650 3112 cae-

1629 3120 1748 3210 ῳλᾲῖ
1779 3121 1939 3210 (luam
1971 3131 2020 3194 C
2051 3134 2147 3191 teri
2176 3140 2407 3205 quatuor
2433 3151 2623 3191 sensus
2653 3137 3090 3193 condelectentur
3113 3137 3192 3210 '_".

2614 3250 2833 3306 CAPUT
2868 3251 3066 3306 XVIII.

2247 3357 2322 3412 De
2351 3356 2556 3412 ultimo
2584 3373 2786 3428 genere
2816 3357 3208 3415 delectationis
3239 3364 3428 3418 malae.

2121 3463 2296 3518 Unum
2341 3469 2522 3516 autem
2570 3477 2635 3517 ex
2686 3463 2922 3533 quinque
2970 3465 3216 3534 partibus
3257 3475 3490 3537 constat,
3523 3473 3650 3544 quia

2050 3549 2375 3623 quandoque
2416 3550 2752 3606 delectantur
2791 3551 2949 3605 simul
3000 3552 3053 3606 hi
3093 3569 3281 3610 omnes
3310 3560 3557 3627 corporis
3585 3560 3649 3590 ’τ’

2051 3655 2261 3694 sensus.
2291 3639 2596 3710 Aliquando
2637 3639 2781 3694 enim
2827 3640 3058 3695 delectat
3104 3643 3378 3700 hominem
3425 3647 3649 3706 domum

2050 3727 2275 3783 interius
2301 3736 2545 3783 ornatam
2576 3729 2918 3798 conspicere,
2951 3729 3193 3786 ebriosos
3239 3732 3292 3786 in
3339 3750 3407 3790 ea
3449 3735 3654 3794 decan-

2051 3826 2220 3872 tantes
2263 3817 2469 3886 audire,
2518 3817 2722 3872 ibidem
2771 3827 2824 3873 et
2874 3818 3051 3873 vinum
3100 3821 3357 3877 cornibus
3385 3823 3448 3853 ⁸²⁰
3476 3827 3649 3883 deau-

2048 3907 2176 3960 ratis
2205 3915 2409 3977 potare,
2457 3913 2510 3961 et
2546 3906 2709 3961 ﬂores
2758 3923 2856 3976 per
2899 3907 3122 3962 domum
3161 3910 3436 3981 dispersos
3463 3913 3527 3944 m
3556 3917 3646 3973 ol-

2046 3995 2246 4062 facere,
2293 3995 2576 4064 ipsosque,
2627 3994 2714 4049 vel
2763 4011 2962 4050 cornua
3006 4013 3188 4064 aurea,
3220 4001 3305 4054 vel
3351 4002 3454 4056 alia
3505 4012 3648 4061 tactu

2048 4083 2390 4138 delectabilia
2438 4090 2794 4138 contrectare.
2861 4084 3105 4156 Triginta
3152 4086 3334 4156 itaque
3383 4097 3436 4144 et
3481 4109 3647 4148 unum

2047 4186 2252 4244 genera
2321 4177 2443 4224 sunt
2509 4170 2921 4238 delectationis,
2983 4173 3052 4226 ad
3111 4173 3348 4247 quinque
3404 4183 3650 4248 corporis

2049 4275 2238 4315 sensus
2293 4258 2662 4328 pertinentia;
2716 4275 2819 4328 qua
2876 4259 2960 4314 his
3017 4259 3082 4288 '”
3141 4262 3355 4334 triginta
3425 4275 3478 4321 et
3541 4285 3649 4326 uno

2049 4347 2384 4402 delectantur
2426 4347 2628 4415 modis,
2676 4362 2740 4402 ex
2789 4347 2983 4420 quibus
3022 4348 3261 4419 duplicia
3310 4353 3653 4424 simplicibus

2047 4444 2170 4492 sunt
2198 4436 2406 4507 pejora,
2440 4436 2746 4506 duplicibus
2777 4436 3033 4508 triplicia,
3064 4438 3364 4507 triplicibus
3408 4445 3648 4512 quadru-

333 4523 520 4579 olfacit
549 4531 602 4578 et
631 4494 838 4595 tangit;
873 4494 1164 4594 aliquando
1213 4521 1457 4590 auditus,
1507 4531 1700 4591 gustus
1748 4494 1800 4576 ει
1843 4494 1930 4577 οιέ
1959 4494 2016 4556 D
2043 4494 2228 4596 plicia,
2263 4494 2713 4598 quadmplicibus
2757 4494 2892 4580 illud
2940 4494 3084 4596 quod
3125 4494 3188 4582 ex
3237 4494 3650 4603 quinque—par-

337 4613 534 4681 factus,
569 4619 628 4668 ut
659 4627 784 4668 cum
813 4611 1008 4666 divites
1035 4611 1270 4667 delectat
1299 4626 1488 4669 cervos
1529 4612 1586 4665 in
1636 4609 1771 4666 silva
1817 4611 1935 4667 cla-

333 4711 547 4758 mantes
577 4701 785 4769 audire,
819 4708 870 4755 et
901 4701 1261 4772 quorumdam
1286 4701 1399 4769 jam
1429 4708 1710 4772 captorum
1749 4714 1940 4756 carnes

2045 4614 2188 4669 tibus
2216 4622 2446 4670 constat.
2475 4613 2688 4683 Quanto
2720 4613 2863 4669 enim
2893 4614 3084 4684 plures
3114 4632 3309 4671 sensus
3331 4617 3387 4672 in
3417 4619 3651 4678 delecta-

2048 4703 2198 4758 tione
2255 4703 2553 4771 sociantur,
2617 4711 2762 4759 tanto
2819 4703 2937 4775 ipsa
2991 4704 3280 4762 delectatio
3337 4709 3639 4779 pejoratur.

1641 4824 1872 4880 VARIE
1910 4821 2330 4879 LECTIONES.

409 4950 471 4981 '°‘
499 4953 625 5008 Duo
654 4949 817 5006 iidem
850 4963 1036 5005 sensus
1063 4965 1196 5005 mss.
1231 4947 1357 5016 duo,
1390 4946 1443 5002 id
1475 4955 1576 5016 est,
1607 4965 1799 5004 sensus
1825 4966 1930 5005 ms.
1967 4946 2110 5005 Vict.
2145 4946 2252 5002 duo
2288 4947 2448 5002 simul
2492 4954 2614 5001 sunt
2661 4947 2805 5002 idem
2849 4963 3059 5004 sensus.
3093 4947 3154 4977 ’°‘
3185 4950 3647 5010 Condelectantur

339 5026 488 5080 visus
515 5039 624 5080 ms.
658 5024 721 5078 Α.
756 5025 780 5076 1
821 5022 1156 5082 delectantur
1186 5019 1350 5075 simul
1377 5020 1545 5076 visus.

351 5095 495 5151 Vict.
527 5093 816 5166 pulsando.

1695 5019 1757 5049 m
1784 5021 1856 5074 Et
1911 5021 2146 5076 clamare
2169 5035 2276 5074 ms.
2338 5021 2401 5075 Α.
2439 5021 2463 5072 1
2499 5026 2550 5072 et
2579 5018 2945 5084 conclamare.

963 5107 1023 5136 ιο·
1055 5093 1364 5148 Delectatur
1409 5091 1716 5147 auscultare
1755 5108 1863 5148 ms.
1897 5094 1958 5147 A.
1994 5094 2018 5145 1
2057 5090 2287 5146 delectat
2305 5089 2632 5148 auscultare.

3090 5019 3150 5049 ⁸⁰⁶
3180 5021 3485 5080 Pitissando
3539 5043 3650 5084 ms.

2783 5100 2848 5130 m
2877 5091 3138 5160 Auditus,
3188 5101 3243 5148 ut
3265 5110 3548 5153 cum.mss
3591 5105 3649 5153 et

344 5168 494 5222 Edit.
526 5160 664 5222 Col”
704 5166 837 5219 1573
869 5163 1085 5220 auditus
1114 5171 1168 5218 et
1197 5170 1385 5234 tactus,
1419 5170 1477 5217 ut
1507 5177 1650 5219 cum.
1694 5161 1757 5192 "‘
1788 5163 2034 5234 Aliquem
2067 5163 2333 5234 delectant
2361 5161 2759 5233 manuscripta
2790 5160 3023 5233 aliquem
3053 5163 3303 5222 delectat.
3334 5165 3399 5196 ὐ
3423 5169 3654 5223 Vineam

343 5245 525 5293 tamen
559 5253 664 5293 ms.
698 5241 762 5291 Α.
796 5236 821 5289 1
858 5235 1024 5306 vinea
1046 5243 1251 5289 tamen.
1320 5232 1381 5261 ’π’
1406 5236 1582 5306 Atque
1638 5243 1823 5306 tepore
1852 5232 2010 5305 aquae
2039 5233 2419 5306 manuscript.
2458 5240 2620 5306 atque
2647 5232 2892 5302 teporem
2922 5249 3106 5306 aquae.

3262 5236 3322 5266 "‘
3353 5238 3653 5294 Plerunaue

381 5308 585 5363 uatemi
606 5306 959 5362 delectantur
987 5305 1144 5360 simul
1173 5314 1229 5360 et
1257 5303 1524 5377 quaterni.
1559 5322 1661 5360 ms.
1691 5303 1814 5360 'A.I
1851 5303 2149 5376 plerunque
2178 5303 2607 5377 simulquatemi
2633 5303 3344 5377 etAquaterni’delectantur.
3457 5308 3518 5337 ἰ’
3549 5303 3652 5364 Ol-

372 5373 494 5434 actu
525 5378 824 5434 delectatur
850 5385 1022 5432 tactus
1052 5393 1158 5433 ms.
1193 5377 1253 5432 A.
1275 5373 1312 5430 ’1
1345 5376 1547 5431 olfactu
1578 5373 1919 5432 delectantur
1945 5385 1998 5434 et
2029 5373 2222 5432 tactus.
2242 5373 2303 5403 “'
2333 5373 2448 5432 suo
2478 5375 2648 5447 modo
2678 5373 2975 5431 delectatur
2999 5395 3136 5433 mss.
3165 5393 3261 5433 suo
3289 5379 3472 5447 modo,
3497 5379 3653 5435 dele-

341 5457 579 5506 ctantur.
618 5447 680 5478 ""
711 5450 965 5504 Diversos
993 5449 1321 5503 musicorum
1352 5464 1456 5502 ms.
1489 5448 1558 5501 A.
1592 5450 1616 5500 1
1651 5447 1987 5504 diversorum
2019 5448 2365 5505 musicorum.

342 5521 679 5598 delectantur
707 5521 855 5577 Edit.
892 5520 1020 5598 CoI._
1040 5521 1190 5598 t573_
1210 5531 1399 5574 sensus
1428 5517 1887 5598 condelectentur.
1952 5517 2013 5547 ’τ’
2043 5519 2246 5574 Omnes
2273 5533 2561 5598 corporum
2591 5533 2969 5598 mss.__9mnes_
2986 5519 3247 5598 corporis.

1730 5589 1793 5620 '"
1822 5590 2128 5665 Despersos
2160 5606 2300 5646 mss.
2337 5589 2614 5661 dispersos

345 5590 414 5655 de
440 5591 700 5652 cornibus
729 5591 1107 5666 manuscript.
1141 5588 1331 5648 vinum
1359 5588 1649 5648 cornibus.

2477 5444 2539 5474 ’τ’
2567 5446 2764 5501 Sensus
2802 5447 3133 5504 delectentur
3160 5464 3266 5504 ms.
3298 5451 3360 5506 A.
3396 5451 3419 5503 1
3457 5444 3648 5505 sensus

2477 5535 2561 5572 um
2591 5534 2724 5574 mss.
2770 5533 2958 5573 omnes
2986 5519 3247 5575 comoris.
3359 5519 3423 5549 ”"
3453 5521 3648 5575 Vinum

2770 5536 2958 5573 omnes
2986 5536 3247 5589 corporis.
3359 5536 3423 5549 ""
3459 5536 3649 5577 Vinum

2731 5587 2795 5617 "’
2823 5589 2926 5658 Qui
2957 5589 3040 5646 his
3070 5605 3202 5646 mss.
3238 5590 3364 5662 quia
3394 5591 3506 5650 his.
