3970 6088
410 313 509 366 6H

1421 302 1736 358 EADMERI
1775 303 2091 359 MONACHI
2129 300 2687 362 CANTUARIENSIS

3609 312 3719 370 612

410 439 660 491 Attamen
690 431 979 503 aliquando
1029 428 1185 501 pejor
1224 431 1308 485 est
1356 429 1513 483 unius
1551 444 1712 499 quam
1762 428 2003 486 omnium
2035 432 2203 491 Aaut
2258 427 2540 498 quaterni,
2602 436 2695 484 aut
2748 427 2910 485 simul
2967 447 3157 488 omnes
3213 441 3709 504 reprzesentassent.

409 524 577 580 simul
607 522 918 578 delectatio.

1004 608 1228 664 CAPUT
1266 608 1418 662 XIX.

483 703 646 772 Peior
674 702 758 757 est
789 695 1090 823 delectati:
1112 713 1234 823 qui;
1254 696 1511 822 pluribus
1531 700 1633 752 aut
1653 697 2006 768 gravioribus

1081 784 1108 823 e
1136 785 1196 823 ec
1226 787 1259 823 ιι
1291 784 1381 823 ur.

1081 784 1381 824 eleuatur.

486 860 713 916 Gravius
758 866 843 913 est
893 857 1036 913 enim
1094 857 1476 912 detractionem
1532 857 1764 911 libenter
1818 857 2009 911 audire

414 964 576 1020 quam
605 949 768 1004 ﬂores
818 946 1072 1018 pulchros
1114 946 1377 1016 aspicere,
1426 954 1677 1017 tangere,
1728 946 2004 1012 olfacere;

409 1038 614 1093 interea
644 1037 829 1092 bibere
858 1036 1031 1091 semel
1063 1044 1154 1090 aut
1182 1035 1270 1089 bis
1304 1035 1431 1104 plus
1456 1050 1612 1103 quam
1644 1042 1721 1088 est
1746 1050 1965 1089 necesse
1990 1052 2002 1095 ;

405 1126 732 1197 aliquodque
763 1125 989 1179 verbum
1021 1124 1254 1179 otiosum
1298 1123 1518 1178 audire.
1559 1123 1665 1179 Sed
1715 1123 1769 1176 in
1814 1122 2006 1177 eodem

406 1214 694 1284 paribusve
722 1213 960 1283 peccatis
989 1212 1151 1282 pejus
1181 1219 1259 1266 est
1289 1213 1470 1282 plures
1514 1226 1677 1282 quam
1721 1212 2008 1282 pauciores

408 1319 600 1357 sensus
635 1301 919 1357 delectari.
966 1301 1131 1371 Pejus
1178 1308 1257 1354 est
1298 1301 1442 1355 enim
1490 1300 1745 1355 delectari
1792 1299 1909 1354 visu
1956 1308 2009 1353 et

414 1392 600 1445 auditu
629 1390 899 1445 inhonesti
947 1388 1053 1444 loci
1097 1405 1258 1457 quam
1290 1389 1408 1443 visu
1442 1396 1671 1456 tantum,
1705 1396 1796 1442 aut
1824 1388 2010 1443 auditu

408 1485 634 1533 tantum.
677 1480 809 1533 Item
857 1478 1010 1550 pejus
1038 1486 1118 1531 est
1147 1477 1502 1532 immoderate
1545 1475 1802 1532 delectari
1850 1485 2007 1549 gustu

405 1575 461 1623 et
489 1566 690 1622 olfactu
737 1574 895 1636 potus
940 1566 1175 1621 confecti
1222 1582 1383 1635 quam
1433 1572 1636 1619 tantum
1686 1573 1868 1636 gustu,
1914 1572 2011 1619 aut

409 1663 617 1709 tantum
647 1653 850 1710 olfactu
881 1653 1113 1722 alicujus
1145 1653 1389 1708 deliciosi
1420 1652 1551 1708 cibi.
1576 1655 1761 1724 Itaque
1792 1669 1860 1707 ex
1890 1652 2008 1707 istis

414 1743 637 1815 triginta
683 1751 735 1797 et
778 1758 884 1798 uno
930 1742 1223 1814 generibus
1282 1741 1689 1810 delectationis,
1735 1742 1844 1796 alia
1881 1748 2008 1796 sunt

410 1830 579 1900 mala,
622 1829 729 1885 alia
774 1831 981 1901 pejora.
1024 1831 1186 1897 Mala,
1238 1830 1290 1884 in
1337 1830 1536 1900 quibus
1581 1830 1862 1900 pauciores
1907 1830 2009 1900 .-

409 1920 674 1974 lectantur
702 1935 911 1987 sensus,
944 1927 1054 1986 aut,
1105 1919 1150 1972 si
1196 1918 1389 1973 fuerint
1433 1918 1632 1989 plures,
1677 1918 2013 1972 oblectantur

410 2008 463 2062 in
504 2007 815 2062 levioribus.
849 2007 1058 2076 Pejora,
1092 2006 1145 2059 in
1177 2006 1373 2077 quibus
1423 2007 1760 2061 delectantur
1807 2006 2007 2077 plures,

413 2103 506 2152 aut
534 2096 577 2150 si
608 2095 805 2150 fuerint
832 2095 1117 2166 pauciores
1166 2096 1219 2149 in
1266 2095 1608 2167 gravioribus
1656 2095 2007 2150 delectantur.

417 2185 518 2240 Tot
547 2184 712 2256 igitur
739 2193 792 2239 et
820 2183 951 2237 talia
980 2191 1102 2239 sunt
1131 2198 1335 2255 genera
1379 2183 1750 2239 delectationis
1778 2199 1883 2254 qua
1910 2182 2012 2239 dc-

419 2270 688 2330 lectantur
717 2274 955 2345 quinque
981 2290 1165 2327 sensus
1192 2272 1450 2343 corporis.

1014 2380 1238 2435 CAPUT
1277 2380 1402 2434 XX.

833 2469 909 2525 De
940 2469 1150 2524 animae
1186 2468 1581 2525 delectatione.

485 2572 640 2627 Illius
685 2585 815 2627 vero
867 2570 1238 2626 delectationis
1302 2586 1407 2639 qua
1462 2569 1759 2625 delectatur
1808 2568 2015 2634 anima,

416 2676 627 2734 genera
656 2667 780 2715 sunt
808 2659 975 2714 multo
1006 2658 1179 2730 plura.
1240 2657 1515 2728 Quidquid
1545 2658 1688 2713 enim
1718 2657 2018 2713 exteriores

420 2765 613 2805 sensus
668 2747 926 2815 sentiunt,
985 2747 1265 2801 sentiendo
1318 2747 1512 2801 animae
1568 2748 1801 2800 innuunt
1857 2746 2018 2816 quale

420 2839 492 2894 sit
533 2836 666 2892 illud
715 2836 864 2909 quod
904 2837 1162 2902 sentiunt,
1210 2842 1286 2903 ut,
1336 2850 1458 2889 cum
1501 2834 1815 2905 qualitatem
1841 2833 1903 2861 ’”
1936 2834 2013 2889 rei

420 2924 933 2997 repraesentaverint
987 2923 1090 2978 sibi
1149 2932 1203 2979 et
1266 2924 1411 2993 quod
1460 2923 1763 2979 sentiebant
1817 2924 2019 2979 sentire

424 3014 728 3084 omiserint,
761 3012 994 3068 delectat
1037 3012 1274 3067 animam
1318 3012 1465 3068 idem
1512 3013 1776 3085 cogitare,
1808 3020 1860 3069 et
1891 3014 2018 3068 toti-

374 3164 377 3167 _
413 3106 539 3161 dem
569 3103 632 3132 ³²⁴
664 3102 846 3158 modis
875 3110 1007 3174 quot
1048 3102 1151 3156 sibi
1200 3118 1389 3157 sensus
1425 3109 1883 3173 reprazsentavere
1914 3100 2004 3157 m.
2045 3130 2093 3193 Ο

421 3194 569 3250 Sicut
594 3193 739 3249 enim
771 3208 961 3247 sensus
989 3191 1257 3264 singulos,
1303 3199 1393 3246 aut
1435 3191 1627 3256 binos,
1677 3199 1766 3246 aut
1811 3199 2010 3260 ternos,

419 3291 510 3338 aut
539 3290 846 3353 quaternos,
896 3288 985 3335 aut
1031 3280 1189 3334 simul
1241 3296 1429 3335 omnes
1475 3280 1706 3336 delectat
1743 3281 1883 3335 istud
1928 3281 2016 3337 vel

417 3372 551 3427 illud
583 3370 779 3427 sentire
822 3378 877 3425 et
917 3370 1112 3424 animae
1150 3378 1564 3439 reprasentare,
1596 3370 1667 3424 ita
1699 3378 1751 3424 et
1780 3370 2014 3425 animam

416 3461 651 3516 delectat
681 3458 949 3530 cogitare,
998 3458 1125 3530 quia
1172 3474 1363 3513 sensus
1410 3459 1617 3513 eisdem
1657 3458 1835 3513 modis
1883 3458 2014 3513 illud

418 3549 504 3604 vel
547 3548 680 3603 illud
724 3554 1028 3615 senserunt,
1070 3547 1457 3616 sentiendoque
1502 3547 1607 3600 sibi
1653 3556 2015 3618 repraesenta-
2065 3592 2070 3599 .

418 3644 632 3694 verunt.
693 3636 829 3689 Illud
874 3650 1123 3706 quoque,
1169 3635 1314 3704 quod
1356 3635 1458 3689 sibi
1502 3652 1693 3690 sensus
1738 3652 2013 3706 nunquam

418 3730 959 3795 repraesentaverunt,
1013 3723 1139 3793 quia
1194 3738 1473 3793 nunquam
1533 3733 1856 3791 senserunt;
1913 3726 2014 3780 sed

421 3813 469 3868 si
521 3812 855 3878 sensissent,
914 3815 1297 3880 repraesentare
1365 3820 1608 3882 possent.
1681 3813 1782 3867 Tot
1835 3814 2013 3869 modis

418 3901 653 3957 delectat
682 3900 915 3955 animam
947 3899 1190 3971 cogitare
1221 3908 1355 3972 quot
1401 3900 1500 3954 sibi
1555 3917 1742 3956 sensus
1770 3901 2012 3958 valerem

414 3998 829 4062 repraesentare.
893 3989 1184 4059 Nunquam
1227 3989 1367 4043 enim
1417 3989 1564 4044 visus
1608 3992 2013 4061 repraesentavit

415 4081 465 4136 ei
496 4080 716 4135 domum
748 4093 970 4133 auream
1003 4085 1198 4146 totam,
1241 4076 1362 4148 quia
1409 4094 1518 4134 non
1566 4079 1732 4148 vidit,
1772 4096 1871 4136 nec
1911 4098 2013 4136 au-

413 4168 555 4224 ditus
575 4184 766 4224 sonum
798 4174 905 4222 toto
935 4167 1141 4221 mundo
1171 4165 1446 4236 diﬂ'usum,
1480 4168 1606 4239 quia
1630 4184 1738 4224 non
1769 4169 2005 4237 audivit;

413 4273 511 4313 nec
539 4265 729 4329 gustus
758 4272 955 4326 panem
988 4255 1150 4311 melle
1180 4254 1504 4323 dulciorem,
1537 4257 1661 4326 quia
1690 4273 1798 4314 non
1829 4267 2011 4330 gusta-

414 4345 520 4416 vit;
555 4362 656 4401 nec
686 4345 915 4401 Olfactus
954 4343 1137 4399 vinum
1184 4344 1433 4399 balsamo
1487 4344 1835 4417 fragrantius,
1884 4347 2009 4417 quia

411 4451 522 4492 non
572 4434 760 4490 Olfecit
788 4432 888 4499 m;
937 4448 1039 4489 nec
1079 4440 1248 4487 tactus
1289 4432 1604 4487 indumenta
1650 4435 1808 4488 lanea
1853 4434 2009 4489 lineis

406 4524 635 4593 leniora,
667 4523 800 4595 quia
826 4537 933 4577 non
982 4521 1196 4593 tetigit;
1248 4537 1347 4576 nec
1375 4521 1482 4576 alia
1511 4521 1680 4576 multa
1730 4522 1778 4577 ei
1823 4538 2007 4577 sensus

405 4618 887 4683 repraesentarunt,
921 4610 1049 4681 quia
1078 4625 1184 4664 non
1230 4618 1553 4681 senserunt,
1600 4609 1695 4664 sed
1725 4610 1770 4665 si
1798 4610 2006 4667 sensis-

2037 1784 2088 1842 B

2119 517 2253 572 Sunt
2282 525 2333 572 et
2364 517 2470 572 alia
2512 516 2890 575 delectationis
2931 521 3131 576 animae
3178 539 3412 595 genera,
3444 542 3565 596 quas
3611 543 3713 582 nec

2118 622 2310 661 sensus
2338 607 2520 662 valent
2548 607 2623 661 illi
2657 618 3065 680 repraesentare,
3096 627 3196 668 nec
3237 613 3352 684 ipsa
3398 623 3577 684 potest
3614 632 3717 687 per

2116 695 2556 767 imaginationem
2587 698 2844 770 cogitare,
2870 708 2926 754 ut
2955 717 3079 755 cum
3108 701 3364 772 superbia
3393 703 3711 776 delectatur,

2116 783 2231 838 sine
2274 784 2420 839 omni
2460 785 2866 858 imaginatione.
2930 790 3082 844 Hanc
3127 790 3326 845 etenim
3370 809 3561 848 sensus
3602 811 3715 850 non

2118 874 2298 928 valent
2326 874 2398 927 illi
2432 884 2845 945 repraesentare,
2870 878 2991 947 quia
3012 895 3112 934 nec
3132 880 3278 934 visus
3297 889 3475 950 potest
3503 881 3715 939 discer-

2116 977 2248 1017 nere
2277 971 2455 1017 utrum
2495 964 2563 1018 sit
2602 964 2728 1020 alba
2765 966 2852 1021 vel
2900 966 3088 1039 nigra;
3138 984 3241 1024 nec
3282 969 3514 1038 auditus,
3545 988 3617 1026 an
3648 973 3719 1028 sit

2116 1066 2315 1106 sonora
2344 1052 2430 1107 vel
2459 1069 2618 1106 rauca
2643 1071 2656 1117 ;
2697 1070 2797 1108 nec
2825 1063 3031 1126 gustus,
3062 1072 3131 1111 an
3156 1058 3226 1112 sit
3255 1057 3426 1113 dulcis
3452 1060 3538 1115 vel
3569 1063 3720 1134 amag'

2114 1156 2211 1203 ra;
2260 1156 2360 1195 nec
2392 1141 2642 1210 Olfactus,
2686 1158 2752 1196 an
2801 1144 2868 1197 sit
2912 1145 3165 1200 redolens
3212 1156 3304 1201 aut
3342 1147 3566 1217 foetida;
3616 1167 3716 1206 nec

2117 1235 2320 1299 tactus,
2370 1245 2439 1284 an
2490 1231 2557 1285 sit
2601 1231 2782 1286 mollis
2830 1233 2914 1287 vel
2958 1234 3133 1300 dura,
3182 1234 3320 1290 lenis
3368 1237 3453 1295 vel
3501 1254 3712 1311 aspera,

2116 1316 2293 1371 calilla
2341 1318 2430 1373 vel
2480 1318 2702 1392 frigida.
2751 1320 2872 1390 Ipsa
2909 1338 3123 1393 quoque
3167 1324 3351 1380 anima
3405 1343 3513 1382 non
3570 1328 3716 1384 valet

2117 1405 2403 1478 imaginari
2435 1414 2609 1461 utrum
2641 1409 2895 1479 superbia
2924 1410 3018 1465 illa
3046 1414 3115 1466 sit
3143 1412 3266 1467 talis
3294 1423 3386 1468 aut
3414 1416 3554 1483 talis,
3586 1417 3717 1487 quia

2118 1503 2199 1548 est
2240 1495 2292 1549 in
2337 1496 2665 1553 exultatione
2712 1497 2878 1552 solius
2921 1499 3292 1571 cogitationis.
3346 1503 3512 1559 Multo
3554 1505 3718 1577 igitur

2118 1584 2271 1653 plura
2304 1600 2508 1655 genera
2540 1594 2662 1640 sunt
2693 1587 3094 1657 delectationis,
3125 1606 3231 1659 qua
3261 1590 3442 1645 anima
3471 1591 3715 1648 delecta-

2118 1679 2223 1739 tur,
2258 1688 2419 1741 quam
2450 1673 2596 1728 illius
2626 1691 2730 1745 qua
2760 1676 2993 1746 quinque
3039 1678 3286 1749 corporis
3326 1696 3513 1734 sensus
3558 1681 3715 1738 oble-

2117 1767 2325 1813 ctantur
2352 1758 2433 1815 "7.
2469 1760 2607 1829 Quia
2654 1770 2707 1818 et
2753 1765 3001 1820 eamdem
3031 1766 3263 1822 delectat
3291 1768 3381 1822 illa
3409 1766 3472 1796 ³¹³
3500 1786 3717 1826 memo-

2116 1864 2234 1903 rare
2265 1866 2384 1920 quae
2409 1858 2461 1904 et
2490 1849 2610 1906 illos
2639 1852 2839 1907 sentire
2868 1852 2950 1921 δ”,
2985 1862 3037 1909 et
3068 1856 3288 1911 totidem
3332 1858 3541 1928 modis,
3592 1868 3721 1930 quot

2116 1936 2220 1990 sibi
2269 1948 2771 2009 reprmsentavere;
2808 1951 2860 1996 et
2887 1943 2993 1999 alia
3035 1943 3323 2017 imaginari
3355 1964 3477 2017 qua:
3511 1947 3585 2002 illi
3619 1950 3722 2005 sibi

2118 2041 2223 2079 non
2254 2024 2316 2053 ”°
2349 2038 2890 2098 repraesentaverunt,
2924 2033 3052 2102 quia
3088 2050 3363 2104 nunquam
3414 2046 3717 2106 senserunt,

2117 2115 2216 2168 sed
2247 2116 2296 2167 si
2328 2116 2641 2187 sensissent,
2666 2126 3063 2189 repraesentare
3094 2132 3319 2192 possent
3346 2143 3361 2193 ;
3389 2133 3440 2179 et
3468 2126 3721 2195 quaedam

2121 2204 2385 2275 cogitare,
2417 2223 2539 2276 qua)
2569 2222 2745 2278 neque
2778 2208 2854 2263 illi
2886 2219 3111 2279 possunt
3153 2212 3367 2284 sentire,
3396 2230 3575 2286 neque
3603 2215 3722 2286 ipsa

2119 2308 2219 2363 per
2262 2293 2705 2366 imaginationem
2746 2299 3026 2370 cogitare,
3084 2301 3183 2355 sed
3232 2301 3551 2373 simpliciter
3606 2304 3722 2360 sine

2119 2381 2265 2437 omni
2295 2382 2702 2456 imaginatione.

2659 2475 2885 2532 CAPUT
2922 2478 3056 2534 XXI
3100 2476 3183 2534 m.

2496 2565 2577 2622 De
2607 2566 2907 2636 generibus
2938 2569 3345 2626 exaltationis.

2193 2650 2547 2708 Exaltationis
2604 2661 2782 2709 autem
2840 2671 3041 2727 genera
3100 2664 3223 2711 sunt
3289 2658 3637 2730 quindecim,
3694 2674 3725 2715 e

2121 2739 2320 2808 quibus
2350 2748 2577 2813 quatuor
2604 2751 2726 2798 sunt
2755 2744 3047 2814 simplicia,
3080 2761 3183 2802 sex
3213 2747 3470 2819 duplicia,
3497 2756 3726 2820 quatuor

2123 2827 2376 2899 triplicia,
2409 2847 2575 2886 unum
2613 2847 2742 2888 vero
2766 2833 3128 2904 quadruplex.

2696 2921 2917 2978 CAPUT
2959 2923 3138 2978 XXII.

2542 3010 2616 3066 De
2656 3016 2900 3082 quatuor
2928 3013 3300 3085 simplicibus.

2197 3096 2441 3163 Quatuor
2467 3098 2649 3168 itaque
2681 3107 2803 3153 sunt
2831 3101 3118 3171 simplicia,
3164 3104 3295 3174 quia
3341 3112 3421 3159 est
3467 3107 3722 3163 exultatio

2128 3184 2419 3254 aliquando
2450 3187 2502 3240 in
2533 3186 2650 3242 sola
2698 3188 2972 3258 Opinione,
3017 3198 3074 3244 ut
3116 3192 3159 3244 si
3204 3192 3326 3261 quis
3373 3195 3624 3263 opinetur
3668 3212 3723 3250 se

2128 3288 2246 3327 esse
2284 3274 2511 3347 dignum
2560 3276 2891 3348 episcopatu,
2924 3294 3024 3333 nec
3052 3288 3229 3334 tamen
3276 3281 3403 3337 velit
3446 3281 3560 3338 ﬁeri
3601 3284 3722 3354 epi-

2127 3378 2354 3432 scopus;
2386 3364 2678 3436 aliquando
2721 3365 2776 3419 in
2820 3368 2936 3422 sola
2968 3368 3262 3437 voluntate,
3293 3378 3349 3425 ut
3377 3371 3419 3425 si
3446 3373 3579 3427 velit
3608 3372 3721 3429 ﬁeri

2127 3452 2432 3522 episc0pus,
2464 3470 2563 3508 nec
2593 3462 2770 3510 tamen
2801 3456 3054 3526 Opinetur
3081 3473 3138 3513 se
3167 3474 3288 3514 esse
3319 3460 3545 3533 dignum
3599 3463 3717 3533 epi-

2126 3550 2382 3610 scopatu;
2430 3542 2723 3613 aliquando
2762 3544 2813 3598 in
2859 3546 2977 3601 sola
3024 3546 3323 3613 locutione,
3368 3556 3425 3603 ut
3467 3550 3510 3604 si
3557 3551 3721 3619 jactet

2125 3644 2182 3684 se
2212 3645 2334 3685 esse
2363 3630 2608 3703 dignum,
2640 3649 2739 3688 nec
2770 3642 2945 3689 tamen
2973 3634 3099 3690 velit
3127 3635 3243 3691 ﬁeri
3287 3637 3460 3693 sciens
3500 3655 3562 3695 se
3606 3656 3718 3696 esse

2127 3718 2386 3787 dignum;
2419 3720 2713 3791 aliquando
2760 3723 2813 3776 in
2858 3725 2973 3778 solo
3012 3740 3194 3795 opere,
3244 3734 3297 3780 ut
3344 3726 3387 3780 si
3432 3728 3554 3799 quis
3595 3727 3718 3783 inﬁ-

2125 3823 2244 3862 mus
2271 3807 2336 3836 ⁸⁸²
2361 3824 2462 3880 per
2487 3810 2851 3883 ignorantiam
2881 3813 3120 3868 assideat
3142 3815 3295 3882 juxta
3324 3831 3536 3888 regem.

2685 3900 2909 3957 CAPUT
2950 3902 3156 3957 XXIII.

2616 3988 2692 4044 De
2734 4005 2836 4045 sex
2879 3990 3215 4063 duplicibus.

2194 4073 2307 4130 Sex
2336 4091 2468 4132 vero
2499 4081 2624 4131 sunt
2652 4076 2714 4104 ⁸⁸⁸
2745 4078 3002 4149 duplicia,
3034 4079 3159 4150 quia
3200 4079 3491 4151 aliquando
3540 4084 3716 4140 extol—

2121 4160 2250 4217 litur
2282 4166 2465 4233 homo,
2498 4164 2553 4219 in
2586 4166 2839 4235 Opinione
2889 4167 3048 4223 simul
3091 4176 3143 4223 et
3185 4170 3480 4241 voluntate,
3510 4181 3569 4227 ut
3596 4190 3718 4229 cum

2121 4251 2361 4322 prioratu
2393 4253 2574 4323 aliquo
2605 4270 2662 4310 se
2691 4270 2810 4310 esse
2839 4255 3063 4327 dignum
3113 4257 3363 4328 aestimat,
3394 4268 3447 4316 et
3476 4263 3581 4318 hoc
3604 4261 3721 4318 vult

2118 4348 2177 4395 ut
2206 4341 2354 4410 prior
2381 4340 2442 4369 "‘
2474 4340 2565 4397 ﬁat
2582 4363 2598 4409 ;
2651 4342 2943 4413 aliquando
2973 4345 3031 4399 in
3063 4345 3316 4417 opinione
3346 4355 3399 4403 et
3425 4348 3718 4421 locutione,

2120 4437 2172 4484 et
2198 4446 2305 4485 non
2336 4430 2629 4503 voluntate,
2662 4436 2721 4487 ut
2751 4448 2873 4489 cum
2923 4432 3125 4505 aliquis
3169 4435 3410 4509 aliquam
3456 4454 3568 4494 non
3608 4440 3722 4495 vult

2118 4518 2509 4590 praelationem,
2542 4535 2664 4592 quae
2713 4520 2814 4576 sibi
2856 4520 3099 4591 oﬂ'ertur,
3146 4531 3201 4579 et
3240 4539 3309 4579 ex
3347 4527 3453 4581 hoc
3498 4528 3617 4598 ipse
3660 4543 3721 4585 se

2116 4608 2385 4663 extollens
2423 4608 2705 4665 meliorem
2751 4626 2811 4666 se
2854 4610 2976 4666 aliis
3027 4611 3334 4682 arbitratur,
3379 4623 3431 4670 et
3473 4616 3602 4672 inde
3662 4632 3718 4673 se

404 4711 545 4768 sent,
578 4707 969 4771 repraesentare
998 4705 1243 4769 possent.
1295 4700 1362 4753 Et
1393 4706 1595 4770 tamen,
1628 4706 1719 4753 aut
1748 4700 1883 4767 haec,
1915 4708 2007 4755 aut
2108 4697 2275 4767 jactat
2302 4696 2375 4751 ita
2406 4703 2586 4752 tamen
2632 4705 2691 4752 ut
2737 4714 2844 4753 non
2895 4706 3167 4755 avertatur
3196 4699 3292 4769 ³⁸⁸;
3320 4701 3612 4772 aliquando
3659 4703 3715 4759 in

405 4790 513 4844 alia
542 4788 847 4857 hujusmodi
896 4788 1072 4842 inania
1102 4803 1222 4843 eam
1253 4787 1538 4859 imaginari
1578 4788 1831 4858 delectat,
1862 4802 1928 4844 ac
1960 4786 2007 4842 si

401 4893 590 4933 sensus
638 4877 953 4945 sensissent,
985 4876 1142 4947 eique
1188 4875 1409 4949 singuli,
1445 4885 1536 4932 aut
1560 4876 1695 4947 bini,
1729 4884 1822 4931 aut
1853 4876 2006 4945 terni,

2115 4785 2369 4856 Opinione
2400 4792 2453 4841 et
2481 4801 2663 4857 opere,
2694 4794 2753 4841 ut
2795 4787 2841 4842 si
2878 4788 3078 4858 aliquis
3122 4805 3181 4845 se
3223 4789 3459 4846 aestimat
3487 4792 3710 4865 dignum

2116 4874 2315 4930 sedere
2338 4874 2496 4943 juxta
2525 4875 2859 4947 episc0pum,
2889 4886 2940 4932 et
2969 4876 3165 4933 alicubi
3208 4895 3307 4951 per
3342 4879 3708 4953 ignorantiam

1700 5001 1928 5056 VARhE
1964 4998 2371 5055 LECTIONES.

462 5120 523 5185 ’ξ’
554 5121 623 5179 Ut
646 5136 772 5203 eum
804 5120 1117 5203 qualitatem
1145 5138 1266 5203 nis.
1298 5121 1442 5203 Vict.
1475 5124 1704 5203 et‘lidit.
1732 5125 2024 5203 _Col._i_375
2054 5130 2112 5203 _ut
2136 5139 2258 5203 quae
2288 5122 2734 5203 qualitatemjns.
2766 5127 2829 5182 Α.
2854 5129 2878 5181 1
2902 5126 3085 5197 utique
3100 5126 3431 5203 qualitatem.
3463 5128 3528 5158 ³’⁴
3542 5130 3701 5203 0οεί-

392 5204 505 5251 tare
530 5210 542 5249 :
573 5192 796 5275 totidem
823 5195 1119 5275 insultet.
1144 5198 1199 5249 et
1223 5195 1299 5275 ‘A;
1326 5195 1764 5275 1ιειΛΕᾴἱ1η-ρρι.
1788 5192 2539 5275 1573_90giMre§t_totidem_.
2558 5195 2621 5223 ⁸⁷⁵⁵
2646 5192 3194 5275 Repraesentaveré...
3218 5215 3325 5256 ms.
3349 5201 3475 5275 AL!
3504 5192 3702 5275 reprae-

388 5275 625 5339 sentare.
655 5262 716 5292 ’κ
746 5263 983 5339 Nolfacit
1009 5280 1143 5321 mss.
1177 5265 1404 5339 etEdit.
1441 5265 1553 5322 Col.
1589 5270 1722 5339 I573
1754 5283 1865 5339 non
1888 5261 2092 5322 Olfecit.
2169 5261 2233 5293 "7
2265 5266 2412 5339 Illius
2442 5261 2747 5339 quinque":
2780 5269 3111 5325 delectantur
3137 5286 3272 5326 mss.
3305 5276 3363 5327 et
3395 5261 3693 5331 Edit.'Col.

386 5342 523 5394 1573
553 5337 696 5392 illius
723 5351 831 5407 qua
860 5336 1163 5407 quinque...
1195 5336 1549 5391 oblectantur.
1590 5335 1651 5364 ”'
1682 5339 1745 5392 Et
1773 5338 1965 5392 eadem
1994 5338 2223 5393 delectat
2266 5336 2415 5391 illam
2443 5335 2549 5395 ins.
2581 5335 2646 5395 λ.
2707 5344 2730 5394 1
2763 5350 2816 5394 et
2863 5342 3091 5396 eandem
3135 5341 3366 5397 delectat
3416 5343 3526 5400 illa.
3638 5342 3699 5372 ’θ’

391 5409 525 5478 Quae
554 5408 675 5464 illos
703 5408 899 5478 sentire
928 5423 1032 5462 ms.
1056 5408 1153 5463 Α.1

389 5482 496 5536 sibi
516 5497 621 5536 non
636 5523 648 5534 .

393 5554 542 5607 Gem.
567 5555 692 5611 Bec.
743 5556 800 5607 et
841 5551 990 5606 Edit.
1035 5551 1148 5608 Col.
1197 5553 1330 5604 1573
1363 5551 1404 5603 si
1438 5549 1558 5618 quis
1587 5549 1821 5607 inﬁmus.

395 5622 450 5679 γε
482 5620 631 5694 prior
670 5638 811 5679 mss.
851 5627 908 5679 et
944 5623 1095 5679 Edil.
1137 5620 1250 5679 Col.
1292 5628 1349 5674 ut
1373 5622 1540 5692 prior.

1189 5423 1310 5477 quae
1341 5416 1394 5462 et
1421 5408 1543 5462 illos
1583 5411 1799 5465 sentire.
1827 5408 1892 5437 '”

1923 5407 2192 5486 Quaesibi
2221 5423 2331 5463 non
2359 5425 2508 5486 m_ss._
2532 5412 2595 5466 A.
2632 5413 2656 5464 1
2700 5412 2840 5486 Vic_t_._
2875 5416 2929 5486 et
2955 5412 3115 5486 Edit.
3144 5412 3259 5486 C_ol.
3294 5414 3431 5468 1573
3462 5431 3587 5486 quae
3617 5415 3692 5471 illi

734 5478 797 5507 ’"
825 5477 1037 5552 Inims.
1066 5480 1128 5535 A.
1164 5481 1189 5532 1
1216 5481 1333 5535 haec
1371 5494 1545 5552 usque
1565 5479 1638 5552 ad
1656 5482 1843 5552 Caput
1863 5479 2241 5552 blexclusive
2274 5497 2390 5537 non
2413 5481 2717 5537 habentur.
2777 5481 2841 5509 ⁸³²
2871 5484 2927 5539 Si
2958 5483 3076 5552 quis
3106 5482 3347 5538 infirmus
3374 5477 3516 5541 mss'.
3557 5489 3689 5543 Vict.

1897 5550 1958 5578 ⁸³³
1990 5552 2097 5606 Sex
2129 5558 2252 5604 sunt
2281 5568 2388 5606 ms.
2417 5553 2555 5608 l'ict.
2601 5558 2657 5608 el
2683 5554 2829 5608 Edit.
2857 5550 3133 5610 ObL—1573
3165 5554 3272 5611 Sex
3305 5571 3432 5612 vero
3459 5566 3602 5612 sunt.
3632 5554 3693 5586 '“

1653 5619 1714 5648 ³⁸⁸
1745 5624 1813 5679 Ut
1835 5639 1943 5679 non
1973 5628 2246 5679 avertatur
2267 5638 2352 5678 ms
2383 5623 2518 5679 Vict.
2557 5631 2614 5680 et
2642 5625 2796 5679 Edit.
2833 5626 3040 5682 Colon.
3082 5626 3217 5680 1-573
3248 5640 3317 5680 ne
3346 5635 3619 5686 avertatur
