4046 6076
298 312 405 371 613

1349 299 1476 357 LIB.
1511 296 1607 356 DE
1634 298 1693 357 S.
1725 292 2037 354 ANSELMI
2064 289 2673 353 SIMILITUDINIBUS.

3496 300 3599 353 614

292 439 531 498 assideat
560 436 609 492 ei
636 450 651 503 ;
684 430 976 505 aliquando
995 430 1050 486 in
1080 429 1359 486 voluntate
1388 434 1442 483 et
1496 425 1787 493 locutione,
1838 430 1898 478 ut
1923 423 1979 485 A
2014 422 2303 495 indignam
2333 437 2398 477 ea
2429 428 2611 477 contra
2640 434 2764 475 eam
2794 418 3190 488 extollentiam,
3238 436 3367 492 qua;
3422 428 3502 477 est
3548 421 3605 477 in

295 545 422 587 cum
450 525 649 597 aliquis
676 523 865 579 volens
893 518 1214 593 episcopari,
1260 519 1430 589 jactat
1474 515 1600 570 inde
1658 530 1721 569 se
1776 529 1896 569 esse

206 695 210 700 '
294 619 524 691 dignum
550 613 640 684 ⁸³⁸,
663 613 785 669 licet
807 611 942 668 sciat
967 626 1027 665 se
1054 625 1171 666 esse
1209 607 1495 679 indignum
1528 622 1541 667 ;
1602 603 1895 675 aliquando

292 708 353 764 in
380 706 659 763 voluntate
681 710 735 759 et
761 717 950 772 opere,
999 706 1060 755 ut
1111 714 1235 755 cum
1284 695 1478 766 aliquis
1531 694 1588 749 in
1643 691 1895 749 convivio

2005 527 2194 583 Opere,
2230 512 2345 582 ipse
2376 510 2638 567 Dominus
2667 508 2776 562 ait:
2802 509 2938 564 Cum
2971 509 3254 566 invitatus
3300 512 3481 577 fuerit
3525 511 3600 567 ad

2005 603 2266 675 nuptias,
2289 601 2547 656 recumbe
2566 599 2630 653 in
2649 598 2950 654 novissimo
2988 599 3105 654 loco
3138 599 3292 667 (Luc.
3352 616 3462 668 xxv,
3522 603 3599 670 8).

2006 690 2208 745 Contra
2228 706 2351 746 eam
2377 705 2505 744 vero
2524 704 2645 758 quae
2666 695 2753 742 est
2780 687 2836 741 in
2861 686 3130 742 locutione
3160 687 3419 744 Salomon
3434 688 3566 744 dicit
3589 708 3601 744 :

2007 780 2219 836 Laudet
2253 782 2307 835 te
2337 779 2563 834 alie-nus
2587 775 2671 843 “’,
2692 779 2747 832 et
2775 792 2890 832 non
2918 792 2977 833 os
3003 780 3167 832 tuum
3204 779 3387 846 (Prov.
3419 792 3594 846 xxvn,

2000 870 2080 935 2).
2138 868 2336 923 Contra
2391 882 2512 921 eam
2570 880 2689 938 quas
2732 873 2827 920 est
2881 864 2939 919 in
2994 864 3250 935 Opinione
3303 866 3604 935 Apostolus

1999 956 2075 1011 ait
2111 973 2123 1009 :
2157 957 2283 1012 Noli
2312 956 2500 1011 altum
2538 969 2757 1026 sapere,
2799 953 2896 1008 sed
2940 954 3077 1009 time
3129 954 3304 1019 (Rom.
3365 971 3436 1023 xi,
3490 955 3603 1025 20).

1996 1044 2198 1100 Contra
2251 1059 2372 1099 eam
2433 1058 2570 1098 vero
2628 1058 2751 1113 quae
2782 1049 2862 1097 est
2909 1041 2968 1095 in
3016 1042 3289 1098 voluntate
3344 1043 3608 1099 Dominus

1994 1125 2194 1190 iterum
2229 1134 2363 1189 dicit
2391 1131 2676 1202 discipulis
2704 1131 2813 1186 suis
2843 1145 2856 1184 :
2904 1130 3007 1198 Qui
3045 1132 3289 1188 voluerit
3329 1132 3485 1188 inter
3514 1148 3605 1189 vos

1994 1224 2221 1295 primus
2237 1238 2377 1290 esse,
2402 1222 2513 1278 erit
2532 1225 2715 1278 vester
2730 1218 3179 1288 servuc(1l!atth..
3197 1236 3293 1288 xx,
3322 1221 3435 1291 27).
3458 1221 3605 1277 Con~

1997 1321 2080 1367 tra
2119 1310 2302 1367 omnia
2330 1326 2463 1366 vero
2494 1308 2820 1365 extollentias
2849 1323 3051 1380 genera
3079 1308 3204 1363 item
3235 1308 3356 1378 ipse
3410 1309 3539 1364 dicit
3569 1328 3582 1363 :

2005 1399 2199 1456 Omni:
2213 1400 2310 1472 qui
2330 1415 2390 1455 se
2418 1400 2664 1465 exultat,
2698 1397 3092 1453 humiliabilur
3111 1411 3197 1460 ;et
3228 1399 3323 1470 qui
3340 1413 3399 1454 se
3420 1399 3606 1455 humi-

291 795 412 853 vult
448 794 693 850 residere
721 791 777 846 in
804 789 1071 863 superiori
1099 787 1241 854 loco,
1275 793 1328 842 et
1354 784 1429 839 ibi
1458 799 1519 839 se
1562 781 1763 854 ingerit
1807 781 1893 835 in-

290 885 502 942 vitante
530 881 698 950 nullo,
730 877 981 952 quamvis
1027 876 1312 949 indignum
1368 890 1425 929 se
1482 872 1717 928 aestimet
1772 870 1894 927 loco

293 982 405 1029 tam
425 972 536 1028 alto
570 989 583 1034 ;
608 967 902 1038 aliquando
931 966 987 1021 in
1016 965 1287 1022 locutione
1315 971 1369 1017 et
1423 977 1609 1033 Opere,
1652 968 1713 1015 ut
1765 975 1892 1014 cum

294 1062 555 1133 pmlatus
583 1056 780 1129 aliquis
805 1055 1044 1125 aliquam
1096 1052 1153 1108 in
1204 1068 1263 1108 se
1312 1050 1663 1123 fragilitatem
1722 1047 1888 1117 videt,

289 1150 364 1207 ob
393 1165 579 1221 quam,
610 1146 663 1202 si
693 1148 917 1201 honeste
931 1149 1135 1214 posset,
1167 1142 1344 1212 ipsum
1374 1138 1745 1211 praelationem
1789 1136 1890 1191 de-

290 1245 519 1304 sereret,
551 1243 605 1292 et
635 1242 815 1291 tamen
835 1233 890 1287 in
918 1231 1097 1288 verbis
1124 1239 1175 1285 et
1201 1230 1411 1286 actibus
1439 1227 1549 1283 suis
1596 1225 1891 1297 quamdam

294 1326 675 1385 extollentiam
706 1330 957 1390 ostentat,
990 1338 1058 1377 ne
1088 1321 1263 1393 ipsam
1291 1316 1356 1347 ⁸³⁷
1374 1319 1492 1389 ejus
1535 1315 1888 1388 fragilitatem

285 1417 406 1490 quis
442 1416 858 1472 animadvertat.

854 1518 1075 1576 CAPUT
1105 1517 1307 1572 XXIV.

731 1610 808 1666 De
837 1611 1085 1682 quatuor
1117 1606 1456 1677 triplicibus.

366 1701 609 1774 Quatuor
630 1706 810 1755 autem
840 1705 966 1753 sunt
997 1694 1247 1767 triplicia,
1279 1694 1406 1765 quia
1448 1690 1739 1761 aliquando
1786 1688 1886 1745 de-

2004 1488 2131 1559 liat,
2167 1489 2527 1545 exaltabitur
2546 1487 2711 1559 (Luc.
2741 1501 2865 1553 xxv,
2899 1490 2959 1540 11
2997 1503 3010 1547 ;
3043 1501 3192 1555 xvm,
3228 1485 3338 1557 14),

2570 1594 2794 1649 CAPUT
2824 1593 3022 1648 XXVI.

2170 1685 2241 1740 De
2259 1681 2601 1741 curiositate
2622 1688 2678 1739 et
2697 1682 2937 1739 sedecim
2968 1682 3091 1753 ejus
3104 1682 3422 1755 generibus.

291 1772 524 1850 lectatur
549 1790 714 1847 homo
744 1788 799 1842 in
820 1785 1097 1857 Opinione,
1132 1792 1185 1840 et
1212 1782 1487 1839 voluntate
1509 1789 1561 1836 et
1598 1779 1888 1845 locutione,
1922 1772 1976 1832 Β
2080 1789 2376 1862 οριιίοείιεε
2408 1789 2740 1846 ρδιεωάίυηι
2770 1787 3137 1859 ρεηρηιιαηάί
3182 1806 3246 1843 ea
3304 1807 3423 1862 qua,
3471 1790 3612 1848 scim

292 1891 355 1939 ut
386 1896 512 1939 cum
542 1878 769 1952 dignum
799 1892 857 1931 se
886 1873 1200 1946 przelatione
1226 1872 1476 1938 aestimat,
1510 1877 1563 1925 et
1592 1885 1712 1925 eam
1762 1866 1896 1935 vult,

292 1978 351 2028 et
380 1969 505 2025 inde
535 1984 594 2024 se
619 1965 811 2037 jaciat,
836 1963 1131 2035 aliquando
1163 1962 1217 2016 in
1272 1959 1567 2024 voluntate,
1626 1957 1899 2013 locutione

292 2068 347 2118 et
379 2073 567 2130 opere,
601 2064 658 2112 ut
687 2070 808 2111 cum
839 2054 965 2109 ideo
997 2053 1125 2124 quia
1153 2048 1651 2120 vultpraelationem
1672 2047 1899 2110 habere,

294 2148 451 2221 ﬁngit
481 2145 670 2214 verbo,
696 2151 749 2200 et
789 2157 975 2214 Opere,
1034 2147 1088 2196 et
1138 2147 1309 2208 actus,
1357 2137 1585 2209 dignum
1639 2150 1699 2189 se
1754 2150 1899 2202 esse,

300 2236 551 2309 quamvis
582 2234 723 2290 sciat
742 2249 799 2288 se
829 2231 1138 2303 indignum.
1170 2226 1475 2299 Aliquando
1498 2226 1551 2280 in
1606 2223 1898 2292 locutione,

297 2342 473 2399 opere
492 2333 545 2381 et
573 2323 852 2396 opinione,
879 2330 938 2376 ut
992 2335 1115 2375 cum
1171 2316 1382 2388 aliquis,
1427 2315 1552 2370 licet
1598 2313 1768 2383 jactet
1810 2312 1901 2367 di-

295 2431 467 2489 gnum
503 2430 563 2470 se
584 2428 704 2469 esse
732 2410 1073 2482 praelatione,
1097 2414 1149 2463 et
1179 2422 1244 2462 ea
1273 2403 1527 2460 libentius
1556 2410 1686 2474 agat
1707 2401 1903 2475 quibus

298 2507 502 2579 dignus
520 2503 767 2559 videatur
783 2515 921 2568 esse,
939 2507 990 2554 et
1021 2499 1124 2575 hoc
1154 2496 1298 2551 idem
1345 2492 1636 2548 arbitretur
1678 2491 1746 2546 de
1812 2506 1896 2557 se,

295 2610 408 2651 non
436 2593 555 2651 vult
596 2598 782 2646 tamen
836 2586 1216 2660 praelationem
1273 2582 1498 2649 habere,
1557 2589 1613 2636 ut
1668 2580 1905 2635 sanctior

289 2683 568 2755 judicetur
584 2696 721 2737 esse.
746 2676 1052 2748 Aliquando
1082 2682 1263 2730 autem
1314 2673 1370 2727 in
1420 2687 1607 2741 opere,
1648 2668 1902 2741 Opinione

298 2779 368 2828 et-
412 2770 713 2838 voluntate,
761 2772 823 2823 ut
913 2781 1039 2823 cum
1105 2763 1362 2835 praelatus
1408 2759 1655 2815 subditos
1709 2758 1900 2829 oppri-

302 2860 404 2916 mit
422 2859 803 2924 immoderate,
836 2863 896 2911 ut
916 2869 1073 2910 suam
1102 2849 1497 2923 praelationem,
1530 2862 1639 2920 qua
1674 2846 1902 2919 dignum

298 2965 359 3006 se
386 2948 622 3005 aestimat
641 2962 762 3003 esse
791 2944 1035 3017 quandiu
1062 2941 1177 2999 vult
1201 2939 1506 3013 possidere,
1538 2928 1654 2992 sine
1682 2934 1793 2992 ullo
1805 2935 1902 2992 ob-

302 3037 516 3096 staculo
543 3035 751 3092 habere
778 3033 969 3107 possit.

878 3139 1098 3195 CAPUT
1130 3136 1304 3192 XXV.

793 3230 870 3287 De
887 3243 1000 3285 uno
1015 3225 1392 3301 quadruplici.

369 3342 551 3399 Unum
588 3346 669 3395 est
697 3335 1057 3410 quadruplex,
1092 3334 1221 3405 quia
1247 3332 1569 3404 plerumque
1621 3343 1679 3383 se
1732 3326 1900 3381 homo

305 3430 505 3488 attollit
533 3428 587 3483 in
614 3426 891 3500 opinione,
942 3424 1240 3489 voluntate,
1299 3419 1569 3475 locutione
1618 3423 1671 3472 et
1712 3429 1899 3485 opere,

303 3530 363 3575 ut
392 3535 516 3576 cum
544 3517 705 3572 laude
734 3516 961 3588 dignum
991 3528 1049 3568 se
1079 3510 1330 3573 aestimat,
1354 3515 1408 3563 et
1462 3522 1584 3563 eam
1641 3503 1855 3576 appetit
1886 3518 1899 3557 :

306 3615 361 3664 et
390 3609 509 3679 ipse
537 3622 595 3661 se
624 3606 831 3669 laudat,
852 3610 905 3659 et
963 3600 1212 3674 quaedam
1260 3610 1466 3669 magna
1509 3601 1804 3665 operantur
1848 3598 1907 3645 ut

306 3697 527 3753 laudem
561 3693 829 3766 acquirat.
868 3688 1191 3760 Quindecim
1212 3686 1395 3755 itaque
1423 3691 1549 3739 sunt
1579 3679 1907 3739 extollentiaa

308 3799 559 3859 genera:
606 3790 837 3853 quatuor
881 3776 1179 3849 simplicia,
1230 3790 1351 3845 quae
1399 3781 1525 3828 sunt
1578 3770 1763 3832 mala;
1814 3785 1908 3824 sex

305 3856 549 3944 duplicia
576 3869 670 3939 ⁸⁸⁸,
720 3885 840 3940 quae
889 3874 1011 3923 sunt
1064 3866 1254 3937 pejora
1308 3881 1321 3925 ;
1374 3868 1602 3935 quatuor
1659 3856 1905 3929 triplicia,

311 3979 433 4034 quae
458 3969 581 4017 sunt
615 3959 855 4031 pessima
891 3975 904 4020 ;
958 3970 1124 4011 unum
1168 3967 1298 4009 vero
1354 3947 1714 4021 quadruplex,
1763 3945 1908 4018 quod

309 4051 522 4109 caeteris
553 4048 806 4106 omnibus
834 4045 993 4117 pejus
1024 4049 1104 4100 est
1133 4061 1146 4105 ;
1181 4048 1381 4114 quanto
1412 4038 1555 4094 enim
1584 4037 1639 4092 in
1669 4034 1913 4107 pluribus

307 4142 475 4197 homo
506 4138 798 4205 extollitur,
830 4142 979 4191 tanto
1029 4130 1343 4188 extollentia
1370 4127 1551 4200 "’ipsa
1605 4125 1908 4196 pejoratur.

313 4231 451 4285 Item
510 4226 791 4283 sciendum
836 4222 959 4294 quia
1018 4221 1187 4277 solius
1234 4216 1416 4290 Operis
1459 4213 1774 4271 extollentia
1828 4210 1910 4267 "°.

308 4328 435 4385 quae
455 4326 669 4382 semper
697 4315 778 4365 est
808 4323 904 4379 per
930 4305 1316 4378 ignorantiam,
1368 4308 1449 4357 est
1503 4298 1684 4354 mala:
1745 4295 1913 4352 solius

309 4411 497 4460 autem
521 4398 832 4466 locutionis,
862 4396 1018 4467 pejor
1042 4393 1244 4458 ;solius
1263 4406 1402 4448 vero
1423 4387 1717 4460 opinionis,
1749 4385 1915 4458 pessi-

2009 1855 2165 1933 nuls
2189 1887 2271 1934 est
2298 1879 2522 1934 utilitas.
2554 1878 2730 1948 Hujus
2758 1855 2933 1933 autem
2964 1877 3204 1933 sedecim
3234 1855 3357 1933 sunt
3386 1896 3604 1951 genera,

2010 1984 2040 2022 e
2073 1967 2269 2038 quibus
2297 1968 2535 2038 quinque
2566 1974 2691 2021 sunt
2717 1965 3007 2035 simplicia,
3040 1981 3136 2020 sex
3166 1966 3423 2038 duplicia,
3462 1984 3606 2039 qua—

2012 2063 2133 2111 tuor
2166 2054 2430 2125 triplicia,
2448 2070 2615 2110 unum
2636 2069 2766 2109 vero
2786 2051 3148 2125 quadruplex.

2558 2161 2780 2218 CAPUT
2840 2160 3063 2216 XXVII.

2403 2250 2487 2305 De
2516 2253 2762 2322 quinque
2806 2248 3179 2320 simplicibus.

2086 2354 2340 2427 Quinque
2392 2355 2572 2426 itaque
2612 2363 2737 2411 sunt
2775 2354 3059 2427 simplicia,
3105 2354 3232 2426 quia
3318 2355 3608 2428 aliquando

2010 2444 2065 2499 in
2096 2443 2214 2500 sola
2244 2444 2575 2516 cogitatione
2628 2444 2914 2499 curiositas
2962 2451 3060 2513 est,
3121 2447 3179 2498 ut
3237 2460 3360 2500 cum
3416 2446 3615 2517 aliquis

2010 2535 2251 2590 studiose
2309 2533 2515 2605 cogitat
2570 2532 2843 2604 quomodo
2899 2531 3116 2587 alterius
3156 2542 3421 2589 secretum
3476 2536 3615 2592 scire

2010 2622 2210 2679 valeat.
2246 2622 2630 2694 Aliquandoin
2686 2621 2877 2687 verbo,
2922 2629 2981 2675 ut
3040 2637 3160 2677 cum
3216 2622 3349 2677 illud
3405 2624 3617 2681 curiose

2010 2711 2333 2783 interrogat.
2360 2710 2678 2781 Aliquando
2709 2711 2763 2764 in
2790 2717 2934 2779 actu,
2992 2718 3050 2765 ut
3086 2726 3211 2766 cum
3268 2710 3412 2766 circa
3465 2713 3617 2769 illum

2010 2799 2343 2868 deambulat,
2372 2799 2529 2869 quasi
2563 2799 2710 2854 aliud
2732 2799 2939 2869 aliquid
2970 2806 3196 2871 quaerat,
3228 2800 3272 2853 si
3304 2800 3444 2856 forte
3475 2802 3620 2874 quod

2012 2889 2225 2961 quaerit,
2286 2887 2487 2943 indicio
2544 2887 2726 2958 aliquo
2754 2886 2817 2915 ⁸“
2864 2901 3194 2960 cognoscere
3245 2887 3442 2944 valeat.
3499 2892 3619 2946 Ali-

2011 2977 2227 3048 quando
2264 2975 2319 3031 in
2377 2976 2516 3045 visu,
2578 2984 2637 3031 ut
2684 2992 2811 3031 cum
2861 2975 3096 3031 sollicite
3151 2978 3459 3035 considerat
3516 2996 3624 3052 quo

2010 3065 2103 3121 ille
2135 3065 2320 3121 tendat
2345 3064 2428 3133 “‘,
2449 3065 2579 3136 quid
2605 3072 2732 3137 agat
2755 3082 2768 3129 ;
2790 3066 3065 3136 quomodo
3082 3066 3390 3136 sendendo,
3408 3070 3619 3139 stando,

1933 3129 2366 3220 Cambulando,
2416 3129 2525 3208 vel
2604 3129 2822 3224 alvian-
2872 3152 2978 3208 alio
3028 3154 3195 3210 modo
3274 3171 3332 3210 ac
3376 3129 3618 3215 'habeat:

2007 3242 2313 3315 Aliquando
2342 3240 2398 3295 in
2424 3240 2628 3307 auditu,
2658 3249 2717 3295 ut
2737 3256 2861 3298 cum
2893 3241 3094 3297 intente
3125 3242 3386 3299 auscultat
3414 3244 3615 3318 "‘quid

2004 3331 2098 3389 ille
2128 3332 2197 3386 de
2224 3329 2352 3399 alio,
2383 3328 2473 3387 vel
2500 3328 2638 3385 alius
2658 3329 2727 3384 de
2758 3328 2851 3384 illo
2880 3329 3041 3384 dicat.

2537 3450 2769 3509 CAPUT
2797 3453 3048 3508 XXVIII.

2509 3562 2586 3617 De
2616 3576 2724 3617 sex
2771 3559 3108 3632 duplicibus.

2088 3668 2200 3725 Sex
2222 3682 2350 3725 vero
2377 3674 2500 3723 sunt
2530 3666 2786 3738 duplicia,
2819 3666 2946 3737 quia
2974 3665 3266 3738 aliquando
3297 3669 3352 3723 in
3372 3669 3544 3729 verbo
3560 3680 3614 3730 et

2017 3767 2159 3827 actu,
2217 3766 2276 3813 ut
2331 3772 2456 3813 cum
2512 3773 2637 3813 eum
2695 3756 3056 3813 amicabiliter
3095 3757 3385 3829 alloquitur
3412 3757 3511 3830 “7,
3563 3770 3617 3819 et

2017 3847 2237 3903 interim
2294 3847 2344 3901 ei
2386 3845 2593 3917 aliquid
2628 3854 2905 3916 operatur,
2956 3853 3016 3900 ut
3090 3861 3213 3901 cum
3277 3850 3620 3908 sermonibus

2018 3936 2255 4006 blandis,
2290 3950 2413 3991 cum
2443 3934 2659 3990 servitio
2689 3934 2832 4003 quod
2881 3934 2930 3989 ci
2973 3933 3121 4003 facit,
3179 3943 3495 4008 extorqueat
3546 3941 3618 3995 ab

2020 4041 2084 4080 eo
2118 4023 2263 4094 quod
2292 4023 2504 4093 quaerit.
2546 4021 2861 4092 Aliquando
2882 4022 2939 4075 in
2969 4021 3140 4078 verbo
3170 4031 3223 4078 et
3251 4024 3393 4093 visu,
3425 4034 3480 4082 ut
3496 4043 3618 4083 cum

2019 4113 2182 4170 alium
2214 4119 2373 4183 rogat
2397 4118 2455 4166 ut
2481 4126 2604 4165 eum
2634 4124 2819 4165 secum
2850 4110 3298 4181 aspiciat,dicens
3331 4115 3616 4187 :Putasne,

2021 4203 2124 4259 iste
2155 4202 2228 4256 ita
2256 4200 2343 4256 vel
2372 4199 2443 4253 ita
2491 4206 2695 4270 ageret,
2755 4197 2856 4252 nisi
2912 4198 3038 4254 talis
3091 4198 3182 4254 vel
3236 4200 3361 4255 talis
3418 4207 3618 4260 esset?

2021 4289 2334 4363 Aliquando
2364 4287 2421 4343 in
2450 4287 2618 4344 verbo
2647 4294 2702 4342 et
2730 4286 2934 4355 auditu,
2968 4294 3024 4342 ut
3054 4303 3175 4342 cum
3216 4304 3413 4361 propre
3467 4293 3619 4350 illum

2023 4379 2243 4445 residet,
2278 4387 2331 4434 et
2360 4375 2430 4432 ad
2458 4376 2627 4432 alium
2655 4374 2892 4448 loquitur
2921 4374 3011 4445 qui
3068 4391 3136 4430 ex
3185 4375 3291 4431 alia
3345 4378 3431 4432 sui
3472 4389 3621 4451 parte

309 4508 405 4548 ma
440 4510 452 4553 ;
481 4489 648 4547 solius
677 4462 1187 4551 autem—veluntatis,
1212 4480 1467 4538 omnibus
1497 4476 1618 4534 aliis
1646 4474 1915 4546 estpejor.
1945 4487 1998 4548 Β
2031 4468 2201 4537 sedet,
2234 4473 2289 4523 et
2319 4474 2499 4520 tamen
2532 4472 2734 4521 attente
2763 4463 3024 4519 auscultat
3052 4462 3185 4534 quid
3221 4465 3311 4521 ille
3351 4472 3624 4538 posterius

314 4581 549 4639 Stultum
583 4584 661 4634 est
688 4575 833 4632 enim
862 4588 986 4631 cum
1018 4571 1199 4643 aliqua
1230 4570 1352 4626 vilis
1380 4582 1618 4639 persona
1637 4581 1737 4636 per
1755 4564 1922 4637 igno-

311 4666 546 4722 rantiam
576 4660 781 4717 assidet
803 4661 960 4730 juxta
988 4656 1207 4729 dignam
1240 4674 1253 4718 ;
1279 4654 1374 4709 sed
1400 4651 1614 4707 stultius
1640 4654 1742 4717 est,
1772 4663 1902 4704 cum

307 4753 439 4811 inde
464 4768 523 4808 se
539 4752 711 4824 jactat
726 4749 953 4821 dignam
980 4743 1042 4774 ⁸⁸³
1062 4764 1075 4809 ;
1097 4743 1474 4801 stultissimum
1490 4756 1641 4807 vero,
1657 4754 1778 4795 cum
1799 4737 1910 4792 hac

310 4860 371 4899 se
401 4841 466 4872 “’
494 4840 732 4897 aestimat
759 4838 987 4911 dignum
1023 4855 1036 4899 ;
1090 4834 1261 4890 multo
1317 4839 1498 4886 autem
1553 4829 1766 4884 stultius
1812 4833 1914 4895 est,

315 4949 441 4989 cum
470 4931 584 4990 vult
608 4929 847 4986 residere
873 4928 1024 4998 juxta
1052 4940 1192 4992 eam,
1224 4936 1349 4979 cum
1378 4920 1513 4976 sciat
1540 4934 1597 4975 se
1616 4917 1742 4973 inde
1797 4928 1920 4972 esse

2035 4558 2199 4613 dicat.
2226 4554 2536 4629 Aliquando
2579 4553 2637 4608 in
2690 4562 2813 4609 actu
2859 4560 2915 4609 et
2967 4551 3105 4619 visu,
3152 4561 3209 4608 ut
3255 4571 3378 4610 cum
3424 4558 3629 4631 aliquid

2014 4645 2147 4717 agit,
2182 4644 2250 4700 de
2277 4643 2588 4699 advertatur
2614 4642 2745 4697 dum
2805 4656 2926 4697 eum
2970 4641 3179 4713 aspicit,
3234 4645 3331 4700 sed
3383 4648 3636 4705 credatur

2020 4750 2241 4804 semper
2260 4731 2543 4788 intendere
2609 4729 2766 4801 operi
2816 4731 2966 4803 quod
3023 4730 3171 4786 facit.
3219 4732 3527 4807 Aliquando
3574 4739 3629 4795 in

2026 4831 2151 4880 actu
2180 4829 2233 4878 et
2262 4821 2468 4889 auditu,
2500 4825 2563 4875 ut
2591 4836 2710 4875 cum
2762 4828 2885 4876 ante
2933 4836 3059 4876 eum
3114 4821 3282 4892 vadit,
3352 4828 3407 4880 et
3460 4827 3629 4896 venit,

2028 4910 2381 4967 auscultando
2398 4924 2464 4966 ea
2491 4924 2610 4981 qua:
2639 4909 2774 4965 dicit
2797 4906 2878 4964 ⁸⁴⁹.
2931 4909 3231 4981 Aliquando
3286 4911 3344 4969 in
3398 4914 3515 4971 visu
3570 4925 3627 4973 et

1640 5038 1870 5097 VARLE
1898 5034 2306 5093 LECTIONES.

394 5178 457 5209 ³⁸⁸
488 5180 667 5235 Iactat
695 5193 755 5233 se
785 5190 907 5233 esse
935 5188 1045 5230 non
1073 5171 1186 5228 indi

1269 5186 1362 5226 um
1391 5185 1497 5226 ms.
1539 5169 1670 5226 νισι.
1697 5169 1757 5221 et
1773 5164 1926 5221 Edit.
1960 5161 2072 5219 σοι.
2101 5162 2236 5216 1573
2263 5160 2436 5231 jactat
2460 5157 3093 5231 indesehessedignum.
3154 5156 3473 5219 u"Ostendi;
3502 5168 3633 5221 εαηι

322 5227 1167 5318 insaniEsi—Cbrbfostenditne
1192 5227 1375 5313 ipsam
1404 5238 1704 5318 EditLCol,
1738 5237 1875 5318 1511:)
1894 5233 2155 5318 Ostendat
2186 5249 2198 5286 :
2226 5227 2327 5318 nec
2351 5230 2557 5318 ipsam.
2595 5227 3045 5318 "'Seddulpicia‘
3064 5247 3199 5314 ms_s.
3261 5234 3633 5318 sgxnduplicia

321 5300 923 5377 “EiiitHéiééil'em‘ia
944 5332 1049 5372 ms.
1081 5300 1233 5373 Vict:
1246 5321 1390 5369 tanto
1416 5300 1749 5367 extollentia.
1807 5306 1869 5335 ⁸⁴⁹
1890 5305 2083 5377 Operis
2102 5300 2423 5377 excellentia
2452 5300 2828 5377 mss.___ope_ris
2884 5301 3224 5377 extollentia.
3244 5374 3256 5377 _
3280 5302 3413 5359 “‘Se
3462 5300 3635 5376 jactat

327 5394 555 5466 dignum
584 5371 1003 5466 nui-sejactat
1030 5371 1276 5466 dignam.
1340 5381 1404 5412 "’
1426 5384 1560 5439 Cum
1591 5382 1698 5436 hac
1728 5394 1788 5433 se
1825 5371 2132 5466 mstorb.‘
2148 5390 2271 5428 cum
2300 5373 2475 5466 luisse.
2534 5371 2681 5466 """l‘e
2712 5372 2920 5466 qlienus
2935 5382 3103 5466 enus.
3132 5372 3288 5430 Corb.
3313 5382 3366 5430 te
3401 5371 3635 5431 alienum

1327 5455 1498 5466 ----.
1549 5451 1580 5466 η
1622 5453 1636 5466 .
1696 5449 1871 5466 ...ηε
1934 5449 1970 5466 ι.
2007 5448 2051 5466 ο-
2087 5460 2108 5466 -
2142 5446 2261 5466 ι----
2452 5459 2519 5466 __-
2554 5444 2568 5466 ξ
2620 5460 2642 5466 -
2709 5444 2721 5466 ε
2774 5459 2797 5466 ,
2864 5444 3001 5466 πμ---
3052 5452 3099 5466 -.
3328 5444 3450 5466 mn
3536 5461 3629 5466 μ--

329 5440 734 5520 ἒὶῗπῖῖῑυᾶἶὶἷὸ
754 5440 1338 5532 ἓιῖίῖιῖι’ό”ὴτέ.”νίςε,ει
1367 5449 1832 5532 Εάξςίςοιηιεηξξ
1858 5446 2286 5532 inﬁdzpiqgginqpo.
2336 5440 2523 5532 'fouo
2554 5444 2646 5532 ille
2684 5443 3102 5532 ⁸ίιιεηηίηιριπξιιι
3158 5462 3268 5532 τηει
3296 5444 3468 5532 "Vict.
3530 5461 3637 5529 quo

332 5510 425 5593 ille
456 5510 1417 5592 teiriiifiuliiieiité'insistit!in}.
1461 5527 1595 5583 Vict.
1628 5527 1683 5579 et
1706 5521 1853 5593 Edit.
1879 5519 1999 5593 Col.
2036 5510 2722 5593 1573'intenteauscultat.
2765 5510 2967 5593 "I’Cum
2997 5515 3046 5570 ei
3076 5510 3637 5593 amicabiliterloqui-

327 5585 424 5662 iiii?
442 5585 727 5664 ἧξέῖῐάῥι.
748 5585 984 5661 etimit.
1034 5599 1151 5655 Col.
1188 5600 1323 5654 1573
1354 5612 1477 5654 cum
1504 5612 1630 5652 eum
1660 5591 2022 5650 amicabiliter
2050 5586 2360 5660 alloquitur.
2421 5585 2853 5643 “’Auscultando
2881 5601 2945 5642 ea
2965 5601 3087 5657 quae
3113 5587 3251 5643 dicis
3278 5603 3384 5644 ms.
3417 5585 3550 5646 Vict.
3584 5592 3643 5646 et

333 5679 485 5737 Edit.
519 5677 633 5737 Col.
667 5677 803 5735 1573
833 5670 1137 5731 auscultare
1158 5684 1224 5727 ea
1254 5685 1376 5746 quae
1403 5668 1553 5727 dicit.
