4046 6076
451 304 555 359 615
1449 292 1761 351 ΕΑΠΜΕΗΙ
1808 294 2023 351 ΜΟΝΑι

2132 298 2140 351 [
2196 290 2755 356 CANTUARIENSI‘S
3641 315 3761 370 616

441 428 647 495 auditu,
679 433 737 481 ut
765 439 884 482 cum
918 423 1126 479 curiose
1154 436 1214 477 ea
1263 436 1383 491 quae
1436 419 1548 491 agit
1604 420 1937 485 considerat,
1996 420 2128 480 etA
2156 428 2421 493 terrogat.
2469 424 2772 495 Aliquando
2820 425 2874 480 in
2919 429 3081 499 gustu
3137 437 3191 486 et
3244 430 3464 503 olfactu,
3508 445 3568 493 ut
3620 455 3756 496 cum

439 517 682 574 studiose
710 531 832 585 quae
862 513 991 569 dicit
1014 511 1306 579 auscultat,
1340 517 1398 563 ut
1415 524 1515 580 per
1542 510 1647 565 hoc
1674 517 1880 564 secreta
1911 525 2034 581 quae
2146 509 2471 580 degustatet
2497 512 2705 567 olfacit.
2740 512 3046 585 Aliquando
3076 519 3133 572 in
3161 529 3320 591 gustu
3371 530 3424 578 et
3470 532 3634 594 tactu,
3686 537 3755 585 ut

436 606 632 682 qua“
656 605 934 675 agnoscat.
2144 613 2268 654 cum
2295 608 2461 671 gustu
2490 602 2630 657 scire
2651 604 2841 672 qumrit
2870 621 2939 659 an
2967 606 3035 661 sit
3057 609 3305 678 sapidum
3340 625 3353 681 ;
3388 620 3439 667 et
3470 623 3637 685 tactu,
3671 634 3751 675 an

610 694 611 697 ‘
985 689 1208 745 CAPUT
1241 687 1456 743 XXIX.
2144 687 2211 739 sit
2241 688 2493 754 calidum,
2547 688 2800 761 frigidum
2857 694 2946 749 vel
3006 696 3266 768 tepidum.
3325 701 3631 774 Aliquando
3687 708 3752 762 in

2145 775 2346 830 olfactu
2378 784 2431 831 et
2460 778 2812 843 visu,utcum
2852 783 3065 855 aliquis,
3118 786 3248 842 dum
3304 787 3459 861 legit,
3513 794 3748 852 herbam

2139 863 2293 933 juxta
2323 882 2381 921 se
2410 865 2471 894 ⁸⁵⁰
2490 868 2821 940 incognitam
2850 870 3090 935 invenit;
3147 883 3201 930 et
3254 893 3284 930 a
3335 878 3569 951 legendo
3627 899 3752 941 ces-

2144 969 2292 1014 sans.
2327 969 2560 1027 eamque
2593 968 2851 1014 nasotsuo
2910 975 3218 1034 apponens,
3267 965 3485 1030 olfacit;
3542 970 3749 1030 deinde

2144 1040 2375 1109 intuens,
2409 1060 2529 1099 eam
2555 1047 2734 1102 studet
2771 1062 3069 1120 agnoscere
3116 1069 3240 1123 quas
3289 1056 3378 1111 sit.
3430 1057 3751 1129 Aliquando

2143 1131 2199 1185 in
2229 1132 2429 1187 olfactu
2458 1135 2717 1203 etverbo,
2766 1144 2823 1191 ut
2882 1153 3006 1193 cum
3054 1155 3173 1195 eam
3217 1143 3498 1210 ollaciens.
3554 1151 3753 1219 quaerit

2145 1220 2215 1274 ab
2245 1222 2352 1276 alio
2382 1239 2503 1293 quae
2531 1225 2617 1280 sit.
2673 1224 2978 1295 Aliquando
3024 1228 3080 1282 in
3127 1230 3327 1287 olfactu
3378 1242 3433 1289 et
3464 1244 3625 1306 tactu,
3686 1247 3754 1294 ut

2142 1325 2265 1364 eum
2296 1327 2417 1366 eam
2449 1313 2633 1368 olfacit
2652 1320 2705 1369 et
2733 1324 3047 1384 contrectat,
3069 1320 3285 1381 utsciat
3314 1332 3491 1378 utrum
3513 1327 3581 1381 sit
3608 1329 3750 1384 mol-

2145 1400 2209 1455 lis
2239 1416 2306 1454 an
2335 1401 2650 1467 dura,lenis
2699 1404 2781 1459 vel
2838 1420 3036 1475 aSpera
3066 1405 3128 1435 ⁸⁵¹
3161 1426 3174 1470 ;
3233 1411 3375 1480 quod
3433 1421 3600 1470 totum
3633 1433 3745 1473 non

2147 1489 2270 1544 ideo
2299 1489 2428 1546 facit
2456 1498 2511 1544 ut
2540 1491 2641 1546 sibi
2668 1496 2971 1549 necessaria
3001 1495 3071 1549 sit
3101 1514 3115 1558 ;
3150 1499 3243 1553 sed
3277 1508 3480 1556 tantum
3503 1511 3561 1558 ut
3607 1507 3747 1561 sciat

2142 1594 2263 1649 quae
2284 1580 2368 1634 vel
2400 1580 2577 1650 qualis
2598 1581 2667 1635 sit
2696 1580 2779 1635 ³⁵³.
2807 1583 3126 1656 Aliquando
3184 1587 3238 1641 in
3296 1590 3417 1644 visu
3471 1598 3526 1647 et
3572 1598 3743 1661 tactu,

2141 1672 2197 1721 ut
2228 1684 2345 1722 cum
2371 1670 2568 1740 aliquis
2612 1671 2835 1727 veniens
2866 1681 2989 1728 ante
3037 1691 3282 1731 mensam
3313 1678 3405 1733 ubi
3438 1696 3745 1749 pransurus

2053 1775 2107 1835 Β
2140 1765 2237 1825 est,
2262 1773 2391 1813 mox
2414 1758 2691 1813 sublevata
2724 1776 2921 1832 mappa
2951 1779 3058 1833 qua
3108 1764 3266 1834 panis
3320 1776 3400 1822 est
3455 1782 3748 1841 coopertus

2146 1846 2380 1901 intuetur
2407 1861 2475 1900 an
2505 1848 2572 1901 sit
2602 1849 2867 1903 candidus
2900 1848 2960 1877 ³⁵³
2994 1869 3006 1913 ;
3069 1859 3121 1907 et
3165 1869 3287 1908 eum
3344 1859 3626 1932 contingit,
3686 1870 3748 1918 ut

2147 1935 2279 1988 sciat
2312 1951 2379 1989 an
2409 1936 2477 1990 sit
2506 1937 2732 1992 calidus.
2774 1938 3072 2008 Aliquando
3103 1941 3157 1994 in
3186 1943 3351 1999 verbo
3380 1954 3435 2000 et
3464 1954 3623 2012 tactu.
3685 1960 3749 2007 ut

2147 2037 2268 2076 cum
2301 2040 2425 2078 eum
2455 2039 2560 2079 non
2593 2025 2940 2096 discoopcrit,
2959 2028 3056 2082 sed
3084 2029 3381 2104 interrOgat
3407 2050 3476 2089 an
3508 2038 3738 2108 calidus,

2145 2112 2228 2165 vel
2256 2130 2322 2166 ex
2353 2130 2459 2182 quo
2491 2122 2732 2185 tempore
2763 2124 2946 2169 coctus
2974 2117 3041 2170 sit
3077 2134 3090 2180 ;
3142 2127 3194 2173 et
3235 2137 3355 2176 eum
3414 2137 3733 2198 coopertum

2143 2201 2405 2270 contingit
2435 2210 2485 2258 et
2515 2204 2726 2274 premit,
2760 2212 2817 2257 ut
2847 2205 2983 2260 sciat
3017 2222 3085 2261 an
3117 2209 3186 2262 sit
3221 2210 3449 2267 calidus.

985 689 1208 745 CAPUT
1241 687 1425 743 XXIX
1442 728 1456 741 .

861 782 937 835 De
982 782 1227 851 quatuor
1267 775 1606 848 triplicibus.

505 890 754 960 Quatuor
779 894 958 941 autem
997 890 1125 939 sunt
1154 882 1406 953 triplicia,
1442 883 1571 954 quia
1613 882 1904 953 aliquando
1953 890 2036 939 est

435 980 495 1035 in
524 977 717 1045 verbo,
748 983 868 1031 actu
899 982 953 1028 et
978 973 1122 1038 visu,
1152 979 1212 1026 ut
1243 988 1365 1026 cum
1388 971 1582 1040 aliquis
1620 979 1924 1037 enumerat,
1984 979 2037 1026 et

435 1074 731 1134 mensurat,
754 1074 807 1119 et
835 1061 1163 1127 considerat,
1192 1068 1450 1130 quantum
1474 1060 1555 1114 sol
1589 1068 1642 1114 et
1674 1060 1802 1115 luna
1833 1060 2036 1117 distent

432 1175 464 1215 a
494 1166 642 1212 terra
671 1169 832 1224 quam
858 1167 1055 1223 magna
1081 1150 1187 1205 sint
1211 1150 1329 1220 ipsa
1350 1149 1672 1203 luminaria.
1730 1150 2034 1222 Aliquando

443 1248 501 1302 in
531 1253 674 1309 actu,
707 1242 826 1298 visu
866 1248 918 1296 et
940 1240 1147 1305 auditu,
1173 1247 1231 1292 ut
1279 1255 1402 1293 cum
1458 1238 1653 1308 aliquis
1701 1255 1759 1293 se
1805 1240 2037 1295 occultat

431 1351 592 1393 causa
624 1330 845 1388 videndi
868 1338 920 1385 et
948 1328 1199 1383 audiendi
1239 1327 1467 1382 aliorum
1518 1336 1727 1382 secreta
1782 1327 1862 1381 ⁸⁴⁹.
1913 1328 2031 1382 Ali-

434 1423 652 1495 quando
682 1421 737 1474 in
768 1419 912 1483 visu,
969 1415 1152 1471 auditu
1201 1423 1254 1471 et
1302 1415 1489 1481 verbo,
1548 1424 1606 1470 ut
1656 1432 1780 1471 cum
1837 1416 2034 1490 aliquis

427 1514 586 1585 juxta
616 1510 731 1563 vias
753 1507 924 1573 sedet,
956 1513 1012 1560 ut
1068 1505 1255 1559 videat
1310 1512 1679 1569 transeuntes,
1740 1505 1933 1560 audiat
1980 1515 2033 1560 et

429 1603 726 1670 interroget
755 1610 1019 1650 rumores.
1061 1594 1368 1665 Aliquando
1400 1594 1453 1647 in
1500 1593 1704 1662 auditu,
1755 1595 1921 1650 verbo
1980 1602 2033 1650 et

432 1698 573 1753 actu,
608 1696 666 1742 ut
696 1701 821 1741 cum
853 1699 1016 1739 causa
1038 1682 1296 1738 audiendi
1328 1686 1382 1737 et
1408 1682 1775 1754 interrogandi
1828 1683 2027 1751 futura,

450 1775 793 1834 daemonibus
820 1771 1108 1828 sacriﬁcat.

1052 1878 1274 1933 CAPUT
1302 1878 1481 1931 XXX.
1912 1866 1953 1915 ο

900 1969 977 2023 De
1002 1984 1114 2023 uno
1142 1966 1524 2037 quadruplici.

503 2075 679 2130 Unum
712 2084 842 2125 vero
886 2075 969 2123 est
1027 2063 1366 2134 quadruplex
1420 2063 1546 2133 quia
1602 2064 1899 2134 aliquando
1954 2075 2039 2124 est

442 2165 499 2218 in
533 2162 672 2229 visu,
705 2160 910 2222 auditu,
932 2154 1099 2212 verbo
1129 2160 1343 2218 etactu,
1376 2160 1433 2207 ut
1464 2169 1587 2207 cum
1618 2154 1813 2224 aliquis
1864 2154 2035 2210 intue'

440 2261 526 2308 tur
553 2257 607 2305 et
635 2248 907 2304 auscultat
935 2243 1218 2314 quosdam,
1269 2257 1405 2311 quos
1455 2242 1727 2297 consiliari
1777 2243 2039 2312 conspicit

441 2350 493 2396 et
530 2340 597 2394 de
627 2337 822 2410 quibus
851 2333 1153 2404 suspicatur
1182 2329 1387 2399 aliquid
1444 2330 1595 2399 mali,
1650 2339 1709 2386 ut
1754 2339 1806 2387 et
1862 2331 2036 2386 consi-

433 2429 565 2485 lium
596 2441 789 2483 eorum
820 2437 1036 2495 quoquo
1065 2419 1231 2475 modo
1274 2434 1573 2490 agnoscere
1630 2420 1823 2490 possit,
1882 2435 2033 2476 acce-

443 2519 580 2573 dens
610 2515 680 2570 ad
717 2530 811 2570 eos
855 2509 1046 2583 quaerit
1093 2524 1160 2562 an
1218 2506 1448 2562 viderint
1503 2508 1706 2580 aliquid
1765 2508 1908 2580 quod
1974 2526 2035 2565 se

433 2607 575 2662 circa
606 2619 701 2660 eos
725 2601 1026 2673 perdidisse
1056 2596 1228 2668 ﬁngit,
1265 2604 1317 2650 et
1347 2596 1553 2652 interea
1586 2597 1922 2667 inspiciendo
1980 2611 2035 2658 et

429 2692 785 2749 auscultando
808 2691 952 2747 circa
999 2700 1093 2743 e05
1141 2684 1335 2755 quaerit
1390 2686 1535 2755 quod
1590 2702 1858 2756 nusquam
1911 2704 2032 2757 per-

433 2781 590 2836 didit.

2675 2355 2897 2412 CAPUT
2951 2358 3205 2413 XXXIV.

2608 2472 2682 2528 Do
2712 2472 2897 2529 decem
2929 2476 3266 2547 triplicibus.

2211 2596 2413 2651 Decem
2445 2611 2577 2651 vero
2606 2604 2725 2651 sunt
2756 2596 3009 2667 triplicia,
3033 2600 3157 2670 quia
3208 2602 3501 2675 aliquando
3549 2616 3633 2663 est
3679 2611 3739 2666 in

2141 2684 2282 2753 visu,
2314 2684 2438 2738 etin
2480 2685 2665 2749 verbo,
2681 2694 2733 2741 et
2777 2685 2830 2739 in
2869 2696 3050 2758 gustu,
3104 2699 3160 2745 ut
3209 2707 3331 2747 cum
3375 2693 3571 2751 alicubi
3621 2699 3741 2768 quis

2140 2773 2387 2829 residens
2415 2772 2502 2842 '“,
2527 2782 2579 2829 et
2602 2781 2727 2830 ante
2754 2792 2814 2831 se
2837 2784 3023 2846 potum
3056 2781 3231 2850 cypho
3275 2781 3476 2838 deferri
3523 2784 3736 2853 videns,

2139 2866 2321 2920 statim
2353 2865 2598 2937 assurgit.
2626 2872 2680 2919 et
2708 2865 2926 2920 intuens
2959 2867 3115 2937 cujus
3161 2869 3363 2925 coloris
3408 2872 3495 2940 sit,
3546 2876 3740 2945 quaerit

2137 2954 2300 3010 etiam
2331 2953 2455 3027 quis
2484 2961 2643 3023 potus
2672 2953 2758 3019 sit,
2792 2962 2845 3008 et
2874 2955 3127 3026 degustat
3155 2974 3222 3013 an
3254 2961 3425 3018 bonus
3489 2966 3575 3022 sit.
3624 2969 3738 3024 Ali-

2138 3041 2358 3112 quando
2388 3040 2440 3093 in
2472 3039 2607 3107 visu,
2641 3040 2808 3094 verbo
2839 3048 2888 3094 et
2919 3040 3143 3110 olfactu,
3175 3052 3234 3098 ut
3260 3062 3381 3103 cum
3439 3066 3564 3107 eum
3622 3070 3734 3111 non

2061 3129 2110 3192 Ο
2138 3130 2409 3201 degustat,
2443 3128 2538 3183 sed
2570 3126 2773 3197 olfacit,
2807 3136 2861 3183 et
2889 3127 3232 3204 interrogans
3262 3137 3566 3196 considerat
3597 3160 3733 3216 qua-

2137 3218 2206 3273 lis
2234 3218 2320 3273 sit.
2351 3216 2658 3287 Aliquando
2678 3215 2735 3270 in
2764 3217 2902 3287 visu,
2953 3218 3123 3274 verbo
3179 3229 3231 3277 et
3276 3230 3443 3295 tactu,
3494 3239 3550 3284 ut
3603 3215 3736 3290 cum

2136 3308 2296 3363 alicui
2327 3304 2631 3362 comedenti
2657 3305 2898 3361 defertur
2927 3306 3078 3363 cibus
3097 3309 3238 3366 inter
3266 3312 3403 3369 duas
3449 3320 3727 3394 scutellas,

2134 3407 2187 3454 et
2216 3406 2499 3467 antequam
2523 3392 2716 3449 ﬁnierit
2746 3394 2891 3464 quod
2917 3395 3070 3465 prius
3099 3401 3441 3471 comedebat,
3488 3392 3731 3468 scutellig

2132 3486 2336 3559 apertis
2364 3484 2540 3555 qualis
2567 3483 2660 3539 ille
2688 3482 2757 3538 sit
2784 3484 2940 3539 cibus
2985 3487 3314 3559 considerat,
3373 3500 3428 3548 et
3473 3511 3541 3550 an
3587 3497 3731 3556 bene

2128 3576 2198 3632 sit
2226 3583 2407 3631 coctus
2434 3573 2745 3644 investigat,
2777 3581 2831 3628 et
2858 3589 2981 3629 eum
3013 3575 3276 3649 contingit
3309 3588 3458 3637 utan
3518 3586 3727 3645 calidus

2126 3683 2223 3722 seu
2248 3662 2484 3735 frigidus
2512 3661 2598 3731 sit,
2617 3669 2892 3733 agnoscat.
2915 3661 3217 3734 Aliquando
3234 3665 3285 3721 in
3317 3668 3455 3739 visu,
3479 3680 3532 3729 et
3545 3686 3726 3747 gustu,

1037 2868 1261 2925 CAPUT
1292 2867 1497 2923 XXXI.

591 2985 670 3040 De
704 2986 825 3039 octo
856 2986 912 3039 et
943 2982 1148 3054 viginti
1182 2983 1478 3052 generibus
1515 2984 1889 3043 curiositatis.

495 3099 630 3154 Item
650 3095 978 3152 curiositatis
1007 3111 1211 3169 genera
1254 3103 1374 3151 sunt
1428 3096 1620 3169 viginti
1676 3107 1728 3154 et
1782 3108 1922 3168 octo,
1999 3119 2029 3158 e

424 3187 620 3259 quibus
650 3186 751 3241 tria
778 3193 903 3240 sunt
931 3184 1221 3256 simplicia,
1268 3200 1467 3241 novem
1524 3186 1781 3259 duplicia,
1840 3190 2029 3246 decem

425 3274 671 3345 riplicia,
692 3273 928 3346 quinque
958 3272 1339 3344 quadruplicia
1372 3288 1576 3343 ;unum
1615 3292 1747 3332 vero
1776 3293 1842 3332 ex
1874 3280 2027 3348 quin-

412 3367 543 3438 tque
562 3362 811 3435 partibus
840 3369 1067 3418 constat.

952 3462 1176 3520 CAPUT
1201 3464 1435 3520 XXXII.

885 3560 968 3616 De
988 3562 1166 3616 tribus
1183 3561 1555 3633 simplicibus.

485 3658 611 3713 Tria
640 3664 765 3713 sunt
792 3656 1086 3726 simplicia,
1119 3658 1249 3727 quia
1277 3657 1577 3728 aliquando
1619 3661 1900 3719 curiositas
1941 3674 2020 3720 est

412 3748 470 3802 in
491 3746 608 3802 solo
636 3754 826 3818 gustu,
858 3753 913 3799 ut
942 3759 1066 3799 cum
1099 3743 1340 3800 defertur
1371 3746 1534 3817 piscis
1559 3747 1725 3804 alicui
1754 3752 1874 3821 pisa
1915 3767 2014 3809 co-

420 3834 710 3896 medenti;
767 3832 1184 3902 etpriusquam
1246 3833 1358 3904 ipsa
1412 3838 1831 3908 consumpserit,
1912 3840 2014 3897 de-

414 3926 598 3995 gustat
618 3923 773 3992 cujus
801 3921 1010 3990 saporis
1039 3921 1107 3976 sit
1137 3920 1326 3992 piscis.
1348 3923 1651 3993 Aliquando
1680 3926 1739 3981 in
1787 3927 2010 3987 olfactu.

406 4022 467 4068 ut
490 4027 614 4068 cum
643 4026 765 4066 eum
797 4024 931 4066 naso
960 4026 1057 4065 suo
1086 4010 1385 4081 apponitut
1432 4012 1571 4067 sciat
1625 4015 1780 4086 cujus
1827 4016 2010 4074 odoris

406 4101 493 4156 sit.
526 4099 832 4170 Aliquando
858 4098 914 4153 in
945 4106 1108 4167 tactu,
1141 4106 1199 4153 ut
1227 4114 1352 4156 cum
1382 4100 1579 4171 aliquis
1608 4118 1850 4173 pannum
1903 4123 2008 4163 no-

2125 3762 2180 3810 et
2206 3753 2430 3818 olfactu,
2459 3758 2518 3805 ut
2545 3765 2668 3805 cum
2711 3750 2779 3806 de
2807 3766 2871 3806 eo
2903 3751 3037 3806 nihil
3082 3753 3400 3829 interrogat,
3440 3777 3542 3818 nec
3599 3782 3724 3822 eum

2123 3849 2442 3908 contrectat,
2475 3838 2572 3895 sed
2592 3846 2647 3894 et
2678 3839 2919 3895 curiosus
2947 3856 3070 3895 eum
3100 3841 3304 3913 videre,
3335 3856 3391 3903 et
3446 3866 3570 3907 eum
3618 3855 3725 3912 de-

2122 3939 2303 4006 gustat
2332 3938 2385 3986 et
2405 3928 2592 3985 olfacit
2620 3926 2703 3982 '“.
2738 3929 3047 4002 Aliquando
3068 3930 3123 3985 in
3154 3933 3299 4005 visu,
3322 3943 3377 3992 et
3428 3948 3612 4012 gustu,
3669 3953 3725 4002 et

2121 4029 2284 4088 tactu,
2317 4028 2522 4075 utcum
2542 4017 2611 4073 de
2640 4033 2705 4073 eo
2736 4017 2869 4071 nihil
2893 4018 3131 4090 inquirit,
3177 4038 3279 4079 nec
3334 4040 3459 4081 eum
3511 4031 3720 4103 olfacit,

2118 4110 2216 4166 sed
2246 4125 2369 4165 cum
2397 4107 2701 4165 curiositate
2731 4106 2949 4162 videndi
2967 4123 3088 4162 eum
3118 4109 3385 4184 degustat,
3410 4124 3465 4172 et
3492 4129 3719 4179 contre-

409 4201 536 4242 vum
562 4184 769 4252 videns,
793 4182 1112 4251 contrectat,
1133 4184 1485 4241 solummodo
1513 4194 1572 4242 ut
1592 4188 1725 4244 sciat
1752 4196 1926 4246 utrum
1938 4192 2009 4246 sit
2115 4206 2223 4256 ctat
2252 4213 2421 4254 causa
2448 4211 2611 4268 quam
2632 4193 2764 4249 dixi.
2785 4194 3102 4271 Aliquando
3132 4182 3357 4270 in'visu,
3374 4182 3444 4258 vet
3486 4206 3714 4280 olfactu,

406 4287 569 4345 asper
597 4272 680 4329 vel
702 4272 860 4342 lenis,
884 4288 1104 4344 grossus
1127 4288 1196 4328 an
1228 4273 1463 4329 subtilis.

931 4377 1160 4434 CAPUT
1209 4378 1467 4434 XXXIII.

865 4463 942 4518 De
970 4478 1168 4519 novem
1189 4462 1529 4535 duplicibus.

2115 4300 2169 4348 et
2197 4296 2358 4354 tactu,
2406 4294 2463 4341 ut
2519 4301 2642 4340 cum
2699 4284 2767 4339 de
2824 4300 2889 4341 eo
2946 4286 3080 4340 nihil
3135 4286 3378 4358 inquirit,
3425 4312 3534 4353 nec
3588 4315 3714 4355 eum

2111 4381 2376 4453 degustat,
2410 4375 2509 4430 sed
2526 4382 2727 4429 tantum
2742 4374 2996 4442 intuetur,
3012 4373 3194 4431 olfacit
3210 4386 3371 4449 atque
3389 4393 3714 4445 contrectat,

2023 4482 2076 4543 D
2109 4465 2415 4539 Aliquando
2444 4464 2499 4518 in
2527 4462 2715 4531 verbo,
2749 4467 2802 4517 et
2856 4471 3039 4534 gustu,
3098 4468 3153 4520 et
3199 4467 3421 4538 olfactu,
3479 4482 3535 4530 ut
3587 4492 3714 4534 cum

2097 4558 2292 4631 aliquis
2321 4552 2736 4612 convivantibus
2764 4553 3091 4623 supervenit,
3124 4560 3173 4609 et
3212 4570 3280 4611 an
3311 4558 3420 4615 cibi
3449 4570 3497 4618 et
3544 4574 3712 4634 potus

2098 4665 2236 4722 quos
2266 4644 2488 4708 habent,
2511 4640 2617 4694 sint
2644 4639 2795 4707 boni,
2830 4641 3084 4711 requirit,
3118 4650 3172 4698 et
3228 4647 3491 4715 quosdam
3540 4654 3708 4727 degu-

2097 4749 2263 4804 stans,
2297 4734 2434 4791 aIios
2463 4728 2670 4785 olfacit.
2725 4730 3026 4803 Aliquando
3082 4738 3138 4795 in
3200 4742 3395 4810 verbo,
3439 4750 3602 4815 gustu
3652 4752 3709 4801 et

2099 4836 2265 4893 tactu,
2295 4831 2354 4877 ut
2379 4835 2502 4876 cum
2542 4832 2651 4873 non
2680 4818 2869 4877 olfacit
2895 4838 3013 4892 eos,
3038 4828 3136 4883 sed
3166 4844 3365 4901 panem
3382 4838 3702 4900 contrectat,

460 4561 673 4617 Novem
704 4574 833 4617 vero
865 4566 989 4614 sunt
1018 4558 1274 4629 duplicia,
1313 4560 1439 4629 quia
1463 4562 1760 4634 aliquando
1799 4572 1883 4620 est
1929 4566 1984 4619 in

388 4657 551 4721 gustu
581 4656 634 4703 et
664 4648 799 4716 visu,
831 4655 891 4702 ut
919 4663 1041 4702 curn
1087 4647 1208 4717 quis
1264 4647 1517 4720 degustat
1572 4649 1836 4707 ferculum
1884 4653 1990 4708 sibi

389 4736 717 4807 appositum,
751 4744 1036 4805 antequam
1064 4738 1461 4808 consumpserit
1487 4738 1722 4809 primum
1750 4760 1763 4806 ;
1798 4750 1851 4796 et
1893 4743 1985 4796 in-

389 4825 547 4879 terim
578 4824 889 4879 considerat
905 4824 953 4878 si
982 4824 1027 4877 is
1056 4824 1147 4895 qui
1168 4826 1369 4881 residet
1390 4827 1544 4894 juxta
1599 4844 1748 4895 eum,
1794 4831 1991 4887 melius

383 4913 584 4968 habeat
612 4912 898 4967 ferculum.
932 4912 1239 4982 Aliquando
1266 4915 1324 4969 in
1360 4920 1525 4987 gustu
1581 4924 1634 4972 et
1691 4919 1879 4988 verbo,
1929 4929 1989 4975 ut
2099 4924 2192 4973 aut
2219 4914 2355 4970 alios
2378 4911 2529 4969 cibos
2561 4927 2574 4971 ;
2610 4916 2663 4965 et
2699 4912 2972 4981 gustando
3029 4918 3320 4990 quosdam,
3381 4920 3572 4992 quaerit
3626 4921 3699 4978 de

380 5017 504 5057 cum
527 5000 663 5056 illud
693 5001 965 5072 degustat,
999 5007 1049 5056 et
1069 5017 1139 5057 an
1168 5002 1356 5075 pipere
1420 5005 1695 5062 conditum
1746 5008 1835 5076 sit,
1898 5010 1988 5065 in-
2102 5013 2245 5069 aliis.
2278 5008 2586 5083 Aliquando
2632 5005 2768 5064 "‘in
2821 5010 3011 5083 verbo,
3061 5014 3264 5073 olfactu
3319 5025 3373 5074 et
3425 5025 3589 5089 tactu,
3642 5028 3703 5077 ut

1650 5105 1885 5162 VARLE
1930 5109 2341 5167 LECTIONES.

456 5192 850 5281 'f’Aliqu‘orum
880 5204 1087 5281 secreta
1107 5215 1213 5256 ms.
1234 5200 1492 5281 ’μίξει-ει
1530 5204 1680 5281 Εᾴίι.
1716 5205 1835 5262 Col.
1876 5209 2012 5264 1573
2052 5207 2280 5281 aliorum
2310 5215 2534 5281 secreta.
2562 5203 2862 5281 '“llgrbatn
2892 5208 3038 5281 apud
3066 5229 3124 5270 se
3143 5230 3248 5270 ms.
3276 5212 3428 5273 Corb.
3459 5218 3515 5272 et
3538 5213 3690 5273 Edit.

385 5266 656 5357 601.157.?
688 5266 1201 5357 armatum.
1225 5270 1458 5357 ,δέξιενερ
1503 5274 1832 5357 massa
1874 5294 2006 5335 πιδε-
2064 5279 2201 5357 lenas
2254 5279 2361 5357 νει.
2396 5294 2611 5352 aspera.
2638 5278 2829 5357 _":S.sd
2885 5266 3119 5357 ιέιμυηῑ
3146 5266 3693 5357 «ieiunatis

384 5338 672 5415 qual_i_s_sit.
706 5340 1053 5415 qcsuuthaec
1072 5341 1136 5415 in
1161 5342 1305 5397 Edit.
1344 5343 1464 5398 Col.
1505 5347 1662 5401 1573.
1702 5338 2025 5405 ’⁸⁸³Ιηῑιιθῑυτ
2043 5366 2110 5406 an
2128 5351 2196 5405 sit
2223 5350 2429 5407 calidus
2458 5338 2561 5406 ins.
2593 5354 2649 5406 et
2678 5350 2830 5408 Edit.
2881 5352 2995 5409 Col.
3058 5338 3201 5410 1573
3230 5338 3572 5412 intuetur—an
3618 5338 3691 5415 sit

382 5408 669 5466 candidus.
717 5408 918 5479 '“Quis
948 5409 1270 5469 residetms.
1319 5415 1451 5470 Vict.
1484 5420 1541 5472 et
1572 5416 1725 5475 Edil.
1759 5421 1871 5476 Col.
1908 5423 2045 5477 1573

2088 5423 2209 5493 quis
2238 5421 2514 5495 residens.
2529 5419 3074 5495 f“Nihilinterrogat,
3093 5442 3192 5482 nec
3212 5442 3336 5483 eum
3354 5436 3649 5485 contrectat
3669 5445 3683 5493 ;

377 5482 475 5564 sed
492 5489 582 5568 est
598 5482 979 5568 curiosus‘eum
1010 5482 1193 5568 videre
1219 5491 1272 5568 et
1283 5501 1411 5568 eum
1442 5485 1772 5568 degustatet
1779 5492 1969 5568 olfacit
1991 5482 2260 5568 ιηείνὶεζ.
2295 5496 2360 5547 13
2384 5493 2519 5568 nihil
2537 5494 2774 5568 inquirit,
2795 5508 2901 5568 nec
2918 5482 3042 5568 etim
3058 5482 3276 5568 olfacit,
3298 5482 3405 5568 sed
3427 5482 3563 5554 eum
3580 5482 3684 5556 cu;

374 5553 618 5640 {ipsimte
647 5552 1300 5640 rigend‘igeumgggust‘at
1330 5564 1384 5611 et
1410 5552 1621 5640 olfacit.
1651 5558 1918 5640 _‘“Cibos,
1944 5563 2278 5637 etgustando
2294 5552 2792 5638 quosdam,quaarit
2819 5564 2889 5621 de
2904 5552 3684 5640 aliis.Aliquandovuiatori}.

385 5622 521 5681 Vict.
551 5627 609 5681 ct
637 5624 789 5681 Edit.
833 5625 946 5683 Col.
995 5622 1149 5681 1573'
1168 5626 1356 5685 Clbos.
1394 5627 1724 5701 Aliquando.
