4046 6076
261 260 364 317 617

1263 252 1389 314 LIB.
1422 256 1516 316 DE
1543 259 1607 316 S.
1635 251 1944 315 ANSELMI
1975 255 2588 317 SIMILITUDINIBUS.

3467 268 3567 325 618
3596 326 3601 333 ,

263 404 384 443 cum
421 400 515 443 eos
551 398 661 440 non
689 382 956 456 degustat,
980 382 1076 439 sed
1097 383 1302 451 olfacit,
1335 384 1535 454 quaerit
1562 393 1616 440 et
1643 390 1851 439 tractat.
1882 382 1937 444 A
1968 383 2191 438 luntatis
2219 384 2458 440 existunt
2485 383 2580 447 “';
2614 392 2667 441 et
2696 400 2765 441 ex
2810 398 2932 443 sese
2976 387 3227 459 quadam
3273 390 3570 457 exercitum

260 473 493 527 Econlra.
520 466 581 498 ⁸⁵⁸⁷
610 468 903 541 aliquando
946 468 1005 522 in
1053 476 1234 539 gustu,
1284 468 1487 523 olfactu
1516 476 1568 524 et
1611 475 1776 536 tactu,
1807 475 1867 523 ut
1972 486 2232 545 magnum
2256 468 2319 502 '"
2370 471 2617 537 faciunt;
2679 472 2759 528 illi
2809 473 3096 547 voluntati,
3155 475 3303 535 velut
3354 480 3573 540 cuidam

258 576 384 618 cum
414 560 483 615 de
513 559 591 614 eis
642 558 776 612 nihil
834 558 1148 629 interrogat,
1200 556 1298 611 sed
1358 564 1536 612 tamen
1592 557 1861 628 degustat.

264 648 453 704 olfacit
476 656 530 704 et
559 653 874 704 contrectat.

837 753 1062 809 CAPUT
1091 752 1319 807 XXXV.

693 844 771 900 De
799 842 1049 915 quinque
1081 841 1426 913 triplicibus.

333 933 587 1006 Quinque
611 947 742 987 vero
789 938 913 986 sunt
957 930 1357 1002 quadruplicia.
1408 928 1546 998 Quia
1574 926 1863 999 aliquando

258 1031 344 1079 est
372 1023 427 1077 in
459 1022 599 1090 visu,
632 1028 687 1075 et
715 1019 906 1086 verbo,
954 1027 1006 1073 et
1049 1027 1234 1091 gustu,
1285 1026 1341 1073 et
1375 1017 1599 1086 olfactu,
1631 1025 1689 1072 ut
1734 1033 1864 1073 cum

259 1111 460 1180 aliquis
490 1108 849 1165 deambulans
880 1107 934 1161 in
968 1107 1362 1171 nundinis,bas
1391 1107 1478 1163 vel
1508 1106 1631 1162 illas
1660 1120 1865 1161 merces

255 1199 593 1266 considerat,
624 1197 780 1267 cujus
810 1198 893 1251 hae
923 1196 1011 1251 vel
1053 1196 1160 1251 illae
1200 1196 1362 1266 pretii
1400 1195 1524 1262 sint,
1568 1196 1864 1268 investigat

252 1304 410 1356 uvas,
435 1286 521 1342 vel
550 1300 738 1356 poma,
789 1286 877 1341 vel
930 1285 1067 1340 alios
1122 1285 1326 1340 fructus
1367 1284 1634 1357 degustat,
1680 1283 1865 1340 olfacit

255 1377 437 1447 piper,
464 1374 556 1432 vel
586 1374 845 1445 cymium,
866 1372 954 1429 vel
994 1373 1098 1428 alia
1121 1373 1261 1428 bene
1283 1373 1483 1429 olentia
1509 1390 1521 1437 ;
1556 1374 1661 1429 bo‘c
1690 1376 1862 1429 totum

257 1481 326 1520 ea
359 1473 564 1519 tantum
596 1463 800 1518 faciens
831 1462 899 1517 de
931 1478 1114 1528 causa,
1149 1470 1208 1518 ut
1226 1463 1364 1518 sciat
1404 1478 1525 1534 quae
1556 1462 1641 1518 vel
1684 1461 1862 1535 qualia

254 1553 368 1608 sint
399 1553 501 1607 ista
531 1552 618 1609 vel
666 1552 779 1606 illa.
839 1551 1150 1623 Aliquando
1209 1551 1262 1605 in
1319 1550 1456 1618 visu,
1488 1559 1542 1606 et
1586 1550 1776 1616 verbo,
1809 1559 1863 1607 et

246 1650 437 1713 gustu,
463 1649 515 1697 et
544 1648 711 1708 tactu,
759 1644 820 1694 ut
847 1655 974 1694 eum
1031 1653 1196 1709 supra
1253 1638 1398 1695 dicta
1442 1639 1590 1707 facit,
1635 1650 1861 1712 excepto

1973 561 2223 632 dominae,
2248 560 2526 619 obediunt.

2443 669 2667 727 CAPUT
2694 668 2956 727 XXXVII
2987 670 3070 728 '“.

1972 772 2306 832 Similitudo
2316 778 2473 832 inter
2479 777 2772 921 promit;
2791 778 3166 850 voluntatem,
3181 782 3573 845 etadulteram

2646 865 2677 904 r
2765 866 2924 906 nam.

2646 865 2924 906 reatuam.

2045 950 2273 1023 Propria
2304 968 2539 1024 namque
2561 952 2815 1010 voluntas
2837 964 2917 1012 est
2962 957 3112 1015 velut
3141 960 3391 1032 quaedam
3415 965 3569 1023 adul-

1973 1048 2086 1096 tera
2105 1039 2309 1111 regina,
2341 1056 2461 1111 quae
2490 1057 2551 1097 se
2580 1041 2794 1097 cuidam
2824 1044 2942 1118 regi
2986 1046 3235 1107 adultam
3263 1054 3567 1124 conjunxit,

1972 1144 2043 1184 ex
2071 1145 2177 1199 quo
2194 1129 2354 1185 etiam
2385 1138 2492 1186 tres
2521 1129 2662 1186 ﬁlios
2690 1131 2896 1188 habuit.
2926 1134 3010 1189 Ex
3039 1136 3125 1192 bis
3145 1152 3278 1195 vero
3301 1140 3367 1171 “'
3397 1143 3570 1200 tribus

1971 1225 2048 1273 tot
2075 1217 2167 1273 alii
2197 1216 2292 1272 ﬁlii
2321 1226 2373 1273 et
2400 1226 2624 1290 nepotes
2655 1228 2777 1275 sunt
2805 1222 2996 1294 geniti,
3015 1223 3089 1281 ita
3112 1226 3175 1258 "‘
3204 1229 3566 1302 multiplicati,

1972 1314 2030 1361 ut
2056 1305 2326 1363 numerari
2353 1323 2461 1363 non
2516 1308 2743 1379 possint.
2801 1310 3003 1367 Omnes
3039 1320 3224 1371 autem
3258 1317 3316 1372 in
3360 1318 3568 1379 familia

1968 1394 2114 1451 illius
2141 1396 2286 1469 regis
2339 1404 2395 1452 ct
2451 1396 2655 1470 regina:
2710 1398 3022 1467 consistunt,
3073 1418 3371 1478 eorumque
3415 1408 3569 1480 jussa

1971 1484 2206 1557 quisque
2253 1500 2355 1540 suo
2404 1485 2569 1542 modo
2615 1484 2922 1556 perﬁciunt.
2972 1489 3086 1546 Rex
3133 1491 3316 1566 itaque
3341 1494 3403 1526 ⁸⁸⁵
3444 1514 3567 1555 cum

1968 1572 2161 1645 regina
2187 1572 2285 1628 ista
2314 1573 2531 1629 cuidam
2566 1574 2657 1629 alii
2688 1576 2807 1647 regi
2849 1577 3191 1649 adversatur,
3235 1583 3569 1657 collectoque

1968 1660 2201 1717 filiorum
2230 1668 2282 1716 et
2310 1669 2568 1733 nepotum
2600 1664 2859 1734 exercitu,
2895 1681 3134 1739 regnum
3164 1669 3310 1727 illius
3336 1684 3569 1748 aggres-

254 1730 403 1802 quod
433 1730 566 1784 nihil
589 1728 665 1784 ibi
693 1727 899 1793 olfacit,
931 1729 1025 1783 sed
1055 1743 1268 1784 merces
1295 1731 1657 1796 contrectans,
1689 1729 1857 1784 volvit

1968 1766 2085 1804 sum
2115 1749 2413 1820 praedatur.
2446 1750 2549 1807 Hic
2578 1758 2758 1808 autem
2790 1727 3063 1811 exercitus
3089 1758 3169 1814 sic
3196 1727 3570 1823 senog‘illius

252 1826 307 1874 et
336 1818 592 1875 revolvit.
618 1818 922 1889 Aliquando
952 1816 1006 1871 in
1038 1818 1178 1879 visu,
1227 1824 1281 1873 et
1324 1818 1512 1886 verbo,
1545 1825 1603 1873 et
1630 1817 1856 1885 olfactu,

258 1915 312 1962 et
347 1915 511 1974 tactu,
544 1912 604 1961 ut
632 1921 756 1961 cum
789 1904 863 1959 ibi
921 1904 1057 1959 nihil
1112 1905 1385 1977 degustat,
1439 1905 1537 1960 sed
1584 1904 1691 1961 alia
1732 1906 1861 1961 facit

258 2011 427 2065 supra
459 1995 621 2050 dicta.
653 1994 962 2064 Aliquando
990 1995 1045 2048 in
1077 1994 1216 2062 visu,
1246 2003 1299 2049 et
1327 2000 1511 2066 gustu,
1536 2002 1590 2049 et
1634 1994 1855 2061 olfactu,

267 2093 324 2140 et
355 2092 520 2152 tactu,
552 2092 611 2138 ut
640 2099 764 2138 cum
794 2099 902 2138 non
934 2082 1159 2155 inquirit
1180 2082 1335 2151 cujus
1366 2082 1485 2137 haec
1511 2081 1598 2138 vel
1626 2082 1719 2137 illa
1754 2083 1861 2137 sint

254 2172 435 2243 pretii,
469 2172 574 2228 sed
600 2181 804 2227 Cretera
824 2188 944 2241 qua:
992 2171 1228 2227 diximus
1270 2171 1417 2227 facit.
1462 2171 1775 2242 Aliquando
1804 2171 1860 2225 in

254 2262 453 2329 verbo,
487 2269 542 2317 et
573 2269 759 2333 gustu,
819 2270 872 2316 ct
926 2261 1152 2330 olfactu,
1205 2268 1261 2315 et
1290 2267 1451 2328 tactu,
1502 2268 1558 2314 ut
1586 2275 1710 2316 cum
1751 2276 1860 2315 non

253 2359 337 2406 est
366 2350 610 2405 curiosus
638 2350 828 2406 videre
857 2365 948 2416 ea,
997 2349 1126 2419 quia
1166 2349 1363 2420 saepius
1406 2348 1542 2405 vidit
1587 2348 1733 2419 talia,
1765 2348 1861 2404 sed

257 2446 462 2495 caetera
492 2439 620 2494 facit
640 2437 968 2508 supradicta.

820 2546 1040 2603 CAPUT
1062 2545 1314 2601 XXXVI.

588 2638 664 2693 De
691 2637 898 2693 ultimo
927 2651 1130 2708 genere
1161 2635 1533 2693 curiositatis.

333 2727 506 2783 Unum
532 2739 664 2779 vero
693 2741 762 2780 ex
820 2725 1061 2794 quinque
1116 2721 1360 2794 partibus
1413 2721 1677 2790 consistit,
1733 2722 1862 2792 quia

262 2815 562 2887 aliquando
591 2815 748 2870 estin
776 2813 921 2880 visu,
955 2821 1009 2868 et
1034 2812 1223 2876 verbo.
1256 2820 1307 2867 et
1344 2820 1527 2883 gustu,
1559 2815 1613 2867 et
1640 2810 1857 2879 olfactu,

256 2910 312 2960 et
340 2912 511 2974 tactu,
544 2912 603 2958 ut
631 2918 755 2960 cum
787 2903 998 2958 curiose
1027 2901 1097 2957 ad
1127 2903 1243 2956 haec
1288 2901 1374 2957 vel
1418 2900 1487 2956 ad
1536 2899 1628 2955 illa
1675 2899 1863 2956 oculos

256 2993 542 3060 convertit,
575 3000 629 3048 et
658 3000 856 3049 caetera
885 2991 1070 3047 omnia
1092 3007 1214 3062 quae
1247 3005 1408 3063 supra
1436 2989 1672 3044 diximus
1707 2987 1856 3043 facit.

1965 1838 2111 1911 regis
2139 1838 2365 1907 invadit,
2395 1845 2453 1893 ut
2493 1846 2586 1894 aut
2622 1839 2808 1911 plures
2847 1841 3054 1915 plures,
3096 1855 3187 1903 aut
3215 1865 3353 1905 unus
3380 1868 3566 1924 unum,

1966 1936 2056 1982 aut
2105 1927 2286 1998 plures
2334 1942 2524 1996 unum,
2582 1935 2673 1983 aut
2736 1945 2875 1985 unus
2942 1932 3130 2002 plures
3195 1939 3569 2010 aggrediatur.

1966 2014 2330 2088 Quoscunque
2388 2032 2523 2072 vero
2577 2016 2868 2073 devincere
2939 2030 3188 2092 possunt,
3247 2025 3455 2083 vinctos
3515 2029 3573 2086 et

1966 2104 2237 2159 abductos
2297 2104 2351 2158 in
2406 2119 2681 2160 carcerem
2738 2106 2977 2172 trudunt,
3037 2110 3320 2183 exigentes
3365 2115 3436 2170 ab
3490 2116 3571 2174 eis

1967 2198 2224 2263 quantum
2248 2208 2523 2264 nunquam
2550 2194 2869 2264 persolvere
2916 2207 3161 2266 possunt,
3195 2202 3293 2257 sed
3321 2205 3572 2262 omnibus

1966 2280 2141 2336 affecti
2173 2282 2421 2350 miseriis,
2454 2281 2511 2336 in
2538 2297 2763 2339 carcere
2803 2283 2899 2339 illo
2926 2284 3200 2343 deﬁciunt.
3233 2290 3361 2346 Haec
3389 2303 3569 2350 autem

1966 2370 2155 2441 regina
2184 2368 2270 2438 "‘,
2301 2370 2520 2440 propria
2558 2378 2639 2427 est
2686 2371 2935 2427 voluntas
2973 2376 3214 2432 omnium
3244 2379 3567 2439 inobedien-

1969 2459 2095 2513 tium
2128 2458 2367 2514 domina.
2399 2458 2533 2528 Quae
2563 2459 2688 2515 ideo
2708 2470 2934 2516 vocatur
2984 2462 3250 2536 adultera,
3300 2470 3428 2539 quia
3473 2487 3569 2529 se-

1967 2555 2189 2618 paratur
2215 2562 2247 2602 a
2270 2547 2403 2615 Deo,
2435 2548 2522 2603 cui
2539 2563 2666 2603 esse
2684 2547 2905 2605 deberet
2919 2552 3244 2622 conjuncta;
3278 2564 3329 2610 et
3349 2557 3568 2618 diabolo

1967 2636 2340 2708 conjungitur,
2373 2651 2405 2690 a
2435 2650 2542 2706 quo
2569 2636 2787 2692 deberet
2817 2653 2940 2695 esse
2964 2638 3254 2709 disjuncta.
3287 2645 3410 2715 Ipse
3439 2662 3569 2706 vero

1968 2724 2218 2780 diabolus
2247 2724 2449 2779 idcirco
2483 2740 2579 2781 rex
2607 2723 2808 2781 dicitur
2844 2734 2898 2782 et
2943 2727 3177 2795 adulter,
3211 2732 3338 2804 quia
3376 2733 3431 2789 in
3463 2736 3568 2792 ho-

1968 2812 2205 2867 minibus
2232 2828 2469 2885 regnans
2485 2829 2584 2883 per
2610 2814 2940 2870 voluntatem
2963 2817 3260 2889 propriam,
3284 2822 3569 2881 animabus

1967 2916 2177 2972 eorum,
2247 2900 2348 2956 Dei
2411 2900 2663 2957 videlicet
2732 2903 2968 2973 sponsis,
3028 2905 3283 2963 abutitur.
3355 2908 3453 2967 Cui
3509 2930 3570 2970 se

1966 2998 2251 3061 postquam
2284 2989 2507 3062 propria
2536 2989 2790 3047 voluntas
2812 2990 3072 3064 junxerit,
3087 3009 3150 3050 ex
3166 2995 3311 3053 illius
3331 2999 3561 3072 semine,

259 3081 633 3154 Quadraginta
688 3082 868 3151 itaque
943 3088 992 3136 et
1049 3087 1281 3151 quatuor
1341 3078 1665 3135 curiositatis
1736 3085 1859 3132 sunt
1888 3096 1938 3159 ρ
1969 3078 2023 3134 id
2066 3086 2147 3133 est
2195 3093 2456 3148 perversa
2510 3079 2880 3151 suggestione,
2928 3080 3029 3136 tria
3083 3083 3405 3155 principalia
3448 3089 3569 3161 ejus

255 3186 479 3244 genera,
526 3186 556 3225 e
609 3169 807 3244 quibus
863 3176 985 3225 octo
1042 3172 1167 3223 sunt
1199 3166 1488 3238 simplicia,
1547 3166 1856 3237 quindecim

255 3261 517 3332 duplicia,
567 3258 939 3332 quatordecim
987 3256 1240 3329 triplicia,
1300 3272 1398 3312 sex
1445 3254 1852 3326 quadruplicia;

253 3366 420 3407 unum
454 3364 583 3405 vero
641 3364 709 3403 ex
758 3347 997 3420 quinque
1044 3346 1289 3417 partibus
1340 3347 1550 3401 constat
1603 3341 1685 3397 ⁸⁸⁸.
1726 3344 1858 3399 Haec

250 3448 429 3495 autem
481 3446 587 3493 tam
646 3435 931 3507 multiplex
985 3435 1286 3505 curiositas,
1335 3450 1498 3505 quam
1519 3440 1575 3490 et
1602 3432 1858 3490 exaltatio

250 3536 305 3584 et
326 3527 635 3593 delectatio,
668 3525 737 3580 de
766 3525 962 3596 quibus
990 3525 1245 3596 superius
1273 3523 1536 3592 diximus,
1568 3538 1759 3578 omnes
1788 3537 1858 3577 ex

250 3619 472 3690 propria
499 3616 780 3672 voluntate
808 3620 1118 3669 nascuntur.
1170 3612 1291 3667 Nisi
1332 3612 1477 3667 enim
1502 3612 1671 3667 homo
1708 3609 1857 3682 prius

250 3706 502 3763 habuerit
558 3702 899 3759 voluntatem
947 3700 1275 3769 delectandi,
1304 3700 1412 3758 vel
1450 3700 1748 3769 exaltandi,
1772 3700 1858 3757 vel

252 3794 624 3866 investigandi
645 3792 859 3848 curiose
890 3807 1012 3862 qua
1042 3789 1189 3846 nulla
1217 3789 1322 3844 sibi
1360 3797 1442 3844 est
1468 3788 1672 3844 utilitas
1696 3788 1853 3854 scire,

255 3898 531 3955 nunquam
563 3880 949 3949 delectabitur,
1005 3880 1094 3935 vel
1150 3878 1457 3945 extolletur,
1507 3878 1593 3934 vel
1648 3878 1858 3933 curiose

256 3972 464 4028 inutilia
494 3969 822 4027 scrutabitur
841 3966 939 4030 "’;
991 3967 1089 4024 sed
1132 3975 1317 4023 tamen
1362 3969 1551 4022 horum
1600 3966 1857 4021 vitiorum

256 4057 404 4112 mala
436 4055 695 4127 prmcedit
754 4053 1028 4121 voluntas,
1086 4059 1382 4122 sequuntur
1409 4060 1463 4107 et
1486 4052 1625 4121 ipsa,
1656 4051 1729 4105 ita
1761 4066 1857 4107 na-

256 4152 481 4200 scuntur
509 4160 577 4199 ex
606 4158 693 4213 ea,
726 4158 796 4199 ex
823 4142 907 4196 bis
927 4156 1056 4198 vero
1104 4140 1208 4196 alia
1248 4139 1451 4196 omnia.
1497 4141 1581 4194 Ex
1609 4139 1856 4196 delecta-

257 4233 407 4289 tione
441 4246 676 4304 namque
703 4231 939 4286 nascitur
976 4228 1204 4295 luxuria,
1237 4227 1585 4297 adulterium,
1618 4228 1858 4283 fornica-

252 4324 352 4389 tio,
384 4320 749 4387 immunditia,
792 4319 1002 4376 ventris
1043 4317 1338 4389 ingluvies,
1388 4316 1629 4371 ebrietas
1658 4323 1711 4371 et
1750 4316 1857 4372 alia

250 4410 566 4481 huiusmodi
596 4409 756 4464 vitia.
794 4408 875 4464 De
909 4407 1238 4463 exaltatione
1285 4420 1417 4463 vero
1453 4404 1632 4460 inanis
1659 4404 1853 4477 gloria,

252 4499 480 4566 tnvidia,
511 4498 612 4565 ira,
646 4496 875 4562 tristitia,
921 4503 974 4551 et
1017 4494 1263 4564 avaritia,
1305 4501 1360 4551 et
1388 4493 1494 4550 alia
1523 4493 1743 4550 similia.
1776 4495 1855 4549 De

252 4587 567 4644 curiositate
620 4594 798 4642 autem
856 4583 1195 4657 inquietudo,
1227 4583 1539 4640 susurratio.
1590 4583 1858 4640 detractio

247 4686 306 4733 et
334 4684 531 4733 caetera
561 4674 683 4732 alia.
715 4673 912 4731 Omnia
956 4687 1093 4730 vero
1138 4672 1194 4727 in
1224 4671 1424 4728 familia
1469 4672 1710 4745 proprie
1755 4689 1860 4730 vo-

1884 4452 1938 4513 D

1964 3167 2093 3223 vitia
2122 3166 2204 3237 "",
2265 3167 2472 3223 scilicet
2526 3166 2963 3240 delectationem,
3025 3171 3414 3245 extollentiam,
3473 3194 3567 3232 cu-

1963 3254 2257 3310 riositatem
2287 3253 2522 3323 concipit
2549 3273 2563 3318 ;
2589 3262 2643 3308 et
2668 3270 2771 3324 per
2797 3255 3034 3328 quinque
3080 3262 3324 3330 corporis
3352 3280 3562 3336 sensus,

1963 3344 2109 3401 velut
2137 3358 2203 3399 ea
2230 3342 2467 3414 pariens,
2501 3341 2715 3397 emittit.
2750 3343 2829 3397 Ex
2859 3342 2944 3398 his
2987 3360 3120 3402 vero
3150 3347 3323 3404 tribus
3351 3359 3428 3407 tot
3456 3354 3566 3411 alia

1962 3432 2099 3487 vitia
2143 3438 2456 3498 nascuntur,
2510 3429 2695 3502 sicque
2748 3430 3194 3503 multiplicantur,
3247 3446 3306 3494 ut
3358 3439 3564 3513 absque

1963 3534 2188 3575 numero
2217 3518 2547 3574 Habeantur.
2598 3515 2800 3574 Omnia
2843 3535 2976 3576 vero
3017 3536 3086 3577 ex
3114 3521 3318 3582 familia
3356 3526 3563 3588 diaboli

1965 3608 2310 3680 propriaeque
2324 3607 2613 3664 voluntatis
2622 3607 2865 3664 existunt
2886 3627 2900 3673 ;
2918 3616 2971 3666 et
2990 3626 3057 3667 ex
3068 3612 3265 3686 seipsis
3275 3619 3567 3687 quamdam

1967 3697 2336 3753 admirandam
2364 3695 2762 3754 multitudinem
2788 3698 3049 3755 reddunt.
3092 3701 3356 3761 Diabolus
3383 3706 3566 3783 itaque

1966 3786 2291 3859 propriaque
2318 3786 2569 3843 voluntas
2598 3786 2718 3842 Deo
2747 3787 2884 3860 Regi
2913 3803 3102 3862 regum
3132 3791 3479 3862 adversatur;
3511 3808 3566 3857 et

1965 3882 2291 3949 congregata
2323 3874 2572 3931 vitiorum
2630 3874 2843 3943 militia,
2883 3892 3113 3949 regnum
3151 3879 3315 3952 illius,
3357 3886 3564 3945 scilicet

1964 3964 2107 4018 hunc
2134 3963 2419 4031 mundum,
2461 3962 2871 4035 aggredientes,
2916 3965 3242 4035 prmdantur.
3289 3971 3420 4030 Haec
3454 3991 3561 4032 an-

1967 4060 2075 4107 tem
2104 4050 2296 4106 militia
2322 4048 2385 4077 ⁸⁸⁸
2415 4049 2496 4105 sic
2540 4051 2834 4106 humanum
2878 4068 3053 4125 genus
3101 4055 3326 4130 invadit,
3369 4069 3428 4116 ut
3467 4074 3560 4121 aut

1963 4140 2124 4214 plura
2151 4139 2283 4196 vitia
2311 4137 2495 4210 plures
2550 4136 2823 4208 homines,
2878 4148 2970 4196 aut
3023 4158 3188 4198 unum
3236 4162 3421 4220 unum,
3470 4161 3563 4210 aut

1963 4230 2123 4301 plura
2150 4243 2337 4296 unum,
2367 4233 2459 4282 aut
2485 4242 2657 4282 unum
2687 4226 2893 4299 plures,
2925 4228 3155 4287 diversis
3199 4235 3380 4293 modis
3408 4240 3561 4298 acci-

1963 4318 2133 4389 piant.
2194 4315 2587 4389 Quemcunque
2632 4331 2768 4373 vero
2822 4332 3077 4389 superare
3102 4332 3347 4394 possunt,
3417 4328 3567 4387 mala

1965 4406 2356 4464 consuetudine
2384 4404 2615 4479 ligatum
2647 4406 2706 4459 in
2733 4405 3005 4463 infernum
3033 4408 3342 4469 detrudunt.
3372 4416 3474 4473 Ubi
3495 4419 3566 4475 ab

1968 4511 2033 4552 eo
2062 4494 2488 4568 unumquodque
2539 4495 2733 4552 vitium
2787 4495 2962 4568 exigit
3005 4499 3272 4571 quidquid
3324 4520 3568 4580 unquam

1968 4599 2067 4657 per
2087 4583 2221 4639 illud
2253 4582 2541 4641 commisit.
2575 4580 2735 4652 Quod
2772 4584 2900 4654 quia
2945 4600 3224 4658 nunquam
3260 4593 3569 4663 persolvere

1969 4672 2189 4745 poterit,
2220 4687 2323 4729 nec
2351 4672 2401 4729 ei
2429 4670 2652 4728 miseria
2679 4686 2915 4743 unquam
2942 4672 3137 4731 deerit.

1579 4823 1809 4881 VARle
1839 4823 2249 4881 LECTIONES.

334 4947 399 4981 ⁸⁵⁷
455 4948 563 5006 Sed
620 4949 823 5022 olfacit,
877 4946 1177 5022 quaeritet
1229 4952 1442 5002 tractat.
1495 4946 1734 5022 Econtra
1789 4963 1895 5005 ms.
1936 4946 2099 5022 “Vict.
2149 4950 2226 5022 et_
2263 4946 2414 5022 ﬁdit.
2445 4944 2638 5022 991932.
2708 4946 2844 5002 1573
2892 4947 2995 5022 sed
3056 4950 3262 5013 olfacit.
3311 4957 3565 5022 Econtra.

259 5022 331 5092 Ψ
362 5022 448 5077 Ex
477 5021 721 5092 partibus
747 5018 987 5092 consistit
1014 5018 1253 5092 quinque
1282 5034 1414 5074 mss.
1448 5031 1511 5073 ex
1544 5018 1673 5092 quin

1753 5035 1783 5074 e
1814 5019 2053 5089 partibus
2079 5018 2328 5092 consistit
2357 5035 2369 5071 :
2446 5015 2508 5046 ’⁸⁸
2536 5017 2824 5092 Nunquam
2874 5018 3231 5081 delectabitur
3271 5028 3357 5085 vel
3386 5015 3568 5092 sibi;

262 5091 407 5148 letur
432 5088 589 5148 vel...
619 5091 945 5147 scrutabitur
970 5088 1076 5146 ms.
1119 5090 1254 5144 Vict.
1286 5088 1577 5160 nunquam'
1615 5088 1992 5160 delectaretur,
2040 5092 2127 5146 vel
2166 5089 2494 5145 exaltaretur
2529 5088 2638 5143 vel.
2677 5088 2692 5143 .

2748 5098 3095 5164 scrutaretur.
3171 5095 3235 5126 ⁸⁸⁸
3266 5099 3569 5164 Voluntatis

264 5163 500 5219 existant
528 5178 636 5219 ms.
658 5166 712 5218 et
742 5162 892 5218 Edit.
929 5162 1121 5234 Colon.
1153 5160 1610 5234 15737volu_ntatis
1639 5161 1923 5234 existunt._
1968 5159 2031 5234 ἐξ
2060 5161 2398 5234 Exercitium
2430 5173 2691 5234 magnum
2718 5175 2824 5217 ms.
2863 5159 3007 5234 Vict.
3030 5170 3089 5221 et
3118 5166 3266 5225 Edtt.
3288 5171 3401 5230 Col.
3430 5159 3567 5234 ίέἦξ

265 5235 569 5291 exercitum
588 5249 754 5301 magn

263 5306 563 5361 voluntate.

258 5377 449 5448 omitt.
487 5390 719 5448 quoque.

256 5447 440 5503 itaque
469 5447 699 5503 Regina.

257 5514 458 5575 Ποῐοη.
496 5514 634 5575 1573
663 5518 783 5573 haec
801 5524 986 5571 autem
1006 5514 1217 5571 militia.

540 5616 780 5674 Panos.
812 5611 995 5672 CLIX.

759 5248 873 5318 um.
948 5230 1013 5260 '“
1040 5231 1103 5287 In
1135 5244 1238 5318 uis.
1262 5232 1569 5318 intui-tem
1589 5231 2124 5318 'tracrtat‘usnejuadem
2153 5231 2741 5318 Anselg‘ii‘Oantuarias
2780 5232 3325 5318 Archiepiscopi,_dg
3347 5230 3569 5318 ρωρι-ἰᾷ

2309 5304 2371 5334 ιιι
2399 5303 2597 5389 ἮἯῖ
2615 5316 2834 5389 quoque
2860 5303 3002 5389 ags:
3018 5311 3089 5389 με
3116 5303 3265 5367 Εάίι.
3287 5303 3407 5389 (Idl.
3429 5303 3568 5376 1.573

2558 5380 2859 5446 autem
2896 5375 3108 5446 Regina
3134 5396 3242 5438 ms.
3276 5386 3345 5440 Α.
3387 5387 3412 5441 1
3448 5375 3566 5446 haec

775 5443 840 5473 ⁸⁸⁷
866 5444 989 5499 Tria
1017 5443 1339 5518 principalia
1367 5442 1494 5501 vilia
1521 5458 1655 5500 nm.
1687 5445 1787 5500 tria
1815 5444 2138 5518 principalia
2166 5440 2286 5516 ejus
2306 5441 2454 5502 vilia.
2529 5440 2592 5472 '”
2612 5444 2742 5502 Haec
2766 5454 2962 5503 satam
2977 5440 3187 5507 familia
3210 5469 3319 5512 ms.
3338 5440 3560 5518 etEt-tt?
