  <div class='ocr_page' id='page_1' title='image "/cluster/home/n/w/nwhite01/storage/ocr_20150623/159/hvd.32044054760178/315.png"; bbox 0 0 3970 6088; ppageno 0'>
   <div class='ocr_carea' id='block_1_1' title="bbox 543 299 645 348">
    <p class='ocr_par' dir='ltr' id='par_1_1' title="bbox 543 299 645 348">
     <span class='ocr_line' id='line_1_1' title="bbox 543 299 645 348; baseline -0.029 -2"><span class='ocrx_word' id='word_1_1' title='bbox 543 299 645 348; x_wconf 70' lang='grc'><strong>619</strong></span> 
     </span>
    </p>
   </div>
   <div class='ocr_carea' id='block_1_2' title="bbox 1067 411 1617 468">
    <p class='ocr_par' dir='ltr' id='par_1_2' title="bbox 1067 411 1617 468">
     <span class='ocr_line' id='line_1_2' title="bbox 1067 411 1617 468; baseline -0.009 -1"><span class='ocrx_word' id='word_1_2' title='bbox 1067 412 1286 468; x_wconf 77' lang='lat' dir='ltr'>CAPUT</span> <span class='ocrx_word' id='word_1_3' title='bbox 1315 411 1617 466; x_wconf 79' lang='lat' dir='ltr'><strong>XXXVIII.</strong></span> 
     </span>
    </p>
   </div>
   <div class='ocr_carea' id='block_1_3' title="bbox 549 495 2138 621">
    <p class='ocr_par' dir='ltr' id='par_1_3' title="bbox 549 495 2138 621">
     <span class='ocr_line' id='line_1_3' title="bbox 549 495 2138 621; baseline -0.009 -59"><span class='ocrx_word' id='word_1_4' title='bbox 549 502 875 563; x_wconf 82' lang='lat' dir='ltr'><strong>Similitudo</strong></span> <span class='ocrx_word' id='word_1_5' title='bbox 890 503 1041 557; x_wconf 80' lang='lat' dir='ltr'><strong>inter</strong></span> <span class='ocrx_word' id='word_1_6' title='bbox 1074 497 1383 621; x_wconf 46' lang='lat' dir='ltr'><strong>propriam!)</strong></span> <span class='ocrx_word' id='word_1_7' title='bbox 1416 495 1790 559; x_wconf 78' lang='lat' dir='ltr'><strong>voluntatem,</strong></span> <span class='ocrx_word' id='word_1_8' title='bbox 1815 495 1870 547; x_wconf 83' lang='lat' dir='ltr'><strong>et</strong></span> <span class='ocrx_word' id='word_1_9' title='bbox 1891 506 2138 548; x_wconf 79' lang='lat' dir='ltr'><strong>veneno-</strong></span> 
     </span>
     <span class='ocr_line' id='line_1_4' title="bbox 1099 582 1500 621; baseline -0.007 0"><span class='ocrx_word' id='word_1_10' title='bbox 1099 584 1221 621; x_wconf 77' lang='lat' dir='ltr'><strong>sam</strong></span> <span class='ocrx_word' id='word_1_11' title='bbox 1291 582 1352 621; x_wconf 70' lang='grc' dir='ltr'><strong>εν</strong></span> <span class='ocrx_word' id='word_1_12' title='bbox 1388 583 1500 621; x_wconf 85' lang='lat' dir='ltr'><strong>am.</strong></span> 
     </span>
    </p>
   </div>
   <div class='ocr_carea' id='block_1_4' title="bbox 1099 582 1500 622">
    <p class='ocr_par' dir='ltr' id='par_1_4' title="bbox 1099 582 1500 622">
     <span class='ocr_line' id='line_1_5' title="bbox 1099 582 1500 622; baseline -0.01 0"><span class='ocrx_word' id='word_1_13' title='bbox 1099 584 1221 622; x_wconf 78' lang='lat' dir='ltr'><strong>sam</strong></span> <span class='ocrx_word' id='word_1_14' title='bbox 1251 582 1500 622; x_wconf 80' lang='lat' dir='ltr'><strong>neruum.</strong></span> 
     </span>
    </p>
   </div>
   <div class='ocr_carea' id='block_1_5' title="bbox 612 652 2136 733">
    <p class='ocr_par' dir='ltr' id='par_1_5' title="bbox 612 652 2136 733">
     <span class='ocr_line' id='line_1_6' title="bbox 612 652 2136 733; baseline -0.01 -13"><span class='ocrx_word' id='word_1_15' title='bbox 612 669 820 720; x_wconf 81' lang='lat' dir='ltr'><strong>Rursus</strong></span> <span class='ocrx_word' id='word_1_16' title='bbox 841 660 1060 733; x_wconf 91' lang='lat' dir='ltr'><strong>propria</strong></span> <span class='ocrx_word' id='word_1_17' title='bbox 1090 656 1342 712; x_wconf 79' lang='lat' dir='ltr'><strong>voluntas</strong></span> <span class='ocrx_word' id='word_1_18' title='bbox 1370 654 1588 709; x_wconf 81' lang='lat' dir='ltr'><strong>cuidam</strong></span> <span class='ocrx_word' id='word_1_19' title='bbox 1637 652 1820 708; x_wconf 63' lang='lat' dir='ltr'><strong>herbe</strong></span> <span class='ocrx_word' id='word_1_20' title='bbox 1848 666 2136 707; x_wconf 84' lang='lat' dir='ltr'><strong>venenosae</strong></span> 
     </span>
    </p>
   </div>
   <div class='ocr_carea' id='block_1_6' title="bbox 537 739 2136 822">
    <p class='ocr_par' dir='ltr' id='par_1_6' title="bbox 537 739 2136 822">
     <span class='ocr_line' id='line_1_7' title="bbox 537 739 2136 822; baseline -0.01 -14"><span class='ocrx_word' id='word_1_21' title='bbox 537 759 701 822; x_wconf 88' lang='lat' dir='ltr'><strong>atque</strong></span> <span class='ocrx_word' id='word_1_22' title='bbox 756 750 1048 806; x_wconf 75' lang='lat' dir='ltr'><strong>mortiferae</strong></span> <span class='ocrx_word' id='word_1_23' title='bbox 1129 745 1460 802; x_wconf 89' lang='lat' dir='ltr'><strong>assimilatur</strong></span> <span class='ocrx_word' id='word_1_24' title='bbox 1504 742 1566 769; x_wconf 75' lang='grc'><strong>³⁸³</strong></span> <span class='ocrx_word' id='word_1_25' title='bbox 1621 756 1828 812; x_wconf 88' lang='lat' dir='ltr'><strong>;quam</strong></span> <span class='ocrx_word' id='word_1_26' title='bbox 1896 739 2136 794; x_wconf 90' lang='lat' dir='ltr'><strong>medicus</strong></span> 
     </span>
    </p>
   </div>
   <div class='ocr_carea' id='block_1_7' title="bbox 537 826 2136 912">
    <p class='ocr_par' dir='ltr' id='par_1_7' title="bbox 537 826 2136 912">
     <span class='ocr_line' id='line_1_8' title="bbox 537 826 2136 912; baseline -0.009 -18"><span class='ocrx_word' id='word_1_27' title='bbox 537 841 752 912; x_wconf 88' lang='lat' dir='ltr'><strong>quidam</strong></span> <span class='ocrx_word' id='word_1_28' title='bbox 805 836 1164 908; x_wconf 74' lang='lat' dir='ltr'><strong>peritissimus</strong></span> <span class='ocrx_word' id='word_1_29' title='bbox 1234 831 1516 904; x_wconf 75' lang='lat' dir='ltr'><strong>progeniei</strong></span> <span class='ocrx_word' id='word_1_30' title='bbox 1581 830 1884 898; x_wconf 83' lang='lat' dir='ltr'><strong>cujusdam,</strong></span> <span class='ocrx_word' id='word_1_31' title='bbox 1946 826 2136 897; x_wconf 83' lang='lat' dir='ltr'><strong>primis</strong></span> 
     </span>
    </p>
   </div>
   <div class='ocr_carea' id='block_1_8' title="bbox 535 915 2136 997">
    <p class='ocr_par' dir='ltr' id='par_1_8' title="bbox 535 915 2136 997">
     <span class='ocr_line' id='line_1_9' title="bbox 535 915 2136 997; baseline -0.01 -12"><span class='ocrx_word' id='word_1_32' title='bbox 535 929 741 985; x_wconf 80' lang='lat' dir='ltr'><strong>scilicet</strong></span> <span class='ocrx_word' id='word_1_33' title='bbox 792 925 1126 997; x_wconf 88' lang='lat' dir='ltr'><strong>parentibus,</strong></span> <span class='ocrx_word' id='word_1_34' title='bbox 1184 919 1460 976; x_wconf 88' lang='lat' dir='ltr'><strong>interdixit</strong></span> <span class='ocrx_word' id='word_1_35' title='bbox 1501 918 1841 974; x_wconf 80' lang='lat' dir='ltr'><strong>comminans</strong></span> <span class='ocrx_word' id='word_1_36' title='bbox 1878 917 1955 971; x_wconf 88' lang='lat' dir='ltr'><strong>eis</strong></span> <span class='ocrx_word' id='word_1_37' title='bbox 2009 915 2136 985; x_wconf 86' lang='lat' dir='ltr'><strong>quia</strong></span> 
     </span>
    </p>
   </div>
   <div class='ocr_carea' id='block_1_9' title="bbox 532 1004 2134 1078">
    <p class='ocr_par' dir='ltr' id='par_1_9' title="bbox 532 1004 2134 1078">
     <span class='ocr_line' id='line_1_10' title="bbox 532 1004 2134 1078; baseline -0.01 -5"><span class='ocrx_word' id='word_1_38' title='bbox 532 1020 579 1074; x_wconf 87' lang='lat' dir='ltr'><strong>si</strong></span> <span class='ocrx_word' id='word_1_39' title='bbox 612 1016 672 1045; x_wconf 81' lang='lat'><strong>&quot;°</strong></span> <span class='ocrx_word' id='word_1_40' title='bbox 727 1033 798 1072; x_wconf 83' lang='lat' dir='ltr'><strong>ex</strong></span> <span class='ocrx_word' id='word_1_41' title='bbox 856 1031 920 1069; x_wconf 86' lang='lat' dir='ltr'><strong>ea</strong></span> <span class='ocrx_word' id='word_1_42' title='bbox 976 1011 1324 1068; x_wconf 87' lang='lat' dir='ltr'><strong>comederent</strong></span> <span class='ocrx_word' id='word_1_43' title='bbox 1353 1007 1435 1075; x_wconf 69' lang='lat'><strong>&#39;7‘,</strong></span> <span class='ocrx_word' id='word_1_44' title='bbox 1493 1005 1692 1078; x_wconf 89' lang='lat' dir='ltr'><strong>leprosi</strong></span> <span class='ocrx_word' id='word_1_45' title='bbox 1737 1004 1910 1060; x_wconf 67' lang='lat' dir='ltr'><strong>effecti</strong></span> <span class='ocrx_word' id='word_1_46' title='bbox 1949 1009 2134 1074; x_wconf 81' lang='lat' dir='ltr'><strong>procul</strong></span> 
     </span>
    </p>
   </div>
   <div class='ocr_carea' id='block_1_10' title="bbox 530 1093 2132 1168">
    <p class='ocr_par' dir='ltr' id='par_1_10' title="bbox 530 1093 2132 1168">
     <span class='ocr_line' id='line_1_11' title="bbox 530 1093 2132 1168; baseline -0.009 -5"><span class='ocrx_word' id='word_1_47' title='bbox 530 1108 702 1163; x_wconf 88' lang='lat' dir='ltr'><strong>dubio</strong></span> <span class='ocrx_word' id='word_1_48' title='bbox 734 1104 1031 1159; x_wconf 88' lang='lat' dir='ltr'><strong>interirent.</strong></span> <span class='ocrx_word' id='word_1_49' title='bbox 1082 1103 1150 1155; x_wconf 85' lang='lat' dir='ltr'><strong>At</strong></span> <span class='ocrx_word' id='word_1_50' title='bbox 1181 1098 1256 1153; x_wconf 87' lang='lat' dir='ltr'><strong>illi</strong></span> <span class='ocrx_word' id='word_1_51' title='bbox 1287 1096 1576 1168; x_wconf 60' lang='lat' dir='ltr'><strong>praeceptis</strong></span> <span class='ocrx_word' id='word_1_52' title='bbox 1605 1095 1721 1163; x_wconf 84' lang='lat' dir='ltr'><strong>ejus</strong></span> <span class='ocrx_word' id='word_1_53' title='bbox 1774 1093 1996 1149; x_wconf 84' lang='lat' dir='ltr'><strong>obedire</strong></span> <span class='ocrx_word' id='word_1_54' title='bbox 2038 1108 2132 1148; x_wconf 90' lang='lat' dir='ltr'><strong>no-</strong></span> 
     </span>
    </p>
   </div>
   <div class='ocr_carea' id='block_1_11' title="bbox 529 1181 2133 1260">
    <p class='ocr_par' dir='ltr' id='par_1_11' title="bbox 529 1181 2133 1260">
     <span class='ocr_line' id='line_1_12' title="bbox 529 1181 2133 1260; baseline -0.011 -8"><span class='ocrx_word' id='word_1_55' title='bbox 529 1200 764 1260; x_wconf 89' lang='lat' dir='ltr'><strong>luerunt,</strong></span> <span class='ocrx_word' id='word_1_56' title='bbox 795 1193 893 1248; x_wconf 85' lang='lat' dir='ltr'><strong>sed</strong></span> <span class='ocrx_word' id='word_1_57' title='bbox 919 1207 988 1246; x_wconf 88' lang='lat' dir='ltr'><strong>ex</strong></span> <span class='ocrx_word' id='word_1_58' title='bbox 1031 1188 1222 1245; x_wconf 88' lang='lat' dir='ltr'><strong>eadem</strong></span> <span class='ocrx_word' id='word_1_59' title='bbox 1265 1186 1437 1242; x_wconf 86' lang='lat' dir='ltr'><strong>herba</strong></span> <span class='ocrx_word' id='word_1_60' title='bbox 1481 1183 1863 1247; x_wconf 84' lang='lat' dir='ltr'><strong>comederunt;</strong></span> <span class='ocrx_word' id='word_1_61' title='bbox 1903 1181 2046 1235; x_wconf 89' lang='lat' dir='ltr'><strong>unde</strong></span> <span class='ocrx_word' id='word_1_62' title='bbox 2076 1190 2133 1236; x_wconf 90' lang='lat' dir='ltr'><strong>et</strong></span> 
     </span>
    </p>
   </div>
   <div class='ocr_carea' id='block_1_12' title="bbox 530 1271 2128 1356">
    <p class='ocr_par' dir='ltr' id='par_1_12' title="bbox 530 1271 2128 1356">
     <span class='ocr_line' id='line_1_13' title="bbox 530 1271 2128 1356; baseline -0.012 -15"><span class='ocrx_word' id='word_1_63' title='bbox 530 1283 738 1356; x_wconf 89' lang='lat' dir='ltr'><strong>leprosi</strong></span> <span class='ocrx_word' id='word_1_64' title='bbox 787 1280 986 1346; x_wconf 77' lang='lat' dir='ltr'><strong>effecti,</strong></span> <span class='ocrx_word' id='word_1_65' title='bbox 1040 1278 1292 1346; x_wconf 88' lang='lat' dir='ltr'><strong>leprosos</strong></span> <span class='ocrx_word' id='word_1_66' title='bbox 1342 1288 1560 1344; x_wconf 88' lang='lat' dir='ltr'><strong>quoque</strong></span> <span class='ocrx_word' id='word_1_67' title='bbox 1618 1271 1761 1325; x_wconf 89' lang='lat' dir='ltr'><strong>filios</strong></span> <span class='ocrx_word' id='word_1_68' title='bbox 1809 1277 2128 1342; x_wconf 80' lang='lat' dir='ltr'><strong>genuerunt,</strong></span> 
     </span>
    </p>
   </div>
   <div class='ocr_carea' id='block_1_13' title="bbox 528 1356 2130 1445">
    <p class='ocr_par' dir='ltr' id='par_1_13' title="bbox 528 1356 2130 1445">
     <span class='ocr_line' id='line_1_14' title="bbox 528 1356 2130 1445; baseline -0.012 -15"><span class='ocrx_word' id='word_1_69' title='bbox 528 1383 711 1445; x_wconf 89' lang='lat' dir='ltr'><strong>atque,</strong></span> <span class='ocrx_word' id='word_1_70' title='bbox 745 1379 803 1426; x_wconf 90' lang='lat' dir='ltr'><strong>ut</strong></span> <span class='ocrx_word' id='word_1_71' title='bbox 850 1367 1093 1424; x_wconf 81' lang='lat' dir='ltr'><strong>medicus</strong></span> <span class='ocrx_word' id='word_1_72' title='bbox 1148 1365 1228 1420; x_wconf 87' lang='lat' dir='ltr'><strong>eis</strong></span> <span class='ocrx_word' id='word_1_73' title='bbox 1274 1363 1644 1418; x_wconf 83' lang='lat' dir='ltr'><strong>comminatus</strong></span> <span class='ocrx_word' id='word_1_74' title='bbox 1699 1359 1891 1424; x_wconf 78' lang='lat' dir='ltr'><strong>fuerat,</strong></span> <span class='ocrx_word' id='word_1_75' title='bbox 1933 1356 2130 1413; x_wconf 87' lang='lat' dir='ltr'><strong>mortui</strong></span> 
     </span>
    </p>
   </div>
   <div class='ocr_carea' id='block_1_14' title="bbox 529 1446 2129 1527">
    <p class='ocr_par' dir='ltr' id='par_1_14' title="bbox 529 1446 2129 1527">
     <span class='ocr_line' id='line_1_15' title="bbox 529 1446 2129 1527; baseline -0.011 -10"><span class='ocrx_word' id='word_1_76' title='bbox 529 1470 670 1517; x_wconf 91' lang='lat' dir='ltr'><strong>sunt.</strong></span> <span class='ocrx_word' id='word_1_77' title='bbox 700 1459 943 1527; x_wconf 87' lang='lat' dir='ltr'><strong>Quorum</strong></span> <span class='ocrx_word' id='word_1_78' title='bbox 975 1454 1090 1522; x_wconf 89' lang='lat' dir='ltr'><strong>filii,</strong></span> <span class='ocrx_word' id='word_1_79' title='bbox 1122 1453 1250 1508; x_wconf 91' lang='lat' dir='ltr'><strong>licet</strong></span> <span class='ocrx_word' id='word_1_80' title='bbox 1265 1460 1442 1522; x_wconf 88' lang='lat' dir='ltr'><strong>patres</strong></span> <span class='ocrx_word' id='word_1_81' title='bbox 1470 1466 1596 1504; x_wconf 90' lang='lat' dir='ltr'><strong>suos</strong></span> <span class='ocrx_word' id='word_1_82' title='bbox 1615 1447 1942 1519; x_wconf 84' lang='lat' dir='ltr'><strong>agnoverint</strong></span> <span class='ocrx_word' id='word_1_83' title='bbox 1960 1446 2129 1501; x_wconf 89' lang='lat' dir='ltr'><strong>herba</strong></span> 
     </span>
    </p>
   </div>
   <div class='ocr_carea' id='block_1_15' title="bbox 528 1535 2128 1608">
    <p class='ocr_par' dir='ltr' id='par_1_15' title="bbox 528 1535 2128 1608">
     <span class='ocr_line' id='line_1_16' title="bbox 528 1535 2128 1608; baseline -0.011 -3"><span class='ocrx_word' id='word_1_84' title='bbox 528 1552 622 1605; x_wconf 88' lang='lat' dir='ltr'><strong>illa</strong></span> <span class='ocrx_word' id='word_1_85' title='bbox 647 1547 950 1603; x_wconf 86' lang='lat' dir='ltr'><strong>infirmatos</strong></span> <span class='ocrx_word' id='word_1_86' title='bbox 981 1544 1151 1598; x_wconf 86' lang='lat' dir='ltr'><strong>fuisse</strong></span> <span class='ocrx_word' id='word_1_87' title='bbox 1180 1549 1233 1597; x_wconf 89' lang='lat' dir='ltr'><strong>et</strong></span> <span class='ocrx_word' id='word_1_88' title='bbox 1263 1548 1525 1605; x_wconf 90' lang='lat' dir='ltr'><strong>mortuos,</strong></span> <span class='ocrx_word' id='word_1_89' title='bbox 1575 1553 1741 1608; x_wconf 87' lang='lat' dir='ltr'><strong>seque</strong></span> <span class='ocrx_word' id='word_1_90' title='bbox 1784 1536 1931 1607; x_wconf 87' lang='lat' dir='ltr'><strong>ipsos</strong></span> <span class='ocrx_word' id='word_1_91' title='bbox 1977 1535 2128 1606; x_wconf 88' lang='lat' dir='ltr'><strong>lepra</strong></span> 
     </span>
    </p>
   </div>
   <div class='ocr_carea' id='block_1_16' title="bbox 529 1623 2123 1710">
    <p class='ocr_par' dir='ltr' id='par_1_16' title="bbox 529 1623 2123 1710">
     <span class='ocr_line' id='line_1_17' title="bbox 529 1623 2123 1710; baseline -0.01 -17"><span class='ocrx_word' id='word_1_92' title='bbox 529 1651 815 1710; x_wconf 89' lang='lat' dir='ltr'><strong>percussos</strong></span> <span class='ocrx_word' id='word_1_93' title='bbox 871 1641 923 1688; x_wconf 89' lang='lat' dir='ltr'><strong>et</strong></span> <span class='ocrx_word' id='word_1_94' title='bbox 964 1639 1202 1686; x_wconf 87' lang='lat' dir='ltr'><strong>mortuos</strong></span> <span class='ocrx_word' id='word_1_95' title='bbox 1231 1627 1315 1697; x_wconf 75' lang='grc'><strong>³⁷³,</strong></span> <span class='ocrx_word' id='word_1_96' title='bbox 1375 1626 1616 1682; x_wconf 87' lang='lat' dir='ltr'><strong>eamdem</strong></span> <span class='ocrx_word' id='word_1_97' title='bbox 1666 1634 1849 1680; x_wconf 85' lang='lat' dir='ltr'><strong>tamen</strong></span> <span class='ocrx_word' id='word_1_98' title='bbox 1901 1623 2123 1679; x_wconf 84' lang='lat' dir='ltr'><strong>herbam</strong></span> 
     </span>
    </p>
   </div>
   <div class='ocr_carea' id='block_1_17' title="bbox 526 1712 2124 1796">
    <p class='ocr_par' dir='ltr' id='par_1_17' title="bbox 526 1712 2124 1796">
     <span class='ocr_line' id='line_1_18' title="bbox 526 1712 2124 1796; baseline -0.011 -14"><span class='ocrx_word' id='word_1_99' title='bbox 526 1742 692 1796; x_wconf 89' lang='lat' dir='ltr'><strong>super</strong></span> <span class='ocrx_word' id='word_1_100' title='bbox 717 1738 902 1779; x_wconf 90' lang='lat' dir='ltr'><strong>omnes</strong></span> <span class='ocrx_word' id='word_1_101' title='bbox 931 1720 1065 1775; x_wconf 86' lang='lat' dir='ltr'><strong>alias</strong></span> <span class='ocrx_word' id='word_1_102' title='bbox 1095 1717 1345 1789; x_wconf 90' lang='lat' dir='ltr'><strong>diligunt,</strong></span> <span class='ocrx_word' id='word_1_103' title='bbox 1387 1715 1617 1785; x_wconf 84' lang='lat' dir='ltr'><strong>indeque</strong></span> <span class='ocrx_word' id='word_1_104' title='bbox 1659 1713 1811 1768; x_wconf 90' lang='lat' dir='ltr'><strong>cibos</strong></span> <span class='ocrx_word' id='word_1_105' title='bbox 1841 1712 2124 1767; x_wconf 85' lang='lat' dir='ltr'><strong>universos</strong></span> 
     </span>
    </p>
   </div>
   <div class='ocr_carea' id='block_1_18' title="bbox 524 1798 2126 1876">
    <p class='ocr_par' dir='ltr' id='par_1_18' title="bbox 524 1798 2126 1876">
     <span class='ocr_line' id='line_1_19' title="bbox 524 1798 2126 1876; baseline -0.01 -6"><span class='ocrx_word' id='word_1_106' title='bbox 524 1831 648 1870; x_wconf 84' lang='lat' dir='ltr'><strong>suos</strong></span> <span class='ocrx_word' id='word_1_107' title='bbox 686 1810 963 1867; x_wconf 90' lang='lat' dir='ltr'><strong>condiunt.</strong></span> <span class='ocrx_word' id='word_1_108' title='bbox 995 1809 1149 1862; x_wconf 75' lang='lat' dir='ltr'><strong>Mane</strong></span> <span class='ocrx_word' id='word_1_109' title='bbox 1180 1819 1395 1876; x_wconf 91' lang='lat' dir='ltr'><strong>quoque</strong></span> <span class='ocrx_word' id='word_1_110' title='bbox 1427 1811 1718 1874; x_wconf 83' lang='lat' dir='ltr'><strong>surgentes</strong></span> <span class='ocrx_word' id='word_1_111' title='bbox 1747 1798 1807 1829; x_wconf 81' lang='grc'><strong>⁸⁷⁸</strong></span> <span class='ocrx_word' id='word_1_112' title='bbox 1836 1817 1903 1856; x_wconf 84' lang='lat' dir='ltr'><strong>ex</strong></span> <span class='ocrx_word' id='word_1_113' title='bbox 1931 1801 2126 1856; x_wconf 89' lang='lat' dir='ltr'><strong>eadem</strong></span> 
     </span>
    </p>
   </div>
   <div class='ocr_carea' id='block_1_19' title="bbox 525 1885 2128 1976">
    <p class='ocr_par' dir='ltr' id='par_1_19' title="bbox 525 1885 2128 1976">
     <span class='ocr_line' id='line_1_20' title="bbox 525 1885 2128 1976; baseline -0.011 -18"><span class='ocrx_word' id='word_1_114' title='bbox 525 1903 679 1976; x_wconf 89' lang='lat' dir='ltr'><strong>quasi</strong></span> <span class='ocrx_word' id='word_1_115' title='bbox 701 1915 800 1970; x_wconf 89' lang='lat' dir='ltr'><strong>pro</strong></span> <span class='ocrx_word' id='word_1_116' title='bbox 831 1897 1236 1952; x_wconf 84' lang='lat' dir='ltr'><strong>medicamento</strong></span> <span class='ocrx_word' id='word_1_117' title='bbox 1265 1892 1563 1960; x_wconf 87' lang='lat' dir='ltr'><strong>accipiunt,</strong></span> <span class='ocrx_word' id='word_1_118' title='bbox 1588 1891 1684 1946; x_wconf 89' lang='lat' dir='ltr'><strong>sed</strong></span> <span class='ocrx_word' id='word_1_119' title='bbox 1705 1897 1756 1945; x_wconf 91' lang='lat' dir='ltr'><strong>et</strong></span> <span class='ocrx_word' id='word_1_120' title='bbox 1795 1903 2044 1944; x_wconf 90' lang='lat' dir='ltr'><strong>somnum</strong></span> <span class='ocrx_word' id='word_1_121' title='bbox 2064 1885 2128 1916; x_wconf 73' lang='grc'><strong>⁸⁷⁸</strong></span> 
     </span>
    </p>
   </div>
   <div class='ocr_carea' id='block_1_20' title="bbox 520 1976 2125 2060">
    <p class='ocr_par' dir='ltr' id='par_1_20' title="bbox 520 1976 2125 2060">
     <span class='ocr_line' id='line_1_21' title="bbox 520 1976 2125 2060; baseline -0.012 -12"><span class='ocrx_word' id='word_1_122' title='bbox 520 2008 646 2048; x_wconf 89' lang='lat' dir='ltr'><strong>sero</strong></span> <span class='ocrx_word' id='word_1_123' title='bbox 676 1989 906 2060; x_wconf 88' lang='lat' dir='ltr'><strong>capturi,</strong></span> <span class='ocrx_word' id='word_1_124' title='bbox 941 1985 1193 2041; x_wconf 87' lang='lat' dir='ltr'><strong>similiter</strong></span> <span class='ocrx_word' id='word_1_125' title='bbox 1231 1981 1454 2037; x_wconf 85' lang='lat' dir='ltr'><strong>faciunt.</strong></span> <span class='ocrx_word' id='word_1_126' title='bbox 1502 1982 1568 2035; x_wconf 86' lang='lat' dir='ltr'><strong>Hi</strong></span> <span class='ocrx_word' id='word_1_127' title='bbox 1604 1981 1768 2052; x_wconf 83' lang='lat' dir='ltr'><strong>igitur</strong></span> <span class='ocrx_word' id='word_1_128' title='bbox 1815 1993 1972 2049; x_wconf 91' lang='lat' dir='ltr'><strong>quam</strong></span> <span class='ocrx_word' id='word_1_129' title='bbox 2021 1976 2125 2030; x_wconf 92' lang='lat' dir='ltr'><strong>sint</strong></span> 
     </span>
    </p>
   </div>
   <div class='ocr_carea' id='block_1_21' title="bbox 521 2064 2123 2145">
    <p class='ocr_par' dir='ltr' id='par_1_21' title="bbox 521 2064 2123 2145">
     <span class='ocr_line' id='line_1_22' title="bbox 521 2064 2123 2145; baseline -0.011 -9"><span class='ocrx_word' id='word_1_130' title='bbox 521 2080 820 2145; x_wconf 90' lang='lat' dir='ltr'><strong>demenies,</strong></span> <span class='ocrx_word' id='word_1_131' title='bbox 854 2075 1030 2132; x_wconf 89' lang='lat' dir='ltr'><strong>omnis</strong></span> <span class='ocrx_word' id='word_1_132' title='bbox 1083 2071 1174 2144; x_wconf 92' lang='lat' dir='ltr'><strong>qui</strong></span> <span class='ocrx_word' id='word_1_133' title='bbox 1213 2071 1388 2139; x_wconf 86' lang='lat' dir='ltr'><strong>audit,</strong></span> <span class='ocrx_word' id='word_1_134' title='bbox 1445 2070 1733 2124; x_wconf 87' lang='lat' dir='ltr'><strong>advertere</strong></span> <span class='ocrx_word' id='word_1_135' title='bbox 1788 2074 1982 2138; x_wconf 88' lang='lat' dir='ltr'><strong>potest.</strong></span> <span class='ocrx_word' id='word_1_136' title='bbox 2015 2064 2123 2120; x_wconf 88' lang='lat' dir='ltr'><strong>Sed</strong></span> 
     </span>
    </p>
   </div>
   <div class='ocr_carea' id='block_1_22' title="bbox 522 2157 2125 2229">
    <p class='ocr_par' dir='ltr' id='par_1_22' title="bbox 522 2157 2125 2229">
     <span class='ocr_line' id='line_1_23' title="bbox 522 2157 2125 2229; baseline -0.012 -3"><span class='ocrx_word' id='word_1_137' title='bbox 522 2185 622 2226; x_wconf 88' lang='lat' dir='ltr'><strong>nec</strong></span> <span class='ocrx_word' id='word_1_138' title='bbox 654 2168 832 2224; x_wconf 91' lang='lat' dir='ltr'><strong>minus</strong></span> <span class='ocrx_word' id='word_1_139' title='bbox 861 2165 1271 2227; x_wconf 89' lang='lat' dir='ltr'><strong>dementantur,</strong></span> <span class='ocrx_word' id='word_1_140' title='bbox 1291 2160 1380 2229; x_wconf 90' lang='lat' dir='ltr'><strong>qui</strong></span> <span class='ocrx_word' id='word_1_141' title='bbox 1412 2157 1636 2229; x_wconf 88' lang='lat' dir='ltr'><strong>pr0pria</strong></span> <span class='ocrx_word' id='word_1_142' title='bbox 1665 2157 1940 2211; x_wconf 84' lang='lat' dir='ltr'><strong>voluntate</strong></span> <span class='ocrx_word' id='word_1_143' title='bbox 1972 2163 2125 2209; x_wconf 88' lang='lat' dir='ltr'><strong>utun-</strong></span> 
     </span>
    </p>
   </div>
   <div class='ocr_carea' id='block_1_23' title="bbox 521 2246 2119 2326">
    <p class='ocr_par' dir='ltr' id='par_1_23' title="bbox 521 2246 2119 2326">
     <span class='ocr_line' id='line_1_24' title="bbox 521 2246 2119 2326; baseline -0.012 -12"><span class='ocrx_word' id='word_1_144' title='bbox 521 2271 625 2325; x_wconf 87' lang='lat' dir='ltr'><strong>tur,</strong></span> <span class='ocrx_word' id='word_1_145' title='bbox 659 2259 777 2326; x_wconf 87' lang='lat' dir='ltr'><strong>ipsa</strong></span> <span class='ocrx_word' id='word_1_146' title='bbox 809 2261 888 2309; x_wconf 86' lang='lat' dir='ltr'><strong>est</strong></span> <span class='ocrx_word' id='word_1_147' title='bbox 945 2252 1140 2306; x_wconf 91' lang='lat' dir='ltr'><strong>etenim</strong></span> <span class='ocrx_word' id='word_1_148' title='bbox 1169 2247 1338 2303; x_wconf 89' lang='lat' dir='ltr'><strong>herba</strong></span> <span class='ocrx_word' id='word_1_149' title='bbox 1401 2246 1631 2311; x_wconf 88' lang='lat' dir='ltr'><strong>diaboli,</strong></span> <span class='ocrx_word' id='word_1_150' title='bbox 1675 2259 1944 2300; x_wconf 75' lang='lat' dir='ltr'><strong>venenosa</strong></span> <span class='ocrx_word' id='word_1_151' title='bbox 1985 2259 2119 2314; x_wconf 85' lang='lat' dir='ltr'><strong>sug-</strong></span> 
     </span>
    </p>
   </div>
   <div class='ocr_carea' id='block_1_24' title="bbox 514 2331 2117 2420">
    <p class='ocr_par' dir='ltr' id='par_1_24' title="bbox 514 2331 2117 2420">
     <span class='ocr_line' id='line_1_25' title="bbox 514 2331 2117 2420; baseline -0.014 -15"><span class='ocrx_word' id='word_1_152' title='bbox 514 2347 757 2420; x_wconf 82' lang='lat' dir='ltr'><strong>gestione</strong></span> <span class='ocrx_word' id='word_1_153' title='bbox 786 2349 1071 2402; x_wconf 83' lang='lat' dir='ltr'><strong>venenata,</strong></span> <span class='ocrx_word' id='word_1_154' title='bbox 1131 2344 1186 2392; x_wconf 90' lang='lat' dir='ltr'><strong>et</strong></span> <span class='ocrx_word' id='word_1_155' title='bbox 1232 2335 1486 2391; x_wconf 90' lang='lat' dir='ltr'><strong>omnibus</strong></span> <span class='ocrx_word' id='word_1_156' title='bbox 1531 2349 1596 2389; x_wconf 90' lang='lat' dir='ltr'><strong>ea</strong></span> <span class='ocrx_word' id='word_1_157' title='bbox 1648 2332 1917 2388; x_wconf 85' lang='lat' dir='ltr'><strong>utentibas</strong></span> <span class='ocrx_word' id='word_1_158' title='bbox 1947 2331 2117 2401; x_wconf 87' lang='lat' dir='ltr'><strong>pesti-</strong></span> 
     </span>
    </p>
   </div>
   <div class='ocr_carea' id='block_1_25' title="bbox 516 2418 2114 2497">
    <p class='ocr_par' dir='ltr' id='par_1_25' title="bbox 516 2418 2114 2497">
     <span class='ocr_line' id='line_1_26' title="bbox 516 2418 2114 2497; baseline -0.013 -6"><span class='ocrx_word' id='word_1_159' title='bbox 516 2418 653 2493; x_wconf 75' lang='lat' dir='ltr'><strong>fera.</strong></span> <span class='ocrx_word' id='word_1_160' title='bbox 686 2434 837 2488; x_wconf 87' lang='lat' dir='ltr'><strong>Hanc</strong></span> <span class='ocrx_word' id='word_1_161' title='bbox 866 2431 1033 2495; x_wconf 87' lang='lat' dir='ltr'><strong>Deus,</strong></span> <span class='ocrx_word' id='word_1_162' title='bbox 1070 2426 1159 2497; x_wconf 89' lang='lat' dir='ltr'><strong>qui</strong></span> <span class='ocrx_word' id='word_1_163' title='bbox 1191 2424 1385 2480; x_wconf 84' lang='lat' dir='ltr'><strong>nostris</strong></span> <span class='ocrx_word' id='word_1_164' title='bbox 1443 2421 1529 2494; x_wconf 91' lang='lat' dir='ltr'><strong>pie</strong></span> <span class='ocrx_word' id='word_1_165' title='bbox 1571 2421 1820 2476; x_wconf 87' lang='lat' dir='ltr'><strong>medetur</strong></span> <span class='ocrx_word' id='word_1_166' title='bbox 1858 2418 2114 2491; x_wconf 84' lang='lat' dir='ltr'><strong>peccatis,</strong></span> 
     </span>
    </p>
   </div>
   <div class='ocr_carea' id='block_1_26' title="bbox 515 2508 2114 2598">
    <p class='ocr_par' dir='ltr' id='par_1_26' title="bbox 515 2508 2114 2598">
     <span class='ocr_line' id='line_1_27' title="bbox 515 2508 2114 2598; baseline -0.014 -17"><span class='ocrx_word' id='word_1_167' title='bbox 515 2524 706 2598; x_wconf 83' lang='lat' dir='ltr'><strong>primis</strong></span> <span class='ocrx_word' id='word_1_168' title='bbox 733 2519 954 2575; x_wconf 85' lang='lat' dir='ltr'><strong>humani</strong></span> <span class='ocrx_word' id='word_1_169' title='bbox 1011 2515 1226 2589; x_wconf 82' lang='lat' dir='ltr'><strong>generis</strong></span> <span class='ocrx_word' id='word_1_170' title='bbox 1286 2511 1595 2584; x_wconf 88' lang='lat' dir='ltr'><strong>parentibus</strong></span> <span class='ocrx_word' id='word_1_171' title='bbox 1650 2508 1944 2573; x_wconf 80' lang='lat' dir='ltr'><strong>interdixit,</strong></span> <span class='ocrx_word' id='word_1_172' title='bbox 1995 2523 2114 2561; x_wconf 92' lang='lat' dir='ltr'><strong>cum</strong></span> 
     </span>
    </p>
   </div>
   <div class='ocr_carea' id='block_1_27' title="bbox 516 2597 2118 2675">
    <p class='ocr_par' dir='ltr' id='par_1_27' title="bbox 516 2597 2118 2675">
     <span class='ocr_line' id='line_1_28' title="bbox 516 2597 2118 2675; baseline -0.014 -5"><span class='ocrx_word' id='word_1_173' title='bbox 516 2597 615 2670; x_wconf 78' lang='lat' dir='ltr'><strong>eos</strong></span> <span class='ocrx_word' id='word_1_174' title='bbox 666 2608 955 2667; x_wconf 86' lang='lat' dir='ltr'><strong>comedere</strong></span> <span class='ocrx_word' id='word_1_175' title='bbox 1012 2620 1238 2675; x_wconf 89' lang='lat' dir='ltr'><strong>pomum</strong></span> <span class='ocrx_word' id='word_1_176' title='bbox 1295 2601 1396 2657; x_wconf 89' lang='lat' dir='ltr'><strong>sub</strong></span> <span class='ocrx_word' id='word_1_177' title='bbox 1453 2600 1642 2654; x_wconf 89' lang='lat' dir='ltr'><strong>mortis</strong></span> <span class='ocrx_word' id='word_1_178' title='bbox 1697 2597 2118 2652; x_wconf 84' lang='lat' dir='ltr'><strong>comminatione</strong></span> 
     </span>
    </p>
   </div>
   <div class='ocr_carea' id='block_1_28' title="bbox 515 2685 2114 2774">
    <p class='ocr_par' dir='ltr' id='par_1_28' title="bbox 515 2685 2114 2774">
     <span class='ocr_line' id='line_1_29' title="bbox 515 2685 2114 2774; baseline -0.012 -17"><span class='ocrx_word' id='word_1_179' title='bbox 515 2700 810 2774; x_wconf 86' lang='lat' dir='ltr'><strong>prohibuit.</strong></span> <span class='ocrx_word' id='word_1_180' title='bbox 843 2695 946 2764; x_wconf 88' lang='lat' dir='ltr'><strong>Qui</strong></span> <span class='ocrx_word' id='word_1_181' title='bbox 977 2694 1102 2766; x_wconf 91' lang='lat' dir='ltr'><strong>quia</strong></span> <span class='ocrx_word' id='word_1_182' title='bbox 1149 2698 1479 2762; x_wconf 77' lang='lat' dir='ltr'><strong>praeceptum</strong></span> <span class='ocrx_word' id='word_1_183' title='bbox 1521 2688 1641 2758; x_wconf 76' lang='lat' dir='ltr'><strong>eius</strong></span> <span class='ocrx_word' id='word_1_184' title='bbox 1678 2685 2009 2758; x_wconf 83' lang='lat' dir='ltr'><strong>transgressi</strong></span> <span class='ocrx_word' id='word_1_185' title='bbox 2046 2701 2114 2739; x_wconf 82' lang='lat' dir='ltr'><strong>ex</strong></span> 
     </span>
    </p>
   </div>
   <div class='ocr_carea' id='block_1_29' title="bbox 513 2774 2116 2851">
    <p class='ocr_par' dir='ltr' id='par_1_29' title="bbox 513 2774 2116 2851">
     <span class='ocr_line' id='line_1_30' title="bbox 513 2774 2116 2851; baseline -0.012 -4"><span class='ocrx_word' id='word_1_186' title='bbox 513 2807 578 2847; x_wconf 90' lang='lat' dir='ltr'><strong>eo</strong></span> <span class='ocrx_word' id='word_1_187' title='bbox 610 2787 982 2851; x_wconf 84' lang='lat' dir='ltr'><strong>comederunt,</strong></span> <span class='ocrx_word' id='word_1_188' title='bbox 1017 2798 1144 2837; x_wconf 76' lang='lat' dir='ltr'><strong>mox</strong></span> <span class='ocrx_word' id='word_1_189' title='bbox 1171 2789 1488 2850; x_wconf 88' lang='lat' dir='ltr'><strong>peccatores</strong></span> <span class='ocrx_word' id='word_1_190' title='bbox 1520 2776 1716 2842; x_wconf 68' lang='lat' dir='ltr'><strong>effecti,</strong></span> <span class='ocrx_word' id='word_1_191' title='bbox 1749 2784 1801 2831; x_wconf 89' lang='lat' dir='ltr'><strong>et</strong></span> <span class='ocrx_word' id='word_1_192' title='bbox 1850 2777 1905 2828; x_wconf 89' lang='lat' dir='ltr'><strong>in</strong></span> <span class='ocrx_word' id='word_1_193' title='bbox 1934 2774 2116 2828; x_wconf 89' lang='lat' dir='ltr'><strong>anima</strong></span> 
     </span>
    </p>
   </div>
   <div class='ocr_carea' id='block_1_30' title="bbox 511 2862 2116 2946">
    <p class='ocr_par' dir='ltr' id='par_1_30' title="bbox 511 2862 2116 2946">
     <span class='ocr_line' id='line_1_31' title="bbox 511 2862 2116 2946; baseline -0.017 -10"><span class='ocrx_word' id='word_1_194' title='bbox 511 2878 734 2946; x_wconf 89' lang='lat' dir='ltr'><strong>mortui,</strong></span> <span class='ocrx_word' id='word_1_195' title='bbox 766 2883 1052 2946; x_wconf 82' lang='lat' dir='ltr'><strong>postquam</strong></span> <span class='ocrx_word' id='word_1_196' title='bbox 1086 2870 1222 2924; x_wconf 87' lang='lat' dir='ltr'><strong>alios</strong></span> <span class='ocrx_word' id='word_1_197' title='bbox 1263 2875 1579 2937; x_wconf 77' lang='lat' dir='ltr'><strong>peccatores</strong></span> <span class='ocrx_word' id='word_1_198' title='bbox 1622 2871 1924 2935; x_wconf 80' lang='lat' dir='ltr'><strong>genuerunt</strong></span> <span class='ocrx_word' id='word_1_199' title='bbox 1952 2862 2032 2929; x_wconf 63' lang='lat'><strong>&quot;5,</strong></span> <span class='ocrx_word' id='word_1_200' title='bbox 2065 2872 2116 2916; x_wconf 71' lang='lat' dir='ltr'><strong>ei</strong></span> 
     </span>
    </p>
   </div>
   <div class='ocr_carea' id='block_1_31' title="bbox 514 2952 2113 3040">
    <p class='ocr_par' dir='ltr' id='par_1_31' title="bbox 514 2952 2113 3040">
     <span class='ocr_line' id='line_1_32' title="bbox 514 2952 2113 3040; baseline -0.012 -16"><span class='ocrx_word' id='word_1_201' title='bbox 514 2969 617 3040; x_wconf 88' lang='lat' dir='ltr'><strong>ipsi</strong></span> <span class='ocrx_word' id='word_1_202' title='bbox 666 2980 827 3021; x_wconf 86' lang='lat' dir='ltr'><strong>carne</strong></span> <span class='ocrx_word' id='word_1_203' title='bbox 884 2960 1078 3016; x_wconf 85' lang='lat' dir='ltr'><strong>mortui</strong></span> <span class='ocrx_word' id='word_1_204' title='bbox 1134 2965 1273 3011; x_wconf 89' lang='lat' dir='ltr'><strong>sunt.</strong></span> <span class='ocrx_word' id='word_1_205' title='bbox 1320 2955 1578 3010; x_wconf 87' lang='lat' dir='ltr'><strong>Homines</strong></span> <span class='ocrx_word' id='word_1_206' title='bbox 1633 2960 1812 3008; x_wconf 90' lang='lat' dir='ltr'><strong>tamen</strong></span> <span class='ocrx_word' id='word_1_207' title='bbox 1867 2952 2113 3006; x_wconf 84' lang='lat' dir='ltr'><strong>eamdem</strong></span> 
     </span>
    </p>
   </div>
   <div class='ocr_carea' id='block_1_32' title="bbox 512 3041 2115 3122">
    <p class='ocr_par' dir='ltr' id='par_1_32' title="bbox 512 3041 2115 3122">
     <span class='ocr_line' id='line_1_33' title="bbox 512 3041 2115 3122; baseline -0.012 -9"><span class='ocrx_word' id='word_1_208' title='bbox 512 3058 842 3113; x_wconf 76' lang='lat' dir='ltr'><strong>voluntatem</strong></span> <span class='ocrx_word' id='word_1_209' title='bbox 865 3065 979 3122; x_wconf 71' lang='lat' dir='ltr'><strong>pra:</strong></span> <span class='ocrx_word' id='word_1_210' title='bbox 1008 3047 1217 3102; x_wconf 63' lang='lat' dir='ltr'><strong>caeteris</strong></span> <span class='ocrx_word' id='word_1_211' title='bbox 1257 3045 1504 3115; x_wconf 87' lang='lat' dir='ltr'><strong>diligunt,</strong></span> <span class='ocrx_word' id='word_1_212' title='bbox 1551 3051 1604 3097; x_wconf 90' lang='lat' dir='ltr'><strong>et</strong></span> <span class='ocrx_word' id='word_1_213' title='bbox 1634 3056 1753 3096; x_wconf 91' lang='lat' dir='ltr'><strong>eam</strong></span> <span class='ocrx_word' id='word_1_214' title='bbox 1807 3041 2115 3096; x_wconf 88' lang='lat' dir='ltr'><strong>immiscent</strong></span> 
     </span>
    </p>
   </div>
   <div class='ocr_carea' id='block_1_33' title="bbox 514 3129 2110 3211">
    <p class='ocr_par' dir='ltr' id='par_1_33' title="bbox 514 3129 2110 3211">
     <span class='ocr_line' id='line_1_34' title="bbox 514 3129 2110 3211; baseline -0.011 -10"><span class='ocrx_word' id='word_1_215' title='bbox 514 3145 768 3201; x_wconf 91' lang='lat' dir='ltr'><strong>omnibus</strong></span> <span class='ocrx_word' id='word_1_216' title='bbox 798 3155 937 3211; x_wconf 89' lang='lat' dir='ltr'><strong>pene</strong></span> <span class='ocrx_word' id='word_1_217' title='bbox 964 3153 1084 3208; x_wconf 68' lang='lat' dir='ltr'><strong>qua:</strong></span> <span class='ocrx_word' id='word_1_218' title='bbox 1107 3142 1296 3206; x_wconf 85' lang='lat' dir='ltr'><strong>agunt.</strong></span> <span class='ocrx_word' id='word_1_219' title='bbox 1337 3131 1481 3186; x_wconf 82' lang='lat' dir='ltr'><strong>Nihil</strong></span> <span class='ocrx_word' id='word_1_220' title='bbox 1519 3131 1698 3201; x_wconf 83' lang='lat' dir='ltr'><strong>itaque</strong></span> <span class='ocrx_word' id='word_1_221' title='bbox 1746 3130 1863 3184; x_wconf 90' lang='lat' dir='ltr'><strong>istis</strong></span> <span class='ocrx_word' id='word_1_222' title='bbox 1893 3129 2110 3183; x_wconf 88' lang='lat' dir='ltr'><strong>demen-</strong></span> 
     </span>
    </p>
   </div>
   <div class='ocr_carea' id='block_1_34' title="bbox 515 3220 1777 3304">
    <p class='ocr_par' dir='ltr' id='par_1_34' title="bbox 515 3220 1777 3304">
     <span class='ocr_line' id='line_1_35' title="bbox 515 3220 1777 3304; baseline -0.016 -13"><span class='ocrx_word' id='word_1_223' title='bbox 515 3235 616 3290; x_wconf 88' lang='lat' dir='ltr'><strong>tius</strong></span> <span class='ocrx_word' id='word_1_224' title='bbox 647 3232 741 3304; x_wconf 88' lang='lat' dir='ltr'><strong>qui</strong></span> <span class='ocrx_word' id='word_1_225' title='bbox 771 3228 904 3285; x_wconf 89' lang='lat' dir='ltr'><strong>nihil</strong></span> <span class='ocrx_word' id='word_1_226' title='bbox 937 3235 1159 3282; x_wconf 86' lang='lat' dir='ltr'><strong>utuntur</strong></span> <span class='ocrx_word' id='word_1_227' title='bbox 1186 3239 1280 3278; x_wconf 90' lang='lat' dir='ltr'><strong>sua</strong></span> <span class='ocrx_word' id='word_1_228' title='bbox 1303 3230 1476 3277; x_wconf 89' lang='lat' dir='ltr'><strong>morte</strong></span> <span class='ocrx_word' id='word_1_229' title='bbox 1505 3220 1777 3276; x_wconf 81' lang='lat' dir='ltr'><strong>libentius.</strong></span> 
     </span>
    </p>
   </div>
   <div class='ocr_carea' id='block_1_35' title="bbox 1058 3328 1570 3387">
    <p class='ocr_par' dir='ltr' id='par_1_35' title="bbox 1058 3328 1570 3387">
     <span class='ocr_line' id='line_1_36' title="bbox 1058 3328 1570 3387; baseline -0.014 0"><span class='ocrx_word' id='word_1_230' title='bbox 1058 3331 1280 3387; x_wconf 82' lang='lat' dir='ltr'><strong>CAPUT</strong></span> <span class='ocrx_word' id='word_1_231' title='bbox 1310 3328 1570 3383; x_wconf 87' lang='lat' dir='ltr'><strong>XXXIX.</strong></span> 
     </span>
    </p>
   </div>
   <div class='ocr_carea' id='block_1_36' title="bbox 514 3413 2111 3499">
    <p class='ocr_par' dir='ltr' id='par_1_36' title="bbox 514 3413 2111 3499">
     <span class='ocr_line' id='line_1_37' title="bbox 514 3413 2111 3499; baseline -0.012 -12"><span class='ocrx_word' id='word_1_232' title='bbox 514 3431 773 3488; x_wconf 74' lang='lat' dir='ltr'><strong>(Istensio</strong></span> <span class='ocrx_word' id='word_1_233' title='bbox 813 3423 1079 3499; x_wconf 74' lang='lat' dir='ltr'><strong>quomodo</strong></span> <span class='ocrx_word' id='word_1_234' title='bbox 1125 3421 1368 3499; x_wconf 61' lang='lat' dir='ltr'><strong>prgpriw</strong></span> <span class='ocrx_word' id='word_1_235' title='bbox 1406 3416 1700 3499; x_wconf 35' lang='lat' dir='ltr'><strong>coluntnti‘</strong></span> <span class='ocrx_word' id='word_1_236' title='bbox 1733 3415 1923 3470; x_wconf 82' lang='lat' dir='ltr'><strong>omnia</strong></span> <span class='ocrx_word' id='word_1_237' title='bbox 1972 3413 2111 3468; x_wconf 84' lang='lat' dir='ltr'><strong>vitia</strong></span> 
     </span>
    </p>
   </div>
   <div class='ocr_carea' id='block_1_37' title="bbox 895 3489 1728 3550">
    <p class='ocr_par' dir='ltr' id='par_1_37' title="bbox 895 3489 1728 3550">
     <span class='ocr_line' id='line_1_38' title="bbox 895 3489 1728 3550; baseline -0.014 1"><span class='ocrx_word' id='word_1_238' title='bbox 895 3489 1150 3550; x_wconf 77' lang='lat' dir='ltr'><strong>militent</strong></span> <span class='ocrx_word' id='word_1_239' title='bbox 1169 3489 1229 3518; x_wconf 80' lang='grc'><strong>⁸⁷⁸</strong></span> <span class='ocrx_word' id='word_1_240' title='bbox 1260 3506 1360 3545; x_wconf 80' lang='lat' dir='ltr'><strong>seu</strong></span> <span class='ocrx_word' id='word_1_241' title='bbox 1383 3490 1728 3544; x_wconf 74' lang='lat' dir='ltr'><strong>deserviant.</strong></span> 
     </span>
    </p>
   </div>
   <div class='ocr_carea' id='block_1_38' title="bbox 585 3575 2108 3655">
    <p class='ocr_par' dir='ltr' id='par_1_38' title="bbox 585 3575 2108 3655">
     <span class='ocr_line' id='line_1_39' title="bbox 585 3575 2108 3655; baseline -0.013 -11"><span class='ocrx_word' id='word_1_242' title='bbox 585 3589 720 3645; x_wconf 84' lang='lat' dir='ltr'><strong>Huic</strong></span> <span class='ocrx_word' id='word_1_243' title='bbox 747 3585 981 3655; x_wconf 84' lang='lat' dir='ltr'><strong>denique</strong></span> <span class='ocrx_word' id='word_1_244' title='bbox 1013 3581 1245 3654; x_wconf 69' lang='lat' dir='ltr'><strong>prOpriae</strong></span> <span class='ocrx_word' id='word_1_245' title='bbox 1290 3575 1574 3641; x_wconf 82' lang='lat' dir='ltr'><strong>voluntati,</strong></span> <span class='ocrx_word' id='word_1_246' title='bbox 1625 3581 1909 3645; x_wconf 85' lang='lat' dir='ltr'><strong>postquam</strong></span> <span class='ocrx_word' id='word_1_247' title='bbox 1954 3587 2108 3627; x_wconf 91' lang='lat' dir='ltr'><strong>suam</strong></span> 
     </span>
    </p>
   </div>
   <div class='ocr_carea' id='block_1_39' title="bbox 515 3661 2109 3734">
    <p class='ocr_par' dir='ltr' id='par_1_39' title="bbox 515 3661 2109 3734">
     <span class='ocr_line' id='line_1_40' title="bbox 515 3661 2109 3734; baseline -0.012 0"><span class='ocrx_word' id='word_1_248' title='bbox 515 3680 569 3734; x_wconf 92' lang='lat' dir='ltr'><strong>in</strong></span> <span class='ocrx_word' id='word_1_249' title='bbox 611 3675 827 3732; x_wconf 86' lang='lat' dir='ltr'><strong>homine</strong></span> <span class='ocrx_word' id='word_1_250' title='bbox 866 3672 1053 3726; x_wconf 89' lang='lat' dir='ltr'><strong>sedem</strong></span> <span class='ocrx_word' id='word_1_251' title='bbox 1097 3661 1536 3731; x_wconf 60' lang='lat' dir='ltr'><strong>constituerit”,</strong></span> <span class='ocrx_word' id='word_1_252' title='bbox 1577 3663 1679 3716; x_wconf 88' lang='lat' dir='ltr'><strong>alia</strong></span> <span class='ocrx_word' id='word_1_253' title='bbox 1721 3663 1977 3716; x_wconf 88' lang='lat' dir='ltr'><strong>vitiorum</strong></span> <span class='ocrx_word' id='word_1_254' title='bbox 2009 3676 2109 3732; x_wconf 82' lang='lat' dir='ltr'><strong>ge-</strong></span> 
     </span>
    </p>
   </div>
   <div class='ocr_carea' id='block_1_40' title="bbox 517 3749 2116 3825">
    <p class='ocr_par' dir='ltr' id='par_1_40' title="bbox 517 3749 2116 3825">
     <span class='ocr_line' id='line_1_41' title="bbox 517 3749 2116 3825; baseline -0.011 -4"><span class='ocrx_word' id='word_1_255' title='bbox 517 3780 646 3822; x_wconf 89' lang='lat' dir='ltr'><strong>nera</strong></span> <span class='ocrx_word' id='word_1_256' title='bbox 703 3761 964 3824; x_wconf 89' lang='lat' dir='ltr'><strong>serviunt,</strong></span> <span class='ocrx_word' id='word_1_257' title='bbox 1005 3756 1156 3825; x_wconf 89' lang='lat' dir='ltr'><strong>quasi</strong></span> <span class='ocrx_word' id='word_1_258' title='bbox 1211 3755 1414 3808; x_wconf 88' lang='lat' dir='ltr'><strong>mitites</strong></span> <span class='ocrx_word' id='word_1_259' title='bbox 1469 3760 1633 3805; x_wconf 86' lang='lat' dir='ltr'><strong>terras</strong></span> <span class='ocrx_word' id='word_1_260' title='bbox 1690 3757 1948 3815; x_wconf 88' lang='lat' dir='ltr'><strong>tenentes,</strong></span> <span class='ocrx_word' id='word_1_261' title='bbox 2009 3749 2116 3804; x_wconf 90' lang='lat' dir='ltr'><strong>alia</strong></span> 
     </span>
    </p>
   </div>
   <div class='ocr_carea' id='block_1_41' title="bbox 473 3835 2114 3920">
    <p class='ocr_par' dir='ltr' id='par_1_41' title="bbox 473 3835 2114 3920">
     <span class='ocr_line' id='line_1_42' title="bbox 473 3835 2114 3920; baseline -0.011 -10"><span class='ocrx_word' id='word_1_262' title='bbox 473 3903 480 3909; x_wconf 83' lang='lat'><strong>.</strong></span> <span class='ocrx_word' id='word_1_263' title='bbox 515 3854 662 3910; x_wconf 90' lang='lat' dir='ltr'><strong>velut</strong></span> <span class='ocrx_word' id='word_1_264' title='bbox 693 3866 796 3920; x_wconf 90' lang='lat' dir='ltr'><strong>pro</strong></span> <span class='ocrx_word' id='word_1_265' title='bbox 849 3846 1095 3903; x_wconf 85' lang='lat' dir='ltr'><strong>solidatis</strong></span> <span class='ocrx_word' id='word_1_266' title='bbox 1154 3842 1461 3896; x_wconf 87' lang='lat' dir='ltr'><strong>militantes.</strong></span> <span class='ocrx_word' id='word_1_267' title='bbox 1509 3839 1607 3894; x_wconf 89' lang='lat' dir='ltr'><strong>llla</strong></span> <span class='ocrx_word' id='word_1_268' title='bbox 1652 3838 1850 3892; x_wconf 87' lang='lat' dir='ltr'><strong>etenim</strong></span> <span class='ocrx_word' id='word_1_269' title='bbox 1879 3835 1938 3864; x_wconf 75' lang='grc'><strong>³⁷³</strong></span> <span class='ocrx_word' id='word_1_270' title='bbox 1981 3837 2114 3893; x_wconf 85' lang='lat' dir='ltr'><strong>vitia</strong></span> 
     </span>
    </p>
   </div>
   <div class='ocr_carea' id='block_1_42' title="bbox 513 3925 2115 4017">
    <p class='ocr_par' dir='ltr' id='par_1_42' title="bbox 513 3925 2115 4017">
     <span class='ocr_line' id='line_1_43' title="bbox 513 3925 2115 4017; baseline -0.013 -18"><span class='ocrx_word' id='word_1_271' title='bbox 513 3941 670 4017; x_wconf 88' lang='lat' dir='ltr'><strong>quasi</strong></span> <span class='ocrx_word' id='word_1_272' title='bbox 700 3949 872 3994; x_wconf 90' lang='lat' dir='ltr'><strong>terras</strong></span> <span class='ocrx_word' id='word_1_273' title='bbox 901 3942 1162 3998; x_wconf 89' lang='lat' dir='ltr'><strong>tenentes,</strong></span> <span class='ocrx_word' id='word_1_274' title='bbox 1196 3930 1248 3986; x_wconf 93' lang='lat' dir='ltr'><strong>ei</strong></span> <span class='ocrx_word' id='word_1_275' title='bbox 1278 3928 1555 4017; x_wconf 86' lang='lat' dir='ltr'><strong>obediunt,</strong></span> <span class='ocrx_word' id='word_1_276' title='bbox 1616 3942 1736 4017; x_wconf 63' lang='lat' dir='ltr'><strong>qua)</strong></span> <span class='ocrx_word' id='word_1_277' title='bbox 1781 3940 1878 4017; x_wconf 71' lang='lat' dir='ltr'><strong>pro</strong></span> <span class='ocrx_word' id='word_1_278' title='bbox 1909 3925 2115 4017; x_wconf 8' lang='lat' dir='ltr'><strong>seipgsis</strong></span> 
     </span>
    </p>
   </div>
   <div class='ocr_carea' id='block_1_43' title="bbox 519 4013 2113 4088">
    <p class='ocr_par' dir='ltr' id='par_1_43' title="bbox 519 4013 2113 4088">
     <span class='ocr_line' id='line_1_44' title="bbox 519 4013 2113 4088; baseline -0.013 0"><span class='ocrx_word' id='word_1_279' title='bbox 519 4013 575 4088; x_wconf 78' lang='lat' dir='ltr'><strong>in</strong></span> <span class='ocrx_word' id='word_1_280' title='bbox 606 4025 914 4086; x_wconf 89' lang='lat' dir='ltr'><strong>hominibus</strong></span> <span class='ocrx_word' id='word_1_281' title='bbox 936 4022 1255 4086; x_wconf 88' lang='lat' dir='ltr'><strong>consistunt,</strong></span> <span class='ocrx_word' id='word_1_282' title='bbox 1304 4026 1362 4072; x_wconf 91' lang='lat' dir='ltr'><strong>ut</strong></span> <span class='ocrx_word' id='word_1_283' title='bbox 1415 4015 1760 4071; x_wconf 87' lang='lat' dir='ltr'><strong>adulterium.</strong></span> <span class='ocrx_word' id='word_1_284' title='bbox 1819 4013 1922 4083; x_wconf 89' lang='lat' dir='ltr'><strong>Qui</strong></span> <span class='ocrx_word' id='word_1_285' title='bbox 1971 4015 2113 4069; x_wconf 89' lang='lat' dir='ltr'><strong>enim</strong></span> 
     </span>
    </p>
   </div>
   <div class='ocr_carea' id='block_1_44' title="bbox 517 4103 2112 4182">
    <p class='ocr_par' dir='ltr' id='par_1_44' title="bbox 517 4103 2112 4182">
     <span class='ocr_line' id='line_1_45' title="bbox 517 4103 2112 4182; baseline -0.014 -4"><span class='ocrx_word' id='word_1_286' title='bbox 517 4121 867 4182; x_wconf 87' lang='lat' dir='ltr'><strong>adulteratur,</strong></span> <span class='ocrx_word' id='word_1_287' title='bbox 887 4114 991 4168; x_wconf 90' lang='lat' dir='ltr'><strong>hoc</strong></span> <span class='ocrx_word' id='word_1_288' title='bbox 1021 4127 1085 4166; x_wconf 90' lang='lat' dir='ltr'><strong>ea</strong></span> <span class='ocrx_word' id='word_1_289' title='bbox 1112 4109 1288 4165; x_wconf 91' lang='lat' dir='ltr'><strong>solum</strong></span> <span class='ocrx_word' id='word_1_290' title='bbox 1319 4105 1448 4161; x_wconf 80' lang='lat' dir='ltr'><strong>facit</strong></span> <span class='ocrx_word' id='word_1_291' title='bbox 1493 4105 1560 4159; x_wconf 88' lang='lat' dir='ltr'><strong>de</strong></span> <span class='ocrx_word' id='word_1_292' title='bbox 1610 4119 1795 4169; x_wconf 89' lang='lat' dir='ltr'><strong>causa,</strong></span> <span class='ocrx_word' id='word_1_293' title='bbox 1838 4103 1963 4174; x_wconf 88' lang='lat' dir='ltr'><strong>quia</strong></span> <span class='ocrx_word' id='word_1_294' title='bbox 1989 4119 2112 4158; x_wconf 91' lang='lat' dir='ltr'><strong>eum</strong></span> 
     </span>
    </p>
   </div>
   <div class='ocr_carea' id='block_1_45' title="bbox 515 4193 2116 4277">
    <p class='ocr_par' dir='ltr' id='par_1_45' title="bbox 515 4193 2116 4277">
     <span class='ocr_line' id='line_1_46' title="bbox 515 4193 2116 4277; baseline -0.017 -10"><span class='ocrx_word' id='word_1_295' title='bbox 515 4211 704 4268; x_wconf 84' lang='lat' dir='ltr'><strong>vitium</strong></span> <span class='ocrx_word' id='word_1_296' title='bbox 735 4207 907 4277; x_wconf 88' lang='lat' dir='ltr'><strong>ipsum</strong></span> <span class='ocrx_word' id='word_1_297' title='bbox 967 4200 1222 4256; x_wconf 88' lang='lat' dir='ltr'><strong>delectat.</strong></span> <span class='ocrx_word' id='word_1_298' title='bbox 1256 4198 1353 4251; x_wconf 90' lang='lat' dir='ltr'><strong>Illa</strong></span> <span class='ocrx_word' id='word_1_299' title='bbox 1396 4210 1526 4250; x_wconf 89' lang='lat' dir='ltr'><strong>vero</strong></span> <span class='ocrx_word' id='word_1_300' title='bbox 1582 4195 1823 4249; x_wconf 87' lang='lat' dir='ltr'><strong>serviunt</strong></span> <span class='ocrx_word' id='word_1_301' title='bbox 1865 4193 1935 4261; x_wconf 91' lang='lat' dir='ltr'><strong>ei,</strong></span> <span class='ocrx_word' id='word_1_302' title='bbox 1967 4193 2116 4249; x_wconf 75' lang='lat' dir='ltr'><strong>velut</strong></span> 
     </span>
    </p>
   </div>
   <div class='ocr_carea' id='block_1_46' title="bbox 511 4283 2111 4364">
    <p class='ocr_par' dir='ltr' id='par_1_46' title="bbox 511 4283 2111 4364">
     <span class='ocr_line' id='line_1_47' title="bbox 511 4283 2111 4364; baseline -0.014 -8"><span class='ocrx_word' id='word_1_303' title='bbox 511 4299 806 4356; x_wconf 90' lang='lat' dir='ltr'><strong>militantes</strong></span> <span class='ocrx_word' id='word_1_304' title='bbox 837 4308 932 4364; x_wconf 91' lang='lat' dir='ltr'><strong>pro</strong></span> <span class='ocrx_word' id='word_1_305' title='bbox 953 4288 1222 4352; x_wconf 85' lang='lat' dir='ltr'><strong>solidatis,</strong></span> <span class='ocrx_word' id='word_1_306' title='bbox 1275 4301 1395 4355; x_wconf 67' lang='lat' dir='ltr'><strong>quae</strong></span> <span class='ocrx_word' id='word_1_307' title='bbox 1441 4292 1558 4338; x_wconf 87' lang='lat' dir='ltr'><strong>sunt</strong></span> <span class='ocrx_word' id='word_1_308' title='bbox 1616 4284 1672 4336; x_wconf 93' lang='lat' dir='ltr'><strong>in</strong></span> <span class='ocrx_word' id='word_1_309' title='bbox 1728 4283 1964 4348; x_wconf 88' lang='lat' dir='ltr'><strong>homine,</strong></span> <span class='ocrx_word' id='word_1_310' title='bbox 2015 4297 2111 4353; x_wconf 89' lang='lat' dir='ltr'><strong>pro</strong></span> 
     </span>
    </p>
   </div>
   <div class='ocr_carea' id='block_1_47' title="bbox 508 4370 2108 4447">
    <p class='ocr_par' dir='ltr' id='par_1_47' title="bbox 508 4370 2108 4447">
     <span class='ocr_line' id='line_1_48' title="bbox 508 4370 2108 4447; baseline -0.014 -2"><span class='ocrx_word' id='word_1_311' title='bbox 508 4391 632 4446; x_wconf 89' lang='lat' dir='ltr'><strong>aliis</strong></span> <span class='ocrx_word' id='word_1_312' title='bbox 661 4385 803 4443; x_wconf 89' lang='lat' dir='ltr'><strong>vitiis</strong></span> <span class='ocrx_word' id='word_1_313' title='bbox 830 4379 890 4412; x_wconf 74' lang='grc'><strong>³⁷⁸</strong></span> <span class='ocrx_word' id='word_1_314' title='bbox 925 4399 938 4435; x_wconf 89' lang='lat'><strong>:</strong></span> <span class='ocrx_word' id='word_1_315' title='bbox 973 4388 1036 4434; x_wconf 93' lang='lat' dir='ltr'><strong>ut</strong></span> <span class='ocrx_word' id='word_1_316' title='bbox 1065 4376 1335 4447; x_wconf 87' lang='lat' dir='ltr'><strong>cupiditas</strong></span> <span class='ocrx_word' id='word_1_317' title='bbox 1363 4373 1719 4443; x_wconf 88' lang='lat' dir='ltr'><strong>pretiosarum</strong></span> <span class='ocrx_word' id='word_1_318' title='bbox 1749 4370 1978 4425; x_wconf 90' lang='lat' dir='ltr'><strong>vestium</strong></span> <span class='ocrx_word' id='word_1_319' title='bbox 2012 4386 2108 4442; x_wconf 89' lang='lat' dir='ltr'><strong>pro</strong></span> 
     </span>
    </p>
   </div>
   <div class='ocr_carea' id='block_1_48' title="bbox 1548 279 2840 340">
    <p class='ocr_par' dir='ltr' id='par_1_48' title="bbox 1548 279 2840 340">
     <span class='ocr_line' id='line_1_49' title="bbox 1548 279 2840 340; baseline -0.002 0"><span class='ocrx_word' id='word_1_320' title='bbox 1548 282 1860 340; x_wconf 77' lang='lat' dir='ltr'><strong>EADMERI</strong></span> <span class='ocrx_word' id='word_1_321' title='bbox 1899 279 2242 336; x_wconf 82' lang='lat' dir='ltr'><strong>MONACHII</strong></span> <span class='ocrx_word' id='word_1_322' title='bbox 2278 283 2840 340; x_wconf 76' lang='lat' dir='ltr'><strong>CANTUARIENSIS</strong></span> 
     </span>
    </p>
   </div>
   <div class='ocr_carea' id='block_1_49' title="bbox 3749 299 3840 350">
    <p class='ocr_par' dir='ltr' id='par_1_49' title="bbox 3749 299 3840 350">
     <span class='ocr_line' id='line_1_50' title="bbox 3749 299 3840 350; baseline 0.022 -2"><span class='ocrx_word' id='word_1_323' title='bbox 3749 299 3840 350; x_wconf 75' lang='lat'><strong>620</strong></span> 
     </span>
    </p>
   </div>
   <div class='ocr_carea' id='block_1_50' title="bbox 2165 405 3840 490">
    <p class='ocr_par' dir='ltr' id='par_1_50' title="bbox 2165 405 3840 490">
     <span class='ocr_line' id='line_1_51' title="bbox 2165 405 3840 490; baseline 0.009 -31"><span class='ocrx_word' id='word_1_324' title='bbox 2165 405 2221 467; x_wconf 86' lang='lat' dir='ltr'><strong>A</strong></span> <span class='ocrx_word' id='word_1_325' title='bbox 2251 407 2544 478; x_wconf 85' lang='lat' dir='ltr'><strong>aliquando</strong></span> <span class='ocrx_word' id='word_1_326' title='bbox 2582 410 2807 465; x_wconf 88' lang='lat' dir='ltr'><strong>alterum</strong></span> <span class='ocrx_word' id='word_1_327' title='bbox 2856 409 3007 465; x_wconf 88' lang='lat' dir='ltr'><strong>alteri</strong></span> <span class='ocrx_word' id='word_1_328' title='bbox 3061 412 3251 481; x_wconf 88' lang='lat' dir='ltr'><strong>credit,</strong></span> <span class='ocrx_word' id='word_1_329' title='bbox 3297 423 3354 468; x_wconf 90' lang='lat' dir='ltr'><strong>ut</strong></span> <span class='ocrx_word' id='word_1_330' title='bbox 3399 415 3612 471; x_wconf 85' lang='lat' dir='ltr'><strong>luxuria</strong></span> <span class='ocrx_word' id='word_1_331' title='bbox 3658 417 3840 490; x_wconf 61' lang='lat' dir='ltr'><strong>gloria</strong></span> 
     </span>
    </p>
   </div>
   <div class='ocr_carea' id='block_1_51' title="bbox 2143 3100 2193 3162">
    <p class='ocr_par' dir='ltr' id='par_1_51' title="bbox 2143 3100 2193 3162">
     <span class='ocr_line' id='line_1_52' title="bbox 2143 3100 2193 3162; baseline 0 0"><span class='ocrx_word' id='word_1_332' title='bbox 2143 3100 2193 3162; x_wconf 90' lang='lat' dir='ltr'><strong>C</strong></span> 
     </span>
    </p>
   </div>
   <div class='ocr_carea' id='block_1_52' title="bbox 2247 495 3843 574">
    <p class='ocr_par' dir='ltr' id='par_1_52' title="bbox 2247 495 3843 574">
     <span class='ocr_line' id='line_1_53' title="bbox 2247 495 3843 574; baseline 0.007 -24"><span class='ocrx_word' id='word_1_333' title='bbox 2247 495 2410 551; x_wconf 88' lang='lat' dir='ltr'><strong>inani.</strong></span> <span class='ocrx_word' id='word_1_334' title='bbox 2445 498 2757 568; x_wconf 89' lang='lat' dir='ltr'><strong>Aliquando</strong></span> <span class='ocrx_word' id='word_1_335' title='bbox 2811 499 2954 553; x_wconf 90' lang='lat' dir='ltr'><strong>enim</strong></span> <span class='ocrx_word' id='word_1_336' title='bbox 3011 501 3222 555; x_wconf 84' lang='lat' dir='ltr'><strong>luxuria</strong></span> <span class='ocrx_word' id='word_1_337' title='bbox 3275 503 3571 574; x_wconf 88' lang='lat' dir='ltr'><strong>repellitur,</strong></span> <span class='ocrx_word' id='word_1_338' title='bbox 3624 523 3696 561; x_wconf 89' lang='lat' dir='ltr'><strong>ne</strong></span> <span class='ocrx_word' id='word_1_339' title='bbox 3735 507 3843 561; x_wconf 86' lang='lat' dir='ltr'><strong>laus</strong></span> 
     </span>
    </p>
   </div>
   <div class='ocr_carea' id='block_1_53' title="bbox 2245 585 3842 660">
    <p class='ocr_par' dir='ltr' id='par_1_53' title="bbox 2245 585 3842 660">
     <span class='ocr_line' id='line_1_54' title="bbox 2245 585 3842 660; baseline 0.007 -21"><span class='ocrx_word' id='word_1_340' title='bbox 2245 585 2533 655; x_wconf 85' lang='lat' dir='ltr'><strong>concupita</strong></span> <span class='ocrx_word' id='word_1_341' title='bbox 2559 587 2844 656; x_wconf 85' lang='lat' dir='ltr'><strong>perdatur.</strong></span> <span class='ocrx_word' id='word_1_342' title='bbox 2886 586 3084 643; x_wconf 91' lang='lat' dir='ltr'><strong>Omnia</strong></span> <span class='ocrx_word' id='word_1_343' title='bbox 3108 604 3261 656; x_wconf 89' lang='lat' dir='ltr'><strong>vero,</strong></span> <span class='ocrx_word' id='word_1_344' title='bbox 3311 591 3423 646; x_wconf 90' lang='lat' dir='ltr'><strong>sive</strong></span> <span class='ocrx_word' id='word_1_345' title='bbox 3452 592 3574 660; x_wconf 89' lang='lat' dir='ltr'><strong>hoc,</strong></span> <span class='ocrx_word' id='word_1_346' title='bbox 3607 595 3730 650; x_wconf 82' lang='lat' dir='ltr'><strong>sive</strong></span> <span class='ocrx_word' id='word_1_347' title='bbox 3761 596 3842 651; x_wconf 91' lang='lat' dir='ltr'><strong>illo</strong></span> 
     </span>
    </p>
   </div>
   <div class='ocr_carea' id='block_1_54' title="bbox 2246 674 3840 752">
    <p class='ocr_par' dir='ltr' id='par_1_54' title="bbox 2246 674 3840 752">
     <span class='ocr_line' id='line_1_55' title="bbox 2246 674 3840 752; baseline 0.006 -25"><span class='ocrx_word' id='word_1_348' title='bbox 2246 674 2428 739; x_wconf 91' lang='lat' dir='ltr'><strong>modo,</strong></span> <span class='ocrx_word' id='word_1_349' title='bbox 2462 675 2696 745; x_wconf 78' lang='lat' dir='ltr'><strong>propriae</strong></span> <span class='ocrx_word' id='word_1_350' title='bbox 2725 676 2992 730; x_wconf 85' lang='lat' dir='ltr'><strong>voluntati</strong></span> <span class='ocrx_word' id='word_1_351' title='bbox 3039 677 3367 748; x_wconf 89' lang='lat' dir='ltr'><strong>diaboloque</strong></span> <span class='ocrx_word' id='word_1_352' title='bbox 3418 681 3752 738; x_wconf 83' lang='lat' dir='ltr'><strong>famulantur</strong></span> <span class='ocrx_word' id='word_1_353' title='bbox 3770 684 3840 752; x_wconf 81' lang='grc'><strong>³⁸⁸,</strong></span> 
     </span>
    </p>
   </div>
   <div class='ocr_carea' id='block_1_55' title="bbox 2244 762 3839 837">
    <p class='ocr_par' dir='ltr' id='par_1_55' title="bbox 2244 762 3839 837">
     <span class='ocr_line' id='line_1_56' title="bbox 2244 762 3839 837; baseline 0.008 -22"><span class='ocrx_word' id='word_1_354' title='bbox 2244 778 2273 816; x_wconf 89' lang='lat' dir='ltr'><strong>e</strong></span> <span class='ocrx_word' id='word_1_355' title='bbox 2304 762 2581 833; x_wconf 88' lang='lat' dir='ltr'><strong>quibusin</strong></span> <span class='ocrx_word' id='word_1_356' title='bbox 2609 765 2830 820; x_wconf 90' lang='lat' dir='ltr'><strong>homine</strong></span> <span class='ocrx_word' id='word_1_357' title='bbox 2859 765 3031 820; x_wconf 90' lang='lat' dir='ltr'><strong>tribus</strong></span> <span class='ocrx_word' id='word_1_358' title='bbox 3070 766 3249 822; x_wconf 88' lang='lat' dir='ltr'><strong>modis</strong></span> <span class='ocrx_word' id='word_1_359' title='bbox 3284 779 3565 837; x_wconf 87' lang='lat' dir='ltr'><strong>procreata</strong></span> <span class='ocrx_word' id='word_1_360' title='bbox 3612 788 3839 828; x_wconf 86' lang='lat' dir='ltr'><strong>nascun-</strong></span> 
     </span>
    </p>
   </div>
   <div class='ocr_carea' id='block_1_56' title="bbox 2242 850 3840 926">
    <p class='ocr_par' dir='ltr' id='par_1_56' title="bbox 2242 850 3840 926">
     <span class='ocr_line' id='line_1_57' title="bbox 2242 850 3840 926; baseline 0.008 -22"><span class='ocrx_word' id='word_1_361' title='bbox 2242 858 2330 904; x_wconf 90' lang='lat' dir='ltr'><strong>tur</strong></span> <span class='ocrx_word' id='word_1_362' title='bbox 2358 850 2438 906; x_wconf 85' lang='grc'><strong>³⁸¹.</strong></span> <span class='ocrx_word' id='word_1_363' title='bbox 2473 852 2686 907; x_wconf 88' lang='lat' dir='ltr'><strong>Diaboli</strong></span> <span class='ocrx_word' id='word_1_364' title='bbox 2717 853 2858 908; x_wconf 91' lang='lat' dir='ltr'><strong>enim</strong></span> <span class='ocrx_word' id='word_1_365' title='bbox 2891 855 3262 926; x_wconf 83' lang='lat' dir='ltr'><strong>suggestione,</strong></span> <span class='ocrx_word' id='word_1_366' title='bbox 3296 865 3350 912; x_wconf 90' lang='lat' dir='ltr'><strong>et</strong></span> <span class='ocrx_word' id='word_1_367' title='bbox 3397 859 3573 913; x_wconf 86' lang='lat' dir='ltr'><strong>carnis</strong></span> <span class='ocrx_word' id='word_1_368' title='bbox 3602 859 3840 915; x_wconf 87' lang='lat' dir='ltr'><strong>delecta—</strong></span> 
     </span>
    </p>
   </div>
   <div class='ocr_carea' id='block_1_57' title="bbox 2245 940 3838 1018">
    <p class='ocr_par' dir='ltr' id='par_1_57' title="bbox 2245 940 3838 1018">
     <span class='ocr_line' id='line_1_58' title="bbox 2245 940 3838 1018; baseline 0.008 -26"><span class='ocrx_word' id='word_1_369' title='bbox 2245 940 2408 1008; x_wconf 86' lang='lat' dir='ltr'><strong>tione,</strong></span> <span class='ocrx_word' id='word_1_370' title='bbox 2440 942 2767 1013; x_wconf 87' lang='lat' dir='ltr'><strong>spiritusque</strong></span> <span class='ocrx_word' id='word_1_371' title='bbox 2823 956 3122 1010; x_wconf 89' lang='lat' dir='ltr'><strong>consensu,</strong></span> <span class='ocrx_word' id='word_1_372' title='bbox 3178 947 3602 1018; x_wconf 89' lang='lat' dir='ltr'><strong>unumquodque</strong></span> <span class='ocrx_word' id='word_1_373' title='bbox 3660 950 3838 1004; x_wconf 82' lang='lat' dir='ltr'><strong>vitium</strong></span> 
     </span>
    </p>
   </div>
   <div class='ocr_carea' id='block_1_58' title="bbox 2241 1038 2666 1085">
    <p class='ocr_par' dir='ltr' id='par_1_58' title="bbox 2241 1038 2666 1085">
     <span class='ocr_line' id='line_1_59' title="bbox 2241 1038 2666 1085; baseline 0 -1"><span class='ocrx_word' id='word_1_374' title='bbox 2241 1038 2666 1085; x_wconf 86' lang='lat' dir='ltr'><strong>consummatur.</strong></span> 
     </span>
    </p>
   </div>
   <div class='ocr_carea' id='block_1_59' title="bbox 2802 1119 3261 1176">
    <p class='ocr_par' dir='ltr' id='par_1_59' title="bbox 2802 1119 3261 1176">
     <span class='ocr_line' id='line_1_60' title="bbox 2802 1119 3261 1176; baseline 0.007 -4"><span class='ocrx_word' id='word_1_375' title='bbox 2802 1119 3028 1176; x_wconf 81' lang='lat' dir='ltr'><strong>CAPUT</strong></span> <span class='ocrx_word' id='word_1_376' title='bbox 3060 1121 3151 1174; x_wconf 88' lang='lat' dir='ltr'><strong>XL</strong></span> <span class='ocrx_word' id='word_1_377' title='bbox 3179 1119 3261 1175; x_wconf 82' lang='grc'><strong>⁸⁹².</strong></span> 
     </span>
    </p>
   </div>
   <div class='ocr_carea' id='block_1_60' title="bbox 2241 1206 3838 1280">
    <p class='ocr_par' dir='ltr' id='par_1_60' title="bbox 2241 1206 3838 1280">
     <span class='ocr_line' id='line_1_61' title="bbox 2241 1206 3838 1280; baseline 0.006 -18"><span class='ocrx_word' id='word_1_378' title='bbox 2241 1206 2577 1264; x_wconf 81' lang='lat' dir='ltr'><strong>Simililudo</strong></span> <span class='ocrx_word' id='word_1_379' title='bbox 2608 1208 2764 1263; x_wconf 82' lang='lat' dir='ltr'><strong>inter</strong></span> <span class='ocrx_word' id='word_1_380' title='bbox 2791 1211 3228 1277; x_wconf 77' lang='lat' dir='ltr'><strong>suggestionem,</strong></span> <span class='ocrx_word' id='word_1_381' title='bbox 3247 1210 3838 1280; x_wconf 69' lang='lat' dir='ltr'><strong>delectationem,con-</strong></span> 
     </span>
    </p>
   </div>
   <div class='ocr_carea' id='block_1_61' title="bbox 2743 1284 3310 1336">
    <p class='ocr_par' dir='ltr' id='par_1_61' title="bbox 2743 1284 3310 1336">
     <span class='ocr_line' id='line_1_62' title="bbox 2743 1284 3310 1336; baseline 0.004 -2"><span class='ocrx_word' id='word_1_382' title='bbox 2743 1295 2974 1334; x_wconf 77' lang='lat' dir='ltr'><strong>sensum</strong></span> <span class='ocrx_word' id='word_1_383' title='bbox 3004 1284 3061 1334; x_wconf 81' lang='lat' dir='ltr'><strong>et</strong></span> <span class='ocrx_word' id='word_1_384' title='bbox 3087 1297 3310 1336; x_wconf 86' lang='lat' dir='ltr'><strong>canem.</strong></span> 
     </span>
    </p>
   </div>
   <div class='ocr_carea' id='block_1_62' title="bbox 2309 1364 3835 1442">
    <p class='ocr_par' dir='ltr' id='par_1_62' title="bbox 2309 1364 3835 1442">
     <span class='ocr_line' id='line_1_63' title="bbox 2309 1364 3835 1442; baseline 0.005 -20"><span class='ocrx_word' id='word_1_385' title='bbox 2309 1369 2390 1422; x_wconf 81' lang='lat' dir='ltr'><strong>Ex</strong></span> <span class='ocrx_word' id='word_1_386' title='bbox 2421 1364 2502 1422; x_wconf 86' lang='lat' dir='ltr'><strong>h&#39;is</strong></span> <span class='ocrx_word' id='word_1_387' title='bbox 2531 1367 2698 1439; x_wconf 83' lang='lat' dir='ltr'><strong>igitur</strong></span> <span class='ocrx_word' id='word_1_388' title='bbox 2728 1367 2898 1422; x_wconf 90' lang='lat' dir='ltr'><strong>tribus</strong></span> <span class='ocrx_word' id='word_1_389' title='bbox 2947 1369 3334 1440; x_wconf 79' lang='lat' dir='ltr'><strong>(suggestione</strong></span> <span class='ocrx_word' id='word_1_390' title='bbox 3375 1371 3656 1442; x_wconf 82' lang='lat' dir='ltr'><strong>videlicet,</strong></span> <span class='ocrx_word' id='word_1_391' title='bbox 3691 1375 3835 1430; x_wconf 83' lang='lat' dir='ltr'><strong>dele-</strong></span> 
     </span>
    </p>
   </div>
   <div class='ocr_carea' id='block_1_63' title="bbox 2236 1457 3835 1534">
    <p class='ocr_par' dir='ltr' id='par_1_63' title="bbox 2236 1457 3835 1534">
     <span class='ocr_line' id='line_1_64' title="bbox 2236 1457 3835 1534; baseline 0.003 -23"><span class='ocrx_word' id='word_1_392' title='bbox 2236 1457 2469 1512; x_wconf 91' lang='lat' dir='ltr'><strong>ctatione</strong></span> <span class='ocrx_word' id='word_1_393' title='bbox 2491 1465 2545 1511; x_wconf 92' lang='lat' dir='ltr'><strong>et</strong></span> <span class='ocrx_word' id='word_1_394' title='bbox 2569 1457 2856 1525; x_wconf 88' lang='lat' dir='ltr'><strong>consensu)</strong></span> <span class='ocrx_word' id='word_1_395' title='bbox 2891 1458 3172 1529; x_wconf 85' lang='lat' dir='ltr'><strong>suggestio</strong></span> <span class='ocrx_word' id='word_1_396' title='bbox 3223 1464 3306 1512; x_wconf 90' lang='lat' dir='ltr'><strong>est</strong></span> <span class='ocrx_word' id='word_1_397' title='bbox 3343 1460 3492 1514; x_wconf 87' lang='lat' dir='ltr'><strong>velut</strong></span> <span class='ocrx_word' id='word_1_398' title='bbox 3523 1462 3675 1516; x_wconf 82' lang='lat' dir='ltr'><strong>canis</strong></span> <span class='ocrx_word' id='word_1_399' title='bbox 3705 1479 3835 1534; x_wconf 88' lang='lat' dir='ltr'><strong>pon-</strong></span> 
     </span>
    </p>
   </div>
   <div class='ocr_carea' id='block_1_64' title="bbox 2235 1544 3832 1613">
    <p class='ocr_par' dir='ltr' id='par_1_64' title="bbox 2235 1544 3832 1613">
     <span class='ocr_line' id='line_1_65' title="bbox 2235 1544 3832 1613; baseline 0.006 -15"><span class='ocrx_word' id='word_1_400' title='bbox 2235 1544 2491 1613; x_wconf 85' lang='lat' dir='ltr'><strong>derosus;</strong></span> <span class='ocrx_word' id='word_1_401' title='bbox 2526 1545 2834 1613; x_wconf 86' lang='lat' dir='ltr'><strong>delectatio,</strong></span> <span class='ocrx_word' id='word_1_402' title='bbox 2891 1553 2952 1599; x_wconf 91' lang='lat' dir='ltr'><strong>ut</strong></span> <span class='ocrx_word' id='word_1_403' title='bbox 2997 1545 3134 1600; x_wconf 87' lang='lat' dir='ltr'><strong>levis</strong></span> <span class='ocrx_word' id='word_1_404' title='bbox 3177 1555 3230 1601; x_wconf 92' lang='lat' dir='ltr'><strong>et</strong></span> <span class='ocrx_word' id='word_1_405' title='bbox 3261 1563 3391 1603; x_wconf 91' lang='lat' dir='ltr'><strong>acer</strong></span> <span class='ocrx_word' id='word_1_406' title='bbox 3419 1549 3664 1612; x_wconf 88' lang='lat' dir='ltr'><strong>catulus;</strong></span> <span class='ocrx_word' id='word_1_407' title='bbox 3709 1566 3832 1606; x_wconf 90' lang='lat' dir='ltr'><strong>con-</strong></span> 
     </span>
    </p>
   </div>
   <div class='ocr_carea' id='block_1_65' title="bbox 2234 1633 3830 1702">
    <p class='ocr_par' dir='ltr' id='par_1_65' title="bbox 2234 1633 3830 1702">
     <span class='ocr_line' id='line_1_66' title="bbox 2234 1633 3830 1702; baseline 0.005 -15"><span class='ocrx_word' id='word_1_408' title='bbox 2234 1649 2421 1688; x_wconf 87' lang='lat' dir='ltr'><strong>sensus</strong></span> <span class='ocrx_word' id='word_1_409' title='bbox 2452 1641 2651 1700; x_wconf 87' lang='lat' dir='ltr'><strong>antem,</strong></span> <span class='ocrx_word' id='word_1_410' title='bbox 2685 1633 2844 1702; x_wconf 89' lang='lat' dir='ltr'><strong>quasi</strong></span> <span class='ocrx_word' id='word_1_411' title='bbox 2875 1633 3024 1688; x_wconf 90' lang='lat' dir='ltr'><strong>canis</strong></span> <span class='ocrx_word' id='word_1_412' title='bbox 3058 1634 3210 1689; x_wconf 90' lang='lat' dir='ltr'><strong>fortis</strong></span> <span class='ocrx_word' id='word_1_413' title='bbox 3239 1643 3292 1690; x_wconf 91' lang='lat' dir='ltr'><strong>et</strong></span> <span class='ocrx_word' id='word_1_414' title='bbox 3335 1636 3660 1696; x_wconf 90' lang='lat' dir='ltr'><strong>immensus.</strong></span> <span class='ocrx_word' id='word_1_415' title='bbox 3701 1641 3830 1696; x_wconf 87' lang='lat' dir='ltr'><strong>Pon-</strong></span> 
     </span>
    </p>
   </div>
   <div class='ocr_carea' id='block_1_66' title="bbox 2234 1720 3830 1796">
    <p class='ocr_par' dir='ltr' id='par_1_66' title="bbox 2234 1720 3830 1796">
     <span class='ocr_line' id='line_1_67' title="bbox 2234 1720 3830 1796; baseline 0.005 -21"><span class='ocrx_word' id='word_1_416' title='bbox 2234 1720 2469 1776; x_wconf 86' lang='lat' dir='ltr'><strong>derosus</strong></span> <span class='ocrx_word' id='word_1_417' title='bbox 2515 1722 2715 1776; x_wconf 87' lang='lat' dir='ltr'><strong>etenim</strong></span> <span class='ocrx_word' id='word_1_418' title='bbox 2768 1722 2940 1785; x_wconf 86' lang='lat' dir='ltr'><strong>canis,</strong></span> <span class='ocrx_word' id='word_1_419' title='bbox 3019 1739 3141 1776; x_wconf 93' lang='lat' dir='ltr'><strong>cum</strong></span> <span class='ocrx_word' id='word_1_420' title='bbox 3199 1725 3510 1796; x_wconf 85' lang='lat' dir='ltr'><strong>quempiam</strong></span> <span class='ocrx_word' id='word_1_421' title='bbox 3582 1729 3732 1795; x_wconf 84' lang='lat' dir='ltr'><strong>juxta</strong></span> <span class='ocrx_word' id='word_1_422' title='bbox 3783 1746 3830 1783; x_wconf 80' lang='lat' dir='ltr'><strong>se</strong></span> 
     </span>
    </p>
   </div>
   <div class='ocr_carea' id='block_1_67' title="bbox 2234 1809 3829 1883">
    <p class='ocr_par' dir='ltr' id='par_1_67' title="bbox 2234 1809 3829 1883">
     <span class='ocr_line' id='line_1_68' title="bbox 2234 1809 3829 1883; baseline 0.005 -20"><span class='ocrx_word' id='word_1_423' title='bbox 2234 1815 2605 1864; x_wconf 88' lang='lat' dir='ltr'><strong>transeuntem</strong></span> <span class='ocrx_word' id='word_1_424' title='bbox 2635 1809 2882 1874; x_wconf 90' lang='lat' dir='ltr'><strong>audierit,</strong></span> <span class='ocrx_word' id='word_1_425' title='bbox 2941 1811 3106 1864; x_wconf 88' lang='lat' dir='ltr'><strong>semel</strong></span> <span class='ocrx_word' id='word_1_426' title='bbox 3154 1812 3241 1865; x_wconf 85' lang='lat' dir='ltr'><strong>vel</strong></span> <span class='ocrx_word' id='word_1_427' title='bbox 3297 1813 3380 1867; x_wconf 87' lang='lat' dir='ltr'><strong>bis</strong></span> <span class='ocrx_word' id='word_1_428' title='bbox 3419 1824 3546 1883; x_wconf 87' lang='lat' dir='ltr'><strong>post</strong></span> <span class='ocrx_word' id='word_1_429' title='bbox 3605 1831 3727 1870; x_wconf 89' lang='lat' dir='ltr'><strong>eum</strong></span> <span class='ocrx_word' id='word_1_430' title='bbox 3757 1819 3829 1873; x_wconf 88' lang='lat' dir='ltr'><strong>la—</strong></span> 
     </span>
    </p>
   </div>
   <div class='ocr_carea' id='block_1_68' title="bbox 2233 1898 3824 1966">
    <p class='ocr_par' dir='ltr' id='par_1_68' title="bbox 2233 1898 3824 1966">
     <span class='ocr_line' id='line_1_69' title="bbox 2233 1898 3824 1966; baseline 0.006 -15"><span class='ocrx_word' id='word_1_431' title='bbox 2233 1905 2398 1964; x_wconf 86' lang='lat' dir='ltr'><strong>trans,</strong></span> <span class='ocrx_word' id='word_1_432' title='bbox 2431 1898 2609 1951; x_wconf 88' lang='lat' dir='ltr'><strong>statim</strong></span> <span class='ocrx_word' id='word_1_433' title='bbox 2635 1898 2880 1966; x_wconf 89' lang='lat' dir='ltr'><strong>quiescil,</strong></span> <span class='ocrx_word' id='word_1_434' title='bbox 2939 1899 2986 1951; x_wconf 89' lang='lat' dir='ltr'><strong>si</strong></span> <span class='ocrx_word' id='word_1_435' title='bbox 3048 1907 3223 1954; x_wconf 86' lang='lat' dir='ltr'><strong>tamen</strong></span> <span class='ocrx_word' id='word_1_436' title='bbox 3270 1901 3361 1955; x_wconf 91' lang='lat' dir='ltr'><strong>ille</strong></span> <span class='ocrx_word' id='word_1_437' title='bbox 3402 1903 3545 1956; x_wconf 90' lang='lat' dir='ltr'><strong>viam</strong></span> <span class='ocrx_word' id='word_1_438' title='bbox 3599 1920 3751 1960; x_wconf 88' lang='lat' dir='ltr'><strong>suam</strong></span> <span class='ocrx_word' id='word_1_439' title='bbox 3781 1908 3824 1960; x_wconf 91' lang='lat' dir='ltr'><strong>in</strong></span> 
     </span>
    </p>
   </div>
   <div class='ocr_carea' id='block_1_69' title="bbox 2231 1985 3830 2064">
    <p class='ocr_par' dir='ltr' id='par_1_69' title="bbox 2231 1985 3830 2064">
     <span class='ocr_line' id='line_1_70' title="bbox 2231 1985 3830 2064; baseline 0.006 -25"><span class='ocrx_word' id='word_1_440' title='bbox 2231 1985 2489 2041; x_wconf 86' lang='lat' dir='ltr'><strong>directum</strong></span> <span class='ocrx_word' id='word_1_441' title='bbox 2551 1985 2800 2040; x_wconf 88' lang='lat' dir='ltr'><strong>tenuerit.</strong></span> <span class='ocrx_word' id='word_1_442' title='bbox 2861 1986 2917 2040; x_wconf 90' lang='lat' dir='ltr'><strong>Si</strong></span> <span class='ocrx_word' id='word_1_443' title='bbox 2973 2003 3102 2041; x_wconf 89' lang='lat' dir='ltr'><strong>vero</strong></span> <span class='ocrx_word' id='word_1_444' title='bbox 3150 1989 3446 2056; x_wconf 83' lang='lat' dir='ltr'><strong>respiciens</strong></span> <span class='ocrx_word' id='word_1_445' title='bbox 3503 1991 3830 2064; x_wconf 80' lang='lat' dir='ltr'><strong>instigaven&#39;t</strong></span> 
     </span>
    </p>
   </div>
   <div class='ocr_carea' id='block_1_70' title="bbox 2229 2074 3820 2147">
    <p class='ocr_par' dir='ltr' id='par_1_70' title="bbox 2229 2074 3820 2147">
     <span class='ocr_line' id='line_1_71' title="bbox 2229 2074 3820 2147; baseline 0.004 -19"><span class='ocrx_word' id='word_1_446' title='bbox 2229 2089 2372 2140; x_wconf 92' lang='lat' dir='ltr'><strong>eum,</strong></span> <span class='ocrx_word' id='word_1_447' title='bbox 2422 2074 2573 2129; x_wconf 87' lang='lat' dir='ltr'><strong>canis</strong></span> <span class='ocrx_word' id='word_1_448' title='bbox 2629 2089 2844 2143; x_wconf 86' lang='lat' dir='ltr'><strong>quoque</strong></span> <span class='ocrx_word' id='word_1_449' title='bbox 2905 2075 3174 2140; x_wconf 87' lang='lat' dir='ltr'><strong>latrando,</strong></span> <span class='ocrx_word' id='word_1_450' title='bbox 3239 2076 3362 2131; x_wconf 91' lang='lat' dir='ltr'><strong>ticet</strong></span> <span class='ocrx_word' id='word_1_451' title='bbox 3408 2094 3518 2133; x_wconf 90' lang='lat' dir='ltr'><strong>non</strong></span> <span class='ocrx_word' id='word_1_452' title='bbox 3564 2083 3820 2147; x_wconf 85' lang='lat' dir='ltr'><strong>mordeat,</strong></span> 
     </span>
    </p>
   </div>
   <div class='ocr_carea' id='block_1_71' title="bbox 2226 2162 3819 2235">
    <p class='ocr_par' dir='ltr' id='par_1_71' title="bbox 2226 2162 3819 2235">
     <span class='ocr_line' id='line_1_72' title="bbox 2226 2162 3819 2235; baseline 0.005 -19"><span class='ocrx_word' id='word_1_453' title='bbox 2226 2162 2527 2231; x_wconf 90' lang='lat' dir='ltr'><strong>insequitur</strong></span> <span class='ocrx_word' id='word_1_454' title='bbox 2557 2179 2702 2216; x_wconf 92' lang='lat' dir='ltr'><strong>eum.</strong></span> <span class='ocrx_word' id='word_1_455' title='bbox 2723 2162 2941 2216; x_wconf 89' lang='lat' dir='ltr'><strong>Catulus</strong></span> <span class='ocrx_word' id='word_1_456' title='bbox 2978 2162 3113 2218; x_wconf 89' lang='lat' dir='ltr'><strong>levis</strong></span> <span class='ocrx_word' id='word_1_457' title='bbox 3144 2172 3196 2218; x_wconf 88' lang='lat' dir='ltr'><strong>et</strong></span> <span class='ocrx_word' id='word_1_458' title='bbox 3223 2178 3368 2229; x_wconf 90' lang='lat' dir='ltr'><strong>acer,</strong></span> <span class='ocrx_word' id='word_1_459' title='bbox 3403 2166 3569 2222; x_wconf 88' lang='lat' dir='ltr'><strong>instat</strong></span> <span class='ocrx_word' id='word_1_460' title='bbox 3601 2171 3819 2235; x_wconf 87' lang='lat' dir='ltr'><strong>acriter;</strong></span> 
     </span>
    </p>
   </div>
   <div class='ocr_carea' id='block_1_72' title="bbox 2226 2250 3825 2320">
    <p class='ocr_par' dir='ltr' id='par_1_72' title="bbox 2226 2250 3825 2320">
     <span class='ocr_line' id='line_1_73' title="bbox 2226 2250 3825 2320; baseline 0.005 -15"><span class='ocrx_word' id='word_1_461' title='bbox 2226 2260 2278 2306; x_wconf 90' lang='lat' dir='ltr'><strong>et</strong></span> <span class='ocrx_word' id='word_1_462' title='bbox 2308 2251 2409 2304; x_wconf 90' lang='lat' dir='ltr'><strong>nisi</strong></span> <span class='ocrx_word' id='word_1_463' title='bbox 2437 2251 2542 2306; x_wconf 92' lang='lat' dir='ltr'><strong>cito</strong></span> <span class='ocrx_word' id='word_1_464' title='bbox 2587 2267 2875 2320; x_wconf 90' lang='lat' dir='ltr'><strong>percussus</strong></span> <span class='ocrx_word' id='word_1_465' title='bbox 2920 2250 3096 2318; x_wconf 84' lang='lat' dir='ltr'><strong>fuerit,</strong></span> <span class='ocrx_word' id='word_1_466' title='bbox 3147 2253 3326 2306; x_wconf 90' lang='lat' dir='ltr'><strong>acrius</strong></span> <span class='ocrx_word' id='word_1_467' title='bbox 3368 2257 3608 2310; x_wconf 89' lang='lat' dir='ltr'><strong>mordet.</strong></span> <span class='ocrx_word' id='word_1_468' title='bbox 3666 2258 3825 2313; x_wconf 73' lang='lat' dir='ltr'><strong>Fortis</strong></span> 
     </span>
    </p>
   </div>
   <div class='ocr_carea' id='block_1_73' title="bbox 2224 2338 3824 2407">
    <p class='ocr_par' dir='ltr' id='par_1_73' title="bbox 2224 2338 3824 2407">
     <span class='ocr_line' id='line_1_74' title="bbox 2224 2338 3824 2407; baseline 0.004 -14"><span class='ocrx_word' id='word_1_469' title='bbox 2224 2355 2356 2395; x_wconf 87' lang='lat' dir='ltr'><strong>vero</strong></span> <span class='ocrx_word' id='word_1_470' title='bbox 2386 2338 2537 2394; x_wconf 89' lang='lat' dir='ltr'><strong>canis</strong></span> <span class='ocrx_word' id='word_1_471' title='bbox 2558 2347 2609 2393; x_wconf 92' lang='lat' dir='ltr'><strong>et</strong></span> <span class='ocrx_word' id='word_1_472' title='bbox 2639 2339 2957 2405; x_wconf 88' lang='lat' dir='ltr'><strong>immensus,</strong></span> <span class='ocrx_word' id='word_1_473' title='bbox 3009 2348 3062 2394; x_wconf 91' lang='lat' dir='ltr'><strong>et</strong></span> <span class='ocrx_word' id='word_1_474' title='bbox 3118 2340 3326 2396; x_wconf 84' lang='lat' dir='ltr'><strong>fortiter</strong></span> <span class='ocrx_word' id='word_1_475' title='bbox 3382 2343 3577 2407; x_wconf 88' lang='lat' dir='ltr'><strong>instat;</strong></span> <span class='ocrx_word' id='word_1_476' title='bbox 3633 2356 3684 2401; x_wconf 89' lang='lat' dir='ltr'><strong>et</strong></span> <span class='ocrx_word' id='word_1_477' title='bbox 3737 2348 3824 2402; x_wconf 89' lang='lat' dir='ltr'><strong>nisi</strong></span> 
     </span>
    </p>
   </div>
   <div class='ocr_carea' id='block_1_74' title="bbox 2224 2426 3824 2503">
    <p class='ocr_par' dir='ltr' id='par_1_74' title="bbox 2224 2426 3824 2503">
     <span class='ocr_line' id='line_1_75' title="bbox 2224 2426 3824 2503; baseline 0.005 -21"><span class='ocrx_word' id='word_1_478' title='bbox 2224 2444 2426 2498; x_wconf 87' lang='lat' dir='ltr'><strong>magna</strong></span> <span class='ocrx_word' id='word_1_479' title='bbox 2479 2428 2531 2482; x_wconf 90' lang='lat' dir='ltr'><strong>vi</strong></span> <span class='ocrx_word' id='word_1_480' title='bbox 2584 2426 2859 2492; x_wconf 87' lang='lat' dir='ltr'><strong>obruatur,</strong></span> <span class='ocrx_word' id='word_1_481' title='bbox 2933 2428 3205 2483; x_wconf 86' lang='lat' dir='ltr'><strong>hominem</strong></span> <span class='ocrx_word' id='word_1_482' title='bbox 3265 2431 3593 2503; x_wconf 75' lang='lat' dir='ltr'><strong>strangulat.</strong></span> <span class='ocrx_word' id='word_1_483' title='bbox 3657 2434 3824 2503; x_wconf 82' lang='lat' dir='ltr'><strong>Quare</strong></span> 
     </span>
    </p>
   </div>
   <div class='ocr_carea' id='block_1_75' title="bbox 2222 2516 3823 2587">
    <p class='ocr_par' dir='ltr' id='par_1_75' title="bbox 2222 2516 3823 2587">
     <span class='ocr_line' id='line_1_76' title="bbox 2222 2516 3823 2587; baseline 0.006 -18"><span class='ocrx_word' id='word_1_484' title='bbox 2222 2516 2560 2586; x_wconf 80' lang='lat' dir='ltr'><strong>ponderosas</strong></span> <span class='ocrx_word' id='word_1_485' title='bbox 2591 2516 2736 2570; x_wconf 86' lang='lat' dir='ltr'><strong>canis</strong></span> <span class='ocrx_word' id='word_1_486' title='bbox 2762 2531 2868 2570; x_wconf 89' lang='lat' dir='ltr'><strong>non</strong></span> <span class='ocrx_word' id='word_1_487' title='bbox 2893 2523 2972 2570; x_wconf 88' lang='lat' dir='ltr'><strong>est</strong></span> <span class='ocrx_word' id='word_1_488' title='bbox 3025 2517 3411 2587; x_wconf 85' lang='lat' dir='ltr'><strong>respiciendus,</strong></span> <span class='ocrx_word' id='word_1_489' title='bbox 3467 2523 3680 2577; x_wconf 88' lang='lat' dir='ltr'><strong>catulus</strong></span> <span class='ocrx_word' id='word_1_490' title='bbox 3711 2540 3823 2578; x_wconf 89' lang='lat' dir='ltr'><strong>vero</strong></span> 
     </span>
    </p>
   </div>
   <div class='ocr_carea' id='block_1_76' title="bbox 2221 2604 3823 2673">
    <p class='ocr_par' dir='ltr' id='par_1_76' title="bbox 2221 2604 3823 2673">
     <span class='ocr_line' id='line_1_77' title="bbox 2221 2604 3823 2673; baseline 0.005 -16"><span class='ocrx_word' id='word_1_491' title='bbox 2221 2620 2342 2658; x_wconf 83' lang='lat' dir='ltr'><strong>mox</strong></span> <span class='ocrx_word' id='word_1_492' title='bbox 2374 2604 2840 2673; x_wconf 78' lang='lat' dir='ltr'><strong>repercutiendus,</strong></span> <span class='ocrx_word' id='word_1_493' title='bbox 2890 2605 3040 2659; x_wconf 88' lang='lat' dir='ltr'><strong>canis</strong></span> <span class='ocrx_word' id='word_1_494' title='bbox 3081 2622 3208 2661; x_wconf 90' lang='lat' dir='ltr'><strong>vero</strong></span> <span class='ocrx_word' id='word_1_495' title='bbox 3247 2607 3545 2663; x_wconf 86' lang='lat' dir='ltr'><strong>immensus</strong></span> <span class='ocrx_word' id='word_1_496' title='bbox 3604 2611 3823 2666; x_wconf 87' lang='lat' dir='ltr'><strong>viriliter</strong></span> 
     </span>
    </p>
   </div>
   <div class='ocr_carea' id='block_1_77' title="bbox 2220 2692 3822 2771">
    <p class='ocr_par' dir='ltr' id='par_1_77' title="bbox 2220 2692 3822 2771">
     <span class='ocr_line' id='line_1_78' title="bbox 2220 2692 3822 2771; baseline 0.005 -24"><span class='ocrx_word' id='word_1_497' title='bbox 2220 2692 2554 2747; x_wconf 86' lang='lat' dir='ltr'><strong>obruendus.</strong></span> <span class='ocrx_word' id='word_1_498' title='bbox 2611 2693 2882 2747; x_wconf 84' lang='lat' dir='ltr'><strong>Similiter</strong></span> <span class='ocrx_word' id='word_1_499' title='bbox 2938 2702 3118 2748; x_wconf 86' lang='lat' dir='ltr'><strong>autem</strong></span> <span class='ocrx_word' id='word_1_500' title='bbox 3183 2695 3226 2749; x_wconf 92' lang='lat' dir='ltr'><strong>si</strong></span> <span class='ocrx_word' id='word_1_501' title='bbox 3277 2698 3485 2766; x_wconf 81' lang='lat' dir='ltr'><strong>peccati</strong></span> <span class='ocrx_word' id='word_1_502' title='bbox 3547 2703 3822 2771; x_wconf 86' lang='lat' dir='ltr'><strong>suggestio</strong></span> 
     </span>
    </p>
   </div>
   <div class='ocr_carea' id='block_1_78' title="bbox 2222 2780 3818 2854">
    <p class='ocr_par' dir='ltr' id='par_1_78' title="bbox 2222 2780 3818 2854">
     <span class='ocr_line' id='line_1_79' title="bbox 2222 2780 3818 2854; baseline 0.005 -20"><span class='ocrx_word' id='word_1_503' title='bbox 2222 2781 2464 2834; x_wconf 88' lang='lat' dir='ltr'><strong>animum</strong></span> <span class='ocrx_word' id='word_1_504' title='bbox 2499 2780 2692 2850; x_wconf 88' lang='lat' dir='ltr'><strong>pulsat,</strong></span> <span class='ocrx_word' id='word_1_505' title='bbox 2722 2781 2813 2851; x_wconf 88' lang='lat' dir='ltr'><strong>qui</strong></span> <span class='ocrx_word' id='word_1_506' title='bbox 2849 2781 2917 2836; x_wconf 87' lang='lat' dir='ltr'><strong>ab</strong></span> <span class='ocrx_word' id='word_1_507' title='bbox 2948 2797 3134 2838; x_wconf 87' lang='lat' dir='ltr'><strong>amore</strong></span> <span class='ocrx_word' id='word_1_508' title='bbox 3179 2785 3532 2854; x_wconf 62' lang='lat' dir='ltr'><strong>praisentiam</strong></span> <span class='ocrx_word' id='word_1_509' title='bbox 3563 2789 3729 2842; x_wconf 89' lang='lat' dir='ltr'><strong>tendit</strong></span> <span class='ocrx_word' id='word_1_510' title='bbox 3759 2790 3818 2842; x_wconf 87' lang='lat' dir='ltr'><strong>ad</strong></span> 
     </span>
    </p>
   </div>
   <div class='ocr_carea' id='block_1_79' title="bbox 2220 2869 3818 2936">
    <p class='ocr_par' dir='ltr' id='par_1_79' title="bbox 2220 2869 3818 2936">
     <span class='ocr_line' id='line_1_80' title="bbox 2220 2869 3818 2936; baseline 0.005 -14"><span class='ocrx_word' id='word_1_511' title='bbox 2220 2877 2437 2934; x_wconf 72' lang='lat' dir='ltr'><strong>aeterna,</strong></span> <span class='ocrx_word' id='word_1_512' title='bbox 2470 2885 2598 2924; x_wconf 80' lang='lat' dir='ltr'><strong>mox</strong></span> <span class='ocrx_word' id='word_1_513' title='bbox 2626 2884 2750 2923; x_wconf 85' lang='lat' dir='ltr'><strong>eum</strong></span> <span class='ocrx_word' id='word_1_514' title='bbox 2798 2869 3015 2936; x_wconf 90' lang='lat' dir='ltr'><strong>deserit,</strong></span> <span class='ocrx_word' id='word_1_515' title='bbox 3063 2871 3108 2924; x_wconf 92' lang='lat' dir='ltr'><strong>si</strong></span> <span class='ocrx_word' id='word_1_516' title='bbox 3161 2871 3516 2928; x_wconf 88' lang='lat' dir='ltr'><strong>intentionem</strong></span> <span class='ocrx_word' id='word_1_517' title='bbox 3572 2892 3725 2930; x_wconf 88' lang='lat' dir='ltr'><strong>suam</strong></span> <span class='ocrx_word' id='word_1_518' title='bbox 3754 2887 3818 2930; x_wconf 84' lang='lat' dir='ltr'><strong>te—</strong></span> 
     </span>
    </p>
   </div>
   <div class='ocr_carea' id='block_1_80' title="bbox 2220 2956 3816 3020">
    <p class='ocr_par' dir='ltr' id='par_1_80' title="bbox 2220 2956 3816 3020">
     <span class='ocr_line' id='line_1_81' title="bbox 2220 2956 3816 3020; baseline 0.006 -10"><span class='ocrx_word' id='word_1_519' title='bbox 2220 2956 2663 3012; x_wconf 89' lang='lat' dir='ltr'><strong>nueritﬁrmiter.</strong></span> <span class='ocrx_word' id='word_1_520' title='bbox 2699 2957 2754 3012; x_wconf 91' lang='lat' dir='ltr'><strong>Si</strong></span> <span class='ocrx_word' id='word_1_521' title='bbox 2814 2966 2990 3013; x_wconf 87' lang='lat' dir='ltr'><strong>autem</strong></span> <span class='ocrx_word' id='word_1_522' title='bbox 3046 2961 3117 3014; x_wconf 89' lang='lat' dir='ltr'><strong>ad</strong></span> <span class='ocrx_word' id='word_1_523' title='bbox 3165 2977 3282 3015; x_wconf 89' lang='lat' dir='ltr'><strong>eam</strong></span> <span class='ocrx_word' id='word_1_524' title='bbox 3326 2963 3612 3018; x_wconf 90' lang='lat' dir='ltr'><strong>attendens</strong></span> <span class='ocrx_word' id='word_1_525' title='bbox 3669 2965 3718 3019; x_wconf 88' lang='lat' dir='ltr'><strong>in</strong></span> <span class='ocrx_word' id='word_1_526' title='bbox 3765 2983 3816 3020; x_wconf 86' lang='lat' dir='ltr'><strong>se</strong></span> 
     </span>
    </p>
   </div>
   <div class='ocr_carea' id='block_1_81' title="bbox 2219 3045 3813 3117">
    <p class='ocr_par' dir='ltr' id='par_1_81' title="bbox 2219 3045 3813 3117">
     <span class='ocr_line' id='line_1_82' title="bbox 2219 3045 3813 3117; baseline 0.005 -19"><span class='ocrx_word' id='word_1_527' title='bbox 2219 3045 2504 3116; x_wconf 87' lang='lat' dir='ltr'><strong>receperit,</strong></span> <span class='ocrx_word' id='word_1_528' title='bbox 2529 3055 2581 3100; x_wconf 92' lang='lat' dir='ltr'><strong>et</strong></span> <span class='ocrx_word' id='word_1_529' title='bbox 2611 3046 2906 3117; x_wconf 80' lang='lat' dir='ltr'><strong>cogitando</strong></span> <span class='ocrx_word' id='word_1_530' title='bbox 2963 3049 3118 3116; x_wconf 85' lang='lat' dir='ltr'><strong>quasi</strong></span> <span class='ocrx_word' id='word_1_531' title='bbox 3175 3065 3298 3104; x_wconf 90' lang='lat' dir='ltr'><strong>eam</strong></span> <span class='ocrx_word' id='word_1_532' title='bbox 3332 3051 3610 3107; x_wconf 89' lang='lat' dir='ltr'><strong>incitando</strong></span> <span class='ocrx_word' id='word_1_533' title='bbox 3641 3056 3813 3108; x_wconf 87' lang='lat' dir='ltr'><strong>revol-</strong></span> 
     </span>
    </p>
   </div>
   <div class='ocr_carea' id='block_1_82' title="bbox 2219 3134 3813 3209">
    <p class='ocr_par' dir='ltr' id='par_1_82' title="bbox 2219 3134 3813 3209">
     <span class='ocr_line' id='line_1_83' title="bbox 2219 3134 3813 3209; baseline 0.003 -19"><span class='ocrx_word' id='word_1_534' title='bbox 2219 3135 2378 3202; x_wconf 87' lang='lat' dir='ltr'><strong>verit,</strong></span> <span class='ocrx_word' id='word_1_535' title='bbox 2409 3143 2459 3190; x_wconf 91' lang='lat' dir='ltr'><strong>et</strong></span> <span class='ocrx_word' id='word_1_536' title='bbox 2479 3135 2598 3204; x_wconf 90' lang='lat' dir='ltr'><strong>ipsa</strong></span> <span class='ocrx_word' id='word_1_537' title='bbox 2629 3134 2826 3204; x_wconf 58' lang='lat' dir='ltr'><strong>saapius</strong></span> <span class='ocrx_word' id='word_1_538' title='bbox 2855 3150 2976 3189; x_wconf 90' lang='lat' dir='ltr'><strong>eum</strong></span> <span class='ocrx_word' id='word_1_539' title='bbox 3009 3135 3244 3201; x_wconf 81' lang='lat' dir='ltr'><strong>infestat,</strong></span> <span class='ocrx_word' id='word_1_540' title='bbox 3281 3140 3532 3209; x_wconf 83' lang='lat' dir='ltr'><strong>quamvis</strong></span> <span class='ocrx_word' id='word_1_541' title='bbox 3557 3156 3663 3196; x_wconf 91' lang='lat' dir='ltr'><strong>non</strong></span> <span class='ocrx_word' id='word_1_542' title='bbox 3695 3143 3813 3194; x_wconf 86' lang='lat' dir='ltr'><strong>vul-</strong></span> 
     </span>
    </p>
   </div>
   <div class='ocr_carea' id='block_1_83' title="bbox 2217 3223 3812 3294">
    <p class='ocr_par' dir='ltr' id='par_1_83' title="bbox 2217 3223 3812 3294">
     <span class='ocr_line' id='line_1_84' title="bbox 2217 3223 3812 3294; baseline 0.004 -17"><span class='ocrx_word' id='word_1_543' title='bbox 2217 3230 2389 3290; x_wconf 90' lang='lat' dir='ltr'><strong>neret,</strong></span> <span class='ocrx_word' id='word_1_544' title='bbox 2422 3224 2549 3276; x_wconf 91' lang='lat' dir='ltr'><strong>dum</strong></span> <span class='ocrx_word' id='word_1_545' title='bbox 2580 3231 2658 3276; x_wconf 88' lang='lat' dir='ltr'><strong>est</strong></span> <span class='ocrx_word' id='word_1_546' title='bbox 2687 3223 2969 3294; x_wconf 87' lang='lat' dir='ltr'><strong>suggestio</strong></span> <span class='ocrx_word' id='word_1_547' title='bbox 3022 3225 3160 3281; x_wconf 88' lang='lat' dir='ltr'><strong>sola.</strong></span> <span class='ocrx_word' id='word_1_548' title='bbox 3219 3226 3330 3280; x_wconf 90' lang='lat' dir='ltr'><strong>Sed</strong></span> <span class='ocrx_word' id='word_1_549' title='bbox 3386 3229 3429 3280; x_wconf 89' lang='lat' dir='ltr'><strong>si</strong></span> <span class='ocrx_word' id='word_1_550' title='bbox 3459 3228 3661 3283; x_wconf 85' lang='lat' dir='ltr'><strong>diutius</strong></span> <span class='ocrx_word' id='word_1_551' title='bbox 3704 3247 3812 3284; x_wconf 89' lang='lat' dir='ltr'><strong>eam</strong></span> 
     </span>
    </p>
   </div>
   <div class='ocr_carea' id='block_1_84' title="bbox 2217 3311 3810 3384">
    <p class='ocr_par' dir='ltr' id='par_1_84' title="bbox 2217 3311 3810 3384">
     <span class='ocr_line' id='line_1_85' title="bbox 2217 3311 3810 3384; baseline 0.003 -18"><span class='ocrx_word' id='word_1_552' title='bbox 2217 3311 2581 3382; x_wconf 84' lang='lat' dir='ltr'><strong>replicaverit,</strong></span> <span class='ocrx_word' id='word_1_553' title='bbox 2614 3312 2951 3379; x_wconf 88' lang='lat' dir='ltr'><strong>ponderosus</strong></span> <span class='ocrx_word' id='word_1_554' title='bbox 2984 3313 3132 3367; x_wconf 89' lang='lat' dir='ltr'><strong>canis</strong></span> <span class='ocrx_word' id='word_1_555' title='bbox 3189 3313 3243 3367; x_wconf 89' lang='lat' dir='ltr'><strong>in</strong></span> <span class='ocrx_word' id='word_1_556' title='bbox 3302 3317 3541 3370; x_wconf 88' lang='lat' dir='ltr'><strong>catulum</strong></span> <span class='ocrx_word' id='word_1_557' title='bbox 3603 3319 3810 3384; x_wconf 84' lang='lat' dir='ltr'><strong>transit,</strong></span> 
     </span>
    </p>
   </div>
   <div class='ocr_carea' id='block_1_85' title="bbox 2220 3398 3809 3472">
    <p class='ocr_par' dir='ltr' id='par_1_85' title="bbox 2220 3398 3809 3472">
     <span class='ocr_line' id='line_1_86' title="bbox 2220 3398 3809 3472; baseline 0.004 -17"><span class='ocrx_word' id='word_1_558' title='bbox 2220 3400 2273 3455; x_wconf 81' lang='grc' dir='ltr'><strong>ἱιί</strong></span> <span class='ocrx_word' id='word_1_559' title='bbox 2295 3409 2378 3455; x_wconf 92' lang='lat' dir='ltr'><strong>est</strong></span> <span class='ocrx_word' id='word_1_560' title='bbox 2405 3400 2683 3470; x_wconf 87' lang='lat' dir='ltr'><strong>suggestio</strong></span> <span class='ocrx_word' id='word_1_561' title='bbox 2705 3399 2757 3452; x_wconf 91' lang='lat' dir='ltr'><strong>in</strong></span> <span class='ocrx_word' id='word_1_562' title='bbox 2789 3398 3224 3469; x_wconf 87' lang='lat' dir='ltr'><strong>delectationem,</strong></span> <span class='ocrx_word' id='word_1_563' title='bbox 3257 3419 3379 3472; x_wconf 80' lang='lat' dir='ltr'><strong>quae</strong></span> <span class='ocrx_word' id='word_1_564' title='bbox 3407 3405 3608 3459; x_wconf 86' lang='lat' dir='ltr'><strong>acriter</strong></span> <span class='ocrx_word' id='word_1_565' title='bbox 3635 3407 3809 3464; x_wconf 72' lang='lat' dir='ltr'><strong>instat,</strong></span> 
     </span>
    </p>
   </div>
   <div class='ocr_carea' id='block_1_86' title="bbox 2218 3487 3811 3561">
    <p class='ocr_par' dir='ltr' id='par_1_86' title="bbox 2218 3487 3811 3561">
     <span class='ocr_line' id='line_1_87' title="bbox 2218 3487 3811 3561; baseline 0.001 -15"><span class='ocrx_word' id='word_1_566' title='bbox 2218 3498 2272 3546; x_wconf 89' lang='lat' dir='ltr'><strong>et</strong></span> <span class='ocrx_word' id='word_1_567' title='bbox 2293 3488 2391 3543; x_wconf 91' lang='lat' dir='ltr'><strong>nisi</strong></span> <span class='ocrx_word' id='word_1_568' title='bbox 2423 3488 2530 3543; x_wconf 89' lang='lat' dir='ltr'><strong>cito</strong></span> <span class='ocrx_word' id='word_1_569' title='bbox 2560 3487 2858 3556; x_wconf 86' lang='lat' dir='ltr'><strong>rejiciatur,</strong></span> <span class='ocrx_word' id='word_1_570' title='bbox 2893 3489 3131 3543; x_wconf 88' lang='lat' dir='ltr'><strong>animam</strong></span> <span class='ocrx_word' id='word_1_571' title='bbox 3172 3490 3436 3546; x_wconf 89' lang='lat' dir='ltr'><strong>vulnerat.</strong></span> <span class='ocrx_word' id='word_1_572' title='bbox 3479 3491 3666 3561; x_wconf 85' lang='lat' dir='ltr'><strong>Quare</strong></span> <span class='ocrx_word' id='word_1_573' title='bbox 3692 3510 3811 3548; x_wconf 81' lang='lat' dir='ltr'><strong>mox</strong></span> 
     </span>
    </p>
   </div>
   <div class='ocr_carea' id='block_1_87' title="bbox 2218 3574 3810 3651">
    <p class='ocr_par' dir='ltr' id='par_1_87' title="bbox 2218 3574 3810 3651">
     <span class='ocr_line' id='line_1_88' title="bbox 2218 3574 3810 3651; baseline 0.003 -20"><span class='ocrx_word' id='word_1_574' title='bbox 2218 3586 2275 3631; x_wconf 91' lang='lat' dir='ltr'><strong>ut</strong></span> <span class='ocrx_word' id='word_1_575' title='bbox 2303 3576 2486 3631; x_wconf 88' lang='lat' dir='ltr'><strong>venire</strong></span> <span class='ocrx_word' id='word_1_576' title='bbox 2506 3575 2744 3645; x_wconf 75' lang='lat' dir='ltr'><strong>coeperit,</strong></span> <span class='ocrx_word' id='word_1_577' title='bbox 2775 3574 2937 3629; x_wconf 91' lang='lat' dir='ltr'><strong>debet</strong></span> <span class='ocrx_word' id='word_1_578' title='bbox 2957 3591 3082 3631; x_wconf 90' lang='lat' dir='ltr'><strong>eam</strong></span> <span class='ocrx_word' id='word_1_579' title='bbox 3112 3577 3374 3647; x_wconf 90' lang='lat' dir='ltr'><strong>repellere</strong></span> <span class='ocrx_word' id='word_1_580' title='bbox 3403 3581 3594 3635; x_wconf 89' lang='lat' dir='ltr'><strong>anima</strong></span> <span class='ocrx_word' id='word_1_581' title='bbox 3626 3596 3810 3651; x_wconf 82' lang='lat' dir='ltr'><strong>sponsa</strong></span> 
     </span>
    </p>
   </div>
   <div class='ocr_carea' id='block_1_88' title="bbox 2221 3663 3808 3738">
    <p class='ocr_par' dir='ltr' id='par_1_88' title="bbox 2221 3663 3808 3738">
     <span class='ocr_line' id='line_1_89' title="bbox 2221 3663 3808 3738; baseline 0.001 -17"><span class='ocrx_word' id='word_1_582' title='bbox 2221 3664 2435 3729; x_wconf 90' lang='lat' dir='ltr'><strong>Christi,</strong></span> <span class='ocrx_word' id='word_1_583' title='bbox 2469 3664 2716 3735; x_wconf 87' lang='lat' dir='ltr'><strong>cegitans</strong></span> <span class='ocrx_word' id='word_1_584' title='bbox 2747 3663 2876 3733; x_wconf 89' lang='lat' dir='ltr'><strong>quia</strong></span> <span class='ocrx_word' id='word_1_585' title='bbox 2932 3680 3130 3736; x_wconf 85' lang='lat' dir='ltr'><strong>magna</strong></span> <span class='ocrx_word' id='word_1_586' title='bbox 3183 3674 3266 3721; x_wconf 91' lang='lat' dir='ltr'><strong>est</strong></span> <span class='ocrx_word' id='word_1_587' title='bbox 3306 3665 3614 3738; x_wconf 84' lang='lat' dir='ltr'><strong>ignominia</strong></span> <span class='ocrx_word' id='word_1_588' title='bbox 3659 3670 3730 3723; x_wconf 91' lang='lat' dir='ltr'><strong>illi</strong></span> <span class='ocrx_word' id='word_1_589' title='bbox 3756 3681 3808 3723; x_wconf 89' lang='lat' dir='ltr'><strong>ut</strong></span> 
     </span>
    </p>
   </div>
   <div class='ocr_carea' id='block_1_89' title="bbox 2219 3753 3807 3823">
    <p class='ocr_par' dir='ltr' id='par_1_89' title="bbox 2219 3753 3807 3823">
     <span class='ocr_line' id='line_1_90' title="bbox 2219 3753 3807 3823; baseline 0.003 -16"><span class='ocrx_word' id='word_1_590' title='bbox 2219 3753 2275 3807; x_wconf 92' lang='lat' dir='ltr'><strong>in</strong></span> <span class='ocrx_word' id='word_1_591' title='bbox 2304 3753 2422 3823; x_wconf 85' lang='lat' dir='ltr'><strong>ejus</strong></span> <span class='ocrx_word' id='word_1_592' title='bbox 2450 3758 2742 3822; x_wconf 86' lang='lat' dir='ltr'><strong>conspectu</strong></span> <span class='ocrx_word' id='word_1_593' title='bbox 2795 3762 3052 3822; x_wconf 89' lang='lat' dir='ltr'><strong>appareat</strong></span> <span class='ocrx_word' id='word_1_594' title='bbox 3101 3753 3300 3808; x_wconf 63' lang='lat' dir='ltr'><strong>foedata</strong></span> <span class='ocrx_word' id='word_1_595' title='bbox 3351 3755 3658 3812; x_wconf 90' lang='lat' dir='ltr'><strong>delectione</strong></span> <span class='ocrx_word' id='word_1_596' title='bbox 3703 3765 3807 3811; x_wconf 84' lang='lat' dir='ltr'><strong>tam</strong></span> 
     </span>
    </p>
   </div>
   <div class='ocr_carea' id='block_1_90' title="bbox 2219 3841 3809 3912">
    <p class='ocr_par' dir='ltr' id='par_1_90' title="bbox 2219 3841 3809 3912">
     <span class='ocr_line' id='line_1_91' title="bbox 2219 3841 3809 3912; baseline 0.001 -16"><span class='ocrx_word' id='word_1_597' title='bbox 2219 3842 2392 3912; x_wconf 88' lang='lat' dir='ltr'><strong>turpi.</strong></span> <span class='ocrx_word' id='word_1_598' title='bbox 2456 3841 2574 3894; x_wconf 80' lang='lat' dir='ltr'><strong>Nisi</strong></span> <span class='ocrx_word' id='word_1_599' title='bbox 2622 3855 2743 3895; x_wconf 89' lang='lat' dir='ltr'><strong>eam</strong></span> <span class='ocrx_word' id='word_1_600' title='bbox 2799 3841 3067 3911; x_wconf 89' lang='lat' dir='ltr'><strong>repulerit</strong></span> <span class='ocrx_word' id='word_1_601' title='bbox 3117 3842 3560 3912; x_wconf 83' lang='lat' dir='ltr'><strong>delectationem,</strong></span> <span class='ocrx_word' id='word_1_602' title='bbox 3617 3846 3809 3901; x_wconf 86' lang='lat' dir='ltr'><strong>catulus</strong></span> 
     </span>
    </p>
   </div>
   <div class='ocr_carea' id='block_1_91' title="bbox 2221 3927 3808 3997">
    <p class='ocr_par' dir='ltr' id='par_1_91' title="bbox 2221 3927 3808 3997">
     <span class='ocr_line' id='line_1_92' title="bbox 2221 3927 3808 3997; baseline 0.003 -13"><span class='ocrx_word' id='word_1_603' title='bbox 2221 3931 2410 3984; x_wconf 89' lang='lat' dir='ltr'><strong>transit</strong></span> <span class='ocrx_word' id='word_1_604' title='bbox 2438 3927 2493 3982; x_wconf 91' lang='lat' dir='ltr'><strong>in</strong></span> <span class='ocrx_word' id='word_1_605' title='bbox 2547 3929 2868 3983; x_wconf 87' lang='lat' dir='ltr'><strong>immensum</strong></span> <span class='ocrx_word' id='word_1_606' title='bbox 2933 3944 3145 3997; x_wconf 89' lang='lat' dir='ltr'><strong>canem,</strong></span> <span class='ocrx_word' id='word_1_607' title='bbox 3207 3930 3260 3984; x_wconf 93' lang='lat' dir='ltr'><strong>id</strong></span> <span class='ocrx_word' id='word_1_608' title='bbox 3309 3938 3392 3985; x_wconf 90' lang='lat' dir='ltr'><strong>est</strong></span> <span class='ocrx_word' id='word_1_609' title='bbox 3439 3932 3722 3988; x_wconf 87' lang='lat' dir='ltr'><strong>delectatio</strong></span> <span class='ocrx_word' id='word_1_610' title='bbox 3757 3933 3808 3988; x_wconf 90' lang='lat' dir='ltr'><strong>ln</strong></span> 
     </span>
    </p>
   </div>
   <div class='ocr_carea' id='block_1_92' title="bbox 2219 4017 3808 4089">
    <p class='ocr_par' dir='ltr' id='par_1_92' title="bbox 2219 4017 3808 4089">
     <span class='ocr_line' id='line_1_93' title="bbox 2219 4017 3808 4089; baseline 0 -15"><span class='ocrx_word' id='word_1_611' title='bbox 2219 4032 2545 4074; x_wconf 90' lang='lat' dir='ltr'><strong>consensum</strong></span> <span class='ocrx_word' id='word_1_612' title='bbox 2589 4017 2807 4078; x_wconf 88' lang='lat' dir='ltr'><strong>transit;</strong></span> <span class='ocrx_word' id='word_1_613' title='bbox 2842 4017 2934 4087; x_wconf 88' lang='lat' dir='ltr'><strong>qui</strong></span> <span class='ocrx_word' id='word_1_614' title='bbox 2963 4017 3228 4088; x_wconf 89' lang='lat' dir='ltr'><strong>arripiens</strong></span> <span class='ocrx_word' id='word_1_615' title='bbox 3269 4019 3530 4089; x_wconf 88' lang='lat' dir='ltr'><strong>animam,</strong></span> <span class='ocrx_word' id='word_1_616' title='bbox 3563 4035 3684 4076; x_wconf 84' lang='lat' dir='ltr'><strong>eam</strong></span> <span class='ocrx_word' id='word_1_617' title='bbox 3713 4020 3808 4075; x_wconf 86' lang='lat' dir='ltr'><strong>nisi</strong></span> 
     </span>
    </p>
   </div>
   <div class='ocr_carea' id='block_1_93' title="bbox 2222 4104 3808 4180">
    <p class='ocr_par' dir='ltr' id='par_1_93' title="bbox 2222 4104 3808 4180">
     <span class='ocr_line' id='line_1_94' title="bbox 2222 4104 3808 4180; baseline 0.002 -20"><span class='ocrx_word' id='word_1_618' title='bbox 2222 4121 2423 4178; x_wconf 82' lang='lat' dir='ltr'><strong>magna</strong></span> <span class='ocrx_word' id='word_1_619' title='bbox 2458 4105 2510 4159; x_wconf 89' lang='lat' dir='ltr'><strong>vi</strong></span> <span class='ocrx_word' id='word_1_620' title='bbox 2539 4104 2816 4170; x_wconf 84' lang='lat' dir='ltr'><strong>obruatur,</strong></span> <span class='ocrx_word' id='word_1_621' title='bbox 2849 4105 3066 4161; x_wconf 87' lang='lat' dir='ltr'><strong>occidit.</strong></span> <span class='ocrx_word' id='word_1_622' title='bbox 3127 4104 3234 4160; x_wconf 89' lang='lat' dir='ltr'><strong>Sed</strong></span> <span class='ocrx_word' id='word_1_623' title='bbox 3291 4122 3437 4176; x_wconf 87' lang='lat' dir='ltr'><strong>mox,</strong></span> <span class='ocrx_word' id='word_1_624' title='bbox 3503 4114 3563 4163; x_wconf 91' lang='lat' dir='ltr'><strong>ut</strong></span> <span class='ocrx_word' id='word_1_625' title='bbox 3589 4111 3808 4180; x_wconf 69' lang='lat' dir='ltr'><strong>coeperit</strong></span> 
     </span>
    </p>
   </div>
   <div class='ocr_carea' id='block_1_94' title="bbox 2219 4192 3806 4266">
    <p class='ocr_par' dir='ltr' id='par_1_94' title="bbox 2219 4192 3806 4266">
     <span class='ocr_line' id='line_1_95' title="bbox 2219 4192 3806 4266; baseline 0.001 -15"><span class='ocrx_word' id='word_1_626' title='bbox 2219 4203 2482 4251; x_wconf 85' lang='lat' dir='ltr'><strong>attentare</strong></span> <span class='ocrx_word' id='word_1_627' title='bbox 2507 4192 2587 4261; x_wconf 82' lang='grc'><strong><em>³⁸⁸,</em></strong></span> <span class='ocrx_word' id='word_1_628' title='bbox 2623 4193 2785 4248; x_wconf 87' lang='lat' dir='ltr'><strong>debet</strong></span> <span class='ocrx_word' id='word_1_629' title='bbox 2813 4208 2934 4247; x_wconf 90' lang='lat' dir='ltr'><strong>eum</strong></span> <span class='ocrx_word' id='word_1_630' title='bbox 2957 4193 3137 4248; x_wconf 89' lang='lat' dir='ltr'><strong>anima</strong></span> <span class='ocrx_word' id='word_1_631' title='bbox 3157 4192 3217 4221; x_wconf 78' lang='lat'><strong>’“</strong></span> <span class='ocrx_word' id='word_1_632' title='bbox 3249 4210 3452 4266; x_wconf 87' lang='lat' dir='ltr'><strong>magna</strong></span> <span class='ocrx_word' id='word_1_633' title='bbox 3479 4197 3529 4250; x_wconf 88' lang='lat' dir='ltr'><strong>vi</strong></span> <span class='ocrx_word' id='word_1_634' title='bbox 3563 4198 3806 4266; x_wconf 89' lang='lat' dir='ltr'><strong>obruere,</strong></span> 
     </span>
    </p>
   </div>
   <div class='ocr_carea' id='block_1_95' title="bbox 2218 4282 3812 4342">
    <p class='ocr_par' dir='ltr' id='par_1_95' title="bbox 2218 4282 3812 4342">
     <span class='ocr_line' id='line_1_96' title="bbox 2218 4282 3812 4342; baseline 0.001 -3"><span class='ocrx_word' id='word_1_635' title='bbox 2218 4284 2270 4339; x_wconf 87' lang='lat' dir='ltr'><strong>id</strong></span> <span class='ocrx_word' id='word_1_636' title='bbox 2303 4291 2385 4339; x_wconf 86' lang='lat' dir='ltr'><strong>est</strong></span> <span class='ocrx_word' id='word_1_637' title='bbox 2429 4283 2694 4337; x_wconf 86' lang='lat' dir='ltr'><strong>immenso</strong></span> <span class='ocrx_word' id='word_1_638' title='bbox 2737 4289 2942 4336; x_wconf 90' lang='lat' dir='ltr'><strong>terrore</strong></span> <span class='ocrx_word' id='word_1_639' title='bbox 2997 4282 3184 4336; x_wconf 89' lang='lat' dir='ltr'><strong>mortis</strong></span> <span class='ocrx_word' id='word_1_640' title='bbox 3238 4291 3458 4338; x_wconf 62' lang='lat' dir='ltr'><strong>aeternae</strong></span> <span class='ocrx_word' id='word_1_641' title='bbox 3511 4286 3568 4340; x_wconf 89' lang='lat' dir='ltr'><strong>in</strong></span> <span class='ocrx_word' id='word_1_642' title='bbox 3625 4304 3685 4342; x_wconf 87' lang='lat' dir='ltr'><strong>se</strong></span> <span class='ocrx_word' id='word_1_643' title='bbox 3730 4287 3812 4341; x_wconf 87' lang='lat' dir='ltr'><strong>de-</strong></span> 
     </span>
    </p>
   </div>
   <div class='ocr_carea' id='block_1_96' title="bbox 2219 4370 3808 4442">
    <p class='ocr_par' dir='ltr' id='par_1_96' title="bbox 2219 4370 3808 4442">
     <span class='ocr_line' id='line_1_97' title="bbox 2219 4370 3808 4442; baseline 0.002 -15"><span class='ocrx_word' id='word_1_644' title='bbox 2219 4381 2442 4428; x_wconf 89' lang='lat' dir='ltr'><strong>struere.</strong></span> <span class='ocrx_word' id='word_1_645' title='bbox 2476 4370 2824 4442; x_wconf 87' lang='lat' dir='ltr'><strong>Suggestioni</strong></span> <span class='ocrx_word' id='word_1_646' title='bbox 2880 4385 3010 4441; x_wconf 90' lang='lat' dir='ltr'><strong>ergo</strong></span> <span class='ocrx_word' id='word_1_647' title='bbox 3057 4387 3125 4426; x_wconf 87' lang='lat' dir='ltr'><strong>ne</strong></span> <span class='ocrx_word' id='word_1_648' title='bbox 3175 4371 3532 4441; x_wconf 86' lang='lat' dir='ltr'><strong>attendamus,</strong></span> <span class='ocrx_word' id='word_1_649' title='bbox 3577 4375 3808 4430; x_wconf 88' lang='lat' dir='ltr'><strong>delecta-</strong></span> 
     </span>
    </p>
   </div>
   <div class='ocr_carea' id='block_1_97' title="bbox 508 4451 3810 4552">
    <p class='ocr_par' dir='ltr' id='par_1_97' title="bbox 508 4451 3810 4552">
     <span class='ocr_line' id='line_1_98' title="bbox 508 4451 3810 4552; baseline -0.003 -23"><span class='ocrx_word' id='word_1_650' title='bbox 508 4477 685 4552; x_wconf 82' lang='lat' dir='ltr'><strong>gloria</strong></span> <span class='ocrx_word' id='word_1_651' title='bbox 710 4471 879 4529; x_wconf 87' lang='lat' dir='ltr'><strong>inani.</strong></span> <span class='ocrx_word' id='word_1_652' title='bbox 935 4470 1109 4524; x_wconf 87' lang='lat' dir='ltr'><strong>Nemo</strong></span> <span class='ocrx_word' id='word_1_653' title='bbox 1165 4465 1312 4519; x_wconf 90' lang='lat' dir='ltr'><strong>enim</strong></span> <span class='ocrx_word' id='word_1_654' title='bbox 1368 4461 1638 4530; x_wconf 88' lang='lat' dir='ltr'><strong>pretiosas</strong></span> <span class='ocrx_word' id='word_1_655' title='bbox 1680 4467 1854 4514; x_wconf 88' lang='lat' dir='ltr'><strong>vestes</strong></span> <span class='ocrx_word' id='word_1_656' title='bbox 1887 4459 1990 4514; x_wconf 91' lang='lat' dir='ltr'><strong>nisi</strong></span> <span class='ocrx_word' id='word_1_657' title='bbox 2037 4459 2107 4514; x_wconf 90' lang='lat' dir='ltr'><strong>ad</strong></span> <span class='ocrx_word' id='word_1_658' title='bbox 2135 4451 2186 4516; x_wconf 83' lang='grc' dir='ltr'><strong>Ι)</strong></span> <span class='ocrx_word' id='word_1_659' title='bbox 2217 4462 2418 4516; x_wconf 88' lang='lat' dir='ltr'><strong>tionem</strong></span> <span class='ocrx_word' id='word_1_660' title='bbox 2448 4474 2576 4514; x_wconf 87' lang='lat' dir='ltr'><strong>mox</strong></span> <span class='ocrx_word' id='word_1_661' title='bbox 2606 4458 2984 4529; x_wconf 86' lang='lat' dir='ltr'><strong>reprimamus,</strong></span> <span class='ocrx_word' id='word_1_662' title='bbox 3014 4474 3335 4514; x_wconf 88' lang='lat' dir='ltr'><strong>consensum</strong></span> <span class='ocrx_word' id='word_1_663' title='bbox 3363 4460 3585 4516; x_wconf 85' lang='lat' dir='ltr'><strong>fortiter</strong></span> <span class='ocrx_word' id='word_1_664' title='bbox 3614 4463 3810 4519; x_wconf 91' lang='lat' dir='ltr'><strong>obrua-</strong></span> 
     </span>
    </p>
   </div>
   <div class='ocr_carea' id='block_1_98' title="bbox 504 4547 2105 4635">
    <p class='ocr_par' dir='ltr' id='par_1_98' title="bbox 504 4547 2105 4635">
     <span class='ocr_line' id='line_1_99' title="bbox 504 4547 2105 4635; baseline -0.012 -12"><span class='ocrx_word' id='word_1_665' title='bbox 504 4547 720 4623; x_wconf 67' lang='lat' dir='ltr'><strong>inanem</strong></span> <span class='ocrx_word' id='word_1_666' title='bbox 749 4559 982 4635; x_wconf 82' lang='lat' dir='ltr'><strong>gloriam</strong></span> <span class='ocrx_word' id='word_1_667' title='bbox 1010 4554 1220 4627; x_wconf 73' lang='lat' dir='ltr'><strong>quaerit.</strong></span> <span class='ocrx_word' id='word_1_668' title='bbox 1254 4551 1388 4607; x_wconf 91' lang='lat' dir='ltr'><strong>Item</strong></span> <span class='ocrx_word' id='word_1_669' title='bbox 1415 4549 1604 4605; x_wconf 84' lang='lat' dir='ltr'><strong>vitium</strong></span> <span class='ocrx_word' id='word_1_670' title='bbox 1641 4547 1930 4616; x_wconf 89' lang='lat' dir='ltr'><strong>aliquando</strong></span> <span class='ocrx_word' id='word_1_671' title='bbox 1960 4549 2105 4620; x_wconf 88' lang='lat' dir='ltr'><strong>huic,</strong></span> 
     </span>
    </p>
   </div>
   <div class='ocr_carea' id='block_1_99' title="bbox 504 4636 2108 4726">
    <p class='ocr_par' dir='ltr' id='par_1_99' title="bbox 504 4636 2108 4726">
     <span class='ocr_line' id='line_1_100' title="bbox 504 4636 2108 4726; baseline -0.012 -15"><span class='ocrx_word' id='word_1_672' title='bbox 504 4652 794 4726; x_wconf 86' lang='lat' dir='ltr'><strong>aliquando</strong></span> <span class='ocrx_word' id='word_1_673' title='bbox 851 4648 930 4703; x_wconf 90' lang='lat' dir='ltr'><strong>illi</strong></span> <span class='ocrx_word' id='word_1_674' title='bbox 997 4643 1129 4703; x_wconf 88' lang='lat' dir='ltr'><strong>vitio</strong></span> <span class='ocrx_word' id='word_1_675' title='bbox 1188 4641 1372 4708; x_wconf 84' lang='lat' dir='ltr'><strong>servit,</strong></span> <span class='ocrx_word' id='word_1_676' title='bbox 1429 4646 1486 4693; x_wconf 91' lang='lat' dir='ltr'><strong>ut</strong></span> <span class='ocrx_word' id='word_1_677' title='bbox 1541 4637 1781 4726; x_wconf 87' lang='lat' dir='ltr'><strong>avaritia</strong></span> <span class='ocrx_word' id='word_1_678' title='bbox 1817 4636 2108 4726; x_wconf 87' lang='lat' dir='ltr'><strong>aliquando</strong></span> 
     </span>
    </p>
   </div>
   <div class='ocr_carea' id='block_1_100' title="bbox 509 4725 2104 4811">
    <p class='ocr_par' dir='ltr' id='par_1_100' title="bbox 509 4725 2104 4811">
     <span class='ocr_line' id='line_1_101' title="bbox 509 4725 2104 4811; baseline -0.013 -11"><span class='ocrx_word' id='word_1_679' title='bbox 509 4725 713 4802; x_wconf 87' lang='lat' dir='ltr'><strong>ventris</strong></span> <span class='ocrx_word' id='word_1_680' title='bbox 768 4735 1052 4811; x_wconf 85' lang='lat' dir='ltr'><strong>ingluviei,</strong></span> <span class='ocrx_word' id='word_1_681' title='bbox 1123 4729 1418 4802; x_wconf 88' lang='lat' dir='ltr'><strong>aliquando</strong></span> <span class='ocrx_word' id='word_1_682' title='bbox 1474 4725 1810 4784; x_wconf 86' lang='lat' dir='ltr'><strong>exaltationi.</strong></span> <span class='ocrx_word' id='word_1_683' title='bbox 1881 4725 2104 4795; x_wconf 86' lang='lat' dir='ltr'><strong>Rursus,</strong></span> 
     </span>
    </p>
   </div>
   <div class='ocr_carea' id='block_1_101' title="bbox 2216 4549 3813 4622">
    <p class='ocr_par' dir='ltr' id='par_1_101' title="bbox 2216 4549 3813 4622">
     <span class='ocr_line' id='line_1_102' title="bbox 2216 4549 3813 4622; baseline 0.001 -18"><span class='ocrx_word' id='word_1_684' title='bbox 2216 4567 2358 4604; x_wconf 88' lang='lat' dir='ltr'><strong>mus.</strong></span> <span class='ocrx_word' id='word_1_685' title='bbox 2391 4549 2588 4616; x_wconf 88' lang='lat' dir='ltr'><strong>Sicque</strong></span> <span class='ocrx_word' id='word_1_686' title='bbox 2625 4563 2719 4602; x_wconf 91' lang='lat' dir='ltr'><strong>cor</strong></span> <span class='ocrx_word' id='word_1_687' title='bbox 2768 4555 3011 4602; x_wconf 90' lang='lat' dir='ltr'><strong>nostrum</strong></span> <span class='ocrx_word' id='word_1_688' title='bbox 3067 4549 3377 4603; x_wconf 87' lang='lat' dir='ltr'><strong>studeamus</strong></span> <span class='ocrx_word' id='word_1_689' title='bbox 3433 4551 3731 4622; x_wconf 88' lang='lat' dir='ltr'><strong>custodire,</strong></span> <span class='ocrx_word' id='word_1_690' title='bbox 3760 4562 3813 4608; x_wconf 91' lang='lat' dir='ltr'><strong>ut</strong></span> 
     </span>
    </p>
   </div>
   <div class='ocr_carea' id='block_1_102' title="bbox 2217 4634 3811 4707">
    <p class='ocr_par' dir='ltr' id='par_1_102' title="bbox 2217 4634 3811 4707">
     <span class='ocr_line' id='line_1_103' title="bbox 2217 4634 3811 4707; baseline 0.001 -12"><span class='ocrx_word' id='word_1_691' title='bbox 2217 4654 2316 4695; x_wconf 90' lang='lat' dir='ltr'><strong>nec</strong></span> <span class='ocrx_word' id='word_1_692' title='bbox 2366 4653 2474 4692; x_wconf 87' lang='lat' dir='ltr'><strong>una</strong></span> <span class='ocrx_word' id='word_1_693' title='bbox 2528 4634 2588 4663; x_wconf 85' lang='grc'><strong>⁸⁸⁸</strong></span> <span class='ocrx_word' id='word_1_694' title='bbox 2646 4635 2919 4706; x_wconf 88' lang='lat' dir='ltr'><strong>superflua</strong></span> <span class='ocrx_word' id='word_1_695' title='bbox 2969 4637 3296 4707; x_wconf 85' lang='lat' dir='ltr'><strong>cogitatione</strong></span> <span class='ocrx_word' id='word_1_696' title='bbox 3351 4637 3632 4694; x_wconf 88' lang='lat' dir='ltr'><strong>diabolum</strong></span> <span class='ocrx_word' id='word_1_697' title='bbox 3687 4641 3811 4696; x_wconf 87' lang='lat' dir='ltr'><strong>illud</strong></span> 
     </span>
    </p>
   </div>
   <div class='ocr_carea' id='block_1_103' title="bbox 2217 4725 2646 4785">
    <p class='ocr_par' dir='ltr' id='par_1_103' title="bbox 2217 4725 2646 4785">
     <span class='ocr_line' id='line_1_104' title="bbox 2217 4725 2646 4785; baseline -0.019 0"><span class='ocrx_word' id='word_1_698' title='bbox 2217 4729 2394 4785; x_wconf 81' lang='lat' dir='ltr'><strong>valeat</strong></span> <span class='ocrx_word' id='word_1_699' title='bbox 2423 4725 2646 4782; x_wconf 88' lang='lat' dir='ltr'><strong>violare.</strong></span> 
     </span>
    </p>
   </div>
   <div class='ocr_carea' id='block_1_104' title="bbox 1808 4876 2485 4934">
    <p class='ocr_par' dir='ltr' id='par_1_104' title="bbox 1808 4876 2485 4934">
     <span class='ocr_line' id='line_1_105' title="bbox 1808 4876 2485 4934; baseline 0 -2"><span class='ocrx_word' id='word_1_700' title='bbox 1808 4877 2032 4934; x_wconf 55' lang='lat' dir='ltr'><strong>VARI/Ii</strong></span> <span class='ocrx_word' id='word_1_701' title='bbox 2071 4877 2374 4934; x_wconf 87' lang='lat' dir='ltr'><strong>LECTION</strong></span> <span class='ocrx_word' id='word_1_702' title='bbox 2379 4876 2485 4932; x_wconf 87' lang='lat' dir='ltr'><strong>ES.</strong></span> 
     </span>
    </p>
   </div>
   <div class='ocr_carea' id='block_1_105' title="bbox 575 4999 3180 5077">
    <p class='ocr_par' dir='ltr' id='par_1_105' title="bbox 575 4999 3180 5077">
     <span class='ocr_line' id='line_1_106' title="bbox 575 4999 3180 5077; baseline -0.007 -6"><span class='ocrx_word' id='word_1_703' title='bbox 575 5014 638 5046; x_wconf 86' lang='grc'><strong><em>⁸⁸⁹</em></strong></span> <span class='ocrx_word' id='word_1_704' title='bbox 670 5011 1031 5070; x_wconf 87' lang='lat' dir='ltr'><strong>Assimilatur</strong></span> <span class='ocrx_word' id='word_1_705' title='bbox 1059 5017 1113 5062; x_wconf 90' lang='lat' dir='ltr'><strong>et</strong></span> <span class='ocrx_word' id='word_1_706' title='bbox 1141 5010 1482 5077; x_wconf 84' lang='lat' dir='ltr'><strong>comparatur</strong></span> <span class='ocrx_word' id='word_1_707' title='bbox 1509 5018 1645 5077; x_wconf 70' lang='lat' dir='ltr'><strong>mss.</strong></span> <span class='ocrx_word' id='word_1_708' title='bbox 1671 5006 1749 5077; x_wconf 40' lang='grc' dir='ltr'><strong>,εἰ</strong></span> <span class='ocrx_word' id='word_1_709' title='bbox 1764 4999 1937 5077; x_wconf 81' lang='lat' dir='ltr'><strong>_Edit.</strong></span> <span class='ocrx_word' id='word_1_710' title='bbox 1973 5001 2096 5056; x_wconf 86' lang='lat' dir='ltr'><strong>Col.</strong></span> <span class='ocrx_word' id='word_1_711' title='bbox 2139 5001 2294 5077; x_wconf 73' lang='lat'><strong>_1573</strong></span> <span class='ocrx_word' id='word_1_712' title='bbox 2344 5002 2622 5077; x_wconf 58' lang='lat' dir='ltr'><strong>amittant</strong></span> <span class='ocrx_word' id='word_1_713' title='bbox 2679 5001 2732 5054; x_wconf 87' lang='lat' dir='ltr'><strong>et</strong></span> <span class='ocrx_word' id='word_1_714' title='bbox 2779 5004 3180 5077; x_wconf 78' lang='lat' dir='ltr'><strong>comparatur._</strong></span> 
     </span>
    </p>
   </div>
   <div class='ocr_carea' id='block_1_106' title="bbox 1671 5067 3263 5127">
    <p class='ocr_par' dir='ltr' id='par_1_106' title="bbox 1671 5067 3263 5127">
     <span class='ocr_line' id='line_1_107' title="bbox 1671 5067 3263 5127; baseline -0.003 -1"><span class='ocrx_word' id='word_1_715' title='bbox 1671 5069 1729 5100; x_wconf 80' lang='grc'><strong>⁸⁷¹</strong></span> <span class='ocrx_word' id='word_1_716' title='bbox 1763 5073 1845 5126; x_wconf 85' lang='lat' dir='ltr'><strong>Ex</strong></span> <span class='ocrx_word' id='word_1_717' title='bbox 1877 5087 1937 5126; x_wconf 88' lang='lat' dir='ltr'><strong>ea</strong></span> <span class='ocrx_word' id='word_1_718' title='bbox 1966 5071 2310 5127; x_wconf 89' lang='lat' dir='ltr'><strong>comederent</strong></span> <span class='ocrx_word' id='word_1_719' title='bbox 2338 5088 2444 5126; x_wconf 75' lang='lat' dir='ltr'><strong>ms.</strong></span> <span class='ocrx_word' id='word_1_720' title='bbox 2487 5072 2621 5126; x_wconf 71' lang='lat' dir='ltr'><strong>Vict.</strong></span> <span class='ocrx_word' id='word_1_721' title='bbox 2671 5085 2741 5125; x_wconf 85' lang='lat' dir='ltr'><strong>ex</strong></span> <span class='ocrx_word' id='word_1_722' title='bbox 2788 5084 2852 5123; x_wconf 78' lang='lat' dir='ltr'><strong>ea</strong></span> <span class='ocrx_word' id='word_1_723' title='bbox 2905 5067 3263 5123; x_wconf 88' lang='lat' dir='ltr'><strong>comederint.</strong></span> 
     </span>
    </p>
   </div>
   <div class='ocr_carea' id='block_1_107' title="bbox 509 5074 1592 5162">
    <p class='ocr_par' dir='ltr' id='par_1_107' title="bbox 509 5074 1592 5162">
     <span class='ocr_line' id='line_1_108' title="bbox 509 5074 1592 5162; baseline -0.019 -16"><span class='ocrx_word' id='word_1_724' title='bbox 509 5090 600 5162; x_wconf 89' lang='lat' dir='ltr'><strong>qui</strong></span> <span class='ocrx_word' id='word_1_725' title='bbox 632 5088 674 5143; x_wconf 90' lang='lat' dir='ltr'><strong>si</strong></span> <span class='ocrx_word' id='word_1_726' title='bbox 703 5102 840 5142; x_wconf 74' lang='lat' dir='ltr'><strong>mss.</strong></span> <span class='ocrx_word' id='word_1_727' title='bbox 873 5079 1236 5162; x_wconf 63' lang='lat' dir='ltr'><strong>comminatus</strong></span> <span class='ocrx_word' id='word_1_728' title='bbox 1265 5074 1592 5162; x_wconf 49' lang='lat' dir='ltr'><strong>eis_qui‘ansil.</strong></span> 
     </span>
    </p>
   </div>
   <div class='ocr_carea' id='block_1_108' title="bbox 508 5144 2680 5269">
    <p class='ocr_par' dir='ltr' id='par_1_108' title="bbox 508 5144 2680 5269">
     <span class='ocr_line' id='line_1_109' title="bbox 508 5144 2680 5216; baseline -0.01 0"><span class='ocrx_word' id='word_1_729' title='bbox 508 5144 747 5216; x_wconf 70' lang='lat' dir='ltr'><strong>mortuos</strong></span> <span class='ocrx_word' id='word_1_730' title='bbox 777 5171 911 5210; x_wconf 75' lang='lat' dir='ltr'><strong>mss.</strong></span> <span class='ocrx_word' id='word_1_731' title='bbox 944 5150 1319 5207; x_wconf 82' lang='lat' dir='ltr'><strong>Gem.Bec.A.</strong></span> <span class='ocrx_word' id='word_1_732' title='bbox 1355 5144 1470 5200; x_wconf 54' lang='lat' dir='ltr'><strong>{et</strong></span> <span class='ocrx_word' id='word_1_733' title='bbox 1503 5145 1645 5200; x_wconf 79' lang='lat' dir='ltr'><strong>Edit.</strong></span> <span class='ocrx_word' id='word_1_734' title='bbox 1675 5144 1788 5200; x_wconf 84' lang='lat' dir='ltr'><strong>Col.</strong></span> <span class='ocrx_word' id='word_1_735' title='bbox 1819 5146 1950 5198; x_wconf 79' lang='grc'><strong>1573</strong></span> <span class='ocrx_word' id='word_1_736' title='bbox 1982 5158 2260 5214; x_wconf 88' lang='lat' dir='ltr'><strong>percussos</strong></span> <span class='ocrx_word' id='word_1_737' title='bbox 2290 5150 2342 5197; x_wconf 90' lang='lat' dir='ltr'><strong>et</strong></span> <span class='ocrx_word' id='word_1_738' title='bbox 2369 5144 2680 5196; x_wconf 88' lang='lat' dir='ltr'><strong>morituros.</strong></span> 
     </span>
     <span class='ocr_line' id='line_1_110' title="bbox 509 5212 2680 5269; baseline -0.001 0"><span class='ocrx_word' id='word_1_739' title='bbox 509 5234 674 5269; x_wconf 68' lang='lat' dir='ltr'><strong>mn...</strong></span> <span class='ocrx_word' id='word_1_740' title='bbox 733 5229 868 5269; x_wconf 66' lang='lat' dir='ltr'><strong>ima</strong></span> <span class='ocrx_word' id='word_1_741' title='bbox 901 5237 1060 5269; x_wconf 77' lang='lat' dir='ltr'><strong>mane</strong></span> <span class='ocrx_word' id='word_1_742' title='bbox 1081 5235 1297 5269; x_wconf 79' lang='lat' dir='ltr'><strong>aiioane</strong></span> <span class='ocrx_word' id='word_1_743' title='bbox 1324 5224 1626 5269; x_wconf 78' lang='lat' dir='ltr'><strong>sumentes.</strong></span> <span class='ocrx_word' id='word_1_744' title='bbox 1736 5212 1795 5242; x_wconf 75' lang='grc'><strong>⁸⁷⁸</strong></span> <span class='ocrx_word' id='word_1_745' title='bbox 1829 5215 1895 5269; x_wconf 88' lang='lat' dir='ltr'><strong>Et</strong></span> <span class='ocrx_word' id='word_1_746' title='bbox 1923 5214 2197 5268; x_wconf 89' lang='lat' dir='ltr'><strong>somnium</strong></span> <span class='ocrx_word' id='word_1_747' title='bbox 2226 5229 2360 5268; x_wconf 68' lang='lat' dir='ltr'><strong>mss.</strong></span> <span class='ocrx_word' id='word_1_748' title='bbox 2395 5221 2448 5266; x_wconf 92' lang='lat' dir='ltr'><strong>et</strong></span> <span class='ocrx_word' id='word_1_749' title='bbox 2468 5228 2680 5267; x_wconf 76' lang='lat' dir='ltr'><strong>somnur</strong></span> 
     </span>
    </p>
   </div>
   <div class='ocr_carea' id='block_1_109' title="bbox 1440 5223 3625 5353">
    <p class='ocr_par' dir='ltr' id='par_1_109' title="bbox 1440 5223 3625 5353">
     <span class='ocr_line' id='line_1_111' title="bbox 1440 5223 3625 5282; baseline -0.001 -13"><span class='ocrx_word' id='word_1_750' title='bbox 1440 5224 1626 5278; x_wconf 67' lang='lat' dir='ltr'><strong>rentes,</strong></span> <span class='ocrx_word' id='word_1_751' title='bbox 1736 5223 1795 5242; x_wconf 82' lang='lat'><strong>&quot;&#39;</strong></span> <span class='ocrx_word' id='word_1_752' title='bbox 1831 5223 1895 5269; x_wconf 79' lang='lat' dir='ltr'><strong>Et</strong></span> <span class='ocrx_word' id='word_1_753' title='bbox 1923 5230 2197 5268; x_wconf 85' lang='lat' dir='ltr'><strong>somnium</strong></span> <span class='ocrx_word' id='word_1_754' title='bbox 2226 5229 2360 5268; x_wconf 68' lang='lat' dir='ltr'><strong>mss.</strong></span> <span class='ocrx_word' id='word_1_755' title='bbox 2395 5223 2448 5266; x_wconf 91' lang='lat' dir='ltr'><strong>et</strong></span> <span class='ocrx_word' id='word_1_756' title='bbox 2468 5228 2735 5267; x_wconf 89' lang='lat' dir='ltr'><strong>somnum.</strong></span> <span class='ocrx_word' id='word_1_757' title='bbox 2874 5223 2935 5238; x_wconf 85' lang='lat'><strong>&quot;&#39;</strong></span> <span class='ocrx_word' id='word_1_758' title='bbox 2966 5223 3112 5264; x_wconf 82' lang='lat' dir='ltr'><strong>AIIOS</strong></span> <span class='ocrx_word' id='word_1_759' title='bbox 3153 5223 3469 5280; x_wconf 84' lang='lat' dir='ltr'><strong>peccatores</strong></span> <span class='ocrx_word' id='word_1_760' title='bbox 3497 5227 3625 5282; x_wconf 83' lang='lat' dir='ltr'><strong>gent</strong></span> 
     </span>
     <span class='ocr_line' id='line_1_112' title="bbox 1440 5280 3625 5353; baseline -0.002 -11"><span class='ocrx_word' id='word_1_761' title='bbox 1440 5283 1502 5316; x_wconf 82' lang='grc'><strong>⁸⁷⁸</strong></span> <span class='ocrx_word' id='word_1_762' title='bbox 1533 5288 1596 5342; x_wconf 80' lang='lat' dir='ltr'><strong>In</strong></span> <span class='ocrx_word' id='word_1_763' title='bbox 1628 5301 1738 5342; x_wconf 69' lang='lat' dir='ltr'><strong>m3.</strong></span> <span class='ocrx_word' id='word_1_764' title='bbox 1781 5287 1916 5342; x_wconf 69' lang='grc' dir='ltr'><strong>νισι.</strong></span> <span class='ocrx_word' id='word_1_765' title='bbox 1950 5283 2238 5353; x_wconf 91' lang='lat' dir='ltr'><strong>Quomodo</strong></span> <span class='ocrx_word' id='word_1_766' title='bbox 2283 5284 2464 5340; x_wconf 90' lang='lat' dir='ltr'><strong>omnia</strong></span> <span class='ocrx_word' id='word_1_767' title='bbox 2519 5284 2644 5337; x_wconf 84' lang='lat' dir='ltr'><strong>vitia</strong></span> <span class='ocrx_word' id='word_1_768' title='bbox 2691 5280 2935 5353; x_wconf 60' lang='lat' dir='ltr'><strong>propriae</strong></span> <span class='ocrx_word' id='word_1_769' title='bbox 2974 5281 3240 5353; x_wconf 79' lang='lat' dir='ltr'><strong>voluntati</strong></span> <span class='ocrx_word' id='word_1_770' title='bbox 3301 5281 3625 5337; x_wconf 88' lang='lat' dir='ltr'><strong>ministrent.</strong></span> 
     </span>
    </p>
   </div>
   <div class='ocr_carea' id='block_1_110' title="bbox 509 5224 1626 5291">
    <p class='ocr_par' dir='ltr' id='par_1_110' title="bbox 509 5224 1626 5291">
     <span class='ocr_line' id='line_1_113' title="bbox 509 5224 1626 5291; baseline -0.02 0"><span class='ocrx_word' id='word_1_771' title='bbox 509 5234 697 5291; x_wconf 81' lang='lat' dir='ltr'><strong>Colon.</strong></span> <span class='ocrx_word' id='word_1_772' title='bbox 733 5229 868 5282; x_wconf 78' lang='grc'><strong>1573</strong></span> <span class='ocrx_word' id='word_1_773' title='bbox 901 5237 1060 5277; x_wconf 90' lang='lat' dir='ltr'><strong>mane</strong></span> <span class='ocrx_word' id='word_1_774' title='bbox 1081 5235 1297 5291; x_wconf 89' lang='lat' dir='ltr'><strong>quoque</strong></span> <span class='ocrx_word' id='word_1_775' title='bbox 1324 5224 1626 5291; x_wconf 70' lang='lat' dir='ltr'><strong>surgentes.</strong></span> 
     </span>
    </p>
   </div>
   <div class='ocr_carea' id='block_1_111' title="bbox 501 5295 1327 5364">
    <p class='ocr_par' dir='ltr' id='par_1_111' title="bbox 501 5295 1327 5364">
     <span class='ocr_line' id='line_1_114' title="bbox 501 5295 1327 5364; baseline -0.023 -2"><span class='ocrx_word' id='word_1_776' title='bbox 501 5320 638 5361; x_wconf 69' lang='lat' dir='ltr'><strong>mss.</strong></span> <span class='ocrx_word' id='word_1_777' title='bbox 675 5301 806 5358; x_wconf 81' lang='lat' dir='ltr'><strong>Vict.</strong></span> <span class='ocrx_word' id='word_1_778' title='bbox 841 5295 978 5352; x_wconf 90' lang='lat' dir='ltr'><strong>alios</strong></span> <span class='ocrx_word' id='word_1_779' title='bbox 1006 5298 1327 5364; x_wconf 70' lang='lat' dir='ltr'><strong>genuerunt.</strong></span> 
     </span>
    </p>
   </div>
   <div class='ocr_carea' id='block_1_112' title="bbox 505 5354 2726 5434">
    <p class='ocr_par' dir='ltr' id='par_1_112' title="bbox 505 5354 2726 5434">
     <span class='ocr_line' id='line_1_115' title="bbox 505 5354 2726 5434; baseline -0.015 -1"><span class='ocrx_word' id='word_1_780' title='bbox 505 5354 1100 5434; x_wconf 30' lang='lat' dir='ltr'><strong>Sedemﬁconstitué&#39;rit</strong></span> <span class='ocrx_word' id='word_1_781' title='bbox 1153 5362 1416 5434; x_wconf 44' lang='grc' dir='ltr'><strong>νηλέι]</strong></span> <span class='ocrx_word' id='word_1_782' title='bbox 1455 5361 1513 5413; x_wconf 82' lang='lat' dir='ltr'><strong>et</strong></span> <span class='ocrx_word' id='word_1_783' title='bbox 1539 5357 1846 5434; x_wconf 40' lang='grc' dir='ltr'><strong>ῥᾴω-φὶ.</strong></span> <span class='ocrx_word' id='word_1_784' title='bbox 1904 5357 2041 5410; x_wconf 62' lang='grc'><strong>1373</strong></span> <span class='ocrx_word' id='word_1_785' title='bbox 2087 5357 2271 5434; x_wconf 81' lang='lat' dir='ltr'><strong>sedem</strong></span> <span class='ocrx_word' id='word_1_786' title='bbox 2350 5354 2726 5434; x_wconf 53' lang='lat' dir='ltr'><strong>construxerit:</strong></span> 
     </span>
    </p>
   </div>
   <div class='ocr_carea' id='block_1_113' title="bbox 1270 5427 2168 5483">
    <p class='ocr_par' dir='ltr' id='par_1_113' title="bbox 1270 5427 2168 5483">
     <span class='ocr_line' id='line_1_116' title="bbox 1270 5427 2168 5483; baseline -0.002 1"><span class='ocrx_word' id='word_1_787' title='bbox 1270 5429 1330 5459; x_wconf 83' lang='grc' dir='ltr'><strong>’τ’</strong></span> <span class='ocrx_word' id='word_1_788' title='bbox 1361 5430 1476 5483; x_wconf 77' lang='lat' dir='ltr'><strong>Prae</strong></span> <span class='ocrx_word' id='word_1_789' title='bbox 1503 5429 1625 5482; x_wconf 86' lang='lat' dir='ltr'><strong>aliis</strong></span> <span class='ocrx_word' id='word_1_790' title='bbox 1679 5427 1824 5482; x_wconf 85' lang='lat' dir='ltr'><strong>vitiis</strong></span> <span class='ocrx_word' id='word_1_791' title='bbox 1875 5429 2168 5482; x_wconf 64' lang='lat' dir='ltr'><strong>manuari</strong></span> 
     </span>
    </p>
   </div>
   <div class='ocr_carea' id='block_1_114' title="bbox 509 5435 1158 5506">
    <p class='ocr_par' dir='ltr' id='par_1_114' title="bbox 509 5435 1158 5506">
     <span class='ocr_line' id='line_1_117' title="bbox 509 5435 1158 5506; baseline -0.031 0"><span class='ocrx_word' id='word_1_792' title='bbox 509 5448 622 5506; x_wconf 83' lang='lat' dir='ltr'><strong>Col.</strong></span> <span class='ocrx_word' id='word_1_793' title='bbox 659 5445 797 5501; x_wconf 75' lang='grc'><strong>1573</strong></span> <span class='ocrx_word' id='word_1_794' title='bbox 820 5441 912 5496; x_wconf 90' lang='lat' dir='ltr'><strong>illa</strong></span> <span class='ocrx_word' id='word_1_795' title='bbox 939 5435 1158 5492; x_wconf 88' lang='lat' dir='ltr'><strong>etenim.</strong></span> 
     </span>
    </p>
   </div>
   <div class='ocr_carea' id='block_1_115' title="bbox 2169 5443 2205 5519">
    <p class='ocr_par' dir='ltr' id='par_1_115' title="bbox 2169 5443 2205 5519">
     <span class='ocr_line' id='line_1_118' title="bbox 2169 5443 2205 5519; baseline 0 0"><span class='ocrx_word' id='word_1_796' title='bbox 2169 5443 2205 5519; x_wconf 64' lang='grc' dir='ltr'><em>Β</em></span> 
     </span>
    </p>
   </div>
   <div class='ocr_carea' id='block_1_116' title="bbox 3246 4994 3808 5055">
    <p class='ocr_par' dir='ltr' id='par_1_116' title="bbox 3246 4994 3808 5055">
     <span class='ocr_line' id='line_1_119' title="bbox 3246 4994 3808 5055; baseline -0.002 -2"><span class='ocrx_word' id='word_1_797' title='bbox 3246 4994 3307 5026; x_wconf 80' lang='grc'><strong>⁸⁷⁰</strong></span> <span class='ocrx_word' id='word_1_798' title='bbox 3347 4996 3709 5054; x_wconf 86' lang='lat' dir='ltr'><strong>Comminatis</strong></span> <span class='ocrx_word' id='word_1_799' title='bbox 3737 4999 3808 5055; x_wconf 86' lang='lat' dir='ltr'><strong>eis</strong></span> 
     </span>
    </p>
   </div>
   <div class='ocr_carea' id='block_1_117' title="bbox 3341 5066 3807 5126">
    <p class='ocr_par' dir='ltr' id='par_1_117' title="bbox 3341 5066 3807 5126">
     <span class='ocr_line' id='line_1_120' title="bbox 3341 5066 3807 5126; baseline 0.009 -4"><span class='ocrx_word' id='word_1_800' title='bbox 3341 5066 3404 5096; x_wconf 76' lang='grc' dir='ltr'><strong>’τ’</strong></span> <span class='ocrx_word' id='word_1_801' title='bbox 3435 5069 3729 5126; x_wconf 89' lang='lat' dir='ltr'><strong>Percussos</strong></span> <span class='ocrx_word' id='word_1_802' title='bbox 3758 5079 3807 5126; x_wconf 89' lang='lat' dir='ltr'><strong>et</strong></span> 
     </span>
    </p>
   </div>
   <div class='ocr_carea' id='block_1_118' title="bbox 2765 5136 3806 5210">
    <p class='ocr_par' dir='ltr' id='par_1_118' title="bbox 2765 5136 3806 5210">
     <span class='ocr_line' id='line_1_121' title="bbox 2765 5136 3806 5210; baseline 0.003 -17"><span class='ocrx_word' id='word_1_803' title='bbox 2765 5136 2825 5167; x_wconf 85' lang='grc'><strong>⁸⁷³</strong></span> <span class='ocrx_word' id='word_1_804' title='bbox 2856 5139 3010 5210; x_wconf 64' lang='lat' dir='ltr'><strong>Mane</strong></span> <span class='ocrx_word' id='word_1_805' title='bbox 3036 5209 3039 5210; x_wconf 16' lang='grc' dir='ltr'><em>ν</em></span> <span class='ocrx_word' id='word_1_806' title='bbox 3064 5147 3348 5210; x_wconf 87' lang='lat' dir='ltr'><strong>surgentes</strong></span> <span class='ocrx_word' id='word_1_807' title='bbox 3389 5156 3532 5195; x_wconf 72' lang='lat' dir='ltr'><strong>mss.</strong></span> <span class='ocrx_word' id='word_1_808' title='bbox 3572 5146 3629 5196; x_wconf 65' lang='lat' dir='ltr'><strong>rt</strong></span> <span class='ocrx_word' id='word_1_809' title='bbox 3680 5144 3806 5198; x_wconf 80' lang='lat' dir='ltr'><strong>Edit</strong></span> 
     </span>
    </p>
   </div>
   <div class='ocr_carea' id='block_1_119' title="bbox 2874 5207 3803 5310">
    <p class='ocr_par' dir='ltr' id='par_1_119' title="bbox 2874 5207 3803 5310">
     <span class='ocr_line' id='line_1_122' title="bbox 2874 5207 3803 5310; baseline 0.005 -47"><span class='ocrx_word' id='word_1_810' title='bbox 2966 5209 3112 5310; x_wconf 64' lang='lat' dir='ltr'><strong>Alilos</strong></span> <span class='ocrx_word' id='word_1_811' title='bbox 3149 5207 3803 5310; x_wconf 38' lang='lat' dir='ltr'><strong>peccatoresigenueru&#39;nnt</strong></span> 
     </span>
    </p>
   </div>
   <div class='ocr_carea' id='block_1_120' title="bbox 2837 5349 3793 5410">
    <p class='ocr_par' dir='ltr' id='par_1_120' title="bbox 2837 5349 3793 5410">
     <span class='ocr_line' id='line_1_123' title="bbox 2837 5349 3793 5410; baseline 0.001 -5"><span class='ocrx_word' id='word_1_812' title='bbox 2837 5349 2896 5379; x_wconf 81' lang='grc'><strong>³⁷³</strong></span> <span class='ocrx_word' id='word_1_813' title='bbox 2945 5351 3043 5406; x_wconf 89' lang='lat' dir='ltr'><strong>llle</strong></span> <span class='ocrx_word' id='word_1_814' title='bbox 3089 5351 3292 5406; x_wconf 87' lang='lat' dir='ltr'><strong>etenim</strong></span> <span class='ocrx_word' id='word_1_815' title='bbox 3340 5368 3476 5408; x_wconf 70' lang='lat' dir='ltr'><strong>mss.</strong></span> <span class='ocrx_word' id='word_1_816' title='bbox 3527 5358 3582 5409; x_wconf 81' lang='lat' dir='ltr'><strong>et</strong></span> <span class='ocrx_word' id='word_1_817' title='bbox 3643 5353 3793 5410; x_wconf 82' lang='lat' dir='ltr'><strong>Edit.</strong></span> 
     </span>
    </p>
   </div>
   <div class='ocr_carea' id='block_1_121' title="bbox 2210 5419 3802 5496">
    <p class='ocr_par' dir='ltr' id='par_1_121' title="bbox 2210 5419 3802 5496">
     <span class='ocr_line' id='line_1_124' title="bbox 2210 5419 3802 5496; baseline -0.003 -15"><span class='ocrx_word' id='word_1_818' title='bbox 2210 5432 2254 5481; x_wconf 82' lang='lat' dir='ltr'><strong>t.</strong></span> <span class='ocrx_word' id='word_1_819' title='bbox 2312 5441 2411 5496; x_wconf 88' lang='lat' dir='ltr'><strong>pro</strong></span> <span class='ocrx_word' id='word_1_820' title='bbox 2455 5426 2579 5480; x_wconf 86' lang='lat' dir='ltr'><strong>aliis</strong></span> <span class='ocrx_word' id='word_1_821' title='bbox 2633 5423 2798 5479; x_wconf 86' lang='lat' dir='ltr'><strong>vitiis.</strong></span> <span class='ocrx_word' id='word_1_822' title='bbox 2895 5419 2956 5450; x_wconf 82' lang='lat'><strong>&quot;°</strong></span> <span class='ocrx_word' id='word_1_823' title='bbox 2997 5422 3243 5496; x_wconf 85' lang='lat' dir='ltr'><strong>_Diab_olo</strong></span> <span class='ocrx_word' id='word_1_824' title='bbox 3299 5422 3802 5496; x_wconf 44' lang='lat' dir='ltr'><strong>quaaufamulantur</strong></span> 
     </span>
    </p>
   </div>
   <div class='ocr_carea' id='block_1_122' title="bbox 506 5491 3797 5577">
    <p class='ocr_par' dir='ltr' id='par_1_122' title="bbox 506 5491 3797 5577">
     <span class='ocr_line' id='line_1_125' title="bbox 506 5491 3797 5577; baseline -0.009 1"><span class='ocrx_word' id='word_1_825' title='bbox 506 5491 622 5577; x_wconf 49' lang='lat' dir='ltr'><strong>invi:</strong></span> <span class='ocrx_word' id='word_1_826' title='bbox 743 5491 800 5572; x_wconf 40' lang='lat' dir='ltr'><strong>IIV.</strong></span> <span class='ocrx_word' id='word_1_827' title='bbox 821 5491 1163 5577; x_wconf 68' lang='lat' dir='ltr'><strong>diaboloque</strong></span> <span class='ocrx_word' id='word_1_828' title='bbox 1194 5500 1522 5558; x_wconf 84' lang='lat' dir='ltr'><strong>famulantur</strong></span> <span class='ocrx_word' id='word_1_829' title='bbox 1543 5514 1656 5554; x_wconf 69' lang='lat' dir='ltr'><strong>ma.</strong></span> <span class='ocrx_word' id='word_1_830' title='bbox 1705 5496 1850 5556; x_wconf 84' lang='lat' dir='ltr'><strong>Vict.</strong></span> <span class='ocrx_word' id='word_1_831' title='bbox 1882 5503 1940 5577; x_wconf 70' lang='lat' dir='ltr'><strong>et</strong></span> <span class='ocrx_word' id='word_1_832' title='bbox 1962 5491 2263 5577; x_wconf 30' lang='lat' dir='ltr'><strong>Editzcot.</strong></span> <span class='ocrx_word' id='word_1_833' title='bbox 2305 5491 2948 5577; x_wconf 56' lang='lat' dir='ltr'><strong>I&#39;£§7§__diabolt)mquoque</strong></span> <span class='ocrx_word' id='word_1_834' title='bbox 2988 5491 3363 5577; x_wconf 44' lang='lat' dir='ltr'><strong>famulantur&#39;.‘</strong></span> <span class='ocrx_word' id='word_1_835' title='bbox 3415 5491 3477 5577; x_wconf 39' lang='lat'><strong>&quot;‘1</strong></span> <span class='ocrx_word' id='word_1_836' title='bbox 3493 5494 3797 5577; x_wconf 59' lang='lat' dir='ltr'><strong>frocreata</strong></span> 
     </span>
    </p>
   </div>
   <div class='ocr_carea' id='block_1_123' title="bbox 504 5575 1188 5648">
    <p class='ocr_par' dir='ltr' id='par_1_123' title="bbox 504 5575 1188 5648">
     <span class='ocr_line' id='line_1_126' title="bbox 504 5575 1188 5648; baseline 0.001 -1"><span class='ocrx_word' id='word_1_837' title='bbox 504 5575 798 5648; x_wconf 77' lang='lat' dir='ltr'><strong>nascuntur</strong></span> <span class='ocrx_word' id='word_1_838' title='bbox 825 5601 932 5644; x_wconf 72' lang='lat' dir='ltr'><strong>ms.</strong></span> <span class='ocrx_word' id='word_1_839' title='bbox 967 5575 1119 5636; x_wconf 76' lang='lat' dir='ltr'><strong>Vict.</strong></span> <span class='ocrx_word' id='word_1_840' title='bbox 1150 5592 1188 5648; x_wconf 80' lang='grc' dir='ltr'>Ρ</span> 
     </span>
    </p>
   </div>
   <div class='ocr_carea' id='block_1_124' title="bbox 1190 5568 2560 5630">
    <p class='ocr_par' dir='ltr' id='par_1_124' title="bbox 1190 5568 2560 5630">
     <span class='ocr_line' id='line_1_127' title="bbox 1190 5568 2560 5630; baseline -0.007 0"><span class='ocrx_word' id='word_1_841' title='bbox 1190 5581 1376 5630; x_wconf 80' lang='lat' dir='ltr'><strong>eccata</strong></span> <span class='ocrx_word' id='word_1_842' title='bbox 1403 5579 1715 5626; x_wconf 87' lang='lat' dir='ltr'><strong>nascuntur.</strong></span> <span class='ocrx_word' id='word_1_843' title='bbox 1789 5580 1854 5610; x_wconf 77' lang='grc' dir='ltr'><strong><em>ιιι</em></strong></span> <span class='ocrx_word' id='word_1_844' title='bbox 1883 5570 1946 5624; x_wconf 85' lang='lat' dir='ltr'><strong>In</strong></span> <span class='ocrx_word' id='word_1_845' title='bbox 1965 5584 2066 5623; x_wconf 70' lang='lat' dir='ltr'><strong>ms.</strong></span> <span class='ocrx_word' id='word_1_846' title='bbox 2095 5569 2157 5623; x_wconf 83' lang='grc' dir='ltr'><strong>Α.</strong></span> <span class='ocrx_word' id='word_1_847' title='bbox 2194 5570 2218 5623; x_wconf 83' lang='grc'><strong>1</strong></span> <span class='ocrx_word' id='word_1_848' title='bbox 2251 5568 2560 5625; x_wconf 82' lang='lat' dir='ltr'><strong>omittitur.</strong></span> 
     </span>
    </p>
   </div>
   <div class='ocr_carea' id='block_1_125' title="bbox 2673 5561 3790 5623">
    <p class='ocr_par' dir='ltr' id='par_1_125' title="bbox 2673 5561 3790 5623">
     <span class='ocr_line' id='line_1_128' title="bbox 2673 5561 3790 5623; baseline -0.003 -3"><span class='ocrx_word' id='word_1_849' title='bbox 2673 5564 2736 5594; x_wconf 80' lang='lat'><strong>&quot;’</strong></span> <span class='ocrx_word' id='word_1_850' title='bbox 2752 5561 3035 5620; x_wconf 66' lang='lat' dir='ltr'><strong>&#39;Atténtare</strong></span> <span class='ocrx_word' id='word_1_851' title='bbox 3064 5580 3204 5620; x_wconf 74' lang='lat' dir='ltr'><strong>mu.</strong></span> <span class='ocrx_word' id='word_1_852' title='bbox 3241 5561 3384 5620; x_wconf 74' lang='lat' dir='ltr'><strong>Vict.</strong></span> <span class='ocrx_word' id='word_1_853' title='bbox 3407 5570 3464 5621; x_wconf 81' lang='lat' dir='ltr'><strong>ct</strong></span> <span class='ocrx_word' id='word_1_854' title='bbox 3486 5565 3635 5622; x_wconf 78' lang='lat' dir='ltr'><strong>Edit.</strong></span> <span class='ocrx_word' id='word_1_855' title='bbox 3665 5565 3790 5623; x_wconf 90' lang='lat' dir='ltr'><strong>Col.</strong></span> 
     </span>
    </p>
   </div>
   <div class='ocr_carea' id='block_1_126' title="bbox 503 5633 3787 5723">
    <p class='ocr_par' dir='ltr' id='par_1_126' title="bbox 503 5633 3787 5723">
     <span class='ocr_line' id='line_1_129' title="bbox 503 5633 3787 5723; baseline -0.006 -12"><span class='ocrx_word' id='word_1_856' title='bbox 503 5633 996 5723; x_wconf 46' lang='lat' dir='ltr'><strong>{ﬁamﬁwm</strong></span> <span class='ocrx_word' id='word_1_857' title='bbox 1013 5633 1190 5708; x_wconf 65' lang='lat' dir='ltr'><strong>Debet</strong></span> <span class='ocrx_word' id='word_1_858' title='bbox 1215 5661 1345 5705; x_wconf 81' lang='lat' dir='ltr'><strong>cum</strong></span> <span class='ocrx_word' id='word_1_859' title='bbox 1369 5640 1550 5701; x_wconf 83' lang='lat' dir='ltr'><strong>anima</strong></span> <span class='ocrx_word' id='word_1_860' title='bbox 1577 5655 1710 5698; x_wconf 79' lang='lat' dir='ltr'><strong>mu.</strong></span> <span class='ocrx_word' id='word_1_861' title='bbox 1728 5637 1889 5698; x_wconf 84' lang='lat' dir='ltr'><strong>debet</strong></span> <span class='ocrx_word' id='word_1_862' title='bbox 1914 5639 2254 5698; x_wconf 83' lang='lat' dir='ltr'><strong>enmanima.</strong></span> <span class='ocrx_word' id='word_1_863' title='bbox 2292 5637 2427 5699; x_wconf 82' lang='lat' dir='ltr'><strong>’“Ut</strong></span> <span class='ocrx_word' id='word_1_864' title='bbox 2445 5653 2624 5713; x_wconf 86' lang='lat' dir='ltr'><strong>neque</strong></span> <span class='ocrx_word' id='word_1_865' title='bbox 2650 5653 2872 5711; x_wconf 68' lang='lat' dir='ltr'><strong>unam.</strong></span> <span class='ocrx_word' id='word_1_866' title='bbox 2910 5634 3054 5693; x_wconf 81' lang='lat' dir='ltr'><strong>Vict.</strong></span> <span class='ocrx_word' id='word_1_867' title='bbox 3073 5639 3131 5695; x_wconf 72' lang='lat' dir='ltr'><strong>et</strong></span> <span class='ocrx_word' id='word_1_868' title='bbox 3149 5633 3317 5694; x_wconf 77' lang='lat' dir='ltr'><strong>Edit.</strong></span> <span class='ocrx_word' id='word_1_869' title='bbox 3337 5635 3452 5695; x_wconf 79' lang='lat' dir='ltr'><strong>Col.</strong></span> <span class='ocrx_word' id='word_1_870' title='bbox 3470 5644 3646 5696; x_wconf 85' lang='lat' dir='ltr'><strong>utnec</strong></span> <span class='ocrx_word' id='word_1_871' title='bbox 3664 5651 3787 5695; x_wconf 75' lang='lat' dir='ltr'><strong>una.</strong></span> 
     </span>
    </p>
   </div>
  </div>
