4046 6076
317 278 410 329 621
1278 277 1404 334 LIB.
1444 280 1538 336 DE
1578 281 1632 336 S.
1675 281 1993 339 ANSELMI
2030 283 2638 368 SIliIILITUDlNIBUS.

906 419 1130 476 CAPUT
1168 421 1306 480 XLI.

355 516 682 574 Similitudo
711 518 870 573 inter
895 533 992 575 cor
1019 519 1333 576 humanum
1369 525 1425 577 et
1457 521 1867 578 molendinum.

387 614 494 670 Cor
522 616 719 671 etenim
750 624 988 672 nostrum
1020 618 1200 672 simile
1230 621 1308 674 est
1337 619 1646 674 molendino
1691 636 1908 690 semper

315 705 562 770 molenti,
594 705 738 776 quod
777 706 1029 761 dominus
1077 707 1298 776 quidam
1345 708 1562 764 cuidam
1609 725 1764 765 servo
1813 726 1908 766 suo

314 793 724 848 custodiendum
755 794 926 862 dedit,
956 796 1286 864 przecipiens
1313 795 1362 851 ei
1411 806 1469 852 ut
1518 813 1672 853 suam
1705 806 1910 853 tantum

312 896 606 950 annonam,
657 883 909 940 videlicet
958 885 1304 952 frumentum,
1351 886 1436 942 vel
1488 887 1771 956 hordeum,
1821 887 1908 942 vel

312 972 472 1026 etiam
505 985 749 1040 avenam,
783 976 836 1026 in
867 988 932 1027 eo
963 975 1130 1028 molat
1159 973 1240 1042 ⁸⁸⁸,
1275 984 1328 1030 et
1359 991 1426 1030 ex
1453 977 1650 1030 eodem
1676 973 1739 1002 ⁸⁸⁷
1764 975 1910 1046 quod

309 1059 582 1128 moluerit,
615 1060 729 1129 ipse
757 1060 924 1116 vivat.
975 1063 1171 1116 Verum
1221 1064 1304 1117 illi
1354 1080 1512 1119 servo
1544 1064 1763 1135 quidam
1798 1065 1908 1118 ini-

307 1149 565 1214 micatur,
599 1149 690 1219 qui
721 1149 848 1205 huic
871 1151 1183 1206 molendino
1231 1167 1445 1222 semper
1474 1152 1784 1217 insidiatur;
1818 1153 1911 1223 qui

306 1237 350 1290 si
385 1236 601 1307 quando
647 1237 783 1292 illud
815 1254 1045 1294 vacuum
1077 1241 1371 1310 invenerit,
1423 1249 1512 1296 aut
1559 1257 1784 1297 arenam
1832 1243 1910 1297 ibi

305 1325 487 1380 statim
519 1325 738 1395 projicit
771 1343 893 1396 quae
943 1327 1077 1382 illud
1125 1329 1374 1399 dissipat,
1422 1337 1512 1384 aut
1561 1331 1741 1399 picem
1789 1347 1912 1401 quae

305 1415 667 1486 conglutinet,
719 1424 807 1470 aut
860 1416 1066 1485 aliquid
1121 1417 1265 1487 quod
1314 1418 1500 1486 findat,
1555 1427 1644 1474 aut
1691 1419 1910 1488 paleam

304 1521 435 1574 quae
466 1511 668 1557 tantum
719 1502 857 1558 illud
905 1514 1149 1575 occupat.
1197 1507 1396 1560 Servus
1442 1506 1609 1577 igitur
1653 1508 1746 1564 ille
1778 1507 1838 1535 ³⁸⁸
1868 1517 1911 1570 si

311 1593 688 1647 molendinum
736 1609 888 1646 suum
921 1593 1058 1648 bene
1089 1594 1416 1662 custodierit,
1471 1595 1786 1667 dominique
1831 1597 1913 1652 sui

307 1690 512 1736 tantum
539 1696 812 1734 annonam
845 1681 898 1735 in
929 1697 992 1736 eo
1024 1682 1296 1751 moluerit,
1320 1684 1517 1738 munda
1540 1701 1606 1739 ex
1631 1701 1698 1740 eo
1730 1685 1911 1740 farina

3511 314 3615 371 622

1929 408 1983 467 A
2015 414 2205 479 tactus,
2252 415 2547 470 secundum
2595 432 2804 488 genera
2848 422 3242 494 cogitationum
3289 430 3611 492 mundarum

2017 493 2138 568 qua:
2169 499 2311 555 intus
2341 502 2653 561 volvuntur.
2707 507 2784 562 Ex
2834 493 3148 568 hisautem
3189 514 3615 590 cogitationibus

2018 587 2254 656 mundis,
2284 597 2336 644 et
2364 591 2477 647 Deo
2521 609 2614 648 eas
2656 597 2946 664 cogitando
2977 600 3236 671 deseruit,
3264 587 3320 661 et
3350 616 3615 667 mternam

2015 674 2118 729 sibi
2166 676 2330 732 vitam
2374 680 2601 750 acquirit
2637 697 2651 750 ;
2699 683 2746 738 si
2787 701 2916 741 vero
2981 688 3261 746 diabolum
3309 711 3408 751 cor
3451 713 3609 754 suum

2018 777 2368 835 corrumpere
2408 771 2730 838 permiserit,
2764 788 2892 829 mox
2923 775 3050 831 vitia
3096 795 3196 848 per
3241 798 3430 840 sensus
3479 803 3617 857 pro-

2016 852 2355 923 grediuntur,
2412 857 2570 926 juxta
2625 877 2828 931 genera
2885 865 3275 936 cogitationum
3344 852 3616 933 mala-rum

2017 958 2137 1011 qua:
2167 942 2309 997 intus
2343 945 2657 1002 volvuntur.
2685 949 2812 1006 Haec
2837 960 3013 1008 autem
3043 965 3094 1010 et
3122 957 3238 1014 Deo
3261 962 3615 1022 vehementer

2019 1029 2326 1100 displicent,
2359 1049 2461 1089 nec
2509 1036 2670 1092 homo
2719 1053 2786 1092 ex
2835 1041 2916 1095 eis
2966 1043 3166 1100 victum
3215 1047 3319 1102 sibi
3360 1047 3613 1124 aequirit,

2019 1118 2114 1173 sed
2145 1129 2397 1175 mortem.
2463 1123 2600 1179 Cum
2631 1126 2774 1180 enim
2801 1129 2868 1182 ad
2898 1129 3059 1186 ﬁnem
3091 1134 3317 1206 quisque
3345 1118 3614 1208 pervene;

2019 1208 2108 1276 rit,
2143 1217 2398 1278 quantum
2431 1210 2556 1267 boni
2603 1215 2688 1268 vel
2740 1217 2867 1272 mali
2915 1234 3056 1274 nunc
3103 1223 3374 1294 moluerit,
3407 1235 3612 1287 tantum

2020 1295 2089 1350 ad
2119 1296 2279 1352 vitam
2331 1300 2416 1355 vel
2469 1310 2697 1357 mortem
2758 1305 2859 1359 sibi
2910 1319 3275 1378 praeparatum
3333 1315 3604 1375 inveniet.

2020 1385 2218 1440 Verum
2257 1387 2538 1442 sciendum
2567 1389 2631 1417 ³”
2661 1393 2786 1462 quia
2836 1395 3028 1451 horum
3069 1399 3406 1472 molentium,
3441 1406 3495 1462 id
3535 1418 3616 1463 est

2018 1472 2075 1528 in
2105 1475 2206 1530 hac
2235 1477 2346 1532 vita
2377 1476 2759 1549 laborantium,
2794 1483 2892 1554 tria
2921 1500 3123 1557 genera
3153 1497 3300 1549 sunt.

2598 1587 2826 1645 CAPUT
2873 1591 3038 1647 XLII.

2169 1680 2493 1740 Similitudo
2522 1684 2678 1741 inter
2706 1688 2984 1745 motentes
3015 1694 3072 1747 et
3108 1693 3455 1756 laborantes.

308 1770 589 1842 egreditur
609 1769 766 1838 juxta
801 1786 975 1841 genus
1023 1786 1252 1826 annonae
1299 1789 1421 1843 qua:
1468 1773 1610 1828 intus
1659 1774 1898 1829 molitur.
1934 1759 1988 1820 Β
2090 1776 2224 1834 Haac
2279 1787 2458 1838 autem
2507 1782 2608 1836 tria
2655 1799 2858 1854 genera
2885 1784 2947 1814 ”‘
2979 1789 3128 1845 velut
3177 1800 3282 1848 tres
3329 1807 3450 1853 sunt
3505 1798 3612 1856 lio-

304 1861 391 1914 Ex
439 1860 632 1914 eodem
678 1867 861 1913 autem
907 1861 1051 1930 quod
1101 1861 1384 1929 moluerit,
1438 1869 1490 1916 et
1533 1862 1756 1918 domino
1805 1879 1902 1918 suo

304 1948 490 2016 servit,
522 1947 733 2018 sibique
763 1947 863 2017 ipsi
893 1949 1096 2002 victum
1144 1948 1388 2019 acquirit.
1442 1950 1497 2005 Si
1544 1966 1669 2006 vero
1709 1950 1898 2006 inimi-

304 2052 432 2093 cum
480 2053 632 2091 suum
681 2037 891 2092 violare
938 2038 1314 2092 molendinum
1365 2055 1519 2092 suum
1577 2040 1898 2110 permiserit,

303 2125 452 2180 mala
483 2142 548 2179 ex
579 2141 643 2180 eo
675 2123 850 2179 farina
876 2125 1140 2194 procedit,
1196 2126 1318 2195 quia
1366 2128 1512 2182 mala
1562 2135 1641 2182 est
1689 2143 1904 2184 annona

300 2229 466 2284 quam
495 2213 666 2269 molit.
701 2213 828 2268 Hazc
858 2223 1035 2268 autem
1067 2214 1260 2282 farina,
1306 2223 1359 2270 et
1405 2217 1756 2271 vehementer
1785 2216 1902 2271 dis-

301 2303 468 2372 plicet
497 2302 717 2357 domino
743 2303 840 2368 illi,
874 2319 970 2356 nec
1001 2319 1190 2358 servus
1217 2319 1284 2358 ex
1315 2319 1379 2358 ea
1408 2304 1510 2358 sibi
1546 2304 1768 2374 victum,
1809 2304 1904 2362 sed

308 2390 509 2446 famem
550 2391 834 2461 conquirit.
883 2393 996 2446 Hoc
1047 2393 1226 2462 itaque
1271 2391 1644 2448 molendinum
1693 2411 1906 2464 semper

307 2480 519 2551 aliquid
565 2481 793 2548 molens,
826 2496 921 2536 cor
949 2489 1029 2535 est
1062 2485 1384 2550 humanum,
1437 2482 1651 2538 assidue
1698 2483 1904 2553 aliquid

305 2570 580 2639 cogitans.
639 2570 750 2624 Hoc
794 2570 936 2624 Deus
984 2571 1277 2639 unicuique
1323 2570 1529 2625 homini
1578 2572 1903 2627 servandum

309 2657 552 2723 tradidit,
579 2657 778 2726 jubens
807 2666 864 2712 ut
893 2657 951 2713 in
981 2673 1045 2712 eo
1079 2659 1262 2712 volvat
1285 2657 1346 2685 "’
1377 2658 1500 2714 illos
1549 2666 1754 2714 tantum
1802 2676 1901 2716 co-

305 2745 511 2815 gitatus
537 2743 598 2772 ⁸⁹⁰
628 2762 760 2816 quos
789 2745 906 2815 ipse
955 2747 1218 2818 suggerit.
1270 2746 1514 2814 Quorum
1562 2748 1901 2819 cogitatuum

305 2833 398 2888 alii
430 2842 486 2887 ut
515 2833 859 2900 frumentum,
907 2835 998 2888 alii
1043 2843 1101 2888 ut
1142 2835 1426 2903 hordeum,
1480 2836 1571 2890 alii
1624 2845 1681 2891 ut
1728 2852 1904 2893 avena

304 2929 449 2976 sunt.
480 2922 601 2976 Puri
631 2921 833 2992 quippe
876 2931 932 2976 ut
975 2922 1303 2978 frumentum
1353 2932 1505 2990 sunt,
1536 2940 1679 2994 quos
1722 2926 1905 2982 anima

303 3011 564 3080 replicat,
619 3027 742 3065 cum
793 3011 846 3065 in
894 3012 1353 3080 contemplatione
1412 3013 1590 3082 posita
1646 3028 1782 3082 pure
1835 3015 1904 3070 de

2011 1865 2204 1934 mines,
2230 1867 2300 1923 de
2329 1884 2489 1926 mane
2514 1886 2684 1942 usque
2713 1873 2781 1928 ad
2812 1890 3099 1946 vesperam
3131 1895 3301 1938 manu
3324 1885 3611 1944 molentes.

2012 1954 2218 2010 Horum
2265 1957 2447 2027 itaque
2494 1959 2705 2028 primus
2758 1962 3019 2034 quidquid
3076 1968 3234 2024 molit
3280 1971 3336 2027 in
3392 1990 3608 2033 saccum

2011 2043 2228 2113 suscipit
2261 2053 2310 2098 et
2341 2046 2641 2102 abscondit.
2700 2049 2851 2105 Alter
2880 2068 3010 2108 vero
3039 2063 3251 2124 partem
3282 2062 3447 2131 capit,
3468 2079 3612 2134 par-

2015 2139 2120 2186 tem
2152 2133 2206 2186 in
2237 2133 2435 2189 ﬂumen
2465 2137 2801 2208 negligentia
2846 2139 3039 2198 cadere
3088 2147 3366 2215 permittit,
3397 2161 3607 2221 partem

2012 2233 2147 2308 vero
2189 2230 2382 2276 ventus
2430 2224 2860 2308 rapit.‘Tertius
2911 2239 3087 2286 autem
3144 2234 3404 2306 quidquid
3435 2241 3608 2308 molit,

2013 2306 2245 2377 impetus
2275 2310 2508 2366 ﬂuminis
2550 2296 2732 2370 secum
2765 2317 2902 2372 tollit
2948 2320 3035 2374 vel
3081 2296 3604 2385 ventus-dissolvit;

2014 2397 2277 2453 Veniente
2310 2416 2551 2470 vespera.
2583 2404 2804 2473 quando
2833 2420 2862 2460 a
2893 2406 3077 2464 labore
3105 2421 3361 2483 cessatur,
3395 2424 3449 2471 et
3483 2417 3612 2473 fru-

2013 2492 2132 2540 ctus
2163 2487 2364 2574 laboris
2393 2488 2701 2560 inquiritur,
2731 2494 2858 2562 quid
2907 2504 3066 2565 putas
3109 2499 3358 2574 singulos
3385 2504 3610 2561 habitu-

2012 2577 2145 2629 ros?
2177 2573 2279 2644 Qui
2308 2575 2545 2632 farinam
2597 2587 2762 2635 totam
2806 2586 3120 2652 reservavit,
3157 2573 3325 2645 totum
3369 2592 3612 2650 laborem

2011 2680 2180 2755 suum
2221 2663 2362 2720 bene
2405 2669 2740 2740 recognovit.
2802 2669 2906 2738 Qui
2955 2689 3084 2730 vero
3129 2685 3336 2748 partem
3367 2680 3610 2755 collegit,

2012 2750 2140 2806 inde
2167 2752 2376 2808 letatus
2423 2763 2504 2810 est
2551 2757 2696 2826 quod
2722 2757 2946 2827 habuit;
3005 2762 3132 2818 inde
3183 2773 3362 2822 autem
3390 2750 3614 2827 τι)ωᾷρᾷ

2014 2843 2115 2907 est,
2151 2842 2296 2910 quod
2328 2851 2489 2898 vento
2519 2853 2611 2900 aut
2637 2846 2694 2899 in
2722 2845 2943 2904 ﬂumine
2971 2851 3171 2908 amisit.
3232 2853 3337 2925 Qui
3369 2872 3498 2914 vero
3527 2867 3614 2915 to-

2014 2937 2122 2983 tum
2155 2930 2348 2998 amisit,
2385 2947 2450 2986 eo
2480 2933 2685 2990 tristior
2717 2943 2818 2992 est.
2866 2937 3091 2994 Flumen
3135 2957 3236 3011 pro
3293 2946 3476 3002 saeculi
3510 2948 3613 3004 de-

2011 3032 2172 3074 cursu
2203 3019 2485 3088 accipitur,
2511 3031 2672 3079 vento
2701 3040 2836 3080 vero
2864 3027 3039 3097 gloria
3069 3029 3382 3102 designatur
3403 3035 3616 3108 inanis;

299 3100 422 3154 Deo
468 3098 696 3169 cogitat.
754 3098 818 3152 Hi
876 3103 1054 3154 autem
1115 3099 1321 3156 hordeo
1379 3101 1750 3156 assimilantur
1808 3103 1898 3172 qui
1933 3113 1981 3176 α
2015 3105 2388 3162 molendinum
2419 3109 2565 3178 quod
2597 3119 2705 3167 tota
2734 3113 2823 3169 die
2851 3115 3026 3180 molit,
3058 3098 3296 3186 praesens
3332 3121 3488 3180 labor
3517 3098 3619 3180 hu;

306 3187 376 3242 de
407 3187 598 3242 virtute
628 3187 682 3240 in
715 3187 987 3254 virtutem,
1023 3187 1174 3258 quasi
1223 3204 1321 3258 per
1372 3189 1635 3259 quosdam
1669 3189 1905 3256 labores,

303 3275 602 3332 ascendere
653 3275 1004 3331 meditantur.
1047 3276 1109 3329 Hi
1145 3277 1340 3332 etenim
1367 3318 1381 3342 ,
1430 3277 1558 3333 licet
1602 3279 1710 3333 sint
1758 3279 1908 3345 boni,

301 3366 485 3420 minus
527 3371 707 3419 tamen
753 3364 1124 3434 superioribus
1180 3373 1300 3420 sunt
1352 3365 1600 3435 perfecti.
1657 3367 1740 3421 Illi
1777 3383 1908 3423 vero

305 3462 429 3508 sunt
480 3461 537 3508 ut
583 3469 773 3521 avena,
838 3453 1031 3524 quibus
1089 3455 1252 3509 homo
1305 3453 1536 3509 intendit
1591 3470 1688 3510 sua
1746 3457 1907 3513 dese-

303 3560 425 3600 rere
475 3543 646 3608 vitia;
695 3542 824 3598 boni
873 3557 1108 3612 namque
1154 3551 1275 3597 sunt
1318 3546 1372 3598 et
1418 3543 1525 3611 isti,
1577 3545 1675 3600 sed
1720 3552 1906 3602 tamen

302 3632 734 3702 imperfectiores
788 3631 1090 3701 praedictis.
1149 3632 1259 3686 Hos
1313 3631 1492 3702 itaque
1551 3648 1741 3688 omnes
1794 3636 1910 3689 vult

305 3723 450 3777 Deus
476 3729 535 3776 ut
562 3722 725 3776 homo
756 3728 866 3775 toto
896 3720 1060 3775 corde
1093 3720 1357 3787 revolvat,
1391 3728 1442 3776 et
1473 3737 1536 3776 ex
1569 3721 1777 3778 eisdem
1803 3722 1906 3778 sibi

307 3811 513 3866 victum
542 3818 809 3865 zeternum
840 3807 1109 3878 acquirat.
1162 3808 1268 3864 Sed
1301 3808 1426 3878 quia
1455 3810 1661 3864 homini
1691 3827 1908 3881 semper

303 3899 626 3954 adversatur
656 3896 927 3965 diabolus,
960 3903 1014 3952 et
1044 3913 1257 3966 semper
1303 3897 1591 3952 insidiatur
1637 3900 1787 3954 cordi
1832 3901 1902 3954 il-

301 3987 426 4052 lius,
458 3986 605 4057 quod
637 3987 681 4040 si
713 3985 1006 4055 aliquando
1031 4000 1259 4042 vacuum
1304 3986 1458 4040 bonis
1489 3987 1908 4057 cogitationibus

301 4075 595 4142 invenerit,
647 4073 827 4128 statim
875 4073 1066 4143 replet,
1118 4073 1163 4128 si
1209 4081 1408 4143 potest,
1451 4075 1630 4129 malis.
1701 4077 1906 4132 Harum

304 4171 481 4218 autem
521 4163 814 4228 malarum,
846 4162 966 4216 aliae
997 4177 1093 4216 cor
1120 4162 1408 4232 dissipant,
1442 4170 1498 4216 ut
1529 4163 1624 4218 irae
1667 4173 1721 4218 et
1760 4164 1904 4220 invi-

301 4251 430 4308 diae.
453 4251 595 4306 Alias
623 4251 998 4322 conglutinant
1023 4258 1076 4306 et
1105 4251 1473 4321 coinquinant,
1499 4259 1558 4306 ut
1586 4253 1908 4325 gastrimar-

302 4339 412 4412 giae
458 4347 511 4394 et
557 4339 808 4393 luxuriae.
859 4338 996 4393 Aliae
1046 4347 1250 4393 tantum
1300 4347 1589 4410 occupant,
1640 4349 1698 4396 ut
1744 4359 1900 4400 vana)

2013 3193 2108 3265 jus
2135 3192 2196 3222 ”‘
2220 3196 2430 3266 saeculi,
2464 3199 2553 3267 qui
2579 3213 2611 3252 a
2642 3216 2801 3256 mane
2829 3219 3000 3274 usque
3029 3206 3095 3260 ad
3129 3223 3418 3279 vesperam
3468 3229 3614 3269 nun-

2018 3298 2180 3353 quam
2214 3282 2350 3339 finit.
2398 3285 2557 3341 Mane
2600 3287 2759 3344 nobis
2807 3298 2921 3346 erat
2971 3295 3186 3362 quando
3235 3298 3346 3353 nati
3387 3300 3608 3372 fuimus,

2021 3385 2242 3441 vespera
2293 3389 2421 3428 vero
2460 3374 2560 3428 erit
2588 3377 2809 3445 quando
2837 3395 2938 3448 per
2965 3382 3155 3438 mortis
3199 3385 3439 3444 debitum
3484 3390 3614 3448 hinc

2020 3460 2381 3516 transibimus.
2413 3462 2650 3533 Tempus
2697 3464 2878 3537 itaque
2925 3485 3171 3538 praesens
3209 3473 3327 3530 dies
3374 3485 3455 3532 est
3503 3495 3608 3549 quo

2017 3549 2273 3604 laborare
2301 3549 2582 3617 debemus,
2598 3552 2742 3609 unde
2763 3553 2820 3609 in
2837 3571 3069 3628 vespera
3090 3559 3356 3619 vivamus.
3376 3565 3442 3621 Et
3472 3566 3610 3624 sicut

2017 3637 2182 3703 mola,
2215 3638 2419 3693 circum
2457 3641 2601 3696 circa
2635 3641 2812 3710 ducta,
2846 3643 2918 3700 ad
2959 3647 3212 3705 eumdem
3256 3667 3473 3724 semper
3521 3656 3609 3714 lo-

2017 3741 2138 3780 cum
2168 3727 2469 3796 revertitur,
2502 3728 2584 3785 sic
2629 3729 2786 3786 labor
2831 3732 2934 3789 iste
2974 3734 3210 3810 singulis
3258 3743 3413 3798 annis
3460 3728 3612 3802 mare

2015 3814 2172 3870 solito
2202 3814 2504 3870 reiteratur.
2552 3817 2712 3874 Modo
2760 3835 2994 3893 namque
3039 3834 3245 3898 aratur,
3295 3832 3610 3903 seminatur,

2016 3903 2250 3971 metitur,
2281 3903 2620 3975 panificatur,
2647 3909 2954 3966 comeditur
2983 3914 3126 3982 quod
3157 3915 3351 3972 iterum
3379 3920 3451 3977 ad
3466 3922 3611 3979 idem

2015 3991 2323 4046 revertitur.
2370 3991 2431 4046 In
2473 4009 2700 4063 vespera
2730 4010 2889 4069 ergo,
2922 4003 3143 4068 quando
3173 4003 3387 4061 dicetur
3418 4026 3429 4064 :
3475 4011 3610 4068 Voca

2015 4080 2320 4169 operarios,
2335 4083 2392 4135 et
2411 4080 2578 4137 redde
2597 4082 2718 4138 illis
2733 4087 3048 4144 mercedem
3059 4105 3223 4147 suam
3237 4093 3485 4164 (Matth.,
3502 4114 3606 4169 xx,

2016 4169 2091 4237 8),
2124 4166 2451 4223 letabontur
2474 4169 2626 4239 justi,
2661 4178 2772 4227 tota
2827 4173 3005 4230 farina
3046 4188 3275 4246 servata,
3306 4182 3364 4238 id
3393 4193 3474 4241 est
3502 4166 3610 4244 vita

2013 4271 2130 4311 sua.
2162 4253 2271 4309 Alii
2301 4271 2430 4311 vero
2487 4257 2576 4328 qui
2625 4274 2734 4316 non
2782 4275 2905 4316 eam
2937 4267 3106 4320 totam
3150 4282 3519 4342 servaverunt,
3549 4276 3605 4332 in

2014 4345 2118 4400 hoc
2144 4343 2322 4399 moesti
2354 4354 2539 4409 erunt;
2573 4345 2679 4403 laeti
2709 4355 2910 4419 tamen,
2945 4353 3088 4422 quod
3117 4370 3186 4411 ex
3213 4368 3368 4428 parte
3398 4361 3604 4420 laboris

300 4443 413 4483 non
443 4425 503 4457 ⁸⁸³
533 4427 693 4482 nimis
723 4427 951 4483 nocivaa.
999 4425 1098 4482 Hic
1128 4426 1298 4499 igitur
1328 4428 1514 4496 homo,
1542 4429 1590 4484 si
1622 4446 1719 4486 cor
1747 4447 1903 4487 suum
1936 4465 1990 4526 D
2019 4432 2100 4487 sui
2133 4432 2304 4489 Deum
2333 4445 2785 4507 recognoverunt.
2811 4439 3008 4496 Verum
3038 4443 3130 4498 alii
3161 4425 3252 4516 qui
3282 4462 3444 4507 omne
3471 4459 3608 4509 tem-

303 4516 445 4572 bene
468 4516 801 4580 custodierit,
834 4523 1157 4585 sanctosque
1184 4515 1450 4588 cogitatus
1498 4517 1554 4572 in
1602 4534 1666 4574 eo
1719 4521 1904 4577 revol-

303 4605 464 4671 verit,
496 4605 698 4660 munda
722 4620 824 4674 per
850 4619 912 4660 os
935 4604 1120 4670 verba,
1151 4605 1299 4660 velut
1342 4621 1444 4675 per
1491 4606 1733 4664 foramen
1776 4624 1903 4665 mo-

304 4693 532 4760 lendini,
566 4693 911 4758 emittuntur;
946 4693 1180 4748 mundus
1207 4709 1307 4763 per
1333 4694 1520 4749 oculos
1539 4695 1705 4763 visus,
1737 4713 1900 4752 mun-

297 4779 402 4836 dus
430 4797 530 4850 per
559 4798 717 4836 aures
745 4780 980 4849 auditus,
1015 4781 1245 4836 mundus
1268 4798 1369 4852 per
1395 4798 1456 4837 os
1486 4791 1698 4856 gustus,
1733 4802 1898 4842 mun-

298 4869 400 4924 dus
427 4885 528 4940 per
557 4886 716 4926 nares
754 4869 1031 4938 odoratus,
1067 4871 1296 4926 mundus
1341 4887 1442 4941 per
1487 4877 1659 4928 totum
1704 4891 1900 4946 corpus

2017 4537 2119 4592 pus
2145 4538 2301 4577 suum
2331 4521 2385 4577 in
2415 4524 2650 4581 vanitate
2676 4536 2902 4597 ponunt,
2953 4536 3006 4585 et
3059 4534 3204 4602 quod
3245 4534 3454 4594 faciunt
3493 4556 3601 4598 non

2007 4609 2077 4665 ab
2107 4611 2344 4666 humana
2385 4611 2546 4668 laude
2593 4613 2949 4686 abscondunt,
2982 4621 3133 4690 quasi
3161 4637 3324 4680 omne
3361 4627 3597 4686 studium

2007 4698 2132 4754 vitae
2168 4715 2280 4756 suae
2303 4699 2358 4754 in
2385 4699 2671 4756 decursum
2701 4701 2938 4760 ﬂuminis
2983 4709 3292 4780 projiciunt,
3327 4713 3593 4773 farinam-

2007 4803 2111 4860 que
2137 4803 2292 4844 suam
2339 4796 2501 4844 vento
2546 4791 2918 4861 committunt;
2951 4794 3094 4853 unde
3117 4806 3171 4854 et
3198 4800 3256 4856 in
3303 4799 3432 4873 fine,
3449 4821 3604 4878 pane

2004 4877 2131 4933 vitae
2160 4885 2372 4933 aeterna:
2402 4875 2462 4905 ⁸⁸⁵
2493 4877 2770 4934 carebunt.
2808 4879 2902 4938 Vae
2930 4881 3041 4938 illis
3070 4887 3080 4938 !

1602 5076 1828 5134 νΑΒΙιΕ
1874 5078 2289 5137 LECTIONES.

369 5222 430 5254 '“
463 5227 521 5280 In
548 5239 609 5280 ea
638 5221 806 5280 molat
834 5239 968 5280 mss.
1001 5223 1053 5277 in
1085 5238 1150 5279 eo
1177 5223 1367 5280 molat.

1477 5224 1540 5316 an
1566 5228 1640 5316 Ui
1660 5243 1749 5316 79x
1789 5227 1983 5316 φάρη,
2011 5231 2395 5316 φρειέξνροϐι
2438 5227 2561 5288 Vict
2590 5231 2676 5316 ‘13
2720 5237 2777 5291 et
2809 5235 2956 5316 Edit.
2979 5239 3242 5316 Colon.et
3263 5261 3330 5303 ex
3376 5252 3589 5316 eodem.

299 5294 360 5383 f“
391 5296 592 5383 Servus
619 5304 802 5351 autem
831 5296 921 5383 ille
949 5311 1086 5383 mss.
1117 5300 1173 5351 et
1201 5297 1352 5383 ﬁdit.
1386 5298 1805 5383 Calan."$ervus
1829 5301 1994 5383 igitur
2020 5302 2114 5357 ille
2141 5300 2200 5329 "'
2223 5303 2291 5358 Ut
2319 5302 2372 5356 in
2401 5318 2467 5383 eo
2496 5304 2672 5383 molat
2678 5321 2806 5383 171s:
2831 5316 2892 5383 ut
2919 5309 2972 5364 in
2988 5294 3330 5374 aliialii?
3375 5294 3595 5383 ἶνῖἲέίίξ

301 5375 412 5422 tum
443 5367 687 5455 cogitans
706 5382 862 5455 ,νηοῖσι
883 5373 1088 5455 tantum
1116 5367 1382 5455 cogitatus
1474 5367 1535 5397 ”‘
1567 5370 1820 5455 Utvanaz
1848 5367 2186 5455 gloriarm}!
2225 5375 2456 5455 ωειλ.
2501 5377 2523 5455 t
2555 5379 2617 5454 _et
2655 5377 2887 5433 l’ict..t3
2935 5387 2992 5455 ut
3034 5367 3339 5444 vanae'n'on
3437 5367 3593 5455 tif};

296 5453 408 5494 ms.
441 5441 503 5494 Α.
539 5443 563 5492 1
597 5439 803 5510 incipit
835 5439 863 5508 ς

893 5437 960 5526 at;
989 5437 1282 5526 IL§s£erbis
1313 5457 1332 5492 :
1353 5455 1545 5526 verum
1572 5437 1880 5525 sciendum,
1905 5447 2014 5499 etc.
2047 5441 2109 5471 '”
2139 5443 2266 5526 Haec
2291 5451 2473 5526 autem
2504 5445 2605 5526 tria
2632 5461 2856 5526 genere,
2890 5450 3037 5526 velut
3061 5437 3339 5516 msTVi—c't:
3357 5467 3415 5526 et

300 5510 431 5598 Col.
442 5505 776 5598 htec‘aute'm
804 5505 969 5567 velut.
1001 5505 1063 5538 ”‘
1085 5508 1326 5566 Praesens
1353 5509 1510 5568 labor
1527 5513 1688 5586 hujus
1713 5505 2123 5587 mssfpraesens
2150 5523 2232 5573 est
2249 5514 2406 5573 labor
2425 5515 2606 5588 hujus.
2633 5505 2700 5547 ³⁵⁸
2721 5505 2886 5578 Panas
2911 5505 3037 5579 vitae
3056 5505 3414 5589 stabilia:

294 5595 462 5650 panos
489 5588 715 5637 aeterno.
