3970 6088
478 316 579 370 623

1050 434 1269 489 CAPUT
1302 427 1493 486 XLIII.

502 536 654 606 Quod
683 536 905 593 bonitas
929 535 1198 606 cuiusque
1222 529 1534 606 ﬁdelispeo
1564 532 1621 585 et
1642 528 1899 585 omnibus
1925 528 2083 585 bonis

1085 596 1161 658 sit
1192 596 1356 656 utilis
1385 596 1467 652 ⁸⁸⁸.

568 726 649 779 Eo
677 720 991 794 diligentior
1019 718 1088 772 ad
1118 717 1349 771 studium
1383 715 1643 771 bonitatis
1674 715 1898 786 quilibet
1919 714 2081 771 efﬁci-

491 824 597 881 tur,
639 826 745 883 quo
792 810 993 864 fructus
1035 804 1257 861 uberior
1301 803 1429 859 inde
1468 804 1754 873 provenire
1802 803 2081 874 probatur.

492 901 780 958 Sciendum
838 897 1017 965 itaque
1047 902 1125 948 est
1155 892 1298 963 quod
1347 891 1562 947 bonitas
1616 893 1879 961 cujusque
1934 907 2080 947 omni

492 998 754 1047 creaturae
784 995 862 1042 est
888 985 1039 1039 utilis
1087 991 1139 1038 et
1184 982 1347 1039 bona.
1381 981 1623 1050 exceptis
1664 980 2003 1035 daemonibus
2030 988 2084 1036 et

486 1076 753 1133 damnatis
783 1072 1118 1129 hominibus.
1164 1070 1280 1124 Deo
1309 1069 1495 1136 etiam,
1527 1068 1615 1138 qui
1646 1069 1848 1123 nullius
1879 1078 1957 1123 est
1986 1069 2077 1123 in-

484 1169 698 1240 digens,
733 1164 961 1235 quadam
1011 1159 1217 1214 ratione
1260 1157 1519 1226 prodesse
1564 1157 1799 1211 videtur.
1839 1156 2078 1212 Homini-

487 1257 587 1310 bus
617 1263 699 1309 est
726 1253 871 1307 utilis
904 1268 915 1303 :
951 1247 1166 1319 quando
1196 1245 1339 1300 enim
1371 1260 1437 1299 ex
1465 1245 1588 1300 vita
1616 1245 1807 1300 merito
1845 1244 1964 1315 quis
2006 1245 2077 1299 ad

489 1352 747 1400 aeternam
778 1336 1167 1394 beatitudinem
1196 1334 1465 1403 pervenit,
1497 1349 1752 1387 numerus
1783 1333 2076 1389 electorum

487 1434 878 1487 incrementum
908 1424 1124 1494 accipit.
1160 1421 1265 1490 Qui
1297 1429 1501 1491 quanto
1549 1421 1783 1491 amplius
1822 1422 2073 1486 creverit,

488 1531 635 1580 tanto
692 1517 871 1574 minus
926 1522 1126 1569 aeterna
1182 1509 1466 1565 retributio
1522 1509 1894 1578 exspectanda
1943 1510 2067 1565 erit.

386 1628 409 1635 r
486 1612 626 1665 Nam
656 1620 781 1662 cum
810 1615 1074 1657 numerus
1128 1598 1220 1651 ille
1277 1604 1583 1652 sanctorum
1620 1598 1920 1666 completus
1949 1598 2075 1653 fue-

484 1700 550 1753 rit
600 1691 680 1760 "",
732 1689 1014 1747 retributio
1061 1687 1329 1756 justorum
1384 1699 1510 1741 mox
1565 1685 1899 1755 accipienda
1954 1685 2074 1755 erit,

482 1796 609 1843 tunc
638 1783 852 1855 quidem
882 1780 937 1833 in
964 1775 1284 1846 corporibus
1311 1789 1468 1844 quam
1492 1775 1606 1841 jam
1635 1773 1839 1829 habent
1867 1773 1919 1827 in
1951 1775 2072 1829 ani-
2101 1785 2157 1846 Β

486 1876 698 1933 mabus.
733 1870 790 1925 Si
819 1876 996 1923 autem
1027 1864 1400 1933 unusquisque
1443 1861 1638 1931 ﬁdelis,
1666 1877 1790 1917 mox
1833 1869 1891 1915 ut
1939 1863 2079 1919 hanc

479 1968 652 2021 vitam
679 1958 898 2024 deserit,
930 1968 1157 2023 corpore
1184 1951 1344 2005 simul
1376 1958 1427 2005 et
1457 1951 1641 2005 anima
1669 1958 1922 2005 aeternam
1953 1950 2080 2005 bea-

480 2050 763 2109 titudinem
793 2048 1233 2112 consequeretur,
1253 2039 1429 2093 omnis
1460 2038 1555 2108 qui
1592 2038 1699 2093 hoc
1718 2038 1931 2093 videret
1960 2039 2079 2107 ejus

484 2140 636 2212 sequi
684 2133 1023 2191 sanctitatem
1089 2128 1546 2198 compelleretur;
1597 2126 1780 2197 itaque
1827 2127 2078 2180 meritum

475 2230 605 2286 ﬁdei
631 2218 1035 2296 quodammodo
1065 2217 1343 2273 videretur
1372 2215 1647 2271 evacuari.
1698 2215 1863 2269 Bonis
1898 2215 2078 2283 itaque

475 2317 618 2374 utilis
646 2322 746 2379 est,
776 2311 860 2366 his
909 2307 999 2379 qui
1028 2322 1149 2362 cum
1198 2305 1312 2359 Deo
1359 2312 1499 2368 sunt,
1525 2303 1650 2373 quia
1687 2318 1874 2357 eorum
1906 2302 2073 2357 meri-

474 2418 591 2465 tum
620 2419 717 2460 sua
740 2397 1036 2471 praesentia
1082 2402 1290 2465 auget:
1327 2400 1379 2447 et
1425 2391 1533 2446 illis
1578 2392 1670 2461 qui
1721 2391 1775 2445 in
1822 2393 2072 2461 praesenti

473 2498 587 2553 vita
634 2499 781 2550 sunt.
832 2496 883 2543 et
928 2485 1107 2539 adhuc
1135 2481 1196 2510 ⁹⁹⁸
1226 2481 1388 2535 futuri
1447 2489 1605 2547 sunt,
1658 2481 1903 2549 prodest,
1946 2480 2075 2549 quia

481 2587 659 2639 locum
688 2579 744 2633 in
772 2577 868 2632 illo
899 2575 1041 2629 ccet'u
1072 2570 1352 2626 beatorum
1383 2568 1589 2637 implet,
1623 2568 1715 2638 qui
1736 2568 1886 2623 nullo
1908 2568 2071 2623 modo

478 2673 534 2725 in
562 2669 668 2723 ﬁne
699 2679 900 2721 vacuus
929 2675 1046 2716 esse
1088 2666 1282 2729 potest.
1332 2656 1480 2711 Facit
1522 2656 1680 2710 etiam
1728 2655 1914 2717 aliud;
1948 2671 2072 2710 ma-

472 2758 643 2813 litiam
674 2763 1054 2825 perversorum
1082 2743 1142 2773 ’”
1173 2743 1443 2814 siquidem
1474 2744 1731 2813 exemplo
1761 2759 1875 2799 suae
1904 2743 2068 2798 boni-

480 2847 600 2901 tatis
628 2838 913 2911 restringit
937 2835 1020 2892 ‘°°.
1074 2834 1185 2890 Soli
1216 2848 1281 2887 ac
1310 2834 1452 2887 lunae
1483 2831 1659 2887 bonus
1687 2832 1871 2899 homo,
1902 2839 2067 2886 caete-

472 2936 656 3004 risque
686 2927 947 2986 creaturis
989 2932 1072 2980 est
1117 2922 1297 2989 utilis,
1330 2920 1456 2990 quia
1504 2920 1560 2974 in
1606 2919 2070 2976 consummatione

476 3024 745 3094 justorum
815 3011 1232 3071 commutabitur
1281 3010 1335 3063 in
1394 3008 1585 3062 melius
1656 3008 1917 3078 quidquid
1992 3017 2071 3062 est

472 3111 716 3169 omnium
760 3113 1154 3161 creaturarum.
1203 3098 1297 3156 Sol
1340 3098 1571 3168 quippe,
1622 3097 1757 3151 sicut
1805 3096 2067 3203 propheta
2096 3139 2145 3203 Ο

474 3202 548 3258 ait
582 3217 594 3253 :
629 3194 1081 3271 Septempliciter
1103 3187 1328 3254 lucebit,
1352 3190 1417 3241 ut
1440 3188 1544 3241 lu):
1572 3189 1783 3255 septem
1808 3186 2026 3240 dierum
2041 3205 2064 3247 ,-

472 3296 527 3347 et
565 3290 703 3345 luna
732 3286 845 3342 erit
869 3280 1114 3338 sicutsol
1137 3276 1292 3347 (lsai.
1324 3291 1460 3343 xxx,
1481 3277 1593 3344 26).
1621 3272 1756 3329 Aliae
1778 3279 2065 3339 creatura,

474 3379 600 3435 licet
628 3375 870 3448 pulchra:
923 3369 1047 3436 sint,
1081 3364 1428 3420 mutabuntur
1459 3364 1517 3417 in
1544 3362 1758 3429 melius,
1792 3376 1913 3417 cum
1945 3360 2071 3415 illas

475 3468 622 3522 Deus
651 3460 875 3518 mutabit
906 3459 959 3511 in
989 3463 1183 3511 statum
1214 3453 1413 3509 exinde
1444 3466 1557 3506 non
1587 3449 2062 3505 commutandum.

473 3552 704 3625 Angelis
734 3560 948 3619 quoque
977 3546 1149 3599 bonus
1176 3543 1341 3596 homo
1370 3539 1517 3593 utilis
1543 3547 1645 3604 est,
1681 3539 1808 3607 quia
1854 3553 1913 3592 se
1956 3552 2072 3591 om-

478 3642 634 3697 nibus
672 3639 777 3691 illis
820 3634 1058 3689 amicum
1110 3629 1265 3685 facit.
1318 3627 1421 3695 Qui
1465 3627 1611 3681 enim
1658 3626 1787 3679 mihi
1840 3626 2072 3679 amicum

481 3726 819 3796 acquireret,
870 3720 957 3791 qui
996 3734 1084 3773 me
1131 3726 1384 3785 tanquam
1434 3715 1670 3783 seipsum
1719 3713 1989 3785 diligeret,
2021 3719 2075 3767 et

482 3829 642 3887 quem
671 3826 775 3883 ego
817 3819 1073 3877 tauquam
1120 3804 1389 3874 meipsum
1431 3817 1704 3869 amarem,
1748 3814 1979 3872 magnas
2025 3799 2073 3855 ei

482 3886 687 3978 iratius
732 3898 1012 3955 deberem.
1076 3891 1337 3962 Quisquis
1402 3904 1533 3960 ergo
1592 3889 1766 3978 bonus
1810 3886 2076 3943 studuerit

479 3975 619 4062 esse,
652 3991 707 4045 in
736 3989 1005 4044 bonorum
1045 3982 1335 4037 amicitiam
1378 3977 1645 4047 transibit,
1674 3975 1742 4032 ita
1784 3983 1845 4032 ut
1872 3991 2075 4031 unum-

484 4094 752 4156 quemque
796 4086 1045 4145 tanquam
1091 4070 1330 4140 seipsum
1379 4066 1603 4133 amabit,
1633 4074 1686 4121 et
1714 4080 1904 4156 omnes
1949 4080 2075 4119 eum

480 4153 673 4228 eodem
704 4165 868 4222 modo
898 4165 1119 4218 charum
1151 4156 1448 4213 habebunt.
1480 4156 1683 4210 Tantus
1728 4153 1869 4209 enim
1919 4166 2077 4207 amor

483 4268 735 4329 tantaque
764 4250 1054 4310 concordia
1099 4248 1264 4303 inerit
1305 4244 1580 4308 omnibus,
1613 4250 1670 4297 ut
1698 4258 1889 4299 omnes
1915 4240 2077 4296 amici

489 4350 665 4415 unius,
697 4344 807 4401 sint
839 4339 1002 4397 amici
1032 4345 1085 4392 et
1112 4334 1352 4391 alterius.
1405 4332 1647 4401 Qualiter
1690 4335 1875 4387 autem
1904 4330 2079 4385 bonus

486 4440 649 4497 etiam
691 4436 808 4491 Deo
857 4431 926 4485 sit
964 4427 1110 4483 utilis
1160 4423 1460 4482 videamus.
1524 4419 1884 4488 Omnipotens
1933 4419 2080 4473 Deus

484 4529 765 4587 civitatem
812 4517 1103 4593 quamdam
1151 4526 1408 4585 magnam
1455 4517 1508 4564 et
1549 4507 1839 4563 admodum
1869 4506 2077 4576 spatio-

1504 302 1811 362 EADMERI
1842 298 2161 363 AMONACHI
2207 302 2763 365 CANTUARIENSIS

2103 432 2161 495 Α
2189 431 2387 487 civium
2416 434 2481 463 ‘°’
2509 432 2855 488 multitudine
2905 433 3159 503 replevit.
3223 434 3465 503 Quorum
3518 439 3788 507 nonnulli,

3692 314 3791 371 62‘

2186 536 2314 574 cum
2349 521 2621 591 propriam
2664 523 3001 577 voluntatem
3042 522 3227 592 potius
3275 525 3557 598 elegerunt
3608 528 3785 583 facere

2187 624 2349 678 quam
2393 608 2495 663 sub
2523 610 2799 664 voluntate
2844 619 2897 664 et
2944 611 3284 667 ordinatione
3332 614 3429 669 Dei
3478 630 3784 685 remanere,

2187 696 2566 752 miserabiliter
2589 707 2922 763 corruerunt,
2948 710 3000 753 et
3015 700 3208 754 domus
3237 710 3289 755 et
3319 702 3554 757 aedificia
3586 721 3785 777 magna

2186 794 2239 840 et
2267 786 2508 856 spatiosa
2548 802 2618 841 ex
2669 796 2825 858 parte
2872 803 3044 843 vacua
3092 799 3489 846 remanserunt.
3524 792 3594 846 Ut
3623 792 3787 865 igitur

2187 876 2384 944 aliquis
2432 875 2526 944 qui
2575 873 2776 929 urbem
2824 891 3082 946 magnam
3135 876 3253 932 ﬁeri
3308 879 3645 950 ordinasset,
3699 885 3784 952 qui

2188 963 2355 1017 multa
2386 963 2439 1016 in
2469 978 2534 1016 ea
2563 962 2764 1033 palatia
2805 965 3214 1033 construxisset,
3267 966 3575 1037 multasque
3626 986 3783 1024 man-

2185 1052 2363 1106 siones
2407 1051 2477 1105 ad
2508 1050 2657 1106 urbis
2704 1051 3124 1108 aediﬁcationem
3166 1054 3401 1122 fecisset,
3433 1056 3531 1111 sed
3566 1057 3781 1112 habita—

2182 1144 2329 1197 tores
2356 1155 2466 1195 uon
2496 1140 2737 1207 haberet,
2772 1150 2823 1196 et
2860 1157 3049 1197 omnes
3096 1158 3451 1216 quoscunque
3495 1147 3779 1214 potuisset,

2183 1229 2253 1283 ad
2281 1245 2339 1283 se
2367 1228 2677 1297 invitasset;
2710 1229 2787 1283 sic
2820 1229 2949 1285 facit
2979 1231 3243 1285 Dominus
3274 1233 3419 1287 Deus
3445 1232 3534 1287 ⁴⁰⁸.
3582 1233 3782 1290 Omnes

2183 1318 2350 1384 enim,
2382 1324 2439 1370 ut
2467 1316 2535 1370 ad
2566 1333 2625 1371 se
2654 1318 2890 1385 veniant,
2923 1326 2975 1373 et
3015 1327 3073 1373 ut
3118 1318 3221 1373 sibi
3269 1321 3337 1374 ad
3388 1337 3505 1377 sua:
3555 1322 3783 1378 civitatis

2183 1404 2598 1461 aediﬁcationem
2645 1406 2995 1470 subveniunt,
3025 1416 3293 1477 precatur,
3322 1409 3602 1477 admouet,
3637 1411 3779 1465 invi-

2180 1498 2276 1561 tat,
2325 1493 2497 1548 bonas
2542 1494 2695 1565 leges
2740 1494 3044 1563 pollicens,
3097 1511 3289 1565 pacem
3334 1505 3388 1551 et
3434 1499 3779 1554 securitatem

2181 1581 2523 1651 promittens.

2753 1671 2975 1727 CAPUT
3014 1672 3202 1727 XLIV.

2426 1758 2850 1815 Commendatr'o
2880 1775 3143 1831 supernae
3171 1762 3542 1818 Hierusalem.

2260 1862 2340 1917 lbi
2370 1879 2606 1933 namque
2649 1865 2774 1934 jura
2823 1864 3005 1937 legum
3036 1866 3357 1934 immobilia,
3388 1870 3615 1938 optimae
3645 1886 3777 1927 con-

2184 1952 2516 2017 suetudines,
2557 1952 2631 2006 ibi
2683 1953 2831 2008 cives
2875 1970 2982 2009 non
3026 1970 3092 2009 ex
3140 1955 3331 2011 timore
3377 1957 3612 2027 alicujus
3654 1975 3775 2014 suas

2185 2040 2457 2096 occultant
2483 2056 2637 2111 opes,
2671 2041 2781 2096 imo
2827 2043 3069 2113 gaudent
3116 2043 3247 2098 dum
3289 2044 3476 2114 palam
3525 2048 3773 2103 omnibus

2183 2136 2465 2198 apparent.
2516 2129 2710 2184 Nullus
2746 2130 3013 2200 siquidem
3062 2131 3139 2185 ibi
3184 2132 3434 2187 incursus
3482 2134 3768 2203 malorum,

2182 2217 2352 2287 pestis
2383 2216 2549 2284 nulla,
2582 2217 2841 2272 violentia
2869 2219 3154 2290 omnisque
3182 2220 3372 2289 rapina
3408 2224 3602 2290 procul
3652 2224 3773 2277 inde

2183 2309 2415 2359 remota.
2450 2305 2714 2361 Praeterea
2740 2306 2894 2362 locus
2923 2322 3168 2363 amoenus
3189 2318 3241 2363 et
3262 2324 3461 2381 magna
3489 2310 3772 2366 dulcedine

2183 2392 2449 2460 refectus;
2497 2393 2692 2449 domus
2739 2402 2987 2463 paratae,
3031 2393 3260 2451 aediﬁcia
3311 2397 3516 2467 ampla,
3569 2400 3767 2454 diversi

2180 2481 2394 2552 generis
2422 2482 2751 2537 mansiones.
2776 2483 2929 2538 Unde
2959 2491 3011 2537 et
3040 2484 3159 2553 ipse
3181 2484 3444 2539 Dominus
3468 2504 3480 2538 :
3507 2487 3569 2541 In
3594 2488 3769 2553 domo,

2180 2569 2272 2635 ait,
2296 2570 2483 2625 Patris
2508 2572 2619 2625 mei
2642 2572 2970 2626 mansiones
2995 2572 3196 2628 multa:
3218 2578 3375 2630 sunt.
3399 2574 3469 2628 Et
3500 2578 3766 2645 propheta

2179 2657 2388 2710 Baruch
2413 2673 2425 2708 :
2450 2656 2708 2724 01srael,
2743 2673 2911 2729 quam
2944 2675 3155 2728 magna
3194 2664 3281 2715 est
3309 2665 3513 2717 domus
3554 2663 3674 2731 Dei,
3720 2669 3768 2717 et

2178 2760 2346 2816 quam
2360 2746 2556 2815 ingens
2570 2746 2723 2801 locus
2731 2748 3097 2816 possessionis
3108 2748 3228 2818 ejus
3241 2748 3264 2799 Ι
3276 2749 3518 2817 (Baru'ch
3530 2791 3542 2802 .
3561 2766 3644 2817 ni,
3664 2752 3768 2818 24.)

2177 2834 2424 2903 Magnus,
2476 2841 2527 2888 et
2573 2849 2682 2888 non
2732 2834 2893 2889 habet
2947 2837 3494 2904 consummationem,
3528 2838 3769 2893 excelsus

2179 2929 2231 2975 et
2272 2922 2590 2978 immensus.
2642 2923 2902 2977 Tenebrm
2931 2923 3006 2976 ibi
3037 2924 3219 2992 nulla,
3253 2924 3370 2979 luce
3404 2925 3769 2982 indeﬁcieuter

2179 3010 2642 3078 circumlucente;
2674 3011 2963 3065 infirmitas
3007 3012 3176 3079 nulla,
3223 3012 3426 3068 sanitas
3476 3015 3764 3079 indefessa,

2177 3099 2310 3152 nihil
2334 3099 2685 3166 incommodi,
2715 3100 2899 3154 omnia
2928 3099 2997 3154 ad
3025 3108 3229 3155 votum.
3280 3101 3363 3156 Ad
3408 3102 3552 3157 hanc
3595 3104 3766 3173 itaque

2175 3185 2590 3242 aediﬁcationem
2635 3188 2826 3242 invitat
2856 3203 2955 3242 nos
2986 3188 3265 3255 Dominus,
3297 3189 3487 3244 dicens
3521 3209 3534 3244 :
3590 3194 3767 3246 Venite

2179 3275 2251 3330 ad
2284 3291 2394 3345 me,
2425 3292 2618 3331 omnes
2638 3277 2734 3348 qui
2766 3277 3035 3332 laboratis
3060 3282 3117 3333 et
3144 3279 3367 3333 onerati
3396 3280 3555 3347 estis,
3591 3286 3648 3334 et
3677 3296 3762 3350 ego

2179 3364 2432 3432 reﬁciam
2463 3379 2551 3419 vos
2573 3363 2796 3430 (Matth.
2822 3379 2901 3431 χι,
2927 3365 3037 3434 28).
3073 3363 3176 3433 Qui
3206 3380 3337 3437 ergo
3367 3368 3554 3422 venire
3582 3369 3765 3423 volue-

2178 3454 2268 3520 rit,
2318 3453 2418 3507 Dei
2462 3451 2651 3521 procul
2705 3451 2872 3506 dubio
2922 3453 3326 3522 quodammodo
3370 3455 3594 3523 adjutor
3639 3456 3756 3510 erit.

2179 3541 2337 3596 Unde
2365 3540 2653 3611 Apostolus
2685 3557 2698 3593 :
2734 3542 2833 3596 Dei
2849 3539 3143 3613 adjutores
3159 3557 3379 3609 sumus,
3397 3544 3498 3598 Dei
3524 3544 3763 3611 redi/ica-

2183 3632 2261 3686 tio
2296 3632 2434 3685 estis
2473 3630 2521 3700 (ι
2555 3630 2675 3685 Cor.
2714 3644 2795 3695 nr,
2835 3629 2911 3696 9).
2946 3631 3005 3683 In
3033 3628 3272 3684 bonitate
3300 3646 3431 3702 ergo
3462 3632 3764 3704 quicunque

2183 3720 2408 3786 steterit,
2440 3733 2547 3771 non
2578 3718 2756 3772 solum
2782 3717 2890 3771 sibi
2921 3726 2973 3773 et
3002 3718 3148 3773 omni
3181 3727 3442 3774 creaturae
3471 3721 3616 3775 utilis
3652 3720 3760 3785 erit,

2183 3808 2277 3863 sed
2308 3807 2471 3862 etiam
2497 3805 2601 3876 ipsi
2633 3820 2730 3860 suo
2760 3813 2811 3860 et
2839 3806 3081 3861 omnium
3113 3806 3408 3876 Couditori,
3433 3816 3491 3862 ut
3519 3808 3760 3871 diximus,

2184 3895 2504 3951 beneﬁcium
2535 3893 2835 3964 prmstabit.
2884 3894 3012 3949 Haec
3053 3895 3198 3949 enim
3227 3896 3418 3950 civitas
3448 3905 3657 3964 sancta,
3686 3896 3763 3951 cui

2183 4000 2239 4039 se
2279 3996 2468 4054 sponte
2504 3982 2899 4049 associavit‘“,
2933 3983 2977 4037 si
3012 3983 3096 4039 vel
3139 4000 3277 4039 unus
3321 3985 3484 4039 homo
3533 3984 3756 4040 defuerit

2183 4073 2378 4140 bonus,
2412 4087 2685 4141 nunquam
2715 4069 3043 4141 perﬁcietur.

2765 4161 2987 4216 CAPUT
3028 4161 3189 4217 XLV.

2188 4251 2340 4321 Quod
2362 4251 2582 4307 bonitas
2612 4248 2743 4306 boni
2761 4249 3006 4304 hominis
3033 4249 3326 4321 damnatis
3353 4254 3409 4305 et
3428 4248 3763 4307 damonibus

2763 4321 2841 4375 sit
2870 4321 3100 4376 inutilis
3126 4319 3210 4350 “‘-

2255 4410 2564 4467 Notaudum
2595 4408 2753 4465 etiam
2784 4409 2950 4478 quod,
2975 4407 3113 4463 sicut
3143 4408 3356 4464 bonitas
3386 4409 3621 4464 hominis
3648 4407 3768 4464 boni

2187 4501 2438 4558 omnibus
2466 4506 2546 4554 est
2576 4497 2645 4553 ad
2671 4496 2732 4525 ‘°°
2763 4497 3003 4553 laetitiam
3033 4497 3443 4566 incrementum,
3469 4498 3550 4552 sic
3579 4498 3770 4553 daemo-

630 4612 692 4645 "‘
722 4612 791 4668 ad
819 4582 972 4667 suam
1015 4582 1267 4678 gloriam-
1295 4595 1605 4665 aediﬁcavit,
1651 4612 1810 4668 quam
1860 4595 2087 4665 copiosa
2113 4600 2169 4661 D
2193 4589 2352 4646 nibus
2371 4598 2423 4644 et
2440 4586 2747 4645 hominibus
2773 4586 3046 4642 damnatis
3062 4594 3142 4642 est
3168 4588 3238 4642 ad
3265 4582 3329 4615 “7
3355 4586 3767 4652 detrimentum;

1808 4796 2033 4855 VARIE
2062 4792 2473 4852 LECTIONES.

559 4967 620 4998 ιη
643 4970 708 5025 ,η
752 4980 860 5021 ηις,
916 4962 1053 5018 Vict.
1100 4961 1156 5014 et
1201 4954 1352 5010 Edit.
1409 4953 1520 5025 Col.
1567 4948 1615 5025 Q

481 5126 693 5189 praesen

486 5200 602 5243 rum
632 5196 739 5236 τηε.

1617 4948 1726 5004 uod
1768 4945 1983 5003 bonitas
2001 4946 2263 5018 cujusque
2309 4943 2485 5018 fidelis
2530 4944 2645 5018 Deo
2675 4949 2729 4998 et
2756 4940 3006 4997 omnibus
3034 4940 3192 5018 bouis
3221 4938 3289 4995 sit
3316 4939 3480 5018 utilis.

483 5012 708 5101 scilicet
743 5012 1049 5091 sanctorum
1105 5012 1408 5101 completus
1464 5012 1625 5101 fuerit
1682 5012 2260 5101 ms.‘.l’ic’t‘._e:tEdit.
2314 5015 2501 5101 colon.
2557 5012 3503 5101 ille7sanctommimplggs'sqeﬁt,

697 5084 1025 5164 n'iiié'éimt
1052 5107 1106 5153 et
1133 5084 1307 5167 adhuc
1335 5094 1612 5167 ms._l_’ict.
1646 5094 1701 5147 et
1730 5086 1886 5146 Edit.
1923 5089 2035 5144 Col.
2068 5087 2558 5167 impigeseutiarum
2590 5092 2713 5167 sunt
2737 5084 2822 5139 vel
2852 5084 3070 5167 adhuc“
3119 5084 3196 5167 δ”
3226 5084 3476 5167 Militiam
3497 5097 3691 5167 parve}:

776 5154 1007 5232 iiiis}:
1033 5170 1179 5225 Edit.
1207 5165 1316 5222 Col.
1338 5163 1599 5219 malitiam
1627 5175 2026 5232 perversorum.
2078 5154 2472 5232 _‘°"_Siqui_d_em_,
2497 5155 2771 5232 exemplo,
2795 5171 2907 5232 suae
2926 5154 3183 5209 bonitatis
3208 5154 3606 5232 restringitms.

3593 4937 3772 5065 ita

3135 5080 3196 5111 ⁸⁹⁹
3226 5081 3466 5137 Militiam
3497 5096 3773 5150 perverso-

484 5222 1236 5317 Colba.vsiquidem
1268 5235 1498 5322 exaudit
1525 5222 1786 5313 exemplo.
1806 5248 1917 5285 suae
1950 5222 2268 5311 bonitatis."
2290 5226 2367 5322 si"
2385 5222 2701 5322 ﬁdmgd'u‘m
2717 5226 3035 5322 [sppciosﬂanm
3057 5242 3175 5322 1115..

973 5293 1301 5384 speciosam.
1347 5303 1411 5334 ‘°’
1433 5307 1624 5385 Quam_
1634 5293 1888 5385 speciosa
1911 5301 2114 5385 civium
2134 5316 2250 5385 lus.
2290 5298 2681 5385 Vict.‘§‘t'§dit.
2715 5293 2828 5385 Col:
2862 5312 3024 5385 quam
3055 5296 3276 5365 copiosa
3306 5294 3536 5385 civium.
3566 5293 3629 5385 ‘2'
3657 5293 3769 5385 ,εἰς

481 5400 609 5458 facit
637 5391 900 5453 Dominus

928 5371 1075 5447 De‘us
1098 5398 1113 5438 :
1136 5396 1243 5436 ms.
1292 5376 1433 5431 Vict.
1462 5381 1516 5431 et
1546 5371 1696 5433 Bdit.
1733 5374 1848 5447 got.
1881 5373 1959 5427 sic
1978 5371 2110 5447 facit
2132 5372 2278 5447 Deus
2311 5386 2323 5423 :

2425 5369 2486 5399 ‘°‘
2514 5370 2576 5423 Et
2603 5371 2750 5424 omni
2781 5376 2834 5422 et
2862 5362 3286 5423 creatura'mss.
3310 5369 3366 5421 et
3389 5366 3541 5422 Edit.
3577 5362 3691 5421 Col.
3720 5371 3768 5418 et

470 5434 917 5530 L‘Eﬁi'é‘r'éliiﬁié
928 5434 1250 5530 ἱῐιῖἒὲόηιθ
1279 5447 1567 5530 temtari!
1586 5445 1875 5530 ἠε-..σονιθο
1899 5444 2136 5530 δίψη·
2161 5439 2489 5530 ,σε’,ιςὲυἱεεῖ
2517 5448 2708 5530 εέουίέ
2726 5436 3365 5530 3559?}“9:_.‘.°.'.99Pf_‘
3407 5434 3769 5530 PPB‘EE?.P°:.

476 5556 665 5607 mm“:
696 5556 1055 5614 ραωυιξξιδλῖξ

473 5597 1176 5743 ξῗθεῖῗῗῗὲἑὶῗΡῗίοι.

696 5511 970 5591 dimisus
987 5511 1052 5584 et
1080 5511 1425 5582 daemonibus
1453 5519 1521 5573 sit
1548 5516 1774 5573 inutilia.
1808 5531 1914 5571 ms.
1959 5515 2095 5572 Vict.
2116 5519 2175 5572 et
2204 5512 2355 5569 Edit.
2388 5511 2504 5570 Col.
2535 5511 2712 5593 Quod
2726 5511 2940 5593 bonitas
2982 5511 3114 5565 boni
3129 5511 3364 5565 hominis
3402 5511 3692 5590 damnatis,
3720 5513 3766 5562 et

700 5608 822 5648 ίιιιιι
846 5602 916 5648 ait
940 5597 1107 5648 utilis.
1215 5591 1279 5622 “‘
1308 5588 1577 5648 Omnibus
1602 5595 1686 5645 est
1710 5586 1783 5643 ad
1811 5602 1919 5643 ms.
1962 5583 2109 5645 Vict.
2138 5588 2201 5644 et
2225 5582 2375 5642 Edtt.
2408 5582 2531 5641 Col.
2563 5581 2877 5641 hominibus
2902 5579 3091 5639 estad.
3166 5577 3229 5609 ‘”
3250 5580 3537 5637 Damnatis
3575 5585 3657 5636 es;
3696 5576 3766 5636 ιδ

2587 5511 2695 5567 uod
2726 5509 2940 5566 bonitas
2982 5507 3114 5565 boui
3129 5505 3364 5565 hominis
3402 5505 3692 5575 damnatis,
3720 5513 3770 5562 et
