  <div class='ocr_page' id='page_1' title='image "/cluster/home/n/w/nwhite01/storage/ocr_20150623/159/hvd.32044054760178/318.png"; bbox 0 0 3970 6088; ppageno 0'>
   <div class='ocr_carea' id='block_1_1' title="bbox 259 278 363 331">
    <p class='ocr_par' dir='ltr' id='par_1_1' title="bbox 259 278 363 331">
     <span class='ocr_line' id='line_1_1' title="bbox 259 278 363 331; baseline 0.01 -1"><span class='ocrx_word' id='word_1_1' title='bbox 259 278 363 331; x_wconf 67' lang='lat'>6235</span> 
     </span>
    </p>
   </div>
   <div class='ocr_carea' id='block_1_2' title="bbox 1267 256 2583 343">
    <p class='ocr_par' dir='ltr' id='par_1_2' title="bbox 1267 256 2583 343">
     <span class='ocr_line' id='line_1_2' title="bbox 1267 256 2583 343; baseline 0.002 -6"><span class='ocrx_word' id='word_1_2' title='bbox 1267 256 1394 337; x_wconf 85' lang='lat' dir='ltr'>Lia.</span> <span class='ocrx_word' id='word_1_3' title='bbox 1428 281 1522 337; x_wconf 78' lang='lat' dir='ltr'>ne</span> <span class='ocrx_word' id='word_1_4' title='bbox 1552 281 1609 338; x_wconf 92' lang='lat' dir='ltr'>s.</span> <span class='ocrx_word' id='word_1_5' title='bbox 1634 282 1943 339; x_wconf 82' lang='lat' dir='ltr'>ANSELMI</span> <span class='ocrx_word' id='word_1_6' title='bbox 1973 283 2583 343; x_wconf 82' lang='lat' dir='ltr'>SIMILITUDINIBUS.</span> 
     </span>
    </p>
   </div>
   <div class='ocr_carea' id='block_1_3' title="bbox 3466 287 3568 342">
    <p class='ocr_par' dir='ltr' id='par_1_3' title="bbox 3466 287 3568 342">
     <span class='ocr_line' id='line_1_3' title="bbox 3466 287 3568 342; baseline 0.01 -1"><span class='ocrx_word' id='word_1_7' title='bbox 3466 287 3568 342; x_wconf 66' lang='lat'>69.6</span> 
     </span>
    </p>
   </div>
   <div class='ocr_carea' id='block_1_4' title="bbox 273 401 3569 488">
    <p class='ocr_par' dir='ltr' id='par_1_4' title="bbox 273 401 3569 488">
     <span class='ocr_line' id='line_1_4' title="bbox 273 401 3569 488; baseline 0.003 -30"><span class='ocrx_word' id='word_1_8' title='bbox 273 401 621 460; x_wconf 72' lang='lat' dir='ltr'>daemonibus</span> <span class='ocrx_word' id='word_1_9' title='bbox 652 420 887 477; x_wconf 82' lang='lat' dir='ltr'>namque</span> <span class='ocrx_word' id='word_1_10' title='bbox 912 413 964 463; x_wconf 87' lang='lat' dir='ltr'>et</span> <span class='ocrx_word' id='word_1_11' title='bbox 995 403 1304 463; x_wconf 85' lang='lat' dir='ltr'>hominibus</span> <span class='ocrx_word' id='word_1_12' title='bbox 1331 406 1622 477; x_wconf 77' lang='lat' dir='ltr'>damnatis,</span> <span class='ocrx_word' id='word_1_13' title='bbox 1656 415 1868 464; x_wconf 88' lang='lat' dir='ltr'>sancto-</span> <span class='ocrx_word' id='word_1_14' title='bbox 1897 409 1950 470; x_wconf 86' lang='lat' dir='ltr'><strong>A</strong></span> <span class='ocrx_word' id='word_1_15' title='bbox 1982 408 2142 467; x_wconf 87' lang='lat' dir='ltr'>fuerit</span> <span class='ocrx_word' id='word_1_16' title='bbox 2167 410 2404 468; x_wconf 94' lang='lat' dir='ltr'>inﬁdelis</span> <span class='ocrx_word' id='word_1_17' title='bbox 2444 429 2582 480; x_wconf 85' lang='lat' dir='ltr'>esse,</span> <span class='ocrx_word' id='word_1_18' title='bbox 2629 411 2940 488; x_wconf 84' lang='lat' dir='ltr'>ﬂagellatur</span> <span class='ocrx_word' id='word_1_19' title='bbox 2996 412 3231 482; x_wconf 89' lang='lat' dir='ltr'>interim,</span> <span class='ocrx_word' id='word_1_20' title='bbox 3290 428 3569 484; x_wconf 82' lang='lat' dir='ltr'>usquequo</span> 
     </span>
    </p>
   </div>
   <div class='ocr_carea' id='block_1_5' title="bbox 269 494 1875 552">
    <p class='ocr_par' dir='ltr' id='par_1_5' title="bbox 269 494 1875 552">
     <span class='ocr_line' id='line_1_5' title="bbox 269 494 1875 552; baseline 0.003 -5"><span class='ocrx_word' id='word_1_21' title='bbox 269 508 392 547; x_wconf 89' lang='lat' dir='ltr'>rum</span> <span class='ocrx_word' id='word_1_22' title='bbox 411 494 809 551; x_wconf 84' lang='lat' dir='ltr'>consummatio</span> <span class='ocrx_word' id='word_1_23' title='bbox 827 494 1351 551; x_wconf 88' lang='lat' dir='ltr'>eritinterminabilis</span> <span class='ocrx_word' id='word_1_24' title='bbox 1370 494 1545 552; x_wconf 90' lang='lat' dir='ltr'>luctus</span> <span class='ocrx_word' id='word_1_25' title='bbox 1591 504 1644 551; x_wconf 89' lang='lat' dir='ltr'>et</span> <span class='ocrx_word' id='word_1_26' title='bbox 1673 504 1875 552; x_wconf 74' lang='lat' dir='ltr'>aeterna</span> 
     </span>
    </p>
   </div>
   <div class='ocr_carea' id='block_1_6' title="bbox 268 582 1875 655">
    <p class='ocr_par' dir='ltr' id='par_1_6' title="bbox 268 582 1875 655">
     <span class='ocr_line' id='line_1_6' title="bbox 268 582 1875 655; baseline 0.004 -20"><span class='ocrx_word' id='word_1_27' title='bbox 268 582 571 637; x_wconf 81' lang='lat' dir='ltr'>damnatio.</span> <span class='ocrx_word' id='word_1_28' title='bbox 624 584 763 639; x_wconf 87' lang='lat' dir='ltr'>Nam</span> <span class='ocrx_word' id='word_1_29' title='bbox 801 599 925 641; x_wconf 89' lang='lat' dir='ltr'>cum</span> <span class='ocrx_word' id='word_1_30' title='bbox 955 584 1041 638; x_wconf 92' lang='lat' dir='ltr'>isti</span> <span class='ocrx_word' id='word_1_31' title='bbox 1069 582 1130 612; x_wconf 83' lang='lat'>“&#39;</span> <span class='ocrx_word' id='word_1_32' title='bbox 1161 583 1482 639; x_wconf 89' lang='lat' dir='ltr'>obtinebunt</span> <span class='ocrx_word' id='word_1_33' title='bbox 1518 586 1766 655; x_wconf 85' lang='lat' dir='ltr'>corporis</span> <span class='ocrx_word' id='word_1_34' title='bbox 1822 594 1875 641; x_wconf 91' lang='lat' dir='ltr'>et</span> 
     </span>
    </p>
   </div>
   <div class='ocr_carea' id='block_1_7' title="bbox 274 671 1873 743">
    <p class='ocr_par' dir='ltr' id='par_1_7' title="bbox 274 671 1873 743">
     <span class='ocr_line' id='line_1_7' title="bbox 274 671 1873 743; baseline 0.003 -20"><span class='ocrx_word' id='word_1_35' title='bbox 274 672 481 727; x_wconf 83' lang='lat' dir='ltr'>animae</span> <span class='ocrx_word' id='word_1_36' title='bbox 507 672 769 743; x_wconf 86' lang='lat' dir='ltr'>gaudium</span> <span class='ocrx_word' id='word_1_37' title='bbox 799 674 1213 743; x_wconf 88' lang='lat' dir='ltr'>sempiternum,</span> <span class='ocrx_word' id='word_1_38' title='bbox 1246 681 1371 728; x_wconf 91' lang='lat' dir='ltr'>tunc</span> <span class='ocrx_word' id='word_1_39' title='bbox 1401 673 1652 729; x_wconf 77' lang='lat' dir='ltr'>similiter</span> <span class='ocrx_word' id='word_1_40' title='bbox 1689 681 1742 729; x_wconf 89' lang='lat' dir='ltr'>et</span> <span class='ocrx_word' id='word_1_41' title='bbox 1795 671 1873 728; x_wconf 89' lang='lat' dir='ltr'>illi</span> 
     </span>
    </p>
   </div>
   <div class='ocr_carea' id='block_1_8' title="bbox 270 758 1873 834">
    <p class='ocr_par' dir='ltr' id='par_1_8' title="bbox 270 758 1873 834">
     <span class='ocr_line' id='line_1_8' title="bbox 270 758 1873 834; baseline 0.002 -21"><span class='ocrx_word' id='word_1_42' title='bbox 270 758 427 815; x_wconf 90' lang='lat' dir='ltr'>ibunt</span> <span class='ocrx_word' id='word_1_43' title='bbox 456 761 509 813; x_wconf 87' lang='lat' dir='ltr'>in</span> <span class='ocrx_word' id='word_1_44' title='bbox 541 760 866 831; x_wconf 78' lang='lat' dir='ltr'>supplicium</span> <span class='ocrx_word' id='word_1_45' title='bbox 899 770 1182 816; x_wconf 88' lang='lat' dir='ltr'>aeternum.</span> <span class='ocrx_word' id='word_1_46' title='bbox 1216 761 1377 830; x_wconf 84' lang='lat' dir='ltr'>Quod</span> <span class='ocrx_word' id='word_1_47' title='bbox 1433 762 1559 834; x_wconf 88' lang='lat' dir='ltr'>quia</span> <span class='ocrx_word' id='word_1_48' title='bbox 1595 763 1873 818; x_wconf 80' lang='lat' dir='ltr'>daemones</span> 
     </span>
    </p>
   </div>
   <div class='ocr_carea' id='block_1_9' title="bbox 275 848 1874 916">
    <p class='ocr_par' dir='ltr' id='par_1_9' title="bbox 275 848 1874 916">
     <span class='ocr_line' id='line_1_9' title="bbox 275 848 1874 916; baseline 0.003 -14"><span class='ocrx_word' id='word_1_49' title='bbox 275 864 391 904; x_wconf 90' lang='lat' dir='ltr'>non</span> <span class='ocrx_word' id='word_1_50' title='bbox 424 848 572 916; x_wconf 85' lang='lat' dir='ltr'>latet,</span> <span class='ocrx_word' id='word_1_51' title='bbox 600 850 779 904; x_wconf 92' lang='lat' dir='ltr'>modis</span> <span class='ocrx_word' id='word_1_52' title='bbox 810 851 1060 905; x_wconf 88' lang='lat' dir='ltr'>omnibus</span> <span class='ocrx_word' id='word_1_53' title='bbox 1093 850 1335 906; x_wconf 77' lang='lat' dir='ltr'>laborant</span> <span class='ocrx_word' id='word_1_54' title='bbox 1363 859 1676 906; x_wconf 86' lang='lat' dir='ltr'>sanctorum</span> <span class='ocrx_word' id='word_1_55' title='bbox 1708 852 1874 907; x_wconf 88' lang='lat' dir='ltr'>incre-</span> 
     </span>
    </p>
   </div>
   <div class='ocr_carea' id='block_1_10' title="bbox 268 936 1872 1010">
    <p class='ocr_par' dir='ltr' id='par_1_10' title="bbox 268 936 1872 1010">
     <span class='ocr_line' id='line_1_10' title="bbox 268 936 1872 1010; baseline 0.002 -20"><span class='ocrx_word' id='word_1_56' title='bbox 268 944 514 992; x_wconf 88' lang='lat' dir='ltr'>mentum</span> <span class='ocrx_word' id='word_1_57' title='bbox 546 936 839 1008; x_wconf 88' lang='lat' dir='ltr'>impedire.</span> <span class='ocrx_word' id='word_1_58' title='bbox 875 938 1145 1007; x_wconf 90' lang='lat' dir='ltr'>Quoniam</span> <span class='ocrx_word' id='word_1_59' title='bbox 1168 940 1411 1010; x_wconf 90' lang='lat' dir='ltr'>quidem,</span> <span class='ocrx_word' id='word_1_60' title='bbox 1445 940 1621 996; x_wconf 90' lang='lat' dir='ltr'>donec</span> <span class='ocrx_word' id='word_1_61' title='bbox 1648 940 1872 995; x_wconf 87' lang='lat' dir='ltr'>ultimus</span> 
     </span>
    </p>
   </div>
   <div class='ocr_carea' id='block_1_11' title="bbox 266 1023 1868 1095">
    <p class='ocr_par' dir='ltr' id='par_1_11' title="bbox 266 1023 1868 1095">
     <span class='ocr_line' id='line_1_11' title="bbox 266 1023 1868 1095; baseline 0.006 -17"><span class='ocrx_word' id='word_1_62' title='bbox 266 1023 488 1080; x_wconf 87' lang='lat' dir='ltr'>illorum</span> <span class='ocrx_word' id='word_1_63' title='bbox 520 1026 602 1080; x_wconf 88' lang='lat' dir='ltr'>eis</span> <span class='ocrx_word' id='word_1_64' title='bbox 626 1028 942 1095; x_wconf 87' lang='lat' dir='ltr'>associetur,</span> <span class='ocrx_word' id='word_1_65' title='bbox 976 1044 1084 1083; x_wconf 91' lang='lat' dir='ltr'>non</span> <span class='ocrx_word' id='word_1_66' title='bbox 1116 1028 1480 1095; x_wconf 89' lang='lat' dir='ltr'>includuntur,</span> <span class='ocrx_word' id='word_1_67' title='bbox 1515 1029 1609 1085; x_wconf 91' lang='lat' dir='ltr'>sed</span> <span class='ocrx_word' id='word_1_68' title='bbox 1668 1029 1868 1087; x_wconf 88' lang='lat' dir='ltr'>habent</span> 
     </span>
    </p>
   </div>
   <div class='ocr_carea' id='block_1_12' title="bbox 263 1116 1869 1188">
    <p class='ocr_par' dir='ltr' id='par_1_12' title="bbox 263 1116 1869 1188">
     <span class='ocr_line' id='line_1_12' title="bbox 263 1116 1869 1188; baseline 0.002 -19"><span class='ocrx_word' id='word_1_69' title='bbox 263 1122 586 1184; x_wconf 88' lang='lat' dir='ltr'>potestatem</span> <span class='ocrx_word' id='word_1_70' title='bbox 621 1116 862 1170; x_wconf 87' lang='lat' dir='ltr'>tentandi</span> <span class='ocrx_word' id='word_1_71' title='bbox 886 1117 1089 1171; x_wconf 92' lang='lat' dir='ltr'>electos</span> <span class='ocrx_word' id='word_1_72' title='bbox 1110 1116 1233 1181; x_wconf 87' lang='lat' dir='ltr'>Dei,</span> <span class='ocrx_word' id='word_1_73' title='bbox 1259 1125 1522 1187; x_wconf 87' lang='lat' dir='ltr'>quatenus</span> <span class='ocrx_word' id='word_1_74' title='bbox 1541 1117 1632 1188; x_wconf 87' lang='lat' dir='ltr'>qui</span> <span class='ocrx_word' id='word_1_75' title='bbox 1653 1117 1869 1188; x_wconf 85' lang='lat' dir='ltr'>probati</span> 
     </span>
    </p>
   </div>
   <div class='ocr_carea' id='block_1_13' title="bbox 263 1202 1867 1277">
    <p class='ocr_par' dir='ltr' id='par_1_13' title="bbox 263 1202 1867 1277">
     <span class='ocr_line' id='line_1_13' title="bbox 263 1202 1867 1277; baseline 0.005 -22"><span class='ocrx_word' id='word_1_76' title='bbox 263 1202 612 1258; x_wconf 80' lang='lat' dir='ltr'>invenientur</span> <span class='ocrx_word' id='word_1_77' title='bbox 649 1204 817 1277; x_wconf 82' lang='lat' dir='ltr'>digna</span> <span class='ocrx_word' id='word_1_78' title='bbox 858 1204 1291 1261; x_wconf 84' lang='lat' dir='ltr'>remuneratione</span> <span class='ocrx_word' id='word_1_79' title='bbox 1334 1213 1696 1267; x_wconf 87' lang='lat' dir='ltr'>coronentur;</span> <span class='ocrx_word' id='word_1_80' title='bbox 1741 1205 1867 1263; x_wconf 85' lang='lat' dir='ltr'>victi</span> 
     </span>
    </p>
   </div>
   <div class='ocr_carea' id='block_1_14' title="bbox 265 1292 1868 1366">
    <p class='ocr_par' dir='ltr' id='par_1_14' title="bbox 265 1292 1868 1366">
     <span class='ocr_line' id='line_1_14' title="bbox 265 1292 1868 1366; baseline 0 -19"><span class='ocrx_word' id='word_1_81' title='bbox 265 1306 398 1347; x_wconf 83' lang='lat' dir='ltr'>vero</span> <span class='ocrx_word' id='word_1_82' title='bbox 428 1298 589 1362; x_wconf 88' lang='lat' dir='ltr'>atque</span> <span class='ocrx_word' id='word_1_83' title='bbox 619 1292 833 1362; x_wconf 89' lang='lat' dir='ltr'>reprobi</span> <span class='ocrx_word' id='word_1_84' title='bbox 865 1293 1176 1363; x_wconf 84' lang='lat' dir='ltr'>perenniter</span> <span class='ocrx_word' id='word_1_85' title='bbox 1203 1293 1514 1364; x_wconf 86' lang='lat' dir='ltr'>puniantur.</span> <span class='ocrx_word' id='word_1_86' title='bbox 1565 1293 1868 1366; x_wconf 83' lang='lat' dir='ltr'>Vigilemus</span> 
     </span>
    </p>
   </div>
   <div class='ocr_carea' id='block_1_15' title="bbox 263 1380 1867 1452">
    <p class='ocr_par' dir='ltr' id='par_1_15' title="bbox 263 1380 1867 1452">
     <span class='ocr_line' id='line_1_15' title="bbox 263 1380 1867 1452; baseline 0.002 -19"><span class='ocrx_word' id='word_1_87' title='bbox 263 1394 418 1452; x_wconf 88' lang='lat' dir='ltr'>ergo,</span> <span class='ocrx_word' id='word_1_88' title='bbox 452 1386 514 1434; x_wconf 90' lang='lat' dir='ltr'>ut</span> <span class='ocrx_word' id='word_1_89' title='bbox 541 1380 790 1436; x_wconf 84' lang='lat' dir='ltr'>Salvator</span> <span class='ocrx_word' id='word_1_90' title='bbox 819 1381 1094 1445; x_wconf 84' lang='lat' dir='ltr'>admouet,</span> <span class='ocrx_word' id='word_1_91' title='bbox 1129 1383 1256 1452; x_wconf 90' lang='lat' dir='ltr'>quia</span> <span class='ocrx_word' id='word_1_92' title='bbox 1294 1382 1650 1439; x_wconf 82' lang='lat' dir='ltr'>adversarius</span> <span class='ocrx_word' id='word_1_93' title='bbox 1681 1389 1867 1437; x_wconf 90' lang='lat' dir='ltr'>noster</span> 
     </span>
    </p>
   </div>
   <div class='ocr_carea' id='block_1_16' title="bbox 256 1470 1861 1543">
    <p class='ocr_par' dir='ltr' id='par_1_16' title="bbox 256 1470 1861 1543">
     <span class='ocr_line' id='line_1_16' title="bbox 256 1470 1861 1543; baseline -0.001 -18"><span class='ocrx_word' id='word_1_94' title='bbox 256 1470 492 1535; x_wconf 73' lang='lat' dir='ltr'>circuit,</span> <span class='ocrx_word' id='word_1_95' title='bbox 511 1485 773 1539; x_wconf 62' lang='lat' dir='ltr'>quaerens</span> <span class='ocrx_word' id='word_1_96' title='bbox 792 1486 956 1541; x_wconf 84' lang='lat' dir='ltr'>quem</span> <span class='ocrx_word' id='word_1_97' title='bbox 977 1471 1201 1527; x_wconf 82' lang='lat' dir='ltr'>devoret</span> <span class='ocrx_word' id='word_1_98' title='bbox 1220 1471 1276 1540; x_wconf 89' lang='grc' dir='ltr'>(Ι</span> <span class='ocrx_word' id='word_1_99' title='bbox 1290 1474 1442 1527; x_wconf 90' lang='lat' dir='ltr'>Petr.</span> <span class='ocrx_word' id='word_1_100' title='bbox 1468 1488 1522 1540; x_wconf 90' lang='lat' dir='ltr'>v,</span> <span class='ocrx_word' id='word_1_101' title='bbox 1571 1474 1645 1543; x_wconf 89' lang='lat'>8).</span> <span class='ocrx_word' id='word_1_102' title='bbox 1704 1470 1861 1526; x_wconf 90' lang='lat' dir='ltr'>Illum</span> 
     </span>
    </p>
   </div>
   <div class='ocr_carea' id='block_1_17' title="bbox 260 1556 1863 1631">
    <p class='ocr_par' dir='ltr' id='par_1_17' title="bbox 260 1556 1863 1631">
     <span class='ocr_line' id='line_1_17' title="bbox 260 1556 1863 1631; baseline 0.001 -20"><span class='ocrx_word' id='word_1_103' title='bbox 260 1564 443 1611; x_wconf 89' lang='lat' dir='ltr'>autem</span> <span class='ocrx_word' id='word_1_104' title='bbox 474 1556 706 1612; x_wconf 84' lang='lat' dir='ltr'>devorat</span> <span class='ocrx_word' id='word_1_105' title='bbox 736 1574 898 1630; x_wconf 89' lang='lat' dir='ltr'>quem</span> <span class='ocrx_word' id='word_1_106' title='bbox 915 1573 1011 1613; x_wconf 88' lang='lat' dir='ltr'>sua</span> <span class='ocrx_word' id='word_1_107' title='bbox 1032 1559 1385 1631; x_wconf 76' lang='lat' dir='ltr'>suggestione</span> <span class='ocrx_word' id='word_1_108' title='bbox 1401 1559 1454 1614; x_wconf 91' lang='lat' dir='ltr'>in</span> <span class='ocrx_word' id='word_1_109' title='bbox 1475 1558 1637 1614; x_wconf 87' lang='lat' dir='ltr'>malis</span> <span class='ocrx_word' id='word_1_110' title='bbox 1652 1559 1863 1615; x_wconf 83' lang='lat' dir='ltr'>actibus</span> 
     </span>
    </p>
   </div>
   <div class='ocr_carea' id='block_1_18' title="bbox 254 1644 1860 1719">
    <p class='ocr_par' dir='ltr' id='par_1_18' title="bbox 254 1644 1860 1719">
     <span class='ocr_line' id='line_1_18' title="bbox 254 1644 1860 1719; baseline 0.001 -20"><span class='ocrx_word' id='word_1_111' title='bbox 254 1644 508 1700; x_wconf 89' lang='lat' dir='ltr'>indurat.</span> <span class='ocrx_word' id='word_1_112' title='bbox 546 1646 855 1701; x_wconf 88' lang='lat' dir='ltr'>Notandum</span> <span class='ocrx_word' id='word_1_113' title='bbox 888 1647 1045 1702; x_wconf 90' lang='lat' dir='ltr'>etiam</span> <span class='ocrx_word' id='word_1_114' title='bbox 1105 1647 1249 1718; x_wconf 91' lang='lat' dir='ltr'>quod</span> <span class='ocrx_word' id='word_1_115' title='bbox 1297 1648 1388 1719; x_wconf 87' lang='lat' dir='ltr'>qui</span> <span class='ocrx_word' id='word_1_116' title='bbox 1443 1648 1601 1703; x_wconf 89' lang='lat' dir='ltr'>bonis</span> <span class='ocrx_word' id='word_1_117' title='bbox 1638 1648 1860 1703; x_wconf 87' lang='lat' dir='ltr'>alterius</span> 
     </span>
    </p>
   </div>
   <div class='ocr_carea' id='block_1_19' title="bbox 1981 503 3569 576">
    <p class='ocr_par' dir='ltr' id='par_1_19' title="bbox 1981 503 3569 576">
     <span class='ocr_line' id='line_1_19' title="bbox 1981 503 3569 576; baseline 0.001 -20"><span class='ocrx_word' id='word_1_118' title='bbox 1981 509 2380 574; x_wconf 77' lang='lat' dir='ltr'>congregantur</span> <span class='ocrx_word' id='word_1_119' title='bbox 2406 510 2459 559; x_wconf 90' lang='lat' dir='ltr'>et</span> <span class='ocrx_word' id='word_1_120' title='bbox 2486 503 2576 559; x_wconf 86' lang='lat' dir='ltr'>alii</span> <span class='ocrx_word' id='word_1_121' title='bbox 2607 504 2698 576; x_wconf 92' lang='lat' dir='ltr'>qui</span> <span class='ocrx_word' id='word_1_122' title='bbox 2753 518 2876 560; x_wconf 92' lang='lat' dir='ltr'>cum</span> <span class='ocrx_word' id='word_1_123' title='bbox 2920 519 2984 561; x_wconf 89' lang='lat' dir='ltr'>eo</span> <span class='ocrx_word' id='word_1_124' title='bbox 3041 504 3098 559; x_wconf 90' lang='lat' dir='ltr'>in</span> <span class='ocrx_word' id='word_1_125' title='bbox 3145 518 3417 561; x_wconf 84' lang='lat' dir='ltr'>carcerem</span> <span class='ocrx_word' id='word_1_126' title='bbox 3447 510 3569 558; x_wconf 89' lang='lat' dir='ltr'>sunt</span> 
     </span>
    </p>
   </div>
   <div class='ocr_carea' id='block_1_20' title="bbox 1980 590 3557 664">
    <p class='ocr_par' dir='ltr' id='par_1_20' title="bbox 1980 590 3557 664">
     <span class='ocr_line' id='line_1_20' title="bbox 1980 590 3557 664; baseline 0 -20"><span class='ocrx_word' id='word_1_127' title='bbox 1980 590 2321 659; x_wconf 86' lang='lat' dir='ltr'>detrudendi,</span> <span class='ocrx_word' id='word_1_128' title='bbox 2354 600 2411 647; x_wconf 91' lang='lat' dir='ltr'>ut</span> <span class='ocrx_word' id='word_1_129' title='bbox 2440 592 2598 648; x_wconf 90' lang='lat' dir='ltr'>simul</span> <span class='ocrx_word' id='word_1_130' title='bbox 2628 593 2683 648; x_wconf 90' lang='lat' dir='ltr'>in</span> <span class='ocrx_word' id='word_1_131' title='bbox 2706 609 2770 649; x_wconf 93' lang='lat' dir='ltr'>eo</span> <span class='ocrx_word' id='word_1_132' title='bbox 2800 593 3058 664; x_wconf 88' lang='lat' dir='ltr'>incipiant</span> <span class='ocrx_word' id='word_1_133' title='bbox 3086 608 3275 649; x_wconf 87' lang='lat' dir='ltr'>omnes</span> <span class='ocrx_word' id='word_1_134' title='bbox 3305 591 3557 648; x_wconf 90' lang='lat' dir='ltr'>cruciari.</span> 
     </span>
    </p>
   </div>
   <div class='ocr_carea' id='block_1_21' title="bbox 1980 679 3566 754">
    <p class='ocr_par' dir='ltr' id='par_1_21' title="bbox 1980 679 3566 754">
     <span class='ocr_line' id='line_1_21' title="bbox 1980 679 3566 754; baseline 0.001 -22"><span class='ocrx_word' id='word_1_135' title='bbox 1980 679 2106 733; x_wconf 83' lang='lat' dir='ltr'>Mox</span> <span class='ocrx_word' id='word_1_136' title='bbox 2135 695 2265 749; x_wconf 77' lang='lat' dir='ltr'>ergo</span> <span class='ocrx_word' id='word_1_137' title='bbox 2296 689 2353 735; x_wconf 89' lang='lat' dir='ltr'>ut</span> <span class='ocrx_word' id='word_1_138' title='bbox 2382 680 2576 736; x_wconf 75' lang='lat' dir='ltr'>fuerint</span> <span class='ocrx_word' id='word_1_139' title='bbox 2606 696 2800 737; x_wconf 88' lang='lat' dir='ltr'>omnes</span> <span class='ocrx_word' id='word_1_140' title='bbox 2830 682 3166 754; x_wconf 80' lang='lat' dir='ltr'>congregati,</span> <span class='ocrx_word' id='word_1_141' title='bbox 3198 690 3251 737; x_wconf 88' lang='lat' dir='ltr'>et</span> <span class='ocrx_word' id='word_1_142' title='bbox 3274 679 3461 736; x_wconf 86' lang='lat' dir='ltr'>ﬁdeles</span> <span class='ocrx_word' id='word_1_143' title='bbox 3483 680 3566 736; x_wconf 87' lang='lat' dir='ltr'>vel</span> 
     </span>
    </p>
   </div>
   <div class='ocr_carea' id='block_1_22' title="bbox 1978 766 3570 842">
    <p class='ocr_par' dir='ltr' id='par_1_22' title="bbox 1978 766 3570 842">
     <span class='ocr_line' id='line_1_22' title="bbox 1978 766 3570 842; baseline 0.001 -21"><span class='ocrx_word' id='word_1_144' title='bbox 1978 766 2234 823; x_wconf 84' lang='lat' dir='ltr'>inﬁdeles</span> <span class='ocrx_word' id='word_1_145' title='bbox 2264 786 2379 825; x_wconf 80' lang='lat' dir='ltr'>esse</span> <span class='ocrx_word' id='word_1_146' title='bbox 2408 770 2608 826; x_wconf 82' lang='lat' dir='ltr'>fuerint</span> <span class='ocrx_word' id='word_1_147' title='bbox 2631 772 2987 842; x_wconf 87' lang='lat' dir='ltr'>comprobati,</span> <span class='ocrx_word' id='word_1_148' title='bbox 3011 772 3063 824; x_wconf 77' lang='lat' dir='ltr'>iii</span> <span class='ocrx_word' id='word_1_149' title='bbox 3088 771 3247 826; x_wconf 88' lang='lat' dir='ltr'>simul</span> <span class='ocrx_word' id='word_1_150' title='bbox 3282 769 3343 798; x_wconf 61' lang='lat'>‘1&#39;</span> <span class='ocrx_word' id='word_1_151' title='bbox 3378 785 3570 839; x_wconf 85' lang='lat' dir='ltr'>omnes</span> 
     </span>
    </p>
   </div>
   <div class='ocr_carea' id='block_1_23' title="bbox 1977 854 3570 928">
    <p class='ocr_par' dir='ltr' id='par_1_23' title="bbox 1977 854 3570 928">
     <span class='ocr_line' id='line_1_23' title="bbox 1977 854 3570 928; baseline 0.002 -18"><span class='ocrx_word' id='word_1_152' title='bbox 1977 854 2032 910; x_wconf 90' lang='lat' dir='ltr'>in</span> <span class='ocrx_word' id='word_1_153' title='bbox 2056 856 2364 912; x_wconf 90' lang='lat' dir='ltr'>convivium</span> <span class='ocrx_word' id='word_1_154' title='bbox 2398 859 2668 928; x_wconf 89' lang='lat' dir='ltr'>collocati,</span> <span class='ocrx_word' id='word_1_155' title='bbox 2700 859 2959 914; x_wconf 87' lang='lat' dir='ltr'>satiantur</span> <span class='ocrx_word' id='word_1_156' title='bbox 2985 857 3067 925; x_wconf 63' lang='lat'>‘1&quot;,</span> <span class='ocrx_word' id='word_1_157' title='bbox 3100 859 3176 915; x_wconf 90' lang='lat' dir='ltr'>illi</span> <span class='ocrx_word' id='word_1_158' title='bbox 3209 876 3339 915; x_wconf 85' lang='lat' dir='ltr'>vero</span> <span class='ocrx_word' id='word_1_159' title='bbox 3394 857 3456 887; x_wconf 81' lang='lat'>‘“</span> <span class='ocrx_word' id='word_1_160' title='bbox 3514 858 3570 913; x_wconf 89' lang='lat' dir='ltr'>in</span> 
     </span>
    </p>
   </div>
   <div class='ocr_carea' id='block_1_24' title="bbox 1978 947 3568 1020">
    <p class='ocr_par' dir='ltr' id='par_1_24' title="bbox 1978 947 3568 1020">
     <span class='ocr_line' id='line_1_24' title="bbox 1978 947 3568 1020; baseline 0 -19"><span class='ocrx_word' id='word_1_161' title='bbox 1978 960 2248 1002; x_wconf 87' lang='lat' dir='ltr'>carcerem</span> <span class='ocrx_word' id='word_1_162' title='bbox 2283 947 2436 1013; x_wconf 90' lang='lat' dir='ltr'>trusi,</span> <span class='ocrx_word' id='word_1_163' title='bbox 2470 948 2613 1004; x_wconf 89' lang='lat' dir='ltr'>fame</span> <span class='ocrx_word' id='word_1_164' title='bbox 2645 957 2696 1003; x_wconf 89' lang='lat' dir='ltr'>et</span> <span class='ocrx_word' id='word_1_165' title='bbox 2742 949 2831 1003; x_wconf 90' lang='lat' dir='ltr'>siti</span> <span class='ocrx_word' id='word_1_166' title='bbox 2885 948 3203 1004; x_wconf 85' lang='lat' dir='ltr'>moriuntur.</span> <span class='ocrx_word' id='word_1_167' title='bbox 3261 949 3363 1003; x_wconf 88' lang='lat' dir='ltr'>Hic</span> <span class='ocrx_word' id='word_1_168' title='bbox 3404 947 3568 1020; x_wconf 83' lang='lat' dir='ltr'>igitur</span> 
     </span>
    </p>
   </div>
   <div class='ocr_carea' id='block_1_25' title="bbox 1977 1035 3566 1108">
    <p class='ocr_par' dir='ltr' id='par_1_25' title="bbox 1977 1035 3566 1108">
     <span class='ocr_line' id='line_1_25' title="bbox 1977 1035 3566 1108; baseline 0.001 -17"><span class='ocrx_word' id='word_1_169' title='bbox 1977 1051 2073 1091; x_wconf 85' lang='lat' dir='ltr'>rex</span> <span class='ocrx_word' id='word_1_170' title='bbox 2117 1035 2235 1106; x_wconf 90' lang='lat' dir='ltr'>ipse</span> <span class='ocrx_word' id='word_1_171' title='bbox 2262 1038 2414 1092; x_wconf 90' lang='lat' dir='ltr'>Deus</span> <span class='ocrx_word' id='word_1_172' title='bbox 2447 1046 2546 1105; x_wconf 91' lang='lat' dir='ltr'>est,</span> <span class='ocrx_word' id='word_1_173' title='bbox 2582 1037 2672 1108; x_wconf 92' lang='lat' dir='ltr'>qui</span> <span class='ocrx_word' id='word_1_174' title='bbox 2702 1037 2782 1093; x_wconf 89' lang='lat' dir='ltr'>sic</span> <span class='ocrx_word' id='word_1_175' title='bbox 2811 1037 3069 1093; x_wconf 86' lang='lat' dir='ltr'>discernit</span> <span class='ocrx_word' id='word_1_176' title='bbox 3124 1037 3265 1092; x_wconf 89' lang='lat' dir='ltr'>inter</span> <span class='ocrx_word' id='word_1_177' title='bbox 3313 1036 3485 1092; x_wconf 89' lang='lat' dir='ltr'>bonos</span> <span class='ocrx_word' id='word_1_178' title='bbox 3514 1043 3566 1092; x_wconf 90' lang='lat' dir='ltr'>et</span> 
     </span>
    </p>
   </div>
   <div class='ocr_carea' id='block_1_26' title="bbox 1977 1123 3565 1197">
    <p class='ocr_par' dir='ltr' id='par_1_26' title="bbox 1977 1123 3565 1197">
     <span class='ocr_line' id='line_1_26' title="bbox 1977 1123 3565 1197; baseline 0.001 -19"><span class='ocrx_word' id='word_1_179' title='bbox 1977 1125 2151 1180; x_wconf 88' lang='lat' dir='ltr'>malos</span> <span class='ocrx_word' id='word_1_180' title='bbox 2183 1124 2367 1179; x_wconf 87' lang='lat' dir='ltr'>mundi</span> <span class='ocrx_word' id='word_1_181' title='bbox 2398 1125 2576 1180; x_wconf 90' lang='lat' dir='ltr'>istius.</span> <span class='ocrx_word' id='word_1_182' title='bbox 2620 1127 2743 1197; x_wconf 86' lang='lat' dir='ltr'>Ipse</span> <span class='ocrx_word' id='word_1_183' title='bbox 2799 1127 3021 1193; x_wconf 86' lang='lat' dir='ltr'>etenim,</span> <span class='ocrx_word' id='word_1_184' title='bbox 3081 1132 3382 1196; x_wconf 67' lang='lat' dir='ltr'>praeparato</span> <span class='ocrx_word' id='word_1_185' title='bbox 3440 1123 3565 1180; x_wconf 89' lang='lat' dir='ltr'>hinc</span> 
     </span>
    </p>
   </div>
   <div class='ocr_carea' id='block_1_27' title="bbox 1975 1213 3565 1287">
    <p class='ocr_par' dir='ltr' id='par_1_27' title="bbox 1975 1213 3565 1287">
     <span class='ocr_line' id='line_1_27' title="bbox 1975 1213 3565 1287; baseline 0 -20"><span class='ocrx_word' id='word_1_186' title='bbox 1975 1213 2227 1283; x_wconf 87' lang='lat' dir='ltr'>paradiso</span> <span class='ocrx_word' id='word_1_187' title='bbox 2257 1222 2309 1269; x_wconf 89' lang='lat' dir='ltr'>et</span> <span class='ocrx_word' id='word_1_188' title='bbox 2330 1214 2706 1278; x_wconf 89' lang='lat' dir='ltr'>hincinferno,</span> <span class='ocrx_word' id='word_1_189' title='bbox 2729 1214 3001 1269; x_wconf 88' lang='lat' dir='ltr'>constituit</span> <span class='ocrx_word' id='word_1_190' title='bbox 3031 1214 3161 1287; x_wconf 84' lang='lat' dir='ltr'>quia</span> <span class='ocrx_word' id='word_1_191' title='bbox 3217 1229 3565 1285; x_wconf 89' lang='lat' dir='ltr'>quoscunque</span> 
     </span>
    </p>
   </div>
   <div class='ocr_carea' id='block_1_28' title="bbox 1974 1300 3559 1379">
    <p class='ocr_par' dir='ltr' id='par_1_28' title="bbox 1974 1300 3559 1379">
     <span class='ocr_line' id='line_1_28' title="bbox 1974 1300 3559 1379; baseline -0.001 -23"><span class='ocrx_word' id='word_1_192' title='bbox 1974 1301 2079 1356; x_wconf 90' lang='lat' dir='ltr'>sibi</span> <span class='ocrx_word' id='word_1_193' title='bbox 2108 1300 2336 1358; x_wconf 89' lang='lat' dir='ltr'>ﬁdeliter</span> <span class='ocrx_word' id='word_1_194' title='bbox 2366 1302 2725 1374; x_wconf 89' lang='lat' dir='ltr'>obsequentes</span> <span class='ocrx_word' id='word_1_195' title='bbox 2753 1303 3003 1357; x_wconf 86' lang='lat' dir='ltr'>invenire</span> <span class='ocrx_word' id='word_1_196' title='bbox 3027 1303 3241 1372; x_wconf 86' lang='lat' dir='ltr'>poterit,</span> <span class='ocrx_word' id='word_1_197' title='bbox 3273 1309 3559 1379; x_wconf 83' lang='lat' dir='ltr'>postquam</span> 
     </span>
    </p>
   </div>
   <div class='ocr_carea' id='block_1_29' title="bbox 1974 1390 3563 1458">
    <p class='ocr_par' dir='ltr' id='par_1_29' title="bbox 1974 1390 3563 1458">
     <span class='ocr_line' id='line_1_29' title="bbox 1974 1390 3563 1458; baseline -0.001 -12"><span class='ocrx_word' id='word_1_198' title='bbox 1974 1406 2181 1453; x_wconf 87' lang='lat' dir='ltr'>omnes,</span> <span class='ocrx_word' id='word_1_199' title='bbox 2214 1390 2280 1445; x_wconf 89' lang='lat' dir='ltr'>ad</span> <span class='ocrx_word' id='word_1_200' title='bbox 2310 1407 2431 1446; x_wconf 89' lang='lat' dir='ltr'>eum</span> <span class='ocrx_word' id='word_1_201' title='bbox 2465 1406 2534 1446; x_wconf 82' lang='lat' dir='ltr'>ex</span> <span class='ocrx_word' id='word_1_202' title='bbox 2567 1393 2669 1447; x_wconf 86' lang='lat' dir='ltr'>hoc</span> <span class='ocrx_word' id='word_1_203' title='bbox 2697 1390 2897 1448; x_wconf 63' lang='lat' dir='ltr'>saeculo</span> <span class='ocrx_word' id='word_1_204' title='bbox 2946 1398 3302 1458; x_wconf 86' lang='lat' dir='ltr'>transeuntes,</span> <span class='ocrx_word' id='word_1_205' title='bbox 3364 1390 3563 1445; x_wconf 86' lang='lat' dir='ltr'>fuerint</span> 
     </span>
    </p>
   </div>
   <div class='ocr_carea' id='block_1_30' title="bbox 1972 1478 3561 1552">
    <p class='ocr_par' dir='ltr' id='par_1_30' title="bbox 1972 1478 3561 1552">
     <span class='ocr_line' id='line_1_30' title="bbox 1972 1478 3561 1552; baseline 0 -18"><span class='ocrx_word' id='word_1_206' title='bbox 1972 1479 2313 1552; x_wconf 74' lang='lat' dir='ltr'>congregati,</span> <span class='ocrx_word' id='word_1_207' title='bbox 2346 1479 2506 1534; x_wconf 90' lang='lat' dir='ltr'>simul</span> <span class='ocrx_word' id='word_1_208' title='bbox 2536 1495 2724 1536; x_wconf 89' lang='lat' dir='ltr'>omnes</span> <span class='ocrx_word' id='word_1_209' title='bbox 2752 1479 2807 1533; x_wconf 91' lang='lat' dir='ltr'>in</span> <span class='ocrx_word' id='word_1_210' title='bbox 2838 1479 3089 1549; x_wconf 84' lang='lat' dir='ltr'>paradiso</span> <span class='ocrx_word' id='word_1_211' title='bbox 3118 1480 3174 1533; x_wconf 91' lang='lat' dir='ltr'>in</span> <span class='ocrx_word' id='word_1_212' title='bbox 3213 1478 3274 1508; x_wconf 79' lang='lat'>‘&quot;</span> <span class='ocrx_word' id='word_1_213' title='bbox 3332 1494 3561 1550; x_wconf 86' lang='lat' dir='ltr'>corpore</span> 
     </span>
    </p>
   </div>
   <div class='ocr_carea' id='block_1_31' title="bbox 1972 1568 3561 1641">
    <p class='ocr_par' dir='ltr' id='par_1_31' title="bbox 1972 1568 3561 1641">
     <span class='ocr_line' id='line_1_31' title="bbox 1972 1568 3561 1641; baseline -0.001 -17"><span class='ocrx_word' id='word_1_214' title='bbox 1972 1572 2024 1625; x_wconf 87' lang='lat' dir='ltr'>et</span> <span class='ocrx_word' id='word_1_215' title='bbox 2055 1569 2235 1624; x_wconf 90' lang='lat' dir='ltr'>anima</span> <span class='ocrx_word' id='word_1_216' title='bbox 2265 1568 2572 1624; x_wconf 89' lang='lat' dir='ltr'>collocabit.</span> <span class='ocrx_word' id='word_1_217' title='bbox 2595 1568 2956 1641; x_wconf 88' lang='lat' dir='ltr'>Quoscunque</span> <span class='ocrx_word' id='word_1_218' title='bbox 2985 1584 3119 1624; x_wconf 87' lang='lat' dir='ltr'>vero</span> <span class='ocrx_word' id='word_1_219' title='bbox 3145 1569 3383 1639; x_wconf 90' lang='lat' dir='ltr'>reperire</span> <span class='ocrx_word' id='word_1_220' title='bbox 3413 1577 3561 1639; x_wconf 85' lang='lat' dir='ltr'>pote-</span> 
     </span>
    </p>
   </div>
   <div class='ocr_carea' id='block_1_32' title="bbox 1969 1657 3557 1729">
    <p class='ocr_par' dir='ltr' id='par_1_32' title="bbox 1969 1657 3557 1729">
     <span class='ocr_line' id='line_1_32' title="bbox 1969 1657 3557 1729; baseline -0.001 -17"><span class='ocrx_word' id='word_1_221' title='bbox 1969 1658 2033 1713; x_wconf 91' lang='lat' dir='ltr'>rit</span> <span class='ocrx_word' id='word_1_222' title='bbox 2063 1658 2348 1729; x_wconf 65' lang='lat' dir='ltr'>praeceptis</span> <span class='ocrx_word' id='word_1_223' title='bbox 2378 1657 2487 1712; x_wconf 88' lang='lat' dir='ltr'>suis</span> <span class='ocrx_word' id='word_1_224' title='bbox 2515 1658 2848 1722; x_wconf 85' lang='lat' dir='ltr'>resistentes,</span> <span class='ocrx_word' id='word_1_225' title='bbox 2882 1666 3163 1728; x_wconf 87' lang='lat' dir='ltr'>postquam</span> <span class='ocrx_word' id='word_1_226' title='bbox 3194 1657 3295 1728; x_wconf 90' lang='lat' dir='ltr'>ipsi</span> <span class='ocrx_word' id='word_1_227' title='bbox 3353 1672 3557 1712; x_wconf 87' lang='lat' dir='ltr'>conve-</span> 
     </span>
    </p>
   </div>
   <div class='ocr_carea' id='block_1_33' title="bbox 253 1734 3562 1828">
    <p class='ocr_par' dir='ltr' id='par_1_33' title="bbox 253 1734 3562 1828">
     <span class='ocr_line' id='line_1_33' title="bbox 253 1734 3562 1828; baseline 0.002 -39"><span class='ocrx_word' id='word_1_228' title='bbox 253 1734 476 1797; x_wconf 87' lang='lat' dir='ltr'>arridet,</span> <span class='ocrx_word' id='word_1_229' title='bbox 500 1735 699 1790; x_wconf 85' lang='lat' dir='ltr'>sanctis</span> <span class='ocrx_word' id='word_1_230' title='bbox 720 1736 1022 1805; x_wconf 79' lang='lat' dir='ltr'>consentit;</span> <span class='ocrx_word' id='word_1_231' title='bbox 1051 1737 1143 1808; x_wconf 87' lang='lat' dir='ltr'>qui</span> <span class='ocrx_word' id='word_1_232' title='bbox 1164 1752 1300 1793; x_wconf 90' lang='lat' dir='ltr'>vero</span> <span class='ocrx_word' id='word_1_233' title='bbox 1322 1736 1546 1803; x_wconf 86' lang='lat' dir='ltr'>invidet,</span> <span class='ocrx_word' id='word_1_234' title='bbox 1587 1737 1847 1793; x_wconf 85' lang='lat' dir='ltr'>diabolis.</span> <span class='ocrx_word' id='word_1_235' title='bbox 1887 1767 1941 1828; x_wconf 80' lang='grc' dir='ltr'>Β</span> <span class='ocrx_word' id='word_1_236' title='bbox 1973 1743 2173 1811; x_wconf 70' lang='lat' dir='ltr'>nerint,</span> <span class='ocrx_word' id='word_1_237' title='bbox 2198 1758 2387 1799; x_wconf 82' lang='lat' dir='ltr'>omnes</span> <span class='ocrx_word' id='word_1_238' title='bbox 2416 1742 2575 1797; x_wconf 87' lang='lat' dir='ltr'>simul</span> <span class='ocrx_word' id='word_1_239' title='bbox 2606 1741 2657 1796; x_wconf 88' lang='lat' dir='ltr'>in</span> <span class='ocrx_word' id='word_1_240' title='bbox 2708 1741 2977 1797; x_wconf 87' lang='lat' dir='ltr'>infernum</span> <span class='ocrx_word' id='word_1_241' title='bbox 3036 1741 3374 1798; x_wconf 81' lang='lat' dir='ltr'>horribiliter</span> <span class='ocrx_word' id='word_1_242' title='bbox 3438 1758 3562 1821; x_wconf 84' lang='lat' dir='ltr'>cum</span> 
     </span>
    </p>
   </div>
   <div class='ocr_carea' id='block_1_34' title="bbox 255 1821 1854 1897">
    <p class='ocr_par' dir='ltr' id='par_1_34' title="bbox 255 1821 1854 1897">
     <span class='ocr_line' id='line_1_34' title="bbox 255 1821 1854 1897; baseline 0.001 -20"><span class='ocrx_word' id='word_1_243' title='bbox 255 1821 540 1892; x_wconf 89' lang='lat' dir='ltr'>Siquidem</span> <span class='ocrx_word' id='word_1_244' title='bbox 573 1824 751 1895; x_wconf 86' lang='lat' dir='ltr'>magis</span> <span class='ocrx_word' id='word_1_245' title='bbox 808 1833 936 1895; x_wconf 90' lang='lat' dir='ltr'>puto</span> <span class='ocrx_word' id='word_1_246' title='bbox 966 1826 1083 1896; x_wconf 84' lang='lat' dir='ltr'>ejus</span> <span class='ocrx_word' id='word_1_247' title='bbox 1139 1826 1492 1881; x_wconf 89' lang='lat' dir='ltr'>salvationem</span> <span class='ocrx_word' id='word_1_248' title='bbox 1523 1824 1854 1897; x_wconf 87' lang='lat' dir='ltr'>sperandam</span> 
     </span>
    </p>
   </div>
   <div class='ocr_carea' id='block_1_35' title="bbox 249 1910 1857 1983">
    <p class='ocr_par' dir='ltr' id='par_1_35' title="bbox 249 1910 1857 1983">
     <span class='ocr_line' id='line_1_35' title="bbox 249 1910 1857 1983; baseline 0.002 -19"><span class='ocrx_word' id='word_1_249' title='bbox 249 1910 343 1983; x_wconf 91' lang='lat' dir='ltr'>qui</span> <span class='ocrx_word' id='word_1_250' title='bbox 364 1928 557 1981; x_wconf 87' lang='lat' dir='ltr'>parum</span> <span class='ocrx_word' id='word_1_251' title='bbox 602 1911 731 1967; x_wconf 90' lang='lat' dir='ltr'>boni</span> <span class='ocrx_word' id='word_1_252' title='bbox 780 1911 909 1967; x_wconf 81' lang='lat' dir='ltr'>facit</span> <span class='ocrx_word' id='word_1_253' title='bbox 949 1918 1008 1969; x_wconf 88' lang='lat' dir='ltr'>et</span> <span class='ocrx_word' id='word_1_254' title='bbox 1059 1914 1361 1969; x_wconf 86' lang='lat' dir='ltr'>benefactis</span> <span class='ocrx_word' id='word_1_255' title='bbox 1418 1914 1643 1969; x_wconf 91' lang='lat' dir='ltr'>aliorum</span> <span class='ocrx_word' id='word_1_256' title='bbox 1703 1914 1857 1968; x_wconf 88' lang='lat' dir='ltr'>favet</span> 
     </span>
    </p>
   </div>
   <div class='ocr_carea' id='block_1_36' title="bbox 260 1999 1857 2071">
    <p class='ocr_par' dir='ltr' id='par_1_36' title="bbox 260 1999 1857 2071">
     <span class='ocr_line' id='line_1_36' title="bbox 260 1999 1857 2071; baseline 0.003 -18"><span class='ocrx_word' id='word_1_257' title='bbox 260 2015 420 2071; x_wconf 88' lang='lat' dir='ltr'>quam</span> <span class='ocrx_word' id='word_1_258' title='bbox 454 1999 599 2054; x_wconf 86' lang='lat' dir='ltr'>illius</span> <span class='ocrx_word' id='word_1_259' title='bbox 630 2001 719 2071; x_wconf 90' lang='lat' dir='ltr'>qui</span> <span class='ocrx_word' id='word_1_260' title='bbox 751 2002 922 2056; x_wconf 87' lang='lat' dir='ltr'>multa</span> <span class='ocrx_word' id='word_1_261' title='bbox 950 2002 1075 2057; x_wconf 84' lang='lat' dir='ltr'>facit</span> <span class='ocrx_word' id='word_1_262' title='bbox 1104 2010 1155 2058; x_wconf 91' lang='lat' dir='ltr'>et</span> <span class='ocrx_word' id='word_1_263' title='bbox 1185 2003 1411 2057; x_wconf 87' lang='lat' dir='ltr'>invidet.</span> <span class='ocrx_word' id='word_1_264' title='bbox 1446 2004 1497 2058; x_wconf 88' lang='lat' dir='ltr'>Is</span> <span class='ocrx_word' id='word_1_265' title='bbox 1540 2003 1738 2058; x_wconf 88' lang='lat' dir='ltr'>etenim</span> <span class='ocrx_word' id='word_1_266' title='bbox 1773 2001 1857 2057; x_wconf 89' lang='lat' dir='ltr'>cui</span> 
     </span>
    </p>
   </div>
   <div class='ocr_carea' id='block_1_37' title="bbox 260 2087 1859 2161">
    <p class='ocr_par' dir='ltr' id='par_1_37' title="bbox 260 2087 1859 2161">
     <span class='ocr_line' id='line_1_37' title="bbox 260 2087 1859 2161; baseline 0.001 -18"><span class='ocrx_word' id='word_1_267' title='bbox 260 2087 556 2144; x_wconf 87' lang='lat' dir='ltr'>benefacta</span> <span class='ocrx_word' id='word_1_268' title='bbox 589 2089 817 2144; x_wconf 82' lang='lat' dir='ltr'>aliorum</span> <span class='ocrx_word' id='word_1_269' title='bbox 848 2091 1083 2161; x_wconf 84' lang='lat' dir='ltr'>placent,</span> <span class='ocrx_word' id='word_1_270' title='bbox 1117 2092 1162 2146; x_wconf 90' lang='lat' dir='ltr'>si</span> <span class='ocrx_word' id='word_1_271' title='bbox 1194 2092 1478 2147; x_wconf 91' lang='lat' dir='ltr'>damnatus</span> <span class='ocrx_word' id='word_1_272' title='bbox 1507 2092 1670 2146; x_wconf 87' lang='lat' dir='ltr'>etiam</span> <span class='ocrx_word' id='word_1_273' title='bbox 1698 2097 1859 2157; x_wconf 87' lang='lat' dir='ltr'>esset,</span> 
     </span>
    </p>
   </div>
   <div class='ocr_carea' id='block_1_38' title="bbox 254 2176 1860 2250">
    <p class='ocr_par' dir='ltr' id='par_1_38' title="bbox 254 2176 1860 2250">
     <span class='ocr_line' id='line_1_38' title="bbox 254 2176 1860 2250; baseline 0.002 -20"><span class='ocrx_word' id='word_1_274' title='bbox 254 2176 405 2246; x_wconf 87' lang='lat' dir='ltr'>juste</span> <span class='ocrx_word' id='word_1_275' title='bbox 435 2176 614 2231; x_wconf 86' lang='lat' dir='ltr'>taliter</span> <span class='ocrx_word' id='word_1_276' title='bbox 643 2178 906 2249; x_wconf 88' lang='lat' dir='ltr'>conqueri</span> <span class='ocrx_word' id='word_1_277' title='bbox 936 2188 1153 2248; x_wconf 88' lang='lat' dir='ltr'>posset:</span> <span class='ocrx_word' id='word_1_278' title='bbox 1189 2179 1234 2235; x_wconf 96' lang='grc' dir='ltr'><strong>Ο</strong></span> <span class='ocrx_word' id='word_1_279' title='bbox 1264 2196 1364 2236; x_wconf 86' lang='lat' dir='ltr'>vos</span> <span class='ocrx_word' id='word_1_280' title='bbox 1393 2181 1586 2247; x_wconf 86' lang='lat' dir='ltr'>sancti,</span> <span class='ocrx_word' id='word_1_281' title='bbox 1642 2194 1860 2250; x_wconf 85' lang='lat' dir='ltr'>semper</span> 
     </span>
    </p>
   </div>
   <div class='ocr_carea' id='block_1_39' title="bbox 254 2262 1856 2338">
    <p class='ocr_par' dir='ltr' id='par_1_39' title="bbox 254 2262 1856 2338">
     <span class='ocr_line' id='line_1_39' title="bbox 254 2262 1856 2338; baseline 0.001 -20"><span class='ocrx_word' id='word_1_282' title='bbox 254 2262 325 2319; x_wconf 90' lang='lat' dir='ltr'>de</span> <span class='ocrx_word' id='word_1_283' title='bbox 357 2271 531 2318; x_wconf 89' lang='lat' dir='ltr'>vestra</span> <span class='ocrx_word' id='word_1_284' title='bbox 557 2264 768 2333; x_wconf 88' lang='lat' dir='ltr'>justitia</span> <span class='ocrx_word' id='word_1_285' title='bbox 790 2266 934 2335; x_wconf 89' lang='lat' dir='ltr'>juste</span> <span class='ocrx_word' id='word_1_286' title='bbox 963 2265 1182 2320; x_wconf 73' lang='lat' dir='ltr'>laetatus</span> <span class='ocrx_word' id='word_1_287' title='bbox 1214 2267 1310 2321; x_wconf 89' lang='lat' dir='ltr'>fui.</span> <span class='ocrx_word' id='word_1_288' title='bbox 1352 2270 1560 2338; x_wconf 89' lang='lat' dir='ltr'>Itaque,</span> <span class='ocrx_word' id='word_1_289' title='bbox 1599 2267 1640 2320; x_wconf 89' lang='lat' dir='ltr'>si</span> <span class='ocrx_word' id='word_1_290' title='bbox 1683 2268 1856 2322; x_wconf 89' lang='lat' dir='ltr'>beati-</span> 
     </span>
    </p>
   </div>
   <div class='ocr_carea' id='block_1_40' title="bbox 268 2350 1855 2424">
    <p class='ocr_par' dir='ltr' id='par_1_40' title="bbox 268 2350 1855 2424">
     <span class='ocr_line' id='line_1_40' title="bbox 268 2350 1855 2424; baseline 0.003 -20"><span class='ocrx_word' id='word_1_291' title='bbox 268 2350 471 2405; x_wconf 86' lang='lat' dir='ltr'>tudinis</span> <span class='ocrx_word' id='word_1_292' title='bbox 495 2360 688 2408; x_wconf 81' lang='lat' dir='ltr'>vestrae</span> <span class='ocrx_word' id='word_1_293' title='bbox 717 2353 989 2424; x_wconf 84' lang='lat' dir='ltr'>particeps</span> <span class='ocrx_word' id='word_1_294' title='bbox 1017 2370 1124 2409; x_wconf 91' lang='lat' dir='ltr'>non</span> <span class='ocrx_word' id='word_1_295' title='bbox 1158 2354 1325 2421; x_wconf 81' lang='lat' dir='ltr'>fuero,</span> <span class='ocrx_word' id='word_1_296' title='bbox 1370 2354 1496 2410; x_wconf 89' lang='lat' dir='ltr'>inde</span> <span class='ocrx_word' id='word_1_297' title='bbox 1551 2354 1855 2410; x_wconf 88' lang='lat' dir='ltr'>damnatio-</span> 
     </span>
    </p>
   </div>
   <div class='ocr_carea' id='block_1_41' title="bbox 265 2439 1551 2516">
    <p class='ocr_par' dir='ltr' id='par_1_41' title="bbox 265 2439 1551 2516">
     <span class='ocr_line' id='line_1_41' title="bbox 265 2439 1551 2516; baseline 0.002 -22"><span class='ocrx_word' id='word_1_298' title='bbox 265 2454 393 2494; x_wconf 89' lang='lat' dir='ltr'>nem</span> <span class='ocrx_word' id='word_1_299' title='bbox 424 2440 688 2511; x_wconf 84' lang='lat' dir='ltr'>accipiam</span> <span class='ocrx_word' id='word_1_300' title='bbox 720 2439 780 2468; x_wconf 87' lang='lat'>‘°’</span> <span class='ocrx_word' id='word_1_301' title='bbox 810 2441 951 2496; x_wconf 84' lang='lat' dir='ltr'>unde</span> <span class='ocrx_word' id='word_1_302' title='bbox 982 2458 1197 2513; x_wconf 90' lang='lat' dir='ltr'>semper</span> <span class='ocrx_word' id='word_1_303' title='bbox 1224 2443 1551 2516; x_wconf 77' lang='lat' dir='ltr'>gaudebam.</span> 
     </span>
    </p>
   </div>
   <div class='ocr_carea' id='block_1_42' title="bbox 827 2566 1282 2624">
    <p class='ocr_par' dir='ltr' id='par_1_42' title="bbox 827 2566 1282 2624">
     <span class='ocr_line' id='line_1_42' title="bbox 827 2566 1282 2624; baseline 0.009 -4"><span class='ocrx_word' id='word_1_304' title='bbox 827 2566 1048 2624; x_wconf 78' lang='lat' dir='ltr'>CAPUT</span> <span class='ocrx_word' id='word_1_305' title='bbox 1084 2566 1282 2624; x_wconf 83' lang='lat' dir='ltr'>XLVI.</span> 
     </span>
    </p>
   </div>
   <div class='ocr_carea' id='block_1_43' title="bbox 251 2678 1856 2754">
    <p class='ocr_par' dir='ltr' id='par_1_43' title="bbox 251 2678 1856 2754">
     <span class='ocr_line' id='line_1_43' title="bbox 251 2678 1856 2754; baseline 0.002 -19"><span class='ocrx_word' id='word_1_306' title='bbox 251 2679 337 2736; x_wconf 88' lang='lat' dir='ltr'>De</span> <span class='ocrx_word' id='word_1_307' title='bbox 354 2678 738 2737; x_wconf 71' lang='lat' dir='ltr'>similitudine</span> <span class='ocrx_word' id='word_1_308' title='bbox 757 2682 914 2737; x_wconf 81' lang='lat' dir='ltr'>inter</span> <span class='ocrx_word' id='word_1_309' title='bbox 932 2684 1107 2738; x_wconf 85' lang='lat' dir='ltr'>Deum</span> <span class='ocrx_word' id='word_1_310' title='bbox 1120 2686 1176 2737; x_wconf 90' lang='lat' dir='ltr'>et</span> <span class='ocrx_word' id='word_1_311' title='bbox 1196 2683 1506 2754; x_wconf 77' lang='lat' dir='ltr'>quemlibet</span> <span class='ocrx_word' id='word_1_312' title='bbox 1529 2697 1715 2754; x_wconf 84' lang='lat' dir='ltr'>regem</span> <span class='ocrx_word' id='word_1_313' title='bbox 1728 2698 1856 2740; x_wconf 83' lang='lat' dir='ltr'>suos</span> 
     </span>
    </p>
   </div>
   <div class='ocr_carea' id='block_1_44' title="bbox 812 2778 1279 2850">
    <p class='ocr_par' dir='ltr' id='par_1_44' title="bbox 812 2778 1279 2850">
     <span class='ocr_line' id='line_1_44' title="bbox 812 2778 1279 2850; baseline -0.002 -15"><span class='ocrx_word' id='word_1_314' title='bbox 812 2780 1177 2850; x_wconf 81' lang='lat' dir='ltr'>judicantem</span> <span class='ocrx_word' id='word_1_315' title='bbox 1196 2778 1279 2833; x_wconf 80' lang='lat'>“°.</span> 
     </span>
    </p>
   </div>
   <div class='ocr_carea' id='block_1_45' title="bbox 323 2897 1852 2959">
    <p class='ocr_par' dir='ltr' id='par_1_45' title="bbox 323 2897 1852 2959">
     <span class='ocr_line' id='line_1_45' title="bbox 323 2897 1852 2959; baseline 0.003 -6"><span class='ocrx_word' id='word_1_316' title='bbox 323 2901 469 2953; x_wconf 91' lang='lat' dir='ltr'>Inter</span> <span class='ocrx_word' id='word_1_317' title='bbox 495 2897 789 2955; x_wconf 80' lang='lat' dir='ltr'>salvandos</span> <span class='ocrx_word' id='word_1_318' title='bbox 820 2908 1001 2956; x_wconf 90' lang='lat' dir='ltr'>autem</span> <span class='ocrx_word' id='word_1_319' title='bbox 1029 2901 1093 2930; x_wconf 60' lang='lat'>“1</span> <span class='ocrx_word' id='word_1_320' title='bbox 1124 2910 1177 2958; x_wconf 91' lang='lat' dir='ltr'>et</span> <span class='ocrx_word' id='word_1_321' title='bbox 1197 2902 1537 2959; x_wconf 87' lang='lat' dir='ltr'>damnandos</span> <span class='ocrx_word' id='word_1_322' title='bbox 1592 2903 1675 2958; x_wconf 90' lang='lat' dir='ltr'>sic</span> <span class='ocrx_word' id='word_1_323' title='bbox 1704 2904 1852 2958; x_wconf 89' lang='lat' dir='ltr'>Deus</span> 
     </span>
    </p>
   </div>
   <div class='ocr_carea' id='block_1_46' title="bbox 253 2986 1848 3061">
    <p class='ocr_par' dir='ltr' id='par_1_46' title="bbox 253 2986 1848 3061">
     <span class='ocr_line' id='line_1_46' title="bbox 253 2986 1848 3061; baseline 0.001 -19"><span class='ocrx_word' id='word_1_324' title='bbox 253 2986 522 3042; x_wconf 82' lang='lat' dir='ltr'>discernit</span> <span class='ocrx_word' id='word_1_325' title='bbox 552 2989 825 3059; x_wconf 91' lang='lat' dir='ltr'>quomodo</span> <span class='ocrx_word' id='word_1_326' title='bbox 856 3005 953 3044; x_wconf 87' lang='lat' dir='ltr'>rex</span> <span class='ocrx_word' id='word_1_327' title='bbox 984 2989 1201 3061; x_wconf 86' lang='lat' dir='ltr'>quidam</span> <span class='ocrx_word' id='word_1_328' title='bbox 1235 2992 1372 3047; x_wconf 89' lang='lat' dir='ltr'>inter</span> <span class='ocrx_word' id='word_1_329' title='bbox 1413 2991 1601 3047; x_wconf 90' lang='lat' dir='ltr'>ﬁdeles</span> <span class='ocrx_word' id='word_1_330' title='bbox 1631 2995 1686 3047; x_wconf 91' lang='lat' dir='ltr'>et</span> <span class='ocrx_word' id='word_1_331' title='bbox 1722 2990 1848 3044; x_wconf 90' lang='lat' dir='ltr'>inﬁ-</span> 
     </span>
    </p>
   </div>
   <div class='ocr_carea' id='block_1_47' title="bbox 246 3076 1851 3151">
    <p class='ocr_par' dir='ltr' id='par_1_47' title="bbox 246 3076 1851 3151">
     <span class='ocr_line' id='line_1_47' title="bbox 246 3076 1851 3151; baseline 0.003 -21"><span class='ocrx_word' id='word_1_332' title='bbox 246 3076 403 3132; x_wconf 86' lang='lat' dir='ltr'>deles</span> <span class='ocrx_word' id='word_1_333' title='bbox 433 3076 653 3147; x_wconf 89' lang='lat' dir='ltr'>imperii</span> <span class='ocrx_word' id='word_1_334' title='bbox 676 3076 779 3131; x_wconf 92' lang='lat' dir='ltr'>sui.</span> <span class='ocrx_word' id='word_1_335' title='bbox 812 3078 909 3133; x_wconf 85' lang='lat' dir='ltr'>Hic</span> <span class='ocrx_word' id='word_1_336' title='bbox 940 3078 1123 3148; x_wconf 88' lang='lat' dir='ltr'>itaque</span> <span class='ocrx_word' id='word_1_337' title='bbox 1153 3095 1267 3148; x_wconf 85' lang='lat' dir='ltr'>rex,</span> <span class='ocrx_word' id='word_1_338' title='bbox 1308 3088 1612 3151; x_wconf 69' lang='lat' dir='ltr'>praeparato</span> <span class='ocrx_word' id='word_1_339' title='bbox 1643 3096 1716 3135; x_wconf 77' lang='lat' dir='ltr'>ex</span> <span class='ocrx_word' id='word_1_340' title='bbox 1744 3096 1851 3135; x_wconf 89' lang='lat' dir='ltr'>una</span> 
     </span>
    </p>
   </div>
   <div class='ocr_carea' id='block_1_48' title="bbox 244 3164 1850 3239">
    <p class='ocr_par' dir='ltr' id='par_1_48' title="bbox 244 3164 1850 3239">
     <span class='ocr_line' id='line_1_48' title="bbox 244 3164 1850 3239; baseline 0.002 -20"><span class='ocrx_word' id='word_1_341' title='bbox 244 3172 400 3235; x_wconf 89' lang='lat' dir='ltr'>parte</span> <span class='ocrx_word' id='word_1_342' title='bbox 431 3164 668 3236; x_wconf 89' lang='lat' dir='ltr'>quodam</span> <span class='ocrx_word' id='word_1_343' title='bbox 700 3166 952 3226; x_wconf 88' lang='lat' dir='ltr'>convivio</span> <span class='ocrx_word' id='word_1_344' title='bbox 980 3165 1046 3195; x_wconf 81' lang='lat'>&quot;’</span> <span class='ocrx_word' id='word_1_345' title='bbox 1074 3183 1276 3239; x_wconf 80' lang='lat' dir='ltr'>magno</span> <span class='ocrx_word' id='word_1_346' title='bbox 1318 3176 1372 3223; x_wconf 89' lang='lat' dir='ltr'>et</span> <span class='ocrx_word' id='word_1_347' title='bbox 1419 3184 1484 3224; x_wconf 84' lang='lat' dir='ltr'>ex</span> <span class='ocrx_word' id='word_1_348' title='bbox 1535 3168 1642 3224; x_wconf 89' lang='lat' dir='ltr'>alia</span> <span class='ocrx_word' id='word_1_349' title='bbox 1697 3174 1850 3239; x_wconf 91' lang='lat' dir='ltr'>parte</span> 
     </span>
    </p>
   </div>
   <div class='ocr_carea' id='block_1_49' title="bbox 247 3253 1850 3327">
    <p class='ocr_par' dir='ltr' id='par_1_49' title="bbox 247 3253 1850 3327">
     <span class='ocr_line' id='line_1_49' title="bbox 247 3253 1850 3327; baseline 0.002 -20"><span class='ocrx_word' id='word_1_350' title='bbox 247 3253 489 3325; x_wconf 89' lang='lat' dir='ltr'>quodam</span> <span class='ocrx_word' id='word_1_351' title='bbox 514 3269 729 3309; x_wconf 88' lang='lat' dir='ltr'>carcere</span> <span class='ocrx_word' id='word_1_352' title='bbox 748 3255 1056 3323; x_wconf 89' lang='lat' dir='ltr'>tenebroso,</span> <span class='ocrx_word' id='word_1_353' title='bbox 1080 3256 1485 3327; x_wconf 88' lang='lat' dir='ltr'>disposuitquia</span> <span class='ocrx_word' id='word_1_354' title='bbox 1499 3272 1850 3327; x_wconf 89' lang='lat' dir='ltr'>quoscunque</span> 
     </span>
    </p>
   </div>
   <div class='ocr_carea' id='block_1_50' title="bbox 240 3338 1850 3416">
    <p class='ocr_par' dir='ltr' id='par_1_50' title="bbox 240 3338 1850 3416">
     <span class='ocr_line' id='line_1_50' title="bbox 240 3338 1850 3416; baseline 0.002 -21"><span class='ocrx_word' id='word_1_355' title='bbox 240 3338 307 3368; x_wconf 83' lang='lat'>‘&quot;</span> <span class='ocrx_word' id='word_1_356' title='bbox 341 3339 448 3395; x_wconf 90' lang='lat' dir='ltr'>sibi</span> <span class='ocrx_word' id='word_1_357' title='bbox 476 3339 666 3397; x_wconf 90' lang='lat' dir='ltr'>ﬁdeles</span> <span class='ocrx_word' id='word_1_358' title='bbox 696 3343 893 3413; x_wconf 92' lang='lat' dir='ltr'>poterit</span> <span class='ocrx_word' id='word_1_359' title='bbox 909 3344 1291 3414; x_wconf 89' lang='lat' dir='ltr'>comprobare,</span> <span class='ocrx_word' id='word_1_360' title='bbox 1331 3351 1621 3416; x_wconf 87' lang='lat' dir='ltr'>postquam</span> <span class='ocrx_word' id='word_1_361' title='bbox 1659 3359 1850 3401; x_wconf 89' lang='lat' dir='ltr'>omnes</span> 
     </span>
    </p>
   </div>
   <div class='ocr_carea' id='block_1_51' title="bbox 246 3427 1846 3505">
    <p class='ocr_par' dir='ltr' id='par_1_51' title="bbox 246 3427 1846 3505">
     <span class='ocr_line' id='line_1_51' title="bbox 246 3427 1846 3505; baseline 0 -19"><span class='ocrx_word' id='word_1_362' title='bbox 246 3428 578 3501; x_wconf 77' lang='lat' dir='ltr'>congregati</span> <span class='ocrx_word' id='word_1_363' title='bbox 607 3427 827 3498; x_wconf 88' lang='lat' dir='ltr'>fuerint,</span> <span class='ocrx_word' id='word_1_364' title='bbox 860 3431 1024 3487; x_wconf 87' lang='lat' dir='ltr'>faciet</span> <span class='ocrx_word' id='word_1_365' title='bbox 1051 3431 1212 3487; x_wconf 89' lang='lat' dir='ltr'>simul</span> <span class='ocrx_word' id='word_1_366' title='bbox 1244 3432 1625 3497; x_wconf 85' lang='lat' dir='ltr'>discumbere;</span> <span class='ocrx_word' id='word_1_367' title='bbox 1679 3447 1846 3505; x_wconf 83' lang='lat' dir='ltr'>quos-</span> 
     </span>
    </p>
   </div>
   <div class='ocr_carea' id='block_1_52' title="bbox 242 3518 1842 3591">
    <p class='ocr_par' dir='ltr' id='par_1_52' title="bbox 242 3518 1842 3591">
     <span class='ocr_line' id='line_1_52' title="bbox 242 3518 1842 3591; baseline 0.001 -18"><span class='ocrx_word' id='word_1_368' title='bbox 242 3532 459 3588; x_wconf 86' lang='lat' dir='ltr'>cunque</span> <span class='ocrx_word' id='word_1_369' title='bbox 489 3524 668 3572; x_wconf 90' lang='lat' dir='ltr'>autem</span> <span class='ocrx_word' id='word_1_370' title='bbox 694 3518 797 3572; x_wconf 91' lang='lat' dir='ltr'>sibi</span> <span class='ocrx_word' id='word_1_371' title='bbox 829 3518 1075 3575; x_wconf 87' lang='lat' dir='ltr'>inﬁdeles</span> <span class='ocrx_word' id='word_1_372' title='bbox 1102 3536 1219 3576; x_wconf 89' lang='lat' dir='ltr'>esse</span> <span class='ocrx_word' id='word_1_373' title='bbox 1249 3521 1571 3577; x_wconf 88' lang='lat' dir='ltr'>convincere</span> <span class='ocrx_word' id='word_1_374' title='bbox 1618 3520 1842 3591; x_wconf 85' lang='lat' dir='ltr'>poterit,</span> 
     </span>
    </p>
   </div>
   <div class='ocr_carea' id='block_1_53' title="bbox 240 3605 1843 3681">
    <p class='ocr_par' dir='ltr' id='par_1_53' title="bbox 240 3605 1843 3681">
     <span class='ocr_line' id='line_1_53' title="bbox 240 3605 1843 3681; baseline 0 -19"><span class='ocrx_word' id='word_1_375' title='bbox 240 3612 530 3676; x_wconf 88' lang='lat' dir='ltr'>postquam</span> <span class='ocrx_word' id='word_1_376' title='bbox 559 3613 611 3659; x_wconf 90' lang='lat' dir='ltr'>et</span> <span class='ocrx_word' id='word_1_377' title='bbox 641 3605 745 3675; x_wconf 88' lang='lat' dir='ltr'>ipsi</span> <span class='ocrx_word' id='word_1_378' title='bbox 779 3605 975 3662; x_wconf 87' lang='lat' dir='ltr'>fuerint</span> <span class='ocrx_word' id='word_1_379' title='bbox 1005 3608 1341 3681; x_wconf 86' lang='lat' dir='ltr'>congregati,</span> <span class='ocrx_word' id='word_1_380' title='bbox 1387 3610 1442 3663; x_wconf 91' lang='lat' dir='ltr'>in</span> <span class='ocrx_word' id='word_1_381' title='bbox 1497 3608 1843 3664; x_wconf 90' lang='lat' dir='ltr'>tenebrosum</span> 
     </span>
    </p>
   </div>
   <div class='ocr_carea' id='block_1_54' title="bbox 243 3691 1842 3767">
    <p class='ocr_par' dir='ltr' id='par_1_54' title="bbox 243 3691 1842 3767">
     <span class='ocr_line' id='line_1_54' title="bbox 243 3691 1842 3767; baseline 0.003 -20"><span class='ocrx_word' id='word_1_382' title='bbox 243 3691 400 3748; x_wconf 88' lang='lat' dir='ltr'>illum</span> <span class='ocrx_word' id='word_1_383' title='bbox 429 3708 703 3749; x_wconf 88' lang='lat' dir='ltr'>carcerem</span> <span class='ocrx_word' id='word_1_384' title='bbox 738 3694 893 3749; x_wconf 88' lang='lat' dir='ltr'>simul</span> <span class='ocrx_word' id='word_1_385' title='bbox 927 3695 1089 3751; x_wconf 75' lang='lat' dir='ltr'>faciet</span> <span class='ocrx_word' id='word_1_386' title='bbox 1116 3696 1360 3751; x_wconf 83' lang='lat' dir='ltr'>detrudi.</span> <span class='ocrx_word' id='word_1_387' title='bbox 1400 3696 1606 3751; x_wconf 90' lang='lat' dir='ltr'>Omnes</span> <span class='ocrx_word' id='word_1_388' title='bbox 1661 3696 1842 3767; x_wconf 86' lang='lat' dir='ltr'>itaque</span> 
     </span>
    </p>
   </div>
   <div class='ocr_carea' id='block_1_55' title="bbox 242 3780 1842 3858">
    <p class='ocr_par' dir='ltr' id='par_1_55' title="bbox 242 3780 1842 3858">
     <span class='ocr_line' id='line_1_55' title="bbox 242 3780 1842 3858; baseline 0.002 -22"><span class='ocrx_word' id='word_1_389' title='bbox 242 3782 315 3836; x_wconf 88' lang='lat' dir='ltr'>ad</span> <span class='ocrx_word' id='word_1_390' title='bbox 346 3797 407 3837; x_wconf 88' lang='lat' dir='ltr'>se</span> <span class='ocrx_word' id='word_1_391' title='bbox 435 3780 627 3837; x_wconf 88' lang='lat' dir='ltr'>invitat</span> <span class='ocrx_word' id='word_1_392' title='bbox 653 3780 736 3851; x_wconf 81' lang='lat'>“‘,</span> <span class='ocrx_word' id='word_1_393' title='bbox 764 3791 821 3837; x_wconf 91' lang='lat' dir='ltr'>ut</span> <span class='ocrx_word' id='word_1_394' title='bbox 842 3783 962 3853; x_wconf 88' lang='lat' dir='ltr'>quis</span> <span class='ocrx_word' id='word_1_395' title='bbox 1002 3784 1073 3838; x_wconf 83' lang='lat' dir='ltr'>sit</span> <span class='ocrx_word' id='word_1_396' title='bbox 1123 3783 1300 3841; x_wconf 89' lang='lat' dir='ltr'>ﬁdelis</span> <span class='ocrx_word' id='word_1_397' title='bbox 1357 3785 1546 3858; x_wconf 87' lang='lat' dir='ltr'>quisve</span> <span class='ocrx_word' id='word_1_398' title='bbox 1605 3783 1842 3840; x_wconf 86' lang='lat' dir='ltr'>inﬁdelis</span> 
     </span>
    </p>
   </div>
   <div class='ocr_carea' id='block_1_56' title="bbox 254 3870 1849 3946">
    <p class='ocr_par' dir='ltr' id='par_1_56' title="bbox 254 3870 1849 3946">
     <span class='ocr_line' id='line_1_56' title="bbox 254 3870 1849 3946; baseline 0.001 -22"><span class='ocrx_word' id='word_1_399' title='bbox 254 3876 538 3942; x_wconf 85' lang='lat' dir='ltr'>agnoscat.</span> <span class='ocrx_word' id='word_1_400' title='bbox 570 3871 776 3926; x_wconf 86' lang='lat' dir='ltr'>Horum</span> <span class='ocrx_word' id='word_1_401' title='bbox 806 3878 985 3927; x_wconf 82' lang='lat' dir='ltr'>autem</span> <span class='ocrx_word' id='word_1_402' title='bbox 1013 3870 1255 3927; x_wconf 85' lang='lat' dir='ltr'>ﬁdelium</span> <span class='ocrx_word' id='word_1_403' title='bbox 1286 3880 1339 3929; x_wconf 91' lang='lat' dir='ltr'>et</span> <span class='ocrx_word' id='word_1_404' title='bbox 1376 3872 1696 3941; x_wconf 88' lang='lat' dir='ltr'>inﬁdelium,</span> <span class='ocrx_word' id='word_1_405' title='bbox 1757 3872 1849 3946; x_wconf 91' lang='lat' dir='ltr'>qui</span> 
     </span>
    </p>
   </div>
   <div class='ocr_carea' id='block_1_57' title="bbox 252 3957 1849 4033">
    <p class='ocr_par' dir='ltr' id='par_1_57' title="bbox 252 3957 1849 4033">
     <span class='ocr_line' id='line_1_57' title="bbox 252 3957 1849 4033; baseline 0.001 -20"><span class='ocrx_word' id='word_1_406' title='bbox 252 3973 448 4013; x_wconf 87' lang='lat' dir='ltr'>omnes</span> <span class='ocrx_word' id='word_1_407' title='bbox 474 3957 784 4026; x_wconf 89' lang='lat' dir='ltr'>invitantur,</span> <span class='ocrx_word' id='word_1_408' title='bbox 819 3958 915 4014; x_wconf 85' lang='lat' dir='ltr'>alii</span> <span class='ocrx_word' id='word_1_409' title='bbox 958 3960 1293 4031; x_wconf 71' lang='lat' dir='ltr'>praecedunt,</span> <span class='ocrx_word' id='word_1_410' title='bbox 1354 3961 1444 4016; x_wconf 88' lang='lat' dir='ltr'>alii</span> <span class='ocrx_word' id='word_1_411' title='bbox 1503 3961 1849 4033; x_wconf 88' lang='lat' dir='ltr'>subsequun-</span> 
     </span>
    </p>
   </div>
   <div class='ocr_carea' id='block_1_58' title="bbox 254 4046 1851 4121">
    <p class='ocr_par' dir='ltr' id='par_1_58' title="bbox 254 4046 1851 4121">
     <span class='ocr_line' id='line_1_58' title="bbox 254 4046 1851 4121; baseline 0.002 -20"><span class='ocrx_word' id='word_1_412' title='bbox 254 4053 359 4101; x_wconf 89' lang='lat' dir='ltr'>tur.</span> <span class='ocrx_word' id='word_1_413' title='bbox 399 4046 661 4101; x_wconf 85' lang='lat' dir='ltr'>Fidelium</span> <span class='ocrx_word' id='word_1_414' title='bbox 693 4047 859 4119; x_wconf 83' lang='lat' dir='ltr'>igitur</span> <span class='ocrx_word' id='word_1_415' title='bbox 882 4048 1210 4119; x_wconf 89' lang='lat' dir='ltr'>cuicunque,</span> <span class='ocrx_word' id='word_1_416' title='bbox 1233 4056 1291 4105; x_wconf 89' lang='lat' dir='ltr'>ut</span> <span class='ocrx_word' id='word_1_417' title='bbox 1307 4050 1532 4119; x_wconf 87' lang='lat' dir='ltr'>venerit,</span> <span class='ocrx_word' id='word_1_418' title='bbox 1563 4056 1851 4121; x_wconf 89' lang='lat' dir='ltr'>postquam</span> 
     </span>
    </p>
   </div>
   <div class='ocr_carea' id='block_1_59' title="bbox 236 4133 1851 4208">
    <p class='ocr_par' dir='ltr' id='par_1_59' title="bbox 236 4133 1851 4208">
     <span class='ocr_line' id='line_1_59' title="bbox 236 4133 1851 4208; baseline 0.002 -19"><span class='ocrx_word' id='word_1_419' title='bbox 236 4150 367 4190; x_wconf 88' lang='lat' dir='ltr'>vere</span> <span class='ocrx_word' id='word_1_420' title='bbox 401 4150 520 4189; x_wconf 80' lang='lat' dir='ltr'>esse</span> <span class='ocrx_word' id='word_1_421' title='bbox 542 4133 718 4191; x_wconf 90' lang='lat' dir='ltr'>ﬁdelis</span> <span class='ocrx_word' id='word_1_422' title='bbox 737 4137 1123 4208; x_wconf 78' lang='lat' dir='ltr'>comprobatus</span> <span class='ocrx_word' id='word_1_423' title='bbox 1139 4139 1318 4207; x_wconf 87' lang='lat' dir='ltr'>fuerit,</span> <span class='ocrx_word' id='word_1_424' title='bbox 1341 4138 1498 4193; x_wconf 79' lang='lat' dir='ltr'>datur</span> <span class='ocrx_word' id='word_1_425' title='bbox 1518 4138 1732 4192; x_wconf 90' lang='lat' dir='ltr'>mistum</span> <span class='ocrx_word' id='word_1_426' title='bbox 1763 4138 1851 4192; x_wconf 89' lang='lat' dir='ltr'>in-</span> 
     </span>
    </p>
   </div>
   <div class='ocr_carea' id='block_1_60' title="bbox 237 4222 1855 4300">
    <p class='ocr_par' dir='ltr' id='par_1_60' title="bbox 237 4222 1855 4300">
     <span class='ocr_line' id='line_1_60' title="bbox 237 4222 1855 4300; baseline 0.002 -24"><span class='ocrx_word' id='word_1_427' title='bbox 237 4229 386 4278; x_wconf 89' lang='lat' dir='ltr'>terea</span> <span class='ocrx_word' id='word_1_428' title='bbox 421 4222 742 4290; x_wconf 87' lang='lat' dir='ltr'>cibi,dnnec</span> <span class='ocrx_word' id='word_1_429' title='bbox 757 4226 1292 4282; x_wconf 88' lang='lat' dir='ltr'>conveniantomnes</span> <span class='ocrx_word' id='word_1_430' title='bbox 1309 4226 1400 4300; x_wconf 91' lang='lat' dir='ltr'>qui</span> <span class='ocrx_word' id='word_1_431' title='bbox 1422 4242 1545 4283; x_wconf 90' lang='lat' dir='ltr'>cum</span> <span class='ocrx_word' id='word_1_432' title='bbox 1578 4228 1701 4297; x_wconf 89' lang='lat' dir='ltr'>ipso</span> <span class='ocrx_word' id='word_1_433' title='bbox 1732 4233 1855 4281; x_wconf 85' lang='lat' dir='ltr'>sunt</span> 
     </span>
    </p>
   </div>
   <div class='ocr_carea' id='block_1_61' title="bbox 247 4310 1852 4386">
    <p class='ocr_par' dir='ltr' id='par_1_61' title="bbox 247 4310 1852 4386">
     <span class='ocr_line' id='line_1_61' title="bbox 247 4310 1852 4386; baseline 0.001 -20"><span class='ocrx_word' id='word_1_434' title='bbox 247 4310 543 4378; x_wconf 61' lang='lat' dir='ltr'>cenaturi,</span> <span class='ocrx_word' id='word_1_435' title='bbox 561 4315 621 4366; x_wconf 84' lang='lat' dir='ltr'>ut</span> <span class='ocrx_word' id='word_1_436' title='bbox 636 4311 795 4367; x_wconf 89' lang='lat' dir='ltr'>simul</span> <span class='ocrx_word' id='word_1_437' title='bbox 811 4313 1076 4384; x_wconf 90' lang='lat' dir='ltr'>incipiant</span> <span class='ocrx_word' id='word_1_438' title='bbox 1093 4330 1282 4369; x_wconf 88' lang='lat' dir='ltr'>omnes</span> <span class='ocrx_word' id='word_1_439' title='bbox 1304 4314 1531 4386; x_wconf 89' lang='lat' dir='ltr'>epulari.</span> <span class='ocrx_word' id='word_1_440' title='bbox 1548 4313 1852 4369; x_wconf 87' lang='lat' dir='ltr'>Inﬁdelium</span> 
     </span>
    </p>
   </div>
   <div class='ocr_carea' id='block_1_62' title="bbox 231 4394 1918 4478">
    <p class='ocr_par' dir='ltr' id='par_1_62' title="bbox 231 4394 1918 4478">
     <span class='ocr_line' id='line_1_62' title="bbox 231 4394 1918 4478; baseline -0.001 -23"><span class='ocrx_word' id='word_1_441' title='bbox 231 4405 435 4466; x_wconf 86' lang='lat' dir='ltr'>autem,</span> <span class='ocrx_word' id='word_1_442' title='bbox 468 4404 528 4454; x_wconf 88' lang='lat' dir='ltr'>ut</span> <span class='ocrx_word' id='word_1_443' title='bbox 550 4398 610 4427; x_wconf 80' lang='grc'>⁴¹⁸</span> <span class='ocrx_word' id='word_1_444' title='bbox 642 4401 848 4457; x_wconf 88' lang='lat' dir='ltr'>venerit</span> <span class='ocrx_word' id='word_1_445' title='bbox 896 4401 1147 4475; x_wconf 87' lang='lat' dir='ltr'>quisque,</span> <span class='ocrx_word' id='word_1_446' title='bbox 1207 4412 1500 4478; x_wconf 88' lang='lat' dir='ltr'>postquam</span> <span class='ocrx_word' id='word_1_447' title='bbox 1556 4402 1838 4459; x_wconf 85' lang='lat' dir='ltr'>convictus</span> <span class='ocrx_word' id='word_1_448' title='bbox 1864 4394 1918 4454; x_wconf 92' lang='lat' dir='ltr'>D</span> 
     </span>
    </p>
   </div>
   <div class='ocr_carea' id='block_1_63' title="bbox 1880 3123 1930 3187">
    <p class='ocr_par' dir='ltr' id='par_1_63' title="bbox 1880 3123 1930 3187">
     <span class='ocr_line' id='line_1_63' title="bbox 1880 3123 1930 3187; baseline 0 0"><span class='ocrx_word' id='word_1_449' title='bbox 1880 3123 1930 3187; x_wconf 90' lang='lat' dir='ltr'>C</span> 
     </span>
    </p>
   </div>
   <div class='ocr_carea' id='block_1_64' title="bbox 1969 1830 3566 1903">
    <p class='ocr_par' dir='ltr' id='par_1_64' title="bbox 1969 1830 3566 1903">
     <span class='ocr_line' id='line_1_64' title="bbox 1969 1830 3566 1903; baseline -0.001 -18"><span class='ocrx_word' id='word_1_450' title='bbox 1969 1831 2189 1887; x_wconf 88' lang='lat' dir='ltr'>diabolo</span> <span class='ocrx_word' id='word_1_451' title='bbox 2222 1831 2486 1887; x_wconf 81' lang='lat' dir='ltr'>detrudat.</span> <span class='ocrx_word' id='word_1_452' title='bbox 2529 1831 2737 1888; x_wconf 89' lang='lat' dir='ltr'>Omnes</span> <span class='ocrx_word' id='word_1_453' title='bbox 2794 1830 2976 1903; x_wconf 87' lang='lat' dir='ltr'>itaque</span> <span class='ocrx_word' id='word_1_454' title='bbox 3031 1848 3130 1901; x_wconf 83' lang='lat' dir='ltr'>per</span> <span class='ocrx_word' id='word_1_455' title='bbox 3180 1830 3566 1901; x_wconf 84' lang='lat' dir='ltr'>praedicatores</span> 
     </span>
    </p>
   </div>
   <div class='ocr_carea' id='block_1_65' title="bbox 1966 1918 3562 1991">
    <p class='ocr_par' dir='ltr' id='par_1_65' title="bbox 1966 1918 3562 1991">
     <span class='ocr_line' id='line_1_65' title="bbox 1966 1918 3562 1991; baseline -0.001 -16"><span class='ocrx_word' id='word_1_456' title='bbox 1966 1936 2095 1976; x_wconf 90' lang='lat' dir='ltr'>suos</span> <span class='ocrx_word' id='word_1_457' title='bbox 2126 1920 2194 1975; x_wconf 87' lang='lat' dir='ltr'>ad</span> <span class='ocrx_word' id='word_1_458' title='bbox 2220 1936 2283 1975; x_wconf 84' lang='lat' dir='ltr'>se</span> <span class='ocrx_word' id='word_1_459' title='bbox 2308 1920 2516 1986; x_wconf 89' lang='lat' dir='ltr'>invitat,</span> <span class='ocrx_word' id='word_1_460' title='bbox 2550 1927 2607 1975; x_wconf 91' lang='lat' dir='ltr'>ut</span> <span class='ocrx_word' id='word_1_461' title='bbox 2654 1922 2929 1990; x_wconf 90' lang='lat' dir='ltr'>quomodo</span> <span class='ocrx_word' id='word_1_462' title='bbox 2986 1920 3088 1974; x_wconf 88' lang='lat' dir='ltr'>sibi</span> <span class='ocrx_word' id='word_1_463' title='bbox 3143 1919 3375 1991; x_wconf 89' lang='lat' dir='ltr'>quisque</span> <span class='ocrx_word' id='word_1_464' title='bbox 3432 1918 3562 1974; x_wconf 91' lang='lat' dir='ltr'>velit</span> 
     </span>
    </p>
   </div>
   <div class='ocr_carea' id='block_1_66' title="bbox 1967 2006 3561 2080">
    <p class='ocr_par' dir='ltr' id='par_1_66' title="bbox 1967 2006 3561 2080">
     <span class='ocr_line' id='line_1_66' title="bbox 1967 2006 3561 2080; baseline -0.001 -16"><span class='ocrx_word' id='word_1_465' title='bbox 1967 2009 2191 2065; x_wconf 86' lang='lat' dir='ltr'>obedire</span> <span class='ocrx_word' id='word_1_466' title='bbox 2222 2016 2504 2080; x_wconf 84' lang='lat' dir='ltr'>agnoscat.</span> <span class='ocrx_word' id='word_1_467' title='bbox 2539 2010 2736 2064; x_wconf 88' lang='lat' dir='ltr'>Verum</span> <span class='ocrx_word' id='word_1_468' title='bbox 2768 2009 2886 2077; x_wconf 88' lang='lat' dir='ltr'>ejus</span> <span class='ocrx_word' id='word_1_469' title='bbox 2930 2009 3218 2079; x_wconf 81' lang='lat' dir='ltr'>praeceptis</span> <span class='ocrx_word' id='word_1_470' title='bbox 3275 2006 3364 2061; x_wconf 89' lang='lat' dir='ltr'>alii</span> <span class='ocrx_word' id='word_1_471' title='bbox 3420 2007 3561 2062; x_wconf 90' lang='lat' dir='ltr'>obe-</span> 
     </span>
    </p>
   </div>
   <div class='ocr_carea' id='block_1_67' title="bbox 1968 2094 3573 2168">
    <p class='ocr_par' dir='ltr' id='par_1_67' title="bbox 1968 2094 3573 2168">
     <span class='ocr_line' id='line_1_67' title="bbox 1968 2094 3573 2168; baseline -0.002 -16"><span class='ocrx_word' id='word_1_472' title='bbox 1968 2098 2142 2166; x_wconf 90' lang='lat' dir='ltr'>diunt,</span> <span class='ocrx_word' id='word_1_473' title='bbox 2173 2097 2263 2153; x_wconf 90' lang='lat' dir='ltr'>alii</span> <span class='ocrx_word' id='word_1_474' title='bbox 2291 2112 2420 2153; x_wconf 88' lang='lat' dir='ltr'>vero</span> <span class='ocrx_word' id='word_1_475' title='bbox 2458 2096 2745 2154; x_wconf 84' lang='lat' dir='ltr'>resistunt.</span> <span class='ocrx_word' id='word_1_476' title='bbox 2812 2097 3177 2168; x_wconf 88' lang='lat' dir='ltr'>Utrorumque</span> <span class='ocrx_word' id='word_1_477' title='bbox 3235 2103 3415 2151; x_wconf 90' lang='lat' dir='ltr'>autem</span> <span class='ocrx_word' id='word_1_478' title='bbox 3471 2094 3573 2155; x_wconf 85' lang='lat' dir='ltr'>alii</span> 
     </span>
    </p>
   </div>
   <div class='ocr_carea' id='block_1_68' title="bbox 1966 2183 3558 2258">
    <p class='ocr_par' dir='ltr' id='par_1_68' title="bbox 1966 2183 3558 2258">
     <span class='ocr_line' id='line_1_68' title="bbox 1966 2183 3558 2258; baseline -0.003 -16"><span class='ocrx_word' id='word_1_479' title='bbox 1966 2187 2135 2258; x_wconf 88' lang='lat' dir='ltr'>prius,</span> <span class='ocrx_word' id='word_1_480' title='bbox 2160 2186 2251 2242; x_wconf 89' lang='lat' dir='ltr'>alii</span> <span class='ocrx_word' id='word_1_481' title='bbox 2278 2186 2570 2242; x_wconf 88' lang='lat' dir='ltr'>morientes</span> <span class='ocrx_word' id='word_1_482' title='bbox 2594 2185 2865 2256; x_wconf 89' lang='lat' dir='ltr'>posterius</span> <span class='ocrx_word' id='word_1_483' title='bbox 2905 2184 2968 2214; x_wconf 78' lang='lat'>&quot;°</span> <span class='ocrx_word' id='word_1_484' title='bbox 2998 2185 3118 2254; x_wconf 87' lang='lat' dir='ltr'>ejus</span> <span class='ocrx_word' id='word_1_485' title='bbox 3176 2183 3409 2239; x_wconf 81' lang='lat' dir='ltr'>examini</span> <span class='ocrx_word' id='word_1_486' title='bbox 3464 2200 3558 2238; x_wconf 84' lang='lat' dir='ltr'>re-</span> 
     </span>
    </p>
   </div>
   <div class='ocr_carea' id='block_1_69' title="bbox 1966 2270 3560 2346">
    <p class='ocr_par' dir='ltr' id='par_1_69' title="bbox 1966 2270 3560 2346">
     <span class='ocr_line' id='line_1_69' title="bbox 1966 2270 3560 2346; baseline -0.001 -17"><span class='ocrx_word' id='word_1_487' title='bbox 1966 2278 2384 2346; x_wconf 71' lang='lat' dir='ltr'>praesentantur.</span> <span class='ocrx_word' id='word_1_488' title='bbox 2410 2274 2738 2346; x_wconf 88' lang='lat' dir='ltr'>Quicunque</span> <span class='ocrx_word' id='word_1_489' title='bbox 2765 2274 2942 2346; x_wconf 90' lang='lat' dir='ltr'>itaque</span> <span class='ocrx_word' id='word_1_490' title='bbox 2972 2272 3023 2329; x_wconf 91' lang='lat' dir='ltr'>ei</span> <span class='ocrx_word' id='word_1_491' title='bbox 3078 2272 3339 2328; x_wconf 89' lang='lat' dir='ltr'>obediens</span> <span class='ocrx_word' id='word_1_492' title='bbox 3394 2270 3560 2328; x_wconf 86' lang='lat' dir='ltr'>fuisse</span> 
     </span>
    </p>
   </div>
   <div class='ocr_carea' id='block_1_70' title="bbox 1967 2359 3557 2434">
    <p class='ocr_par' dir='ltr' id='par_1_70' title="bbox 1967 2359 3557 2434">
     <span class='ocr_line' id='line_1_70' title="bbox 1967 2359 3557 2434; baseline -0.004 -15"><span class='ocrx_word' id='word_1_493' title='bbox 1967 2363 2371 2434; x_wconf 88' lang='lat' dir='ltr'>comprobatur,</span> <span class='ocrx_word' id='word_1_494' title='bbox 2402 2362 2612 2433; x_wconf 88' lang='lat' dir='ltr'>requies</span> <span class='ocrx_word' id='word_1_495' title='bbox 2632 2362 2683 2418; x_wconf 88' lang='lat' dir='ltr'>ei</span> <span class='ocrx_word' id='word_1_496' title='bbox 2731 2363 2849 2431; x_wconf 90' lang='lat' dir='ltr'>(sed</span> <span class='ocrx_word' id='word_1_497' title='bbox 2892 2362 2946 2416; x_wconf 93' lang='lat' dir='ltr'>in</span> <span class='ocrx_word' id='word_1_498' title='bbox 2975 2361 3154 2417; x_wconf 80' lang='lat' dir='ltr'>anima</span> <span class='ocrx_word' id='word_1_499' title='bbox 3182 2360 3315 2426; x_wconf 90' lang='lat' dir='ltr'>sola)</span> <span class='ocrx_word' id='word_1_500' title='bbox 3345 2359 3557 2415; x_wconf 88' lang='lat' dir='ltr'>interim</span> 
     </span>
    </p>
   </div>
   <div class='ocr_carea' id='block_1_71' title="bbox 1968 2448 3559 2521">
    <p class='ocr_par' dir='ltr' id='par_1_71' title="bbox 1968 2448 3559 2521">
     <span class='ocr_line' id='line_1_71' title="bbox 1968 2448 3559 2521; baseline -0.003 -15"><span class='ocrx_word' id='word_1_501' title='bbox 1968 2452 2142 2506; x_wconf 89' lang='lat' dir='ltr'>datur.</span> <span class='ocrx_word' id='word_1_502' title='bbox 2167 2450 2486 2521; x_wconf 86' lang='lat' dir='ltr'>Quicunque</span> <span class='ocrx_word' id='word_1_503' title='bbox 2514 2465 2645 2506; x_wconf 88' lang='lat' dir='ltr'>vero</span> <span class='ocrx_word' id='word_1_504' title='bbox 2674 2450 2743 2505; x_wconf 90' lang='lat' dir='ltr'>de</span> <span class='ocrx_word' id='word_1_505' title='bbox 2799 2449 3167 2506; x_wconf 90' lang='lat' dir='ltr'>inobedientia</span> <span class='ocrx_word' id='word_1_506' title='bbox 3197 2448 3559 2515; x_wconf 89' lang='lat' dir='ltr'>convincitur,</span> 
     </span>
    </p>
   </div>
   <div class='ocr_carea' id='block_1_72' title="bbox 1967 2538 3558 2612">
    <p class='ocr_par' dir='ltr' id='par_1_72' title="bbox 1967 2538 3558 2612">
     <span class='ocr_line' id='line_1_72' title="bbox 1967 2538 3558 2612; baseline -0.003 -18"><span class='ocrx_word' id='word_1_507' title='bbox 1967 2548 2019 2595; x_wconf 81' lang='lat' dir='ltr'>et</span> <span class='ocrx_word' id='word_1_508' title='bbox 2050 2540 2167 2612; x_wconf 88' lang='lat' dir='ltr'>ipse</span> <span class='ocrx_word' id='word_1_509' title='bbox 2196 2540 2251 2594; x_wconf 91' lang='lat' dir='ltr'>in</span> <span class='ocrx_word' id='word_1_510' title='bbox 2279 2540 2464 2595; x_wconf 88' lang='lat' dir='ltr'>anima</span> <span class='ocrx_word' id='word_1_511' title='bbox 2511 2539 2627 2595; x_wconf 90' lang='lat' dir='ltr'>sola</span> <span class='ocrx_word' id='word_1_512' title='bbox 2682 2539 2967 2594; x_wconf 90' lang='lat' dir='ltr'>cruciatur.</span> <span class='ocrx_word' id='word_1_513' title='bbox 3028 2538 3319 2609; x_wconf 86' lang='lat' dir='ltr'>Postquam</span> <span class='ocrx_word' id='word_1_514' title='bbox 3377 2545 3558 2592; x_wconf 89' lang='lat' dir='ltr'>autem</span> 
     </span>
    </p>
   </div>
   <div class='ocr_carea' id='block_1_73' title="bbox 1966 2625 3555 2698">
    <p class='ocr_par' dir='ltr' id='par_1_73' title="bbox 1966 2625 3555 2698">
     <span class='ocr_line' id='line_1_73' title="bbox 1966 2625 3555 2698; baseline -0.004 -13"><span class='ocrx_word' id='word_1_515' title='bbox 1966 2644 2158 2685; x_wconf 88' lang='lat' dir='ltr'>omnes</span> <span class='ocrx_word' id='word_1_516' title='bbox 2185 2628 2405 2695; x_wconf 86' lang='lat' dir='ltr'>mortui,</span> <span class='ocrx_word' id='word_1_517' title='bbox 2437 2634 2511 2696; x_wconf 91' lang='lat' dir='ltr'>et,</span> <span class='ocrx_word' id='word_1_518' title='bbox 2541 2635 2599 2683; x_wconf 91' lang='lat' dir='ltr'>ut</span> <span class='ocrx_word' id='word_1_519' title='bbox 2628 2626 2831 2683; x_wconf 89' lang='lat' dir='ltr'>dictum</span> <span class='ocrx_word' id='word_1_520' title='bbox 2874 2635 2975 2695; x_wconf 87' lang='lat' dir='ltr'>est,</span> <span class='ocrx_word' id='word_1_521' title='bbox 3034 2626 3311 2698; x_wconf 86' lang='lat' dir='ltr'>sigillatim</span> <span class='ocrx_word' id='word_1_522' title='bbox 3367 2625 3555 2681; x_wconf 83' lang='lat' dir='ltr'>exani-</span> 
     </span>
    </p>
   </div>
   <div class='ocr_carea' id='block_1_74' title="bbox 1966 2705 3555 2787">
    <p class='ocr_par' dir='ltr' id='par_1_74' title="bbox 1966 2705 3555 2787">
     <span class='ocr_line' id='line_1_74' title="bbox 1966 2705 3555 2787; baseline -0.003 -15"><span class='ocrx_word' id='word_1_523' title='bbox 1966 2705 2175 2773; x_wconf 74' lang='lat' dir='ltr'>moti&quot;1</span> <span class='ocrx_word' id='word_1_524' title='bbox 2207 2716 2424 2785; x_wconf 84' lang='lat' dir='ltr'>fuerint,</span> <span class='ocrx_word' id='word_1_525' title='bbox 2452 2715 2711 2786; x_wconf 89' lang='lat' dir='ltr'>ﬁnitoque</span> <span class='ocrx_word' id='word_1_526' title='bbox 2732 2715 2935 2772; x_wconf 64' lang='lat' dir='ltr'>saeculo</span> <span class='ocrx_word' id='word_1_527' title='bbox 2956 2714 3271 2787; x_wconf 86' lang='lat' dir='ltr'>cunctisque</span> <span class='ocrx_word' id='word_1_528' title='bbox 3309 2714 3555 2770; x_wconf 88' lang='lat' dir='ltr'>resusci—</span> 
     </span>
    </p>
   </div>
   <div class='ocr_carea' id='block_1_75' title="bbox 1963 2802 3556 2878">
    <p class='ocr_par' dir='ltr' id='par_1_75' title="bbox 1963 2802 3556 2878">
     <span class='ocr_line' id='line_1_75' title="bbox 1963 2802 3556 2878; baseline -0.003 -16"><span class='ocrx_word' id='word_1_529' title='bbox 1963 2806 2254 2875; x_wconf 89' lang='lat' dir='ltr'>tatis,illud</span> <span class='ocrx_word' id='word_1_530' title='bbox 2271 2805 2433 2861; x_wconf 88' lang='lat' dir='ltr'>etiam</span> <span class='ocrx_word' id='word_1_531' title='bbox 2464 2805 2724 2878; x_wconf 89' lang='lat' dir='ltr'>generale</span> <span class='ocrx_word' id='word_1_532' title='bbox 2766 2804 3037 2875; x_wconf 88' lang='lat' dir='ltr'>judicium</span> <span class='ocrx_word' id='word_1_533' title='bbox 3068 2810 3345 2874; x_wconf 90' lang='lat' dir='ltr'>peractum</span> <span class='ocrx_word' id='word_1_534' title='bbox 3377 2802 3556 2871; x_wconf 81' lang='lat' dir='ltr'>tuerit,</span> 
     </span>
    </p>
   </div>
   <div class='ocr_carea' id='block_1_76' title="bbox 1964 2890 3561 2964">
    <p class='ocr_par' dir='ltr' id='par_1_76' title="bbox 1964 2890 3561 2964">
     <span class='ocr_line' id='line_1_76' title="bbox 1964 2890 3561 2964; baseline -0.003 -14"><span class='ocrx_word' id='word_1_535' title='bbox 1964 2896 2090 2952; x_wconf 87' lang='lat' dir='ltr'>boni</span> <span class='ocrx_word' id='word_1_536' title='bbox 2113 2910 2325 2964; x_wconf 89' lang='lat' dir='ltr'>omnes,</span> <span class='ocrx_word' id='word_1_537' title='bbox 2351 2894 2405 2949; x_wconf 90' lang='lat' dir='ltr'>in</span> <span class='ocrx_word' id='word_1_538' title='bbox 2427 2895 2619 2949; x_wconf 82' lang='lat' dir='ltr'>coelum</span> <span class='ocrx_word' id='word_1_539' title='bbox 2653 2892 2919 2962; x_wconf 88' lang='lat' dir='ltr'>translati,</span> <span class='ocrx_word' id='word_1_540' title='bbox 2950 2894 3006 2947; x_wconf 90' lang='lat' dir='ltr'>in</span> <span class='ocrx_word' id='word_1_541' title='bbox 3053 2892 3236 2948; x_wconf 89' lang='lat' dir='ltr'>anima</span> <span class='ocrx_word' id='word_1_542' title='bbox 3290 2890 3447 2947; x_wconf 90' lang='lat' dir='ltr'>simul</span> <span class='ocrx_word' id='word_1_543' title='bbox 3508 2898 3561 2946; x_wconf 91' lang='lat' dir='ltr'>et</span> 
     </span>
    </p>
   </div>
   <div class='ocr_carea' id='block_1_77' title="bbox 1963 2980 3557 3055">
    <p class='ocr_par' dir='ltr' id='par_1_77' title="bbox 1963 2980 3557 3055">
     <span class='ocr_line' id='line_1_77' title="bbox 1963 2980 3557 3055; baseline -0.006 -13"><span class='ocrx_word' id='word_1_544' title='bbox 1963 3000 2188 3055; x_wconf 88' lang='lat' dir='ltr'>corpore</span> <span class='ocrx_word' id='word_1_545' title='bbox 2219 2984 2579 3047; x_wconf 85' lang='lat' dir='ltr'>laetabuntur;</span> <span class='ocrx_word' id='word_1_546' title='bbox 2612 2982 2742 3037; x_wconf 91' lang='lat' dir='ltr'>mali</span> <span class='ocrx_word' id='word_1_547' title='bbox 2762 2998 2916 3050; x_wconf 90' lang='lat' dir='ltr'>vero,</span> <span class='ocrx_word' id='word_1_548' title='bbox 2939 2981 2994 3037; x_wconf 91' lang='lat' dir='ltr'>in</span> <span class='ocrx_word' id='word_1_549' title='bbox 3014 2981 3283 3037; x_wconf 84' lang='lat' dir='ltr'>infernum</span> <span class='ocrx_word' id='word_1_550' title='bbox 3327 2980 3557 3045; x_wconf 84' lang='lat' dir='ltr'>detrusi,</span> 
     </span>
    </p>
   </div>
   <div class='ocr_carea' id='block_1_78' title="bbox 1962 3068 3561 3144">
    <p class='ocr_par' dir='ltr' id='par_1_78' title="bbox 1962 3068 3561 3144">
     <span class='ocr_line' id='line_1_78' title="bbox 1962 3068 3561 3144; baseline -0.004 -15"><span class='ocrx_word' id='word_1_551' title='bbox 1962 3081 2017 3130; x_wconf 88' lang='lat' dir='ltr'>et</span> <span class='ocrx_word' id='word_1_552' title='bbox 2046 3073 2151 3144; x_wconf 88' lang='lat' dir='ltr'>ipsi</span> <span class='ocrx_word' id='word_1_553' title='bbox 2182 3073 2236 3128; x_wconf 93' lang='lat' dir='ltr'>in</span> <span class='ocrx_word' id='word_1_554' title='bbox 2264 3074 2448 3128; x_wconf 87' lang='lat' dir='ltr'>anima</span> <span class='ocrx_word' id='word_1_555' title='bbox 2476 3070 2633 3127; x_wconf 89' lang='lat' dir='ltr'>simul</span> <span class='ocrx_word' id='word_1_556' title='bbox 2665 3080 2717 3127; x_wconf 91' lang='lat' dir='ltr'>et</span> <span class='ocrx_word' id='word_1_557' title='bbox 2746 3086 2976 3144; x_wconf 89' lang='lat' dir='ltr'>corpore</span> <span class='ocrx_word' id='word_1_558' title='bbox 3035 3070 3445 3141; x_wconf 88' lang='lat' dir='ltr'>torquebuntur.</span> <span class='ocrx_word' id='word_1_559' title='bbox 3488 3068 3561 3124; x_wconf 84' lang='lat' dir='ltr'>Et</span> 
     </span>
    </p>
   </div>
   <div class='ocr_carea' id='block_1_79' title="bbox 1958 3156 3552 3233">
    <p class='ocr_par' dir='ltr' id='par_1_79' title="bbox 1958 3156 3552 3233">
     <span class='ocr_line' id='line_1_79' title="bbox 1958 3156 3552 3233; baseline -0.003 -17"><span class='ocrx_word' id='word_1_560' title='bbox 1958 3163 2098 3220; x_wconf 87' lang='lat' dir='ltr'>sicut</span> <span class='ocrx_word' id='word_1_561' title='bbox 2128 3162 2255 3217; x_wconf 92' lang='lat' dir='ltr'>boni</span> <span class='ocrx_word' id='word_1_562' title='bbox 2284 3160 2575 3233; x_wconf 89' lang='lat' dir='ltr'>perfectam</span> <span class='ocrx_word' id='word_1_563' title='bbox 2604 3160 2848 3232; x_wconf 88' lang='lat' dir='ltr'>corporis</span> <span class='ocrx_word' id='word_1_564' title='bbox 2869 3167 2922 3216; x_wconf 90' lang='lat' dir='ltr'>et</span> <span class='ocrx_word' id='word_1_565' title='bbox 2942 3158 3137 3216; x_wconf 71' lang='lat' dir='ltr'>animae</span> <span class='ocrx_word' id='word_1_566' title='bbox 3164 3156 3552 3213; x_wconf 83' lang='lat' dir='ltr'>beatitudinem</span> 
     </span>
    </p>
   </div>
   <div class='ocr_carea' id='block_1_80' title="bbox 1961 3245 3553 3322">
    <p class='ocr_par' dir='ltr' id='par_1_80' title="bbox 1961 3245 3553 3322">
     <span class='ocr_line' id='line_1_80' title="bbox 1961 3245 3553 3322; baseline -0.003 -18"><span class='ocrx_word' id='word_1_567' title='bbox 1961 3259 2086 3306; x_wconf 88' lang='lat' dir='ltr'>tunc</span> <span class='ocrx_word' id='word_1_568' title='bbox 2107 3250 2345 3322; x_wconf 90' lang='lat' dir='ltr'>primum</span> <span class='ocrx_word' id='word_1_569' title='bbox 2367 3248 2711 3314; x_wconf 90' lang='lat' dir='ltr'>obtinebunt,</span> <span class='ocrx_word' id='word_1_570' title='bbox 2725 3249 2801 3305; x_wconf 91' lang='lat' dir='ltr'>sic</span> <span class='ocrx_word' id='word_1_571' title='bbox 2819 3250 2877 3304; x_wconf 88' lang='lat' dir='ltr'>et.</span> <span class='ocrx_word' id='word_1_572' title='bbox 2894 3247 3023 3302; x_wconf 90' lang='lat' dir='ltr'>mali</span> <span class='ocrx_word' id='word_1_573' title='bbox 3045 3263 3075 3302; x_wconf 88' lang='lat' dir='ltr'>e</span> <span class='ocrx_word' id='word_1_574' title='bbox 3096 3254 3281 3301; x_wconf 90' lang='lat' dir='ltr'>contra</span> <span class='ocrx_word' id='word_1_575' title='bbox 3301 3245 3553 3316; x_wconf 86' lang='lat' dir='ltr'>perfectae</span> 
     </span>
    </p>
   </div>
   <div class='ocr_carea' id='block_1_81' title="bbox 1957 3332 3553 3409">
    <p class='ocr_par' dir='ltr' id='par_1_81' title="bbox 1957 3332 3553 3409">
     <span class='ocr_line' id='line_1_81' title="bbox 1957 3332 3553 3409; baseline -0.005 -15"><span class='ocrx_word' id='word_1_576' title='bbox 1957 3338 2192 3395; x_wconf 88' lang='lat' dir='ltr'>miseriae</span> <span class='ocrx_word' id='word_1_577' title='bbox 2222 3337 2464 3409; x_wconf 88' lang='lat' dir='ltr'>corporis</span> <span class='ocrx_word' id='word_1_578' title='bbox 2494 3344 2546 3393; x_wconf 93' lang='lat' dir='ltr'>et</span> <span class='ocrx_word' id='word_1_579' title='bbox 2574 3337 2773 3393; x_wconf 65' lang='lat' dir='ltr'>animae</span> <span class='ocrx_word' id='word_1_580' title='bbox 2824 3344 2948 3392; x_wconf 93' lang='lat' dir='ltr'>tunc</span> <span class='ocrx_word' id='word_1_581' title='bbox 2999 3335 3232 3407; x_wconf 89' lang='lat' dir='ltr'>primum</span> <span class='ocrx_word' id='word_1_582' title='bbox 3288 3332 3553 3401; x_wconf 87' lang='lat' dir='ltr'>subjace-</span> 
     </span>
    </p>
   </div>
   <div class='ocr_carea' id='block_1_82' title="bbox 1956 3426 2191 3483">
    <p class='ocr_par' dir='ltr' id='par_1_82' title="bbox 1956 3426 2191 3483">
     <span class='ocr_line' id='line_1_82' title="bbox 1956 3426 2191 3483; baseline 0 0"><span class='ocrx_word' id='word_1_583' title='bbox 1956 3429 2089 3483; x_wconf 90' lang='lat' dir='ltr'>bunt</span> <span class='ocrx_word' id='word_1_584' title='bbox 2106 3426 2191 3483; x_wconf 82' lang='lat'>&quot;’.</span> 
     </span>
    </p>
   </div>
   <div class='ocr_carea' id='block_1_83' title="bbox 2513 3539 2993 3597">
    <p class='ocr_par' dir='ltr' id='par_1_83' title="bbox 2513 3539 2993 3597">
     <span class='ocr_line' id='line_1_83' title="bbox 2513 3539 2993 3597; baseline -0.002 -1"><span class='ocrx_word' id='word_1_585' title='bbox 2513 3541 2737 3597; x_wconf 81' lang='lat' dir='ltr'>CAPUT</span> <span class='ocrx_word' id='word_1_586' title='bbox 2776 3539 2993 3597; x_wconf 82' lang='lat' dir='ltr'>XLVII.</span> 
     </span>
    </p>
   </div>
   <div class='ocr_carea' id='block_1_84' title="bbox 1952 3654 3544 3733">
    <p class='ocr_par' dir='ltr' id='par_1_84' title="bbox 1952 3654 3544 3733">
     <span class='ocr_line' id='line_1_84' title="bbox 1952 3654 3544 3733; baseline -0.008 -14"><span class='ocrx_word' id='word_1_587' title='bbox 1952 3663 2028 3719; x_wconf 89' lang='lat' dir='ltr'>De</span> <span class='ocrx_word' id='word_1_588' title='bbox 2047 3657 2469 3733; x_wconf 79' lang='lat' dir='ltr'>quatuordeeim</span> <span class='ocrx_word' id='word_1_589' title='bbox 2487 3655 2932 3714; x_wconf 79' lang='lat' dir='ltr'>beatitudinibus</span> <span class='ocrx_word' id='word_1_590' title='bbox 2953 3656 3201 3728; x_wconf 73' lang='lat' dir='ltr'>corporis</span> <span class='ocrx_word' id='word_1_591' title='bbox 3221 3659 3278 3711; x_wconf 90' lang='lat' dir='ltr'>et</span> <span class='ocrx_word' id='word_1_592' title='bbox 3314 3654 3544 3710; x_wconf 70' lang='lat' dir='ltr'>anima.</span> 
     </span>
    </p>
   </div>
   <div class='ocr_carea' id='block_1_85' title="bbox 2021 3769 3553 3846">
    <p class='ocr_par' dir='ltr' id='par_1_85' title="bbox 2021 3769 3553 3846">
     <span class='ocr_line' id='line_1_85' title="bbox 2021 3769 3553 3846; baseline -0.005 -14"><span class='ocrx_word' id='word_1_593' title='bbox 2021 3778 2173 3833; x_wconf 82' lang='lat' dir='ltr'>Multi</span> <span class='ocrx_word' id='word_1_594' title='bbox 2191 3777 2440 3833; x_wconf 87' lang='lat' dir='ltr'>homines</span> <span class='ocrx_word' id='word_1_595' title='bbox 2466 3772 2531 3803; x_wconf 78' lang='lat'>&quot;’</span> <span class='ocrx_word' id='word_1_596' title='bbox 2562 3772 2779 3846; x_wconf 89' lang='lat' dir='ltr'>(quibus</span> <span class='ocrx_word' id='word_1_597' title='bbox 2805 3787 3191 3843; x_wconf 86' lang='lat' dir='ltr'>nonnunquam</span> <span class='ocrx_word' id='word_1_598' title='bbox 3213 3769 3343 3827; x_wconf 89' lang='lat' dir='ltr'>boni</span> <span class='ocrx_word' id='word_1_599' title='bbox 3370 3784 3553 3825; x_wconf 87' lang='lat' dir='ltr'>mores</span> 
     </span>
    </p>
   </div>
   <div class='ocr_carea' id='block_1_86' title="bbox 1960 3856 3551 3939">
    <p class='ocr_par' dir='ltr' id='par_1_86' title="bbox 1960 3856 3551 3939">
     <span class='ocr_line' id='line_1_86' title="bbox 1960 3856 3551 3939; baseline -0.008 -16"><span class='ocrx_word' id='word_1_600' title='bbox 1960 3877 2012 3923; x_wconf 88' lang='lat' dir='ltr'>et</span> <span class='ocrx_word' id='word_1_601' title='bbox 2036 3869 2183 3939; x_wconf 87' lang='lat' dir='ltr'>justa</span> <span class='ocrx_word' id='word_1_602' title='bbox 2214 3880 2380 3936; x_wconf 86' lang='lat' dir='ltr'>Opera</span> <span class='ocrx_word' id='word_1_603' title='bbox 2403 3870 2802 3935; x_wconf 85' lang='lat' dir='ltr'>proponuntur,</span> <span class='ocrx_word' id='word_1_604' title='bbox 2862 3868 2922 3916; x_wconf 91' lang='lat' dir='ltr'>ut</span> <span class='ocrx_word' id='word_1_605' title='bbox 2974 3876 3033 3915; x_wconf 87' lang='lat' dir='ltr'>se</span> <span class='ocrx_word' id='word_1_606' title='bbox 3090 3859 3145 3915; x_wconf 92' lang='lat' dir='ltr'>in</span> <span class='ocrx_word' id='word_1_607' title='bbox 3202 3859 3303 3926; x_wconf 88' lang='lat' dir='ltr'>eis,</span> <span class='ocrx_word' id='word_1_608' title='bbox 3363 3856 3551 3915; x_wconf 87' lang='lat' dir='ltr'>saeculi</span> 
     </span>
    </p>
   </div>
   <div class='ocr_carea' id='block_1_87' title="bbox 1958 3946 3552 4028">
    <p class='ocr_par' dir='ltr' id='par_1_87' title="bbox 1958 3946 3552 4028">
     <span class='ocr_line' id='line_1_87' title="bbox 1958 3946 3552 4028; baseline -0.008 -15"><span class='ocrx_word' id='word_1_609' title='bbox 1958 3955 2259 4028; x_wconf 89' lang='lat' dir='ltr'>postposita</span> <span class='ocrx_word' id='word_1_610' title='bbox 2270 3954 2535 4020; x_wconf 86' lang='lat' dir='ltr'>vanitate,</span> <span class='ocrx_word' id='word_1_611' title='bbox 2567 3956 2854 4008; x_wconf 81' lang='lat' dir='ltr'>exerceant</span> <span class='ocrx_word' id='word_1_612' title='bbox 2872 3947 3254 4014; x_wconf 84' lang='lat' dir='ltr'>admonentur)</span> <span class='ocrx_word' id='word_1_613' title='bbox 3282 3946 3552 4019; x_wconf 89' lang='lat' dir='ltr'>inquirere</span> 
     </span>
    </p>
   </div>
   <div class='ocr_carea' id='block_1_88' title="bbox 1960 4033 3546 4112">
    <p class='ocr_par' dir='ltr' id='par_1_88' title="bbox 1960 4033 3546 4112">
     <span class='ocr_line' id='line_1_88' title="bbox 1960 4033 3546 4112; baseline -0.009 -12"><span class='ocrx_word' id='word_1_614' title='bbox 1960 4047 2133 4101; x_wconf 91' lang='lat' dir='ltr'>solent</span> <span class='ocrx_word' id='word_1_615' title='bbox 2181 4040 2556 4112; x_wconf 79' lang='lat' dir='ltr'>quamobrem,</span> <span class='ocrx_word' id='word_1_616' title='bbox 2598 4054 2705 4110; x_wconf 89' lang='lat' dir='ltr'>quo</span> <span class='ocrx_word' id='word_1_617' title='bbox 2743 4037 2993 4110; x_wconf 63' lang='lat' dir='ltr'>praemio,</span> <span class='ocrx_word' id='word_1_618' title='bbox 3035 4052 3141 4107; x_wconf 89' lang='lat' dir='ltr'>qua</span> <span class='ocrx_word' id='word_1_619' title='bbox 3179 4033 3546 4089; x_wconf 88' lang='lat' dir='ltr'>retributione.</span> 
     </span>
    </p>
   </div>
   <div class='ocr_carea' id='block_1_89' title="bbox 1964 4121 3552 4205">
    <p class='ocr_par' dir='ltr' id='par_1_89' title="bbox 1964 4121 3552 4205">
     <span class='ocr_line' id='line_1_89' title="bbox 1964 4121 3552 4205; baseline -0.009 -15"><span class='ocrx_word' id='word_1_620' title='bbox 1964 4131 2340 4205; x_wconf 80' lang='lat' dir='ltr'>Respondetur</span> <span class='ocrx_word' id='word_1_621' title='bbox 2368 4130 2547 4199; x_wconf 88' lang='lat' dir='ltr'>itaque</span> <span class='ocrx_word' id='word_1_622' title='bbox 2584 4126 2692 4181; x_wconf 90' lang='lat' dir='ltr'>illis</span> <span class='ocrx_word' id='word_1_623' title='bbox 2732 4125 2875 4196; x_wconf 89' lang='lat' dir='ltr'>quod</span> <span class='ocrx_word' id='word_1_624' title='bbox 2914 4124 3171 4196; x_wconf 86' lang='lat' dir='ltr'>scriptum</span> <span class='ocrx_word' id='word_1_625' title='bbox 3210 4131 3291 4178; x_wconf 89' lang='lat' dir='ltr'>est</span> <span class='ocrx_word' id='word_1_626' title='bbox 3324 4139 3335 4175; x_wconf 92' lang='lat'>:</span> <span class='ocrx_word' id='word_1_627' title='bbox 3411 4121 3552 4190; x_wconf 80' lang='lat' dir='ltr'>Quia</span> 
     </span>
    </p>
   </div>
   <div class='ocr_carea' id='block_1_90' title="bbox 1962 4208 3552 4287">
    <p class='ocr_par' dir='ltr' id='par_1_90' title="bbox 1962 4208 3552 4287">
     <span class='ocr_line' id='line_1_90' title="bbox 1962 4208 3552 4287; baseline -0.01 -8"><span class='ocrx_word' id='word_1_628' title='bbox 1962 4239 2066 4279; x_wconf 78' lang='lat' dir='ltr'>nec</span> <span class='ocrx_word' id='word_1_629' title='bbox 2097 4220 2293 4278; x_wconf 90' lang='lat' dir='ltr'>oculus</span> <span class='ocrx_word' id='word_1_630' title='bbox 2308 4216 2469 4287; x_wconf 85' lang='lat' dir='ltr'>vidit,</span> <span class='ocrx_word' id='word_1_631' title='bbox 2492 4231 2596 4272; x_wconf 80' lang='lat' dir='ltr'>nee</span> <span class='ocrx_word' id='word_1_632' title='bbox 2616 4215 2780 4270; x_wconf 86' lang='lat' dir='ltr'>auris</span> <span class='ocrx_word' id='word_1_633' title='bbox 2806 4212 3045 4281; x_wconf 79' lang='lat' dir='ltr'>audivit,</span> <span class='ocrx_word' id='word_1_634' title='bbox 3061 4227 3162 4268; x_wconf 80' lang='lat' dir='ltr'>nec</span> <span class='ocrx_word' id='word_1_635' title='bbox 3183 4213 3245 4267; x_wconf 83' lang='lat' dir='ltr'>in</span> <span class='ocrx_word' id='word_1_636' title='bbox 3262 4225 3357 4267; x_wconf 85' lang='lat' dir='ltr'>eor</span> <span class='ocrx_word' id='word_1_637' title='bbox 3374 4208 3552 4264; x_wconf 81' lang='lat' dir='ltr'>homi-</span> 
     </span>
    </p>
   </div>
   <div class='ocr_carea' id='block_1_91' title="bbox 1964 4293 3550 4380">
    <p class='ocr_par' dir='ltr' id='par_1_91' title="bbox 1964 4293 3550 4380">
     <span class='ocr_line' id='line_1_91' title="bbox 1964 4293 3550 4380; baseline -0.01 -13"><span class='ocrx_word' id='word_1_638' title='bbox 1964 4312 2057 4367; x_wconf 81' lang='lat' dir='ltr'>m‘s</span> <span class='ocrx_word' id='word_1_639' title='bbox 2074 4307 2330 4365; x_wconf 77' lang='lat' dir='ltr'>ascendit</span> <span class='ocrx_word' id='word_1_640' title='bbox 2351 4322 2477 4380; x_wconf 65' lang='lat' dir='ltr'>qua</span> <span class='ocrx_word' id='word_1_641' title='bbox 2495 4303 2841 4378; x_wconf 65' lang='lat' dir='ltr'>preparavit</span> <span class='ocrx_word' id='word_1_642' title='bbox 2862 4303 3007 4358; x_wconf 84' lang='lat' dir='ltr'>Deus</span> <span class='ocrx_word' id='word_1_643' title='bbox 3036 4297 3402 4372; x_wconf 77' lang='lat' dir='ltr'>diligentibus</span> <span class='ocrx_word' id='word_1_644' title='bbox 3418 4293 3550 4352; x_wconf 74' lang='lat' dir='ltr'>se‘“</span> 
     </span>
    </p>
   </div>
   <div class='ocr_carea' id='block_1_92' title="bbox 1951 4384 3543 4470">
    <p class='ocr_par' dir='ltr' id='par_1_92' title="bbox 1951 4384 3543 4470">
     <span class='ocr_line' id='line_1_92' title="bbox 1951 4384 3543 4470; baseline -0.011 -15"><span class='ocrx_word' id='word_1_645' title='bbox 1951 4400 2103 4470; x_wconf 87' lang='lat' dir='ltr'>(Isai.</span> <span class='ocrx_word' id='word_1_646' title='bbox 2125 4396 2357 4462; x_wconf 78' lang='lat' dir='ltr'>thv,4;</span> <span class='ocrx_word' id='word_1_647' title='bbox 2380 4396 2402 4451; x_wconf 89' lang='grc'><strong><em>1</em></strong></span> <span class='ocrx_word' id='word_1_648' title='bbox 2425 4394 2550 4451; x_wconf 91' lang='lat' dir='ltr'>Cor.</span> <span class='ocrx_word' id='word_1_649' title='bbox 2568 4407 2627 4459; x_wconf 79' lang='grc' dir='ltr'>ιι,</span> <span class='ocrx_word' id='word_1_650' title='bbox 2650 4391 2723 4460; x_wconf 88' lang='lat'>9).</span> <span class='ocrx_word' id='word_1_651' title='bbox 2743 4388 2920 4461; x_wconf 88' lang='lat' dir='ltr'>Quod,</span> <span class='ocrx_word' id='word_1_652' title='bbox 2969 4404 3092 4445; x_wconf 89' lang='lat' dir='ltr'>cum</span> <span class='ocrx_word' id='word_1_653' title='bbox 3121 4387 3202 4444; x_wconf 91' lang='lat' dir='ltr'>illi</span> <span class='ocrx_word' id='word_1_654' title='bbox 3232 4401 3339 4443; x_wconf 92' lang='lat' dir='ltr'>non</span> <span class='ocrx_word' id='word_1_655' title='bbox 3396 4384 3543 4441; x_wconf 84' lang='lat' dir='ltr'>clare</span> 
     </span>
    </p>
   </div>
   <div class='ocr_carea' id='block_1_93' title="bbox 1564 4523 2249 4584">
    <p class='ocr_par' dir='ltr' id='par_1_93' title="bbox 1564 4523 2249 4584">
     <span class='ocr_line' id='line_1_93' title="bbox 1564 4523 2249 4584; baseline -0.007 0"><span class='ocrx_word' id='word_1_656' title='bbox 1564 4526 1788 4584; x_wconf 67' lang='lat' dir='ltr'>VARUS</span> <span class='ocrx_word' id='word_1_657' title='bbox 1833 4523 2222 4581; x_wconf 85' lang='lat' dir='ltr'>LECTIONES</span> <span class='ocrx_word' id='word_1_658' title='bbox 2235 4563 2249 4578; x_wconf 91' lang='lat'>.</span> 
     </span>
    </p>
   </div>
   <div class='ocr_carea' id='block_1_94' title="bbox 320 4608 3550 4700">
    <p class='ocr_par' dir='ltr' id='par_1_94' title="bbox 320 4608 3550 4700">
     <span class='ocr_line' id='line_1_94' title="bbox 320 4608 3550 4700; baseline -0.002 -26"><span class='ocrx_word' id='word_1_659' title='bbox 320 4618 383 4647; x_wconf 80' lang='grc'>⁴⁰⁸</span> <span class='ocrx_word' id='word_1_660' title='bbox 411 4620 552 4700; x_wconf 84' lang='lat' dir='ltr'>Nam</span> <span class='ocrx_word' id='word_1_661' title='bbox 572 4638 703 4700; x_wconf 67' lang='lat' dir='ltr'>cum</span> <span class='ocrx_word' id='word_1_662' title='bbox 734 4624 971 4700; x_wconf 77' lang='lat' dir='ltr'>is_ti_ms._</span> <span class='ocrx_word' id='word_1_663' title='bbox 999 4626 1133 4700; x_wconf 64' lang='lat' dir='ltr'>lict.</span> <span class='ocrx_word' id='word_1_664' title='bbox 1163 4640 1290 4700; x_wconf 79' lang='lat' dir='ltr'>nam</span> <span class='ocrx_word' id='word_1_665' title='bbox 1311 4641 1441 4700; x_wconf 81' lang='lat' dir='ltr'>cum</span> <span class='ocrx_word' id='word_1_666' title='bbox 1468 4624 1619 4700; x_wconf 77' lang='lat' dir='ltr'>j_usti.</span> <span class='ocrx_word' id='word_1_667' title='bbox 1650 4623 1712 4652; x_wconf 84' lang='lat'>‘°&#39;</span> <span class='ocrx_word' id='word_1_668' title='bbox 1742 4621 2155 4700; x_wconf 78' lang='lat' dir='ltr'>Damnationem</span> <span class='ocrx_word' id='word_1_669' title='bbox 2175 4634 2284 4675; x_wconf 91' lang='lat' dir='ltr'>non</span> <span class='ocrx_word' id='word_1_670' title='bbox 2314 4616 2578 4700; x_wconf 73' lang='lat' dir='ltr'>accipiam</span> <span class='ocrx_word' id='word_1_671' title='bbox 2612 4630 2724 4700; x_wconf 79' lang='lat' dir='ltr'>_ms.</span> <span class='ocrx_word' id='word_1_672' title='bbox 2759 4618 2815 4670; x_wconf 83' lang='lat' dir='ltr'>et</span> <span class='ocrx_word' id='word_1_673' title='bbox 2866 4608 3550 4700; x_wconf 33' lang='lat' dir='ltr'>Edit.-‘Cglj.udatlunatig:</span> 
     </span>
    </p>
   </div>
   <div class='ocr_carea' id='block_1_95' title="bbox 241 4678 3555 4775">
    <p class='ocr_par' dir='ltr' id='par_1_95' title="bbox 241 4678 3555 4775">
     <span class='ocr_line' id='line_1_95' title="bbox 241 4678 3555 4775; baseline -0.01 -10"><span class='ocrx_word' id='word_1_674' title='bbox 241 4691 699 4775; x_wconf 56' lang='grc' dir='ltr'>ηρηξνεξοερρξεφ.</span> <span class='ocrx_word' id='word_1_675' title='bbox 731 4693 794 4724; x_wconf 82' lang='grc'>⁴¹⁰</span> <span class='ocrx_word' id='word_1_676' title='bbox 818 4678 1449 4775; x_wconf 19' lang='grc' dir='ltr'>Ρείείπηίἷίὶυᾶἱὶιςξῇἷει*</span> <span class='ocrx_word' id='word_1_677' title='bbox 1468 4678 1652 4751; x_wconf 65' lang='lat' dir='ltr'>Deum</span> <span class='ocrx_word' id='word_1_678' title='bbox 1683 4703 1735 4749; x_wconf 89' lang='lat' dir='ltr'>et</span> <span class='ocrx_word' id='word_1_679' title='bbox 1763 4693 1999 4775; x_wconf 76' lang='lat' dir='ltr'>aliquem</span> <span class='ocrx_word' id='word_1_680' title='bbox 2024 4704 2393 4775; x_wconf 34' lang='lat' dir='ltr'>rege‘ruusu‘os</span> <span class='ocrx_word' id='word_1_681' title='bbox 2423 4678 2785 4775; x_wconf 71' lang='lat' dir='ltr'>iudicaturos._</span> <span class='ocrx_word' id='word_1_682' title='bbox 2820 4680 3252 4775; x_wconf 44' lang='lat' dir='ltr'>sns‘s:__etmi£di‘t.</span> <span class='ocrx_word' id='word_1_683' title='bbox 3311 4678 3555 4775; x_wconf 42' lang='lat' dir='ltr'>qolL‘d‘e</span> 
     </span>
    </p>
   </div>
   <div class='ocr_carea' id='block_1_96' title="bbox 246 4749 3554 4839">
    <p class='ocr_par' dir='ltr' id='par_1_96' title="bbox 246 4749 3554 4839">
     <span class='ocr_line' id='line_1_96' title="bbox 246 4749 3554 4839; baseline -0.002 -24"><span class='ocrx_word' id='word_1_684' title='bbox 246 4749 608 4839; x_wconf 72' lang='lat' dir='ltr'>similitudine</span> <span class='ocrx_word' id='word_1_685' title='bbox 638 4766 785 4820; x_wconf 89' lang='lat' dir='ltr'>inter</span> <span class='ocrx_word' id='word_1_686' title='bbox 813 4749 986 4839; x_wconf 70' lang='lat' dir='ltr'>Deum</span> <span class='ocrx_word' id='word_1_687' title='bbox 1017 4749 1581 4839; x_wconf 43' lang='lat' dir='ltr'>tit—quemlibet—reges</span> <span class='ocrx_word' id='word_1_688' title='bbox 1610 4781 1740 4839; x_wconf 77' lang='lat' dir='ltr'>suos</span> <span class='ocrx_word' id='word_1_689' title='bbox 1761 4749 2398 4839; x_wconf 56' lang='lat' dir='ltr'>judicantem&#39;:_“&quot;lnt_er</span> <span class='ocrx_word' id='word_1_690' title='bbox 2423 4749 2713 4839; x_wconf 48' lang='lat' dir='ltr'>salvando‘s</span> <span class='ocrx_word' id='word_1_691' title='bbox 2743 4753 3150 4839; x_wconf 47' lang='lat' dir='ltr'>siqui‘demnms;</span> <span class='ocrx_word' id='word_1_692' title='bbox 3180 4749 3297 4839; x_wconf 35' lang='lat' dir='ltr'>ei;</span> <span class='ocrx_word' id='word_1_693' title='bbox 3312 4750 3554 4839; x_wconf 37' lang='lat' dir='ltr'>finiet</span> 
     </span>
    </p>
   </div>
   <div class='ocr_carea' id='block_1_97' title="bbox 246 4831 873 4889">
    <p class='ocr_par' dir='ltr' id='par_1_97' title="bbox 246 4831 873 4889">
     <span class='ocr_line' id='line_1_97' title="bbox 246 4831 873 4889; baseline 0.003 -2"><span class='ocrx_word' id='word_1_694' title='bbox 246 4831 396 4887; x_wconf 86' lang='lat' dir='ltr'>salva</span> <span class='ocrx_word' id='word_1_695' title='bbox 406 4831 548 4886; x_wconf 91' lang='lat' dir='ltr'>ndos</span> <span class='ocrx_word' id='word_1_696' title='bbox 578 4844 776 4889; x_wconf 90' lang='lat' dir='ltr'>autem.</span> <span class='ocrx_word' id='word_1_697' title='bbox 808 4835 873 4865; x_wconf 81' lang='lat'>“’</span> 
     </span>
    </p>
   </div>
   <div class='ocr_carea' id='block_1_98' title="bbox 902 4831 2496 4906">
    <p class='ocr_par' dir='ltr' id='par_1_98' title="bbox 902 4831 2496 4906">
     <span class='ocr_line' id='line_1_98' title="bbox 902 4831 2496 4906; baseline -0.006 -15"><span class='ocrx_word' id='word_1_698' title='bbox 902 4831 1150 4906; x_wconf 79' lang='lat' dir='ltr'>Quodam</span> <span class='ocrx_word' id='word_1_699' title='bbox 1182 4837 1432 4892; x_wconf 91' lang='lat' dir='ltr'>convivio</span> <span class='ocrx_word' id='word_1_700' title='bbox 1460 4831 1566 4892; x_wconf 58' lang='lat' dir='ltr'>vis.</span> <span class='ocrx_word' id='word_1_701' title='bbox 1623 4831 1847 4893; x_wconf 59' lang='lat' dir='ltr'>Vietfet</span> <span class='ocrx_word' id='word_1_702' title='bbox 1873 4835 2021 4890; x_wconf 84' lang='lat' dir='ltr'>Edit.</span> <span class='ocrx_word' id='word_1_703' title='bbox 2057 4834 2174 4906; x_wconf 66' lang='lat' dir='ltr'>Col.</span> <span class='ocrx_word' id='word_1_704' title='bbox 2201 4831 2496 4906; x_wconf 59' lang='lat' dir='ltr'>omittunt.</span> 
     </span>
    </p>
   </div>
   <div class='ocr_carea' id='block_1_99' title="bbox 2553 4821 3553 4897">
    <p class='ocr_par' dir='ltr' id='par_1_99' title="bbox 2553 4821 3553 4897">
     <span class='ocr_line' id='line_1_99' title="bbox 2553 4821 3553 4897; baseline -0.007 -16"><span class='ocrx_word' id='word_1_705' title='bbox 2553 4827 2786 4897; x_wconf 81' lang='lat' dir='ltr'>quodam</span> <span class='ocrx_word' id='word_1_706' title='bbox 2800 4821 2824 4879; x_wconf 75' lang='grc'>.“</span> <span class='ocrx_word' id='word_1_707' title='bbox 2857 4822 2961 4897; x_wconf 78' lang='lat'>_‘“_</span> <span class='ocrx_word' id='word_1_708' title='bbox 2995 4821 3553 4897; x_wconf 62' lang='lat' dir='ltr'>Quod__quoscunque</span> 
     </span>
    </p>
   </div>
   <div class='ocr_carea' id='block_1_100' title="bbox 250 4889 3557 4979">
    <p class='ocr_par' dir='ltr' id='par_1_100' title="bbox 250 4889 3557 4979">
     <span class='ocr_line' id='line_1_100' title="bbox 250 4889 3557 4979; baseline 0.001 -23"><span class='ocrx_word' id='word_1_709' title='bbox 250 4918 389 4957; x_wconf 86' lang='lat' dir='ltr'>mss.</span> <span class='ocrx_word' id='word_1_710' title='bbox 422 4908 479 4958; x_wconf 91' lang='lat' dir='ltr'>et</span> <span class='ocrx_word' id='word_1_711' title='bbox 506 4906 802 4979; x_wconf 80' lang='lat' dir='ltr'>Edit._Col.</span> <span class='ocrx_word' id='word_1_712' title='bbox 834 4889 1367 4979; x_wconf 43' lang='lat' dir='ltr'>(innectendas;</span> <span class='ocrx_word' id='word_1_713' title='bbox 1381 4889 1900 4979; x_wconf 39' lang='lat' dir='ltr'>ignaviores</span> <span class='ocrx_word' id='word_1_714' title='bbox 1924 4889 1992 4961; x_wconf 75' lang='grc' dir='ltr'>Α.</span> <span class='ocrx_word' id='word_1_715' title='bbox 2028 4907 2077 4958; x_wconf 81' lang='lat' dir='ltr'>t.</span> <span class='ocrx_word' id='word_1_716' title='bbox 2095 4904 2235 4979; x_wconf 13' lang='lat' dir='ltr'>AVict</span> <span class='ocrx_word' id='word_1_717' title='bbox 2262 4905 2319 4979; x_wconf 72' lang='lat' dir='ltr'>et</span> <span class='ocrx_word' id='word_1_718' title='bbox 2338 4900 2489 4979; x_wconf 53' lang='lat' dir='ltr'>seu.</span> <span class='ocrx_word' id='word_1_719' title='bbox 2524 4889 2639 4979; x_wconf 71' lang='grc' dir='ltr'>ςόζ.</span> <span class='ocrx_word' id='word_1_720' title='bbox 2669 4895 2741 4979; x_wconf 60' lang='grc' dir='ltr'>ρει</span> <span class='ocrx_word' id='word_1_721' title='bbox 2768 4911 2826 4976; x_wconf 65' lang='lat' dir='ltr'>se</span> <span class='ocrx_word' id='word_1_722' title='bbox 2854 4889 3073 4979; x_wconf 59' lang='lat' dir='ltr'>iqviga}.</span> <span class='ocrx_word' id='word_1_723' title='bbox 3097 4889 3557 4979; x_wconf 0' lang='lat' dir='ltr'>n‘f‘fLIPﬁchgljfilﬁrn</span> 
     </span>
    </p>
   </div>
   <div class='ocr_carea' id='block_1_101' title="bbox 247 4960 3557 5045">
    <p class='ocr_par' dir='ltr' id='par_1_101' title="bbox 247 4960 3557 5045">
     <span class='ocr_line' id='line_1_101' title="bbox 247 4960 3557 5045; baseline -0.003 -18"><span class='ocrx_word' id='word_1_724' title='bbox 247 4980 308 5028; x_wconf 90' lang='lat' dir='ltr'>ut</span> <span class='ocrx_word' id='word_1_725' title='bbox 334 4988 441 5027; x_wconf 83' lang='lat' dir='ltr'>ms.</span> <span class='ocrx_word' id='word_1_726' title='bbox 488 4977 546 5029; x_wconf 82' lang='grc' dir='ltr'>Α.</span> <span class='ocrx_word' id='word_1_727' title='bbox 586 4980 635 5030; x_wconf 72' lang='grc'>1.</span> <span class='ocrx_word' id='word_1_728' title='bbox 663 4960 964 5033; x_wconf 52' lang='lat' dir='ltr'>madentia.</span> <span class='ocrx_word' id='word_1_729' title='bbox 992 4960 1370 5036; x_wconf 39' lang='lat' dir='ltr'>sicani.“</span> <span class='ocrx_word' id='word_1_730' title='bbox 1401 4960 1903 5045; x_wconf 59' lang='grc' dir='ltr'>Ηίζεὰίίίαέῐέίωίιι</span> <span class='ocrx_word' id='word_1_731' title='bbox 1929 4960 2035 5029; x_wconf 60' lang='grc' dir='ltr'>ἦτδ.</span> <span class='ocrx_word' id='word_1_732' title='bbox 2070 4977 2133 5029; x_wconf 81' lang='grc' dir='ltr'>Α.</span> <span class='ocrx_word' id='word_1_733' title='bbox 2161 4975 2219 5045; x_wconf 78' lang='lat' dir='ltr'>_i_.</span> <span class='ocrx_word' id='word_1_734' title='bbox 2250 4974 2307 5027; x_wconf 88' lang='lat' dir='ltr'>et</span> <span class='ocrx_word' id='word_1_735' title='bbox 2333 4967 2636 5045; x_wconf 81' lang='lat' dir='ltr'>_Edit._Col.</span> <span class='ocrx_word' id='word_1_736' title='bbox 2669 4968 2722 5022; x_wconf 88' lang='lat' dir='ltr'>hi</span> <span class='ocrx_word' id='word_1_737' title='bbox 2749 4964 2941 5045; x_wconf 58' lang='lat' dir='ltr'>simul:</span> <span class='ocrx_word' id='word_1_738' title='bbox 2976 4960 3041 4993; x_wconf 71' lang='grc' dir='ltr'>ατ</span> <span class='ocrx_word' id='word_1_739' title='bbox 3095 4961 3557 5045; x_wconf 36' lang='grc' dir='ltr'>σοιιειλοειξιίᾳη-</span> 
     </span>
    </p>
   </div>
   <div class='ocr_carea' id='block_1_102' title="bbox 260 5032 3557 5107">
    <p class='ocr_par' dir='ltr' id='par_1_102' title="bbox 260 5032 3557 5107">
     <span class='ocr_line' id='line_1_102' title="bbox 260 5032 3557 5107; baseline -0.004 -9"><span class='ocrx_word' id='word_1_740' title='bbox 260 5051 346 5098; x_wconf 86' lang='lat' dir='ltr'>tur</span> <span class='ocrx_word' id='word_1_741' title='bbox 374 5045 596 5100; x_wconf 88' lang='lat' dir='ltr'>ms.A.</span> <span class='ocrx_word' id='word_1_742' title='bbox 628 5051 685 5102; x_wconf 88' lang='grc'>1.</span> <span class='ocrx_word' id='word_1_743' title='bbox 724 5053 778 5103; x_wconf 84' lang='lat' dir='ltr'>et</span> <span class='ocrx_word' id='word_1_744' title='bbox 801 5032 951 5105; x_wconf 74' lang='lat' dir='ltr'>Edit.</span> <span class='ocrx_word' id='word_1_745' title='bbox 1000 5032 1401 5107; x_wconf 29' lang='lat' dir='ltr'>Colicollocati</span> <span class='ocrx_word' id='word_1_746' title='bbox 1429 5032 1687 5103; x_wconf 75' lang='lat' dir='ltr'>satiantur</span> <span class='ocrx_word' id='word_1_747' title='bbox 1740 5064 1843 5102; x_wconf 88' lang='lat' dir='ltr'>ms.</span> <span class='ocrx_word' id='word_1_748' title='bbox 1909 5048 2043 5102; x_wconf 77' lang='lat' dir='ltr'>I&#39;irt.</span> <span class='ocrx_word' id='word_1_749' title='bbox 2091 5041 2345 5101; x_wconf 89' lang='lat' dir='ltr'>collocati</span> <span class='ocrx_word' id='word_1_750' title='bbox 2399 5039 2687 5096; x_wconf 89' lang='lat' dir='ltr'>sociantur.</span> <span class='ocrx_word' id='word_1_751' title='bbox 2744 5035 2804 5066; x_wconf 76' lang='grc'>⁸³⁸</span> <span class='ocrx_word' id='word_1_752' title='bbox 2859 5035 2944 5090; x_wconf 89' lang='lat' dir='ltr'>Illi</span> <span class='ocrx_word' id='word_1_753' title='bbox 2990 5049 3150 5107; x_wconf 81' lang='lat' dir='ltr'>vero,</span> <span class='ocrx_word' id='word_1_754' title='bbox 3208 5032 3416 5107; x_wconf 81' lang='lat' dir='ltr'>scilicet</span> <span class='ocrx_word' id='word_1_755' title='bbox 3465 5034 3557 5107; x_wconf 80' lang='lat' dir='ltr'>in—</span> 
     </span>
    </p>
   </div>
   <div class='ocr_carea' id='block_1_103' title="bbox 257 5104 3137 5187">
    <p class='ocr_par' dir='ltr' id='par_1_103' title="bbox 257 5104 3137 5187">
     <span class='ocr_line' id='line_1_103' title="bbox 257 5104 3137 5187; baseline -0.004 -15"><span class='ocrx_word' id='word_1_756' title='bbox 257 5113 471 5187; x_wconf 68' lang='lat' dir='ltr'>ﬁdeles,</span> <span class='ocrx_word' id='word_1_757' title='bbox 502 5115 557 5169; x_wconf 89' lang='lat' dir='ltr'>in</span> <span class='ocrx_word' id='word_1_758' title='bbox 585 5135 691 5174; x_wconf 89' lang='lat' dir='ltr'>ms.</span> <span class='ocrx_word' id='word_1_759' title='bbox 731 5104 869 5176; x_wconf 76' lang='lat' dir='ltr'>Vict.</span> <span class='ocrx_word' id='word_1_760' title='bbox 888 5104 960 5176; x_wconf 82' lang='lat' dir='ltr'>et</span> <span class='ocrx_word' id='word_1_761' title='bbox 988 5104 1140 5177; x_wconf 56' lang='lat' dir='ltr'>me.</span> <span class='ocrx_word' id='word_1_762' title='bbox 1175 5104 1288 5176; x_wconf 77' lang='lat' dir='ltr'>Col.</span> <span class='ocrx_word' id='word_1_763' title='bbox 1306 5104 1399 5173; x_wconf 79' lang='lat' dir='ltr'>illi</span> <span class='ocrx_word' id='word_1_764' title='bbox 1420 5134 1575 5187; x_wconf 87' lang='lat' dir='ltr'>vero,</span> <span class='ocrx_word' id='word_1_765' title='bbox 1601 5118 1674 5172; x_wconf 90' lang='lat' dir='ltr'>in.</span> <span class='ocrx_word' id='word_1_766' title='bbox 1704 5115 1767 5147; x_wconf 63' lang='grc' dir='ltr'>δι’</span> <span class='ocrx_word' id='word_1_767' title='bbox 1798 5118 1855 5171; x_wconf 91' lang='lat' dir='ltr'>In</span> <span class='ocrx_word' id='word_1_768' title='bbox 1881 5115 2214 5187; x_wconf 73' lang='lat' dir='ltr'>paradisum,</span> <span class='ocrx_word' id='word_1_769' title='bbox 2245 5113 2298 5187; x_wconf 81' lang='lat' dir='ltr'>in</span> <span class='ocrx_word' id='word_1_770' title='bbox 2328 5127 2433 5166; x_wconf 86' lang='lat' dir='ltr'>ms.</span> <span class='ocrx_word' id='word_1_771' title='bbox 2476 5112 2612 5187; x_wconf 68' lang='grc' dir='ltr'>νίςι.</span> <span class='ocrx_word' id='word_1_772' title='bbox 2642 5113 2702 5187; x_wconf 83' lang='lat' dir='ltr'>et</span> <span class='ocrx_word' id='word_1_773' title='bbox 2721 5108 2871 5165; x_wconf 82' lang='lat' dir='ltr'>Edit.</span> <span class='ocrx_word' id='word_1_774' title='bbox 2907 5104 3137 5187; x_wconf 55' lang='lat' dir='ltr'>(231.th</span> 
     </span>
    </p>
   </div>
   <div class='ocr_carea' id='block_1_104' title="bbox 3192 5102 3555 5174">
    <p class='ocr_par' dir='ltr' id='par_1_104' title="bbox 3192 5102 3555 5174">
     <span class='ocr_line' id='line_1_104' title="bbox 3192 5102 3555 5174; baseline -0.008 -16"><span class='ocrx_word' id='word_1_775' title='bbox 3192 5104 3450 5174; x_wconf 80' lang='lat' dir='ltr'>paradiso</span> <span class='ocrx_word' id='word_1_776' title='bbox 3477 5102 3555 5174; x_wconf 88' lang='lat' dir='ltr'>in.</span> 
     </span>
    </p>
   </div>
   <div class='ocr_carea' id='block_1_105' title="bbox 250 5173 3553 5261">
    <p class='ocr_par' dir='ltr' id='par_1_105' title="bbox 250 5173 3553 5261">
     <span class='ocr_line' id='line_1_105' title="bbox 250 5173 3553 5261; baseline -0.003 -23"><span class='ocrx_word' id='word_1_777' title='bbox 250 5183 324 5261; x_wconf 82' lang='lat'>‘_’_°_</span> <span class='ocrx_word' id='word_1_778' title='bbox 351 5173 467 5261; x_wconf 48' lang='grc' dir='ltr'>μίὶ</span> <span class='ocrx_word' id='word_1_779' title='bbox 497 5173 809 5261; x_wconf 74' lang='lat' dir='ltr'>moriuntur</span> <span class='ocrx_word' id='word_1_780' title='bbox 830 5173 1107 5261; x_wconf 59' lang='lat' dir='ltr'>posterius</span> <span class='ocrx_word' id='word_1_781' title='bbox 1130 5173 1262 5246; x_wconf 55' lang='lat' dir='ltr'>inii;</span> <span class='ocrx_word' id='word_1_782' title='bbox 1297 5173 1588 5261; x_wconf 77' lang='lat' dir='ltr'>morientes</span> <span class='ocrx_word' id='word_1_783' title='bbox 1612 5173 1905 5261; x_wconf 49' lang='lat' dir='ltr'>posterius;</span> <span class='ocrx_word' id='word_1_784' title='bbox 1936 5186 2003 5261; x_wconf 71' lang='lat'>&quot;’_</span> <span class='ocrx_word' id='word_1_785' title='bbox 2042 5173 2329 5261; x_wconf 77' lang='lat' dir='ltr'>Sigillatim</span> <span class='ocrx_word' id='word_1_786' title='bbox 2378 5181 2671 5261; x_wconf 74' lang='lat' dir='ltr'>examinati</span> <span class='ocrx_word' id='word_1_787' title='bbox 2727 5195 2861 5259; x_wconf 74' lang='lat' dir='ltr'>mss.</span> <span class='ocrx_word' id='word_1_788' title='bbox 2921 5173 3553 5261; x_wconf 42' lang='lat' dir='ltr'>Sigillatinivexanimati.</span> 
     </span>
    </p>
   </div>
   <div class='ocr_carea' id='block_1_106' title="bbox 256 5253 1586 5331">
    <p class='ocr_par' dir='ltr' id='par_1_106' title="bbox 256 5253 1586 5331">
     <span class='ocr_line' id='line_1_106' title="bbox 256 5253 1586 5331; baseline 0.005 -23"><span class='ocrx_word' id='word_1_789' title='bbox 256 5253 758 5331; x_wconf 79' lang='lat' dir='ltr'>&quot;’_Torquebatur.</span> <span class='ocrx_word' id='word_1_790' title='bbox 791 5253 933 5317; x_wconf 70' lang='lat' dir='ltr'>viss.</span> <span class='ocrx_word' id='word_1_791' title='bbox 974 5262 1055 5316; x_wconf 84' lang='lat' dir='ltr'>A.</span> <span class='ocrx_word' id='word_1_792' title='bbox 1098 5264 1145 5317; x_wconf 88' lang='lat' dir='ltr'>l.</span> <span class='ocrx_word' id='word_1_793' title='bbox 1181 5260 1586 5331; x_wconf 81' lang='lat' dir='ltr'>torquebantur.</span> 
     </span>
    </p>
   </div>
   <div class='ocr_carea' id='block_1_107' title="bbox 1667 5250 2930 5326">
    <p class='ocr_par' dir='ltr' id='par_1_107' title="bbox 1667 5250 2930 5326">
     <span class='ocr_line' id='line_1_107' title="bbox 1667 5250 2930 5326; baseline -0.007 -14"><span class='ocrx_word' id='word_1_794' title='bbox 1667 5267 1685 5312; x_wconf 92' lang='lat' dir='ltr'>t</span> <span class='ocrx_word' id='word_1_795' title='bbox 1712 5259 1851 5312; x_wconf 80' lang='lat' dir='ltr'>sicut</span> <span class='ocrx_word' id='word_1_796' title='bbox 1877 5258 2007 5311; x_wconf 88' lang='lat' dir='ltr'>boni</span> <span class='ocrx_word' id='word_1_797' title='bbox 2036 5250 2336 5326; x_wconf 17' lang='lat' dir='ltr'>perfectam»</span> <span class='ocrx_word' id='word_1_798' title='bbox 2352 5251 2598 5326; x_wconf 83' lang='lat' dir='ltr'>corporis</span> <span class='ocrx_word' id='word_1_799' title='bbox 2626 5259 2679 5306; x_wconf 88' lang='lat' dir='ltr'>et</span> <span class='ocrx_word' id='word_1_800' title='bbox 2732 5250 2930 5304; x_wconf 74' lang='lat' dir='ltr'>animae</span> 
     </span>
    </p>
   </div>
   <div class='ocr_carea' id='block_1_108' title="bbox 3025 5245 3561 5303">
    <p class='ocr_par' dir='ltr' id='par_1_108' title="bbox 3025 5245 3561 5303">
     <span class='ocr_line' id='line_1_108' title="bbox 3025 5245 3561 5303; baseline -0.013 0"><span class='ocrx_word' id='word_1_801' title='bbox 3025 5245 3380 5303; x_wconf 88' lang='lat' dir='ltr'>eatitudinem</span> <span class='ocrx_word' id='word_1_802' title='bbox 3437 5252 3561 5298; x_wconf 90' lang='lat' dir='ltr'>tunc</span> 
     </span>
    </p>
   </div>
   <div class='ocr_carea' id='block_1_109' title="bbox 259 5314 3555 5400">
    <p class='ocr_par' dir='ltr' id='par_1_109' title="bbox 259 5314 3555 5400">
     <span class='ocr_line' id='line_1_109' title="bbox 259 5314 3555 5400; baseline -0.006 -16"><span class='ocrx_word' id='word_1_803' title='bbox 259 5314 504 5400; x_wconf 56' lang='lat' dir='ltr'>primum</span> <span class='ocrx_word' id='word_1_804' title='bbox 532 5314 897 5386; x_wconf 46' lang='lat' dir='ltr'>obtinebant}</span> <span class='ocrx_word' id='word_1_805' title='bbox 930 5314 1242 5387; x_wconf 17' lang='lat' dir='ltr'>sivciet&#39;mali</span> <span class='ocrx_word' id='word_1_806' title='bbox 1273 5314 1492 5386; x_wconf 73' lang='lat' dir='ltr'>econtra</span> <span class='ocrx_word' id='word_1_807' title='bbox 1539 5330 1782 5400; x_wconf 88' lang='lat' dir='ltr'>perfecte</span> <span class='ocrx_word' id='word_1_808' title='bbox 1834 5314 2068 5400; x_wconf 70' lang='lat' dir='ltr'>miseriae</span> <span class='ocrx_word' id='word_1_809' title='bbox 2124 5324 2370 5400; x_wconf 77' lang='lat' dir='ltr'>corporis</span> <span class='ocrx_word' id='word_1_810' title='bbox 2391 5314 2466 5378; x_wconf 49' lang='lat' dir='ltr'>et&quot;</span> <span class='ocrx_word' id='word_1_811' title='bbox 2493 5322 2689 5400; x_wconf 59' lang='lat' dir='ltr'>animus</span> <span class='ocrx_word' id='word_1_812' title='bbox 2746 5330 2871 5376; x_wconf 87' lang='lat' dir='ltr'>tunc</span> <span class='ocrx_word' id='word_1_813' title='bbox 2900 5319 3146 5400; x_wconf 70' lang='lat' dir='ltr'>primum</span> <span class='ocrx_word' id='word_1_814' title='bbox 3178 5314 3555 5400; x_wconf 69' lang='lat' dir='ltr'>subjacebunt.</span> 
     </span>
    </p>
   </div>
   <div class='ocr_carea' id='block_1_110' title="bbox 261 5384 3562 5472">
    <p class='ocr_par' dir='ltr' id='par_1_110' title="bbox 261 5384 3562 5472">
     <span class='ocr_line' id='line_1_110' title="bbox 261 5384 3562 5472; baseline -0.002 -21"><span class='ocrx_word' id='word_1_815' title='bbox 261 5384 327 5424; x_wconf 73' lang='grc' dir='ltr'>ί²⁸</span> <span class='ocrx_word' id='word_1_816' title='bbox 362 5395 513 5472; x_wconf 79' lang='lat' dir='ltr'>Multi</span> <span class='ocrx_word' id='word_1_817' title='bbox 542 5384 821 5470; x_wconf 66' lang='lat' dir='ltr'>homines,</span> <span class='ocrx_word' id='word_1_818' title='bbox 840 5384 1056 5458; x_wconf 3' lang='lat' dir='ltr'>deterit;</span> <span class='ocrx_word' id='word_1_819' title='bbox 1076 5384 1586 5469; x_wconf 10' lang='lat' dir='ltr'>ilTQua—tuordeciin</span> <span class='ocrx_word' id='word_1_820' title='bbox 1615 5400 1815 5472; x_wconf 87' lang='lat' dir='ltr'>quippe</span> <span class='ocrx_word' id='word_1_821' title='bbox 1844 5405 1968 5472; x_wconf 83' lang='lat' dir='ltr'>sunt</span> <span class='ocrx_word' id='word_1_822' title='bbox 1996 5384 2341 5472; x_wconf 77' lang='lat' dir='ltr'>beatitudinis</span> <span class='ocrx_word' id='word_1_823' title='bbox 2369 5401 2572 5472; x_wconf 80' lang='lat' dir='ltr'>partes,</span> <span class='ocrx_word' id='word_1_824' title='bbox 2603 5384 2955 5472; x_wconf 25' lang='lat' dir='ltr'>e!_e_.,qucenih</span> <span class='ocrx_word' id='word_1_825' title='bbox 3001 5384 3303 5472; x_wconf 68' lang='lat' dir='ltr'>sententiis</span> <span class='ocrx_word' id='word_1_826' title='bbox 3332 5384 3562 5472; x_wconf 55' lang='lat' dir='ltr'>fluidth</span> 
     </span>
    </p>
   </div>
   <div class='ocr_carea' id='block_1_111' title="bbox 269 5455 3563 5543">
    <p class='ocr_par' dir='ltr' id='par_1_111' title="bbox 269 5455 3563 5543">
     <span class='ocr_line' id='line_1_111' title="bbox 269 5455 3563 5543; baseline -0.003 -19"><span class='ocrx_word' id='word_1_827' title='bbox 269 5469 506 5543; x_wconf 71' lang='lat' dir='ltr'>omnino</span> <span class='ocrx_word' id='word_1_828' title='bbox 518 5455 865 5529; x_wconf 63' lang='lat' dir='ltr'>eademsuizt</span> <span class='ocrx_word' id='word_1_829' title='bbox 883 5455 948 5528; x_wconf 64' lang='lat' dir='ltr'>ne</span> <span class='ocrx_word' id='word_1_830' title='bbox 965 5455 1239 5528; x_wconf 56' lang='lat' dir='ltr'>inmitis</span> <span class='ocrx_word' id='word_1_831' title='bbox 1255 5455 1425 5537; x_wconf 47' lang='lat' dir='ltr'>{utin</span> <span class='ocrx_word' id='word_1_832' title='bbox 1448 5472 1620 5527; x_wconf 82' lang='lat' dir='ltr'>verbis</span> <span class='ocrx_word' id='word_1_833' title='bbox 1636 5455 1865 5543; x_wconf 48' lang='lat' dir='ltr'>probus</span> <span class='ocrx_word' id='word_1_834' title='bbox 1894 5470 2111 5543; x_wconf 69' lang='lat' dir='ltr'>diversa</span> <span class='ocrx_word' id='word_1_835' title='bbox 2133 5485 2150 5520; x_wconf 86' lang='lat'><strong><em>:</em></strong></span> <span class='ocrx_word' id='word_1_836' title='bbox 2167 5468 2230 5521; x_wconf 80' lang='lat' dir='ltr'>in</span> <span class='ocrx_word' id='word_1_837' title='bbox 2259 5455 2394 5543; x_wconf 64' lang='lat' dir='ltr'>mss.</span> <span class='ocrx_word' id='word_1_838' title='bbox 2423 5455 2576 5522; x_wconf 71' lang='lat' dir='ltr'>enim</span> <span class='ocrx_word' id='word_1_839' title='bbox 2605 5455 3563 5543; x_wconf 40' lang='lat' dir='ltr'>abpre&#39;vjateesunt‘squetigtusefuti</span> 
     </span>
    </p>
   </div>
   <div class='ocr_carea' id='block_1_112' title="bbox 268 5524 3561 5625">
    <p class='ocr_par' dir='ltr' id='par_1_112' title="bbox 268 5524 3561 5625">
     <span class='ocr_line' id='line_1_112' title="bbox 268 5524 3561 5625; baseline 0 0"><span class='ocrx_word' id='word_1_840' title='bbox 269 5524 1044 5625; x_wconf 59' lang='grc' dir='ltr'>εεηίςτέιῖιὲςὲἷδὶὶιῖὶὶὲἱᾶῖνέἐν</span> <span class='ocrx_word' id='word_1_841' title='bbox 1060 5524 1804 5625; x_wconf 49' lang='grc' dir='ltr'>ῖίᾷἐὶξὶῦὶεάἒίὶὲέέρὃέίεαε</span> <span class='ocrx_word' id='word_1_842' title='bbox 1820 5542 2055 5625; x_wconf 49' lang='grc' dir='ltr'>’θρέψειε</span> <span class='ocrx_word' id='word_1_843' title='bbox 2069 5537 2378 5625; x_wconf 55' lang='lat' dir='ltr'>feces“?!</span> <span class='ocrx_word' id='word_1_844' title='bbox 2395 5532 3048 5625; x_wconf 63' lang='lat' dir='ltr'>v“&quot;&#39;t€£&quot;‘P‘:.3££‘€’3“</span> <span class='ocrx_word' id='word_1_845' title='bbox 3061 5531 3122 5583; x_wconf 72' lang='grc' dir='ltr'><em>Ρ·</em></span> <span class='ocrx_word' id='word_1_846' title='bbox 3145 5530 3208 5581; x_wconf 80' lang='grc'>¹⁶</span> <span class='ocrx_word' id='word_1_847' title='bbox 3230 5527 3346 5582; x_wconf 64' lang='grc'><strong><em>’⁸⁸⁸⁸</em></strong></span> <span class='ocrx_word' id='word_1_848' title='bbox 3367 5524 3561 5581; x_wconf 62' lang='lat' dir='ltr'>“dm</span> 
     </span>
    </p>
   </div>
   <div class='ocr_carea' id='block_1_113' title="bbox 276 5603 3006 5687">
    <p class='ocr_par' dir='ltr' id='par_1_113' title="bbox 276 5603 3006 5687">
     <span class='ocr_line' id='line_1_113' title="bbox 276 5603 3006 5687; baseline -0.002 -23"><span class='ocrx_word' id='word_1_849' title='bbox 276 5610 498 5670; x_wconf 84' lang='lat' dir='ltr'>brevius</span> <span class='ocrx_word' id='word_1_850' title='bbox 528 5615 713 5672; x_wconf 84' lang='lat' dir='ltr'>adhuc</span> <span class='ocrx_word' id='word_1_851' title='bbox 728 5603 1045 5673; x_wconf 49' lang='lat' dir='ltr'>contraxit;</span> <span class='ocrx_word' id='word_1_852' title='bbox 1076 5603 1140 5644; x_wconf 77' lang='lat'><strong>&quot;‘</strong></span> <span class='ocrx_word' id='word_1_853' title='bbox 1169 5603 1531 5687; x_wconf 80' lang='lat' dir='ltr'>Diligentibus</span> <span class='ocrx_word' id='word_1_854' title='bbox 1559 5603 1689 5672; x_wconf 73' lang='lat' dir='ltr'>eum</span> <span class='ocrx_word' id='word_1_855' title='bbox 1717 5628 1822 5669; x_wconf 89' lang='lat' dir='ltr'>ms.</span> <span class='ocrx_word' id='word_1_856' title='bbox 1864 5603 1995 5669; x_wconf 63' lang='lat' dir='ltr'>Vict.</span> <span class='ocrx_word' id='word_1_857' title='bbox 2027 5614 2085 5666; x_wconf 84' lang='lat' dir='ltr'>et</span> <span class='ocrx_word' id='word_1_858' title='bbox 2111 5608 2290 5665; x_wconf 80' lang='lat' dir='ltr'>Edict.</span> <span class='ocrx_word' id='word_1_859' title='bbox 2325 5607 2512 5665; x_wconf 78' lang='lat' dir='ltr'>Colon.</span> <span class='ocrx_word' id='word_1_860' title='bbox 2542 5603 2898 5677; x_wconf 82' lang='lat' dir='ltr'>diligentibus</span> <span class='ocrx_word' id='word_1_861' title='bbox 2926 5615 3006 5658; x_wconf 88' lang='lat' dir='ltr'>se.</span> 
     </span>
    </p>
   </div>
  </div>
