3970 6088
391 221 494 273 627

1381 216 1698 274 EADMERI
1740 214 2058 272 MONACHI
2102 211 2684 269 CANTUARIENSIS.

3599 214 3709 265 628

392 341 522 413 Quid
551 342 619 398 sit
641 343 920 401 advertere
947 352 1196 417 possunt,
1227 343 1487 415 repetitur
1533 343 1636 398 hoc
1685 338 1748 368 ‘"
1803 340 1987 411 ipsum
2015 335 2074 400 A
2101 338 2200 392 sed
2228 352 2296 392 ne
2325 338 2493 392 Deum
2529 337 2581 392 in
2613 339 2700 392 his
2729 353 2948 410 quoquo
2979 337 3142 392 modo
3171 337 3374 408 possint
3402 335 3711 393 offendere.

394 429 518 487 aliis
549 431 752 501 verbis,
781 441 836 490 et
861 433 1059 490 dicitur
1087 434 1168 489 eis
1199 448 1213 489 :
1245 432 1533 489 Prmmium
1589 431 1735 502 quod
1782 429 1865 482 his
1894 426 1985 498 qui

391 521 449 577 in
478 519 582 576 hac
610 519 720 576 vita
743 521 858 578 Deo
885 523 1129 578 serviunt
1155 523 1210 578 in
1239 522 1413 577 futura
1468 521 1578 575 vita
1606 532 1989 589 recompensa-

392 603 495 677 tur,
529 616 605 664 est
647 609 754 666 vita
797 617 993 667 teterna
1038 610 1121 674 “‘,
1180 610 1458 668 beatitudo
1505 617 1730 672 aeterna,
1789 614 1990 662 mterna

387 694 722 764 jucunditas,
755 697 1074 755 sufﬁcientia
1102 699 1264 755 simul
1295 698 1534 755 omnium
1579 696 1989 753 commodorum

393 785 689 841 secundum
721 787 1053 843 voluntatem
1085 797 1138 844 et
1167 789 1284 844 sine
1313 787 1463 844 omni
1501 784 1824 858 indigentia.
1864 785 1993 839 Haec

391 887 548 946 ergo,
582 889 704 930 cum
737 873 845 930 illis
872 875 979 932 hoc
1029 877 1197 932 modo
1245 875 1516 940 dicuntur,
1574 875 1718 931 bona
1772 872 1991 942 quidem

393 965 447 1015 et
469 977 693 1034 magna,
719 959 774 1018 ut
795 971 945 1032 sunt,
968 964 1256 1030 videntur;
1281 964 1379 1019 sed
1401 963 1524 1034 quia
1539 978 1648 1018 non
1686 961 1994 1032 intelligunt

395 1049 523 1120 quid
565 1050 619 1106 in
661 1050 762 1107 hac
801 1052 912 1108 vita
944 1052 1178 1108 habituri
1218 1052 1345 1120 sint,
1376 1067 1480 1108 nec
1517 1050 1694 1106 subito
1747 1049 1879 1119 quid
1928 1047 1995 1103 sit

393 1139 638 1194 omnium
659 1141 1071 1196 commodorum
1091 1142 1382 1198 secundum
1395 1139 1720 1196 voluntatem
1736 1137 1998 1192 sufﬁcien-

389 1227 460 1282 tia
478 1234 531 1283 et
552 1227 669 1283 sine
690 1229 842 1284 omni
864 1228 1165 1298 indigentia
1191 1229 1474 1299 percipere
1495 1235 1736 1298 possunt,
1786 1228 1996 1282 haerent

388 1316 592 1381 animo,
612 1331 712 1372 nec
729 1317 954 1371 multum
971 1316 1152 1373 affecti
1168 1315 1232 1346 ⁸⁸⁷
1248 1332 1441 1388 sapore
1458 1317 1527 1372 ad
1545 1313 1728 1371 audita
1745 1322 1797 1369 et
1838 1331 1869 1369 a
1889 1330 1996 1369 sa:-

385 1403 494 1460 culi
513 1404 752 1462 vanitate
773 1402 836 1433 ⁴²⁸
866 1408 1165 1462 trahuntur.
1183 1406 1324 1475 Quid
1339 1406 1505 1479 igitur
1532 1414 1610 1462 est
1637 1404 1910 1476 agendum
1941 1410 1997 1457 ut

393 1494 513 1548 haec
542 1492 650 1547 illis
687 1493 1029 1565 aliquatenus
1063 1495 1278 1566 sapiant
1304 1503 1356 1551 et
1402 1494 1478 1550 sic
1525 1494 1594 1550 ad
1633 1493 1777 1549 bona
1831 1507 2000 1564 opera

393 1579 658 1652 evigilent
673 1583 701 1636 ‘?
722 1583 1018 1638 Puerorum
1041 1599 1196 1640 more
1217 1583 1482 1639 cibandos
1505 1582 1715 1640 aestimo
1753 1598 1848 1638 eos
1882 1580 1996 1654 qui,

2095 427 2235 482 Nam
2265 426 2312 480 si
2358 442 2457 498 per
2483 443 2546 481 ea
2603 427 2734 482 nihil
2789 426 3104 483 offensionis
3145 427 3196 480 in
3246 427 3418 481 Deum
3458 424 3714 481 contrahi

2097 529 2259 585 posse
2287 523 2434 570 certo
2461 517 2718 574 sentirent
2742 515 2826 576 "'.
2863 517 2946 571 vel
2973 532 3028 570 se
3059 515 3472 570 obaeternorum
3517 528 3715 567 amore

2098 603 2364 658 bonorum
2405 603 2657 675 impediri
2704 621 2811 660 non
2839 605 3311 676 pertimescerent,
3339 603 3585 674 profecto
3611 602 3715 671 ju-

2101 693 2325 746 cundius
2352 692 2407 747 in
2437 693 2570 762 ipsis
2596 709 2754 764 quam
2785 694 2840 748 in
2890 709 3071 749 eorum
3103 690 3394 747 contrariis
3439 706 3498 745 se
3526 689 3713 744 dedu-

2101 790 2281 837 cerent
2293 822 2306 834 .

2668 871 2902 928 CAPUT
2930 872 3124 928 XLIX.

2267 961 2363 1018 Ηιε
2383 965 2519 1017 sunt
2543 962 2970 1034 quatuordecim
2997 965 3192 1034 partes
3224 957 3494 1015 miserita.

2175 1050 2357 1104 Partes
2387 1065 2513 1105 vero
2543 1049 2776 1105 miseriae
2798 1048 3213 1121 quatuordecim
3245 1045 3546 1120 praelibatis
3573 1045 3718 1099 bea-

2106 1136 2424 1193 titudinibus
2456 1140 2759 1207 contrariae,
2815 1140 2902 1194 hae
2928 1146 3052 1193 sunt
3085 1157 3096 1192 :
3145 1136 3465 1208 Turpitudo,
3497 1134 3718 1206 ponde-

2103 1227 2316 1294 rositas,
2347 1228 2709 1293 imbecillitas,
2765 1228 3017 1296 servitus,
3079 1225 3382 1290 inﬁrmitas,
3444 1223 3714 1288 anxietas,

2106 1315 2229 1371 vitae
2242 1315 2504 1381 brevitas,
2519 1315 2850 1387 insipientia,
2871 1316 3179 1383 inimicitia,
3202 1313 3494 1380 discordia,
3543 1311 3720 1366 dede-

2106 1405 2576 1475 cus,impoteutia,
2645 1405 2822 1474 timor,
2891 1405 3125 1460 tristitia.
3199 1403 3515 1459 Notandum
3573 1397 3718 1471 quod

2107 1493 2243 1549 sicut
2271 1503 2481 1565 septem
2516 1495 2727 1566 priores
2780 1495 2926 1550 illius
2984 1493 3334 1550 beatitudinis
3403 1498 3591 1562 partes
3650 1488 3720 1542 ad

2107 1583 2351 1653 corporis
2408 1583 2830 1649 beatitudinem,
2891 1591 3206 1654 septemque
3263 1578 3604 1652 posteriores
3659 1575 3720 1604 "‘

391 1668 438 1724 si
467 1669 759 1740 aliquando
789 1687 1042 1742 grossum
1072 1671 1291 1744 aliquod
1323 1688 1543 1744 pomum
1575 1671 1844 1728 edendum
1863 1686 1996 1741 per-
2025 1693 2077 1752 Β
2108 1671 2175 1726 ad
2206 1672 2401 1727 animae
2431 1672 2706 1743 pertinent
2734 1672 3146 1739 beatitudinem,
3172 1671 3250 1726 sic
3271 1683 3487 1741 quoque
3507 1674 3718 1737 septem

386 1757 612 1827 cipiunt,
637 1759 769 1814 illud
787 1760 859 1816 ob
890 1759 1130 1816 dentium
1165 1760 1579 1818 teneritudinem
1607 1768 1660 1817 et
1717 1761 1829 1816 oris
1884 1775 1984 1813 an-

395 1846 649 1917 gustiam,
671 1847 953 1905 absumere
981 1857 1254 1919 nequeunt
1282 1849 1363 1918 ⁴²⁹,
1393 1852 1500 1906 nisi
1529 1865 1630 1922 pro
1659 1849 1874 1906 illorum
1924 1846 1987 1874 ⁴⁹⁰

389 1936 683 2006 capacitate
707 1939 860 2008 prius
877 1937 1040 1994 fuerit
1066 1937 1128 1968 ‘”
1186 1939 1551 2010 particulatim
1591 1939 1844 1995 divisum.
1875 1940 1988 1993 Ita-

396 2038 502 2094 que
530 2023 843 2080 dividamus
871 2026 927 2082 in
954 2037 1139 2098 partes
1187 2043 1395 2100 magna
1449 2045 1572 2101 quas
1624 2028 1878 2094 diximus,
1933 2034 1992 2081 ut

386 2109 517 2166 inde
546 2112 753 2182 possint
785 2113 853 2168 ad
884 2113 1056 2169 vitam
1114 2116 1329 2183 nutriri,
1389 2115 1457 2170 de
1508 2114 1709 2187 quibus
1759 2115 1990 2194 agimus.

390 2197 526 2266 Quae
553 2207 610 2254 ut
637 2199 830 2257 melius
861 2202 1127 2270 eluceant,
1161 2204 1577 2260 consideremus
1626 2220 1747 2275 qua:
1801 2203 1855 2256 in
1891 2202 1994 2264 hac

387 2287 504 2342 vita
533 2303 691 2344 mens
720 2289 939 2346 avidius
994 2300 1141 2348 amet
1195 2294 1436 2348 humana
1467 2311 1482 2357 ;
1516 2300 1570 2348 et
1597 2307 1666 2347 ex
1699 2292 1804 2358 his,
1833 2297 1997 2361 prout

393 2391 703 2447 possumus,
751 2380 1120 2449 conjectemus
1157 2381 1250 2436 illa
1297 2397 1394 2437 eos
1453 2381 1733 2437 habituros
1777 2381 1832 2435 in
1889 2381 1995 2434 vita

397 2471 602 2520 aeterna
648 2467 820 2522 multo
869 2468 1242 2526 excellentius.
1294 2470 1576 2543 Siquidem
1621 2471 1761 2524 inter
1805 2469 1996 2524 multi—

397 2552 562 2608 moda
610 2555 798 2610 mundi
849 2555 1095 2626 pericula
1141 2559 1436 2623 constituti,
1459 2559 1502 2613 si
1540 2558 1757 2614 Domini
1796 2558 1998 2613 fuerint

399 2650 675 2712 praecepta
702 2643 898 2714 secuti,
921 2652 1085 2715 atque
1111 2662 1233 2701 cum
1263 2647 1381 2718 ipsa
1417 2646 1536 2703 illic
1564 2645 1747 2716 adepti
1780 2647 1994 2712 fuerint,

401 2728 748 2798 plenitudine
777 2730 842 2759 ⁴³²
870 2731 1127 2788 desiderii
1159 2736 1237 2790 sui
1267 2751 1326 2790 se
1357 2750 1700 2805 nequaquam
1729 2733 2001 2790 fraudatos

402 2817 728 2888 percipient.
774 2820 901 2874 Haec
935 2820 1118 2891 igitur,
1160 2830 1216 2877 ut
1255 2823 1694 2894 praataxavimus,
1738 2823 2000 2896 faciamuS

391 2914 494 2960 eta
530 2906 771 2962 minimis
800 2909 1067 2979 paulatim
1106 2911 1546 2985 progrediamur.
1579 2910 1999 2980 Quatuordecim

393 2993 567 3064 igitur
585 3003 712 3050 sunt
730 2997 1081 3054 beatitudinis
1111 3008 1313 3070 partes,
1357 3015 1514 3072 quas,
1569 2999 1718 3056 ﬁnito
1753 3001 1996 3073 generali

398 3084 672 3150 examine,
722 3085 1016 3156 perfectius
1063 3103 1254 3144 omnes
1291 3087 1446 3144 electi
1499 3088 1774 3144 habebunt
1815 3109 1828 3153 ;
1867 3091 1994 3145 toti-

398 3171 633 3243 demque
659 3173 896 3231 miseria:
910 3192 1135 3248 genera,
1160 3193 1279 3248 quas
1300 3177 1427 3232 mali
1467 3184 1593 3234 tunc
1628 3178 1989 3233 sustinebunt.

397 3260 528 3317 Haec
553 3269 731 3318 autem
764 3262 1123 3322 beatitudinis
1143 3275 1327 3337 partes
1349 3274 1512 3338 atque
1537 3267 1773 3322 miseriae
1792 3267 1866 3322 sic
1889 3266 1998 3321 sibi

395 3349 626 3406 invicem
657 3361 780 3408 sunt
809 3354 1032 3410 omnino
1054 3355 1340 3412 contrarias
1361 3357 1637 3428 quomodo
1675 3363 1729 3412 et
1757 3355 1877 3428 ipse
1905 3373 1998 3430 qui

393 3451 486 3493 eas
514 3439 787 3511 accipiunt
814 3440 870 3496 in
898 3445 1360 3499 remuneratione.

936 3540 1167 3598 CAPUT
1203 3541 1448 3598 XLVIII.

521 3633 615 3688 lla:
640 3637 781 3690 sunt
809 3637 1234 3707 quatuordccim
1261 3643 1454 3710 partes
1489 3639 1880 3696 beatitudinis.

470 3729 654 3784 Partes
681 3744 813 3788 vero
854 3732 1206 3788 beatitudinis
1227 3742 1350 3789 sunt
1373 3734 1738 3805 pulchritudo,
1763 3736 1997 3807 agilitas,

396 3816 675 3887 fortitudo,
745 3818 990 3886 libertas,
1049 3821 1272 3889 sanitas,
1326 3822 1596 3893 voluptas,
1656 3824 1998 3896 longaevitas,

395 3905 682 3976 sapientia,
709 3907 967 3978 amicitia,
996 3910 1309 3977 concordia,
1327 3911 1523 3977 honor,
1541 3919 1795 3984 potestas,
1837 3930 2002 3971 secu-

395 3995 550 4060 ritas,
584 3996 870 4068 gaudium.
907 4000 1036 4065 Ista,
1089 4007 1147 4054 ut
1183 3999 1414 4068 aestimo,
1454 4009 1594 4069 sunt,
1632 4018 1754 4073 quae
1781 4011 2004 4074 propter

399 4099 460 4140 se
491 4091 546 4141 et
565 4092 792 4156 propter
816 4102 939 4158 qua
957 4086 1080 4142 aliae
1113 4103 1343 4159 quaeque
1366 4088 1434 4143 ab
1491 4088 1798 4144 hominibus
1828 4106 2000 4162 appe-

400 4178 606 4228 tuntur.
632 4173 687 4226 Si
721 4182 900 4230 autem
930 4176 986 4229 in
1018 4176 1102 4231 his
1131 4176 1314 4248 aliqua
1358 4185 1481 4233 sunt
1537 4193 1658 4248 qua:
1704 4179 1998 4249 aliquando

399 4260 541 4316 servi
563 4261 662 4317 Dei
687 4277 792 4317 non
815 4263 977 4320 modo
994 4279 1105 4320 non
1125 4273 1406 4335 appetunt,
1425 4266 1522 4320 sed
1569 4265 1730 4320 etiam
1763 4283 1999 4339 magno-

395 4364 526 4421 pere
554 4350 607 4406 in
638 4350 743 4406 hac
775 4351 884 4407 vita
912 4367 1102 4408 curare
1131 4353 1547 4424 subterfugiunt,
1579 4362 1638 4408 ut
1674 4363 1815 4419 sunt,
1848 4355 1996 4410 verbi

398 4437 597 4508 gratia,
630 4439 983 4510 pulchritudo
1013 4441 1260 4512 corporis
1316 4451 1476 4513 atque
1515 4441 1785 4513 voluptas,
1816 4443 2002 4515 utique

396 4539 504 4580 non
533 4525 737 4583 idcirco
767 4543 834 4584 ea
863 4527 1079 4601 fugiunt
1105 4530 1251 4602 quod
1280 4529 1405 4586 hac
1448 4528 1751 4586 naturiliter
1802 4529 1995 4587 nolint.

2105 1760 2314 1829 priores
2341 1762 2508 1832 hujus
2566 1761 2801 1816 miseriae
2859 1770 3039 1832 partes
3091 1760 3352 1830 corporis,
3398 1766 3718 1828 septemque

2098 1848 2303 1930 ultimae
2336 1852 2608 1907 miseriam
2639 1850 2920 1922 perﬁciunt
2950 1850 3166 1906 mentis.
3217 1848 3541 1919 Quicunque
3572 1860 3708 1915 ergo

2096 1938 2214 1995 lllas
2259 1957 2449 1996 omnes
2501 1939 2850 1996 beatitudinis
2889 1947 3070 2010 partes
3102 1938 3298 1993 habere
3333 1938 3552 2008 poterit,
3595 1949 3714 2004 per-

2101 2030 2296 2085 fectam
2328 2029 2566 2100 corporis
2616 2038 2669 2084 et
2712 2028 2906 2084 animae
2945 2026 3332 2083 beatitudinem
3375 2023 3706 2096 possidebit.

2102 2119 2493 2189 Quemcunque
2522 2132 2650 2174 vero
2674 2119 2771 2172 has
2817 2132 3014 2172 omnes
3062 2115 3298 2170 miseriae
3339 2122 3528 2184 partes
3578 2112 3708 2167 tole-

2102 2223 2227 2263 rare
2251 2207 2596 2280 contingerit,
2628 2223 2855 2261 summae
2885 2204 3130 2276 corporis
3169 2212 3222 2259 et
3251 2203 3448 2258 animae
3476 2201 3706 2254 miseriae

2103 2297 2426 2364 subiacebit.
2473 2297 2664 2351 Verum
2697 2296 2750 2349 in
2780 2296 2882 2350 hac
2919 2295 3049 2362 vita,
3084 2309 3183 2349 nec
3213 2307 3378 2347 unam
3408 2290 3557 2344 illius
3587 2289 3710 2343 bea-

2105 2385 2347 2440 titudinis
2393 2393 2443 2440 et
2471 2385 2636 2455 hujus
2684 2382 2916 2438 miseriae
2964 2391 3173 2453 partem
3211 2381 3496 2452 quisquam
3538 2384 3710 2447 potest

2104 2474 2330 2539 habere,
2357 2489 2458 2528 nec
2485 2488 2668 2527 rursus
2706 2487 2772 2527 ex
2803 2479 2913 2527 toto
2953 2486 3019 2526 ea
3066 2485 3274 2527 carere.
3334 2469 3393 2522 In
3424 2467 3533 2522 alia
3581 2481 3707 2520 vero

2104 2563 2237 2628 vita,
2296 2569 2387 2616 aut
2434 2560 2732 2632 perfectam
2791 2560 3002 2617 habens
3045 2557 3433 2614 beatitudinem
3482 2554 3709 2610 miseria

2105 2652 2413 2706 nullatenus
2441 2649 2761 2718 subjacebit,
2785 2656 2876 2704 aut
2891 2664 3121 2704 summae
3142 2646 3436 2716 subjacens
3457 2643 3704 2708 miserim,

2107 2740 2328 2797 omnino
2357 2725 2692 2795 beatitudine}
2732 2739 2954 2794 carebit.
2989 2736 3146 2805 Quod
3176 2743 3234 2791 ut
3265 2743 3434 2790 totum
3463 2733 3525 2762 ⁸⁸⁵
3556 2748 3704 2787 com-

2107 2829 2346 2902 probare
2383 2829 2683 2899 possimus,
2731 2844 2830 2897 per
2875 2827 3120 2898 singulas
3161 2822 3506 2881 beatitudinis
3551 2829 3704 2892 atque

2108 2917 2341 2973 miserias
2371 2925 2548 2988 partes
2572 2932 2870 2972 curramus.

2747 3014 2967 3070 CAPUT
3003 3013 3063 3068 L.

2383 3107 2457 3160 De
2485 3103 2916 3176 pulchritudine
2946 3106 3001 3158 et
3035 3101 3413 3174 turpitudine.

2181 3195 2306 3248 Pais
2336 3193 2500 3266 igitur
2528 3192 2702 3263 prima
2734 3191 3076 3246 beatitudinis
3105 3199 3184 3245 est
3213 3188 3555 3260 pulchritudo
3587 3203 3600 3248 ;
3657 3196 3706 3242 et

2109 3282 2356 3350 miseriae,
2402 3297 2501 3353 per
2551 3283 2899 3350 contrarium,
2958 3279 3251 3351 turpitudo.
3313 3278 3467 3332 Illam
3524 3292 3707 3332 omnes

2107 3371 2332 3440 habere,
2365 3371 2468 3425 hac
2503 3385 2634 3426 vero
2666 3370 3055 3440 concupiscunt
3099 3383 3308 3423 carere.
3367 3367 3569 3422 Verum
3622 3366 3704 3420 hic

2105 3467 2351 3515 neutram
2402 3459 2603 3514 habere
2661 3458 2956 3529 perfectam
2983 3457 3070 3522 “',
3101 3457 3188 3511 vel
3242 3463 3430 3510 neutra
3485 3461 3705 3525 possunt

2105 3565 2307 3605 carere.
2339 3548 2600 3618 Quaenam
2631 3547 2773 3603 enim
2804 3553 2887 3602 est
2933 3546 3020 3600 illa
3069 3545 3387 3616 speciositas
3444 3542 3697 3608 hominis,

2107 3654 2229 3709 quae
2258 3653 2367 3693 non
2422 3635 2490 3692 sit
2521 3636 2691 3691 multo
2749 3635 2926 3690 minor
2953 3633 3352 3706 pulchritudine
3395 3630 3604 3688 ﬂosculi
3622 3629 3696 3682 "".

2108 3725 2246 3794 Quis
2289 3725 2433 3781 enim
2461 3733 2520 3779 ut
2549 3723 2720 3779 lilium
2763 3723 3005 3779 candet?
3045 3722 3244 3790 Quisve
3273 3729 3328 3775 ut
3357 3737 3483 3776 rosa
3514 3719 3700 3774 rubet?

2107 3814 2247 3884 Quia
2294 3823 2473 3870 tamen
2535 3812 3084 3885 quantulamcumque
3128 3809 3190 3838 "‘
3252 3809 3702 3880 pulchritudinem

2108 3903 2288 3970 habet,
2321 3919 2423 3959 nec
2452 3918 2679 3958 summa
2710 3899 3024 3971 turpitudini
3048 3898 3313 3969 subjacet.
3337 3899 3459 3954 Non
3487 3897 3550 3926 ⁴⁸⁹
3581 3909 3704 3968 ergo

2107 3993 2193 4048 vel
2223 3991 2372 4047 illam
2403 3991 2488 4046 vel
2517 3991 2674 4044 istam
2705 3990 2943 4060 perfecte
2981 3989 3200 4054 habere,
3234 4003 3336 4044 nec
3379 3989 3458 4042 eis
3505 3987 3560 4042 in
3609 3989 3706 4042 hac

2106 4081 2217 4136 vita
2244 4087 2422 4151 potest
2449 4078 2670 4135 omnino
2701 4093 2905 4132 carere.
2948 4078 3010 4131 In
3043 4077 3148 4132 alia
3177 4093 3308 4132 vero
3334 4076 3443 4131 vita
3471 4076 3704 4146 perfecte

2107 4170 2332 4224 alteram
2359 4167 2600 4231 habebit,
2634 4167 2914 4237 alteraque
2942 4167 3162 4221 omnino
3201 4165 3432 4222 carebit.
3470 4165 3706 4221 Pulchri-

2108 4258 2236 4313 tudo
2266 4257 2462 4313 etenim
2494 4257 2695 4312 bonum
2724 4255 3000 4326 quoddam
3045 4263 3144 4320 est,
3177 4262 3229 4308 et
3273 4255 3419 4325 quod
3451 4253 3702 4309 naturali-

2106 4361 2187 4407 ter
2229 4363 2259 4402 a
2289 4345 2495 4402 cunctis
2541 4343 2728 4399 haberi
2777 4351 3009 4398 amatur.
3065 4345 3124 4398 In
3153 4343 3244 4397 illa
3286 4341 3565 4414 siquidem
3595 4342 3700 4396 vita

2114 4434 2458 4510 pulchritudo
2480 4433 2748 4504 justorum
2771 4433 2900 4487 solis
2930 4431 3335 4504 pulchritudini,
3369 4432 3459 4503 qui
3481 4437 3703 4501 septem-

2116 4527 2330 4598 pliciter
2355 4538 2519 4596 quam
2566 4521 2729 4577 modo
2757 4519 2844 4588 sit,
2875 4520 3213 4590 splendidior
3239 4521 3360 4587 erit,
3389 4518 3699 4591 adaequabi-

1692 4679 1933 4736 VARIE
1971 4679 2380 4737 LECTIONES.

493 4797 560 4874 ἐκ
586 4798 874 4868 Reperitur
899 4799 1010 4856 hoc
1039 4816 1144 4874 ms.
1191 4802 1338 4859 Vict.
1362 4806 1420 4859 et
1446 4803 1598 4874 Edit.
1632 4803 1751 4860 Col.
1791 4804 2063 4874 reperitur
2104 4807 2224 4860 hoc.
2257 4803 2318 4834 "‘
2347 4804 2866 4872 Recompensantur,
2899 4801 3118 4874 estvita
3144 4818 3248 4874 gis.
3296 4803 3432 4874 Vict.
3456 4807 3529 4874 et
3559 4804 3694 4860 Edit.

402 4869 516 4926 σοι.
548 4877 1044 4937 recompensantur,
1076 4871 1183 4926 vita
1231 4881 1453 4934 eterna.
1486 4871 1551 4903 ""
1578 4874 1806 4928 Multum
1839 4869 2019 4931 affecti
2051 4892 2154 4930 ms.
2193 4877 2327 4931 Vict.
2376 4879 2433 4930 et
2480 4869 2626 4930 Edit.
2685 4874 2798 4929 Col.
2828 4872 3056 4928 multum
3100 4870 3329 4928 efﬁcaci.
3359 4871 3422 4902 ⁸³³
3455 4872 3522 4928 Et
3550 4890 3578 4927 a
3602 4890 3697 4930 ste-

397 4938 503 4994 culi
534 4938 769 4993 vanitate
797 4955 903 4994 ms.
945 4940 1080 4997 Vict.
1104 4947 1159 4997 et
1191 4944 1338 4999 Edit.
1368 4944 1485 5000 Col.
1518 4947 1824 5000 omittunt.

1915 4945 1978 4976 “'
2008 4947 2317 5002 Absorbere
2345 4953 2619 5016 nequeunt
2656 4961 2761 5010 ms,
2784 5014 2795 5016 4
2817 4943 2961 5016 Vict.
2994 4946 3052 4998 et
3092 4943 3237 5016 ﬁdit.
3277 4943 3699 5016 Col._assumere

395 5016 684 5089 negueunt.
716 5007 800 5092 ,⁸⁸⁸
817 5009 1068 5092 ῌὶεἰιρερ.
1083 5011 1296 5092 illorum
1319 5015 1595 5092 nur‘Vict.
1621 5019 1677 5071 et
1699 5015 1996 5092 Edit._Col.
2016 5018 2096 5092 psi“
2104 5033 2202 5092 pro
2223 5007 2461 5092 illorum.
2498 5016 2560 5092 ‘_”
2591 5007 2928 5092 Prius'fuerit
2948 5031 3054 5069 ms.
3248 5018 3318 5092 hat
3339 5014 3489 5070 Edit.
3521 5017 3698 5092 (Iolen.

396 5079 680 5161 priuspon
713 5078 897 5161 fuerit.
933 5079 1266 5161 “’JFuerin‘t.‘
1296 5083 1632 5161 plenitudine
1659 5102 1767 5161 ms.
1808 5088 1942 5143 Vict.
1968 5091 2023 5143 et
2053 5078 2201 5161 Edit_.
2226 5087 2352 5161 σοι.
2385 5086 2582 5161 fuerint
2637 5085 3064 5161 plenitudinem._
3111 5083 3172 5112 “’
3240 5085 3393 5161 get-te
3451 5087 3700 5161 sentirent

558 5150 689 5236 Vict:
721 5151 1180 5236 certphsentirept.
1196 5150 1514 5236 .mILSepte‘m
1544 5157 1864 5236 posteriores
1891 5163 2127 5236 ’ρει-ει
2158 5159 2333 5236 Edict.
2368 5160 2479 5214 ('ol.
2514 5150 2833 5236 septemque
2865 5155 3209 5236 posteriores.
3243 5154 3307 5183 ‘”
3349 5155 3698 5236 Quod__totum

393 5230 451 5275 ut
480 5236 618 5276 mss.
649 5221 713 5294 Α.
737 5223 786 5294 l_.
833 5217 980 5276 Vict.
1013 5223 1229 5294 etEdit.
1265 5217 1391 5280 σοι’.
1431 5217 1587 5293 Quod
1617 5234 1672 5280 ut
1705 5236 1890 5282 totum.
1923 5227 1986 5257 “‘
2016 5227 2230 5283 Verum
2263 5229 2401 5283 hanc
2422 5217 2668 5282 neutram
2690 5217 2887 5282 habere
2907 5227 3205 5294 perfectant
3225 5243 3329 5280 ms.
3356 5217 3419 5280 λ.
3442 5228 3694 5282 1.νθῐ·υω

391 5301 640 5368 neutrum
662 5291 1147 5368 habereperfecte
1169 5310 1284 5368 ms.
1314 5291 1475 5368 Vict.
1500 5301 1570 5368 et
1591 5299 1739 5353 Edit.
1778 5299 1896 5355 Col.
1943 5299 2136 5353 Verum
2170 5299 2256 5354 hic
2293 5307 2534 5354 neutram
2568 5298 2767 5353 habere
2797 5291 3124 5368 perfectam.
3154 5296 3224 5368 7‘"
3258 5297 3488 5353 Flosculi
3517 5298 3545 5352 Τ
3597 5315 3689 5353 ms.

387 5365 452 5420 Α.
491 5363 538 5419 1.
576 5367 634 5440 et
662 5362 807 5419 Vict.
844 5364 908 5419 12
939 5361 1094 5440 floris
1115 5365 1216 5420 Dei
1248 5366 1525 5440 βάξιϐοι.
1555 5367 1684 5423 foris
1703 5369 1890 5440 seculi.
1922 5368 1984 5398 ⁸⁸⁸
2005 5369 2144 5439 Quia
2201 5377 2381 5425 tamen
2441 5361 2868 5440 quantulamque
2924 5368 3072 5424 Edit.
3134 5367 3322 5424 Colon.

1240 5435 1375 5506 Quia
1406 5445 1586 5494 tamen
1616 5435 2142 5514 quantulancun’que.
2167 5442 2423 5498 ms.Vtct.
2447 5435 2534 5496 {8.
2562 5456 2686 5512 quae
2709 5435 2888 5496 tamen
2911 5435 3426 5512 quantulancunque
3456 5437 3520 5469 "’
3551 5439 3684 5495 Sub-

388 5433 894 5506 quantulancunque
919 5450 1026 5492 ms.
1058 5435 1120 5491 Α.
1155 5439 1206 5493 1.

376 5503 549 5572 jacet.
579 5505 704 5563 Non
731 5503 882 5564 Εᾶἰι.
918 5506 1030 5564 σοι.
1065 5503 1368 5580 subjacere,
1400 5523 1523 5566 nec.

3385 5369 3524 5436 Quia
3583 5385 3690 5425 cum
