4046 6076
314 220 417 275 629

1299 225 1423 280 LIB.
1461 224 1556 280 DE
1594 223 1652 280 S.
1692 218 1999 278 ANSELMI
2036 218 2641 277 SIMILITUDINIBUS.

3534 231 3635 283 630

309 350 413 401 tur.
432 343 587 401 Unde
605 343 868 417 scriptum
884 352 1000 403 est:
1025 347 1341 420 Falgebunt
1357 349 1509 421 justi
1537 348 1689 404 sicut
1714 347 1816 416 sol,
1842 346 1906 403 in
1941 345 1990 404 Α
2019 344 2222 401 Radius
2250 344 2450 418 quippe
2477 344 2757 403 oculorum
2788 352 3117 415 nostrorum,
3159 348 3215 404 in
3245 349 3622 410 snblevatione

307 438 610 505 conspectu
646 436 748 492 Dei
792 435 1014 505 (Matth.
1057 451 1180 502 xm,
1213 438 1324 506 43).
1384 435 1657 506 Amplius,
1715 451 1910 506 corpus

306 521 502 577 Christi
525 522 589 552 “°
640 524 870 580 claritati
921 525 1053 581 solis
1108 525 1407 594 praelucere
1470 526 1654 581 nescio
1713 540 1910 596 quem-

303 626 471 681 quam
518 627 683 681 posse
733 612 1045 683 ambigere.
1109 614 1246 669 Huic
1293 622 1474 669 autem
1521 613 1742 681 similes,
1775 620 1910 668 teste

300 699 596 769 Apostolo,
629 702 845 766 erimus,
880 702 971 772 qui
1001 702 1111 757 ait:
1138 702 1483 773 Ile/armabit
1506 719 1707 774 corpus
1724 702 1910 758 humi-

303 787 490 844 litatis
518 793 748 856 nostrae,
781 791 1197 862 conﬁguratum
1226 793 1444 864 corpori
1472 792 1760 847 claritatis
1790 806 1909 846 suae

302 875 479 946 (Phil.
504 879 713 948 111,21).
732 879 863 934 Hec
888 887 1069 934 autem
1089 878 1150 909 “1
1172 880 1486 936 auctoritate
1529 878 1903 950 comprobata,

300 964 349 1019 si
398 964 523 1036 quis
551 965 716 1021 etiam
765 967 891 1023 velit
932 967 1037 1022 sibi
1083 968 1288 1024 ratione
1334 968 1705 1039 comprobari,
1739 967 1904 1023 credo

299 1053 436 1109 nulli
467 1052 667 1111 debere
695 1054 1017 1112 incredibile
1045 1056 1221 1112 videri
1242 1057 1418 1127 justos
1447 1056 1903 1129 pulchritudinem

300 1140 433 1197 solis
462 1142 517 1196 in
546 1142 640 1198 illa
667 1144 797 1210 vita,
830 1144 921 1199 ubi
947 1145 1178 1201 mortale
1206 1145 1312 1203 hoc
1348 1146 1742 1215 absorbebitur,
1776 1159 1900 1207 tan-

298 1231 583 1287 tummodo
638 1232 838 1299 sortiri,
871 1250 994 1289 cum
1051 1249 1184 1291 vere
1224 1234 1475 1291 dicantur
1515 1244 1568 1292 et
1613 1237 1721 1294 sint
1758 1247 1901 1295 tem-

295 1318 451 1388 plum
495 1327 550 1375 et
576 1321 738 1376 sedes
794 1321 914 1386 Dei,
948 1322 1097 1396 quod
1143 1340 1410 1397 nusquam
1458 1325 1514 1380 in
1571 1326 1759 1382 divina
1797 1345 1901 1399 pa-

293 1408 429 1479 gina
471 1406 542 1463 de
585 1409 701 1464 sole
747 1409 851 1465 isto
898 1411 1100 1467 visibili
1149 1413 1495 1469 meminimus
1533 1414 1642 1487 legi
1671 1415 1753 1470 “’.
1787 1419 1901 1475 Hac

293 1495 461 1567 igitur
490 1495 582 1550 tali
621 1505 674 1553 et
714 1506 858 1553 tanta
892 1500 1297 1570 pulchritudine
1324 1503 1500 1573 justus
1529 1503 1786 1560 rutilabit.
1840 1506 1896 1564 Si

291 1599 425 1640 vero
448 1583 677 1654 injustus
706 1585 891 1654 fuerit,
923 1605 1079 1646 coeno
1109 1599 1161 1646 et
1180 1592 1328 1646 omni
1358 1591 1626 1649 cadavere
1656 1594 1898 1650 foetidior

291 1672 414 1739 erit,
446 1674 705 1746 omnique
737 1675 967 1749 fuligine
996 1678 1224 1749 turpior.
1263 1680 1343 1734 Ibi
1374 1695 1506 1753 ergo
1538 1682 1895 1751 pulchritudi-
1922 1696 1975 1756 Β

291 1776 419 1815 nem
451 1762 754 1831 perfectam
785 1773 875 1820 aut.
918 1782 1191 1822 summam
1241 1768 1465 1825 habebit
1495 1770 1899 1841 turpitudinem.

935 1856 1153 1913 CAPUT
1181 1858 1266 1912 LI.

634 1942 719 1999 De
739 1945 1004 2016 agilitate
1023 1951 1077 2002 et
1106 1945 1551 2019 ponderositate.

370 2028 623 2084 Secunda
673 2047 799 2102 pars
840 2032 1189 2089 beatitudinis
1236 2042 1316 2090 est
1359 2036 1607 2108 agilitas;
1664 2037 1895 2095 miseriae

286 2131 440 2180 vero,
474 2126 716 2187 econtra,
750 2121 1155 2190 ponderosisas.
1200 2124 1312 2179 Has
1354 2140 1483 2179 vero
1531 2142 1630 2181 nec
1672 2127 1894 2183 omnino

282 2204 491 2260 habere
521 2223 620 2261 nec
666 2224 855 2263 rursus
895 2209 979 2264 his
1017 2212 1179 2267 homo
1209 2220 1383 2284 potest
1432 2214 1646 2284 penitus
1677 2215 1763 2270 hic
1794 2232 1890 2270 ca-

288 2308 435 2348 rere.
460 2294 602 2349 Nam
643 2305 842 2367 quanta
871 2306 954 2354 est
983 2299 1221 2355 hominis
1258 2301 1495 2372 agilitas,
1530 2319 1691 2374 quam
1722 2305 1889 2359 mini-

277 2397 401 2437 mus
420 2399 705 2452 passerum
725 2397 965 2456 superat,
1008 2388 1136 2461 quia
1180 2398 1360 2445 tamen
1377 2390 1439 2419 “'
1472 2408 1689 2464 quoquo
1720 2394 1885 2450 modo

276 2485 499 2526 movere
531 2489 589 2529 se
603 2482 800 2544 potest,
820 2491 921 2533 nec
940 2494 1165 2533 summa:
1183 2479 1577 2550 ponderositati
1600 2480 1883 2552 subjacet?

276 2558 332 2611 in
363 2559 546 2615 futuro
575 2569 757 2617 autem
787 2572 878 2619 aut
905 2565 1148 2635 perfecte
1176 2567 1337 2640 agilis
1356 2569 1475 2636 erit,
1509 2578 1600 2624 aut
1627 2569 1706 2626 sic
1735 2586 1881 2640 pon-

275 2645 499 2703 derosus
526 2658 584 2705 ut
609 2666 665 2704 se
696 2652 921 2708 omnino
952 2669 1173 2710 movere
1211 2671 1316 2711 non
1342 2657 1530 2727 possit.
1565 2658 1673 2714 Sed
1700 2658 1755 2713 in
1785 2658 1878 2715 illa

275 2736 436 2791 beata
478 2737 583 2793 vita
614 2739 895 2809 velocitas,
929 2759 1050 2813 quae
1093 2744 1494 2814 pulchritudine
1537 2762 1646 2801 non
1694 2747 1875 2803 minus

274 2834 511 2894 amatur,
570 2836 716 2883 tanta
771 2845 878 2885 nos
923 2832 1265 2887 comitabitur
1302 2841 1359 2888 ut
1400 2834 1534 2905 ipsis
1577 2835 1789 2907 angelis
1816 2835 1877 2865 ‘“

274 2913 375 2968 Dei
425 2931 582 2985 seque
629 2918 838 2973 celeres
880 2919 1053 2974 simus
1096 2919 1277 2987 futuri,
1312 2923 1401 2992 qui
1432 2939 1463 2978 a
1491 2922 1634 2979 ctelo
1663 2924 1733 2979 ad
1764 2933 1875 2979 ter-

272 3016 384 3055 ram
416 3000 498 3070 “5,
530 3011 601 3073 et,
635 3021 953 3074 econverso,
999 3009 1143 3064 dicto
1182 3009 1342 3065 citius
1383 3010 1711 3068 dilabuntur.
1741 3010 1873 3081 Quae

270 3088 538 3160 celeritas,
572 3101 751 3149 utrum
798 3094 867 3150 sit
905 3095 958 3150 in
1008 3097 1239 3170 angelis,
1284 3098 1332 3152 si
1378 3099 1598 3169 probari
1651 3117 1874 3157 necesse

268 3186 433 3247 esset,
466 3181 701 3252 exempli
731 3183 923 3255 gratia,
956 3183 1061 3240 dici
1103 3195 1290 3256 posset
1326 3186 1624 3256 hominem,
1658 3188 1874 3244 mortali

270 3267 451 3322 adhuc
497 3286 662 3326 carne
706 3281 1012 3343 gravatum,
1044 3289 1174 3330 mox
1217 3290 1249 3329 a
1277 3274 1447 3331 Judea
1474 3276 1530 3330 in
1560 3276 1872 3334 Chaldaeam

270 3370 371 3424 per
397 3357 653 3429 angelum
683 3359 943 3432 delatum,
974 3362 1207 3434 indeque
1240 3364 1436 3419 tradito
1465 3365 1698 3435 prandio
1728 3367 1874 3439 quod

267 3443 571 3515 deferebat,
603 3447 725 3504 sine
749 3465 901 3505 mora
923 3452 1183 3508 relatum.
1207 3452 1352 3526 Ergo
1368 3468 1491 3509 cum
1512 3453 1631 3509 istis
1651 3454 1872 3511 omnino

262 3549 366 3603 par
396 3534 657 3591 velocitas
696 3538 858 3593 nobis
900 3539 1005 3595 erit
1051 3541 1263 3611 quibus,
1294 3540 1440 3598 sicut
1469 3541 1741 3613 promissa
1768 3551 1869 3615 est,

260 3635 450 3677 eorum
503 3624 782 3696 aequalitas
836 3627 1016 3685 inerit.
1062 3630 1361 3701 Apostolus
1401 3631 1587 3698 etiam,
1621 3631 1714 3705 qui
1745 3648 1871 3689 cor-

258 3725 397 3779 pora
440 3722 652 3784 nostra,
690 3724 1106 3788 quantacunque
1164 3716 1412 3775 locorum
1465 3719 1875 3792 intercapedine

258 3808 511 3869 separata
560 3803 908 3860 membratim
968 3805 1176 3862 fuerint
1228 3807 1343 3862 sive
1391 3807 1654 3880 dispersa,
1682 3810 1737 3864 in
1766 3809 1872 3866 ictu

255 3886 399 3942 oculi
431 3890 624 3946 asserit
654 3901 1042 3963 resurrectura,
1071 3896 1211 3950 satis
1238 3895 1413 3951 innuit
1440 3913 1599 3968 quam
1623 3898 1875 3954 velocita-

255 3982 362 4030 tem
421 3978 613 4035 eadem
656 3997 891 4053 corpora
933 3982 1384 4054 incorruptibilia
1436 3985 1541 4040 sint
1588 3984 1861 4042 habitura.

255 4062 631 4138 Corraptibile
661 4069 862 4140 quippe
892 4071 1014 4136 hoc.
1046 4072 1185 4128 sicut
1226 4071 1345 4143 ipse
1373 4077 1628 4142 testatur,
1668 4075 1869 4131 induet

2015 433 2421 505 palpebrarum,
2454 451 2628 506 usque
2682 435 2749 492 ad
2806 436 3005 493 coelum
3056 437 3334 511 pertingit,
3366 448 3422 497 et
3476 441 3618 497 ictus

2020 537 2206 578 earum
2223 521 2286 553 “'
2311 531 2453 579 totus
2499 524 2554 580 in
2607 532 2778 580 semet
2824 539 2890 581 ac
2925 526 3141 598 integer
3169 528 3620 599 redit.Amplius,

2019 620 2225 666 constat
2272 612 2487 682 quidem
2530 613 2739 668 animas
2787 623 3120 683 sanctorum,
3154 633 3278 689 quae
3307 618 3424 688 jam
3454 618 3625 675 caele-

2016 699 2118 753 stia
2148 706 2349 763 tenent.
2385 701 2615 756 necdum
2663 702 2823 772 plena
2863 702 3123 759 felicitate
3170 705 3294 772 frui,
3338 706 3512 762 donec
3541 706 3627 762 in-

2016 787 2465 857 corruptibilitate
2513 805 2799 860 corporum
2841 807 3061 847 suorum
3094 791 3401 863 potiantur;
3461 811 3623 865 quam

2016 890 2137 929 cum
2166 876 2378 948 adeptae
2410 877 2622 942 fuerint,
2673 894 2782 934 non
2811 879 2917 934 erit
2964 880 3109 950 quod
3148 881 3381 952 amplius
3430 883 3619 938 velint.

2015 962 2144 1020 Haec
2175 963 2357 1035 itaque
2386 980 2640 1037 corpora,
2672 967 2717 1021 si
2741 983 2835 1021 eas
2865 984 2897 1022 a
2927 984 3025 1023 sua
3055 967 3339 1024 velocitate
3362 971 3625 1041 aliquate-

2014 1067 2113 1105 nus
2136 1052 2405 1108 tardiores
2434 1063 2529 1108 aut
2555 1054 2840 1127 graviores
2870 1055 3085 1112 efficere
3116 1057 3411 1125 deberent;
3453 1060 3620 1113 nimi-

2013 1156 2135 1195 rum
2191 1157 2378 1197 eorum
2429 1144 2611 1212 potius
2669 1145 2994 1199 consortiam
3045 1145 3403 1202 abhorrerent
3452 1163 3613 1218 quam

2011 1233 2350 1299 appeterent.
2384 1233 2555 1303 Igitur
2581 1248 2667 1299 ea,
2701 1248 2868 1305 quam
2906 1233 3162 1300 diximus,
3196 1234 3481 1291 velocitate
3514 1237 3619 1293 do-

2011 1318 2209 1373 tabitur
2236 1319 2400 1376 homo
2449 1329 2684 1387 sanctus,
2717 1338 2841 1377 cum
2885 1320 2953 1376 ad
3011 1336 3193 1377 veram
3244 1322 3410 1377 vitam
3454 1323 3619 1381 fuerit

2010 1407 2319 1464 translatus.
2351 1410 2523 1465 Malus
2551 1425 2685 1466 vero
2715 1418 2870 1466 tanto
2900 1426 3186 1482 poenarum
3214 1411 3457 1481 pondere
3494 1429 3617 1482 pre-

2007 1501 2203 1559 metur,
2239 1504 2294 1551 ut
2325 1513 2422 1553 nec
2450 1499 2649 1567 pedem
2680 1499 2926 1572 quidem,
2953 1499 3037 1555 vel
3070 1515 3276 1562 manus,
3296 1501 3382 1555 vel
3412 1499 3616 1571 aliquid

2005 1583 2092 1636 sui
2122 1583 2367 1654 corporis
2396 1587 2564 1656 possit
2593 1603 2832 1643 movere.
2856 1587 3011 1644 Unde
3042 1597 3095 1643 et
3124 1587 3261 1643 illud
3285 1586 3345 1642 in
3373 1588 3616 1664 Evange.

2004 1668 2110 1725 lio:
2135 1672 2345 1744 Ligatis
2374 1678 2636 1732 manibus
2656 1680 2712 1732 et
2737 1678 2966 1748 pedibus
2996 1677 3138 1747 ejus,
3168 1676 3386 1733 mittite
3400 1675 3460 1705 “’
3484 1691 3611 1732 eum

2007 1758 2071 1813 in
2103 1760 2363 1817 tenebras
2391 1765 2702 1821 exteriores
2734 1766 2950 1825 (Matth.
2970 1781 3111 1830 xm,
3146 1765 3254 1826 t3).

2630 1853 2852 1909 CAPUT
2890 1854 3005 1908 LII.

2337 1940 2408 1997 De
2434 1940 2780 2012 fortitudine
2808 1946 2866 1997 et
2891 1941 3306 1999 imbecillitate.

2076 2030 2262 2085 Tertia
2290 2044 2419 2099 pars
2448 2029 2799 2084 beatitudinis
2828 2028 3087 2085 fortitudo
3109 2030 3341 2095 dicitur;
3368 2032 3603 2088 miseriae

2004 2134 2156 2185 vero,
2201 2117 2569 2186 imbecillitas,
2613 2134 2736 2190 qua:
2755 2118 2803 2173 ei
2851 2118 3171 2189 apponitur.
3213 2119 3322 2176 Sed
3363 2136 3485 2191 quae
3522 2129 3600 2176 est

2001 2208 2283 2264 hominum
2340 2206 2602 2262 fortitudo
2652 2206 2708 2261 in
2764 2208 2870 2262 hoc
2934 2207 3065 2272 vita,
3097 2223 3324 2279 quorum
3381 2207 3600 2279 plenam

1997 2296 2179 2351 navim
2228 2296 2450 2351 echinus
2482 2296 2537 2350 in
2562 2296 2693 2350 mari
2724 2296 3001 2351 retentat?
3056 2296 3197 2365 Quia
3227 2303 3407 2351 tamen
3435 2298 3599 2354 homo

1996 2384 2290 2440 imbecillia
2356 2384 2607 2455 quaedam
2674 2399 2930 2455 superare
3002 2385 3166 2456 valet,
3217 2401 3316 2441 nec
3372 2386 3595 2442 omnino

1993 2473 2355 2529 imbecillitati
2383 2472 2641 2541 subjacet.
2674 2474 2861 2544 Itaque
2899 2488 2999 2528 nec
3043 2472 3414 2530 fortitudinem
3466 2491 3595 2546 per-

1993 2563 2213 2629 fectam,
2234 2578 2334 2617 nec
2353 2577 2622 2617 summam
2645 2561 2732 2617 hic
2749 2562 2911 2616 habet
2927 2561 3372 2619 imbecillitatem.
3391 2563 3593 2620 Verum

1988 2650 2322 2723 praestabunt
2375 2650 2584 2707 viribus
2614 2650 2923 2721 quicunque
2991 2651 3241 2722 supernis
3300 2654 3592 2709 meruerint

1988 2739 2198 2797 civibus
2257 2737 2538 2806 associari,
2596 2738 2651 2792 in
2699 2745 2926 2805 tantum,
3001 2746 3059 2792 ut
3114 2737 3427 2795 nullatenus
3481 2740 3593 2795 illis

1987 2828 2285 2901 quidquam
2331 2827 2598 2883 obsistere
2655 2825 2855 2891 valeat,
2888 2827 2976 2882 vel
3032 2828 3082 2880 si
3133 2828 3404 2884 movendo
3453 2831 3582 2900 quia

1984 2926 2073 2973 aut
2102 2916 2394 2973 evertenda
2418 2914 2685 2971 volverint
2713 2930 2745 2970 a
2770 2930 2869 2970 suo
2898 2922 3057 2983 statu,
3089 2916 3218 2986 quin
3238 2914 3384 2973 illico
3406 2919 3583 2974 cedat.

1982 3008 2093 3061 Nec
2140 3006 2197 3060 in
2242 3020 2307 3061 eo
2354 3003 2499 3074 quod
2541 3002 2773 3060 dicimus
2802 3003 2999 3073 majori
3024 3004 3348 3061 laborabunt
3375 3013 3573 3063 conatu

1983 3110 2144 3165 quam
2194 3109 2293 3149 nos
2328 3093 2493 3148 modo
2523 3091 2579 3147 in
2618 3092 2902 3149 oculorum
2939 3101 3246 3148 nostrorum
3277 3101 3441 3150 motu.
3473 3096 3578 3163 Ne,

1981 3199 2187 3256 quaeso,
2218 3181 2513 3238 similitudo
2561 3181 2653 3235 illa
2694 3181 3014 3252 angelorum
3059 3189 3242 3237 nostro
3271 3183 3488 3238 excidat
3515 3185 3584 3239 ab

1978 3273 2163 3328 animo
2193 3287 2350 3343 quam
2383 3268 2632 3341 adepturi
2658 3269 2722 3331 ‘9‘
2750 3286 2936 3325 sumus
2965 3270 3020 3324 in
3061 3269 3259 3334 futuro,
3292 3279 3579 3341 quatenus,

1979 3361 2024 3415 si
2053 3361 2106 3415 in
2144 3362 2247 3416 hac
2294 3358 2611 3415 fortitudine
2654 3365 2749 3413 aut
2776 3358 2831 3412 in
2868 3358 2953 3413 his
2995 3375 3117 3430 qua:
3145 3359 3342 3413 dicturi
3371 3376 3577 3428 sumus,

1980 3450 2291 3521 exemplum
2311 3447 2375 3477 ‘"
2405 3463 2513 3503 non
2535 3446 2785 3515 occurrit,
2806 3446 2894 3502 vel
2918 3447 3054 3518 ipsa,
3074 3462 3174 3518 per
3194 3463 3355 3517 quam
3378 3447 3589 3521 angelis

1980 3537 2413 3610 adaequabimur,
2482 3537 2551 3593 ad
2625 3550 2690 3592 ea
2745 3534 3162 3610 comprobanda
3217 3535 3415 3606 prosit.
3492 3536 3585 3593 Sic

1979 3627 2142 3700 igitur
2166 3626 2231 3657 ⁴⁸²
2285 3627 2342 3681 in
2398 3625 2597 3697 quibus
2650 3625 2880 3696 angelos
2916 3623 3102 3683 valere
3145 3631 3355 3680 constat
3398 3633 3581 3682 nostra

1980 3717 2331 3773 nihilominus
2383 3713 2649 3771 fortitudo
2701 3714 2911 3777 valeat;
2954 3714 3229 3771 neminem
3273 3722 3458 3771 autem
3489 3716 3580 3787 qui

1975 3806 2038 3836 ‘“
2061 3805 2273 3861 dubitet
2316 3812 2448 3875 puta
2514 3802 2744 3859 existere
2817 3803 3043 3876 angelos
3109 3818 3175 3859 ea
3229 3819 3337 3875 qua
3392 3803 3583 3861 volunt

1977 3894 2129 3967 fungi
2183 3893 2517 3950 fortitudine.
2565 3892 2701 3947 Cum
2739 3890 2904 3964 igitur
2931 3891 3138 3946 similes
3170 3892 3255 3948 eis
3288 3892 3572 3963 fuerimus,

1979 3997 2255 4053 nunquam
2308 3979 2696 4037 imbecilliores
2724 3979 2832 4034 illis
2891 3980 3112 4035 erimus.
3168 3979 3279 4035 Sed
3330 3981 3578 4036 fortassis

1977 4078 2185 4142 quaeret
2212 4068 2405 4143 aliquis
2436 4088 2450 4124 :
2483 4068 2624 4137 Quid
2664 4067 2822 4124 nobis
2849 4070 2979 4123 tunc
3006 4067 3101 4122 illa
3130 4067 3396 4124 fortitudo
3423 4083 3571 4140 prae-

247 4151 824 4227 incorruptionem,et
853 4161 1101 4217 mortale
1119 4161 1225 4215 hoc
1239 4161 1440 4217 induet
1457 4163 1870 4219 immortalita-
1975 4159 2156 4225 stabit,
2186 4173 2307 4215 cum
2338 4156 2566 4230 singulis
2593 4163 2703 4211 tam
2734 4155 3135 4223 convenienter,
3162 4164 3220 4210 ut
3248 4156 3573 4213 convenien-

253 4243 439 4313 lem(l
452 4242 573 4300 Cor.
594 4261 690 4313 xv,
721 4248 833 4317 53).
868 4248 1038 4319 Hujus
1082 4265 1297 4321 quoque
1329 4248 1637 4305 velocitatis
1672 4266 1866 4308 exem-
1972 4247 2075 4303 tius
2106 4254 2397 4313 nequeant,
2428 4245 2628 4317 ubique
2655 4243 2953 4315 dispositis,
2983 4242 3113 4298 nihil
3152 4244 3568 4315 immutandum,

247 4332 398 4402 plum
458 4332 512 4386 in
558 4333 711 4389 radio
767 4335 899 4392 solis
943 4336 1070 4393 licet
1113 4337 1334 4406 intueri,
1378 4338 1468 4410 qui
1515 4338 1691 4394 statim
1741 4347 1857 4395 orto
1889 4403 1925 4410 Α
1973 4336 2104 4392 nihil
2151 4333 2488 4403 vertendum,
2535 4333 2668 4388 nihil
2709 4331 3049 4388 statuendum
3090 4332 3159 4387 sit
3202 4333 3260 4387 in
3292 4348 3400 4404 quo
3428 4332 3571 4390 vires

245 4420 362 4477 sole
409 4421 465 4475 in
512 4423 677 4494 plaga
723 4423 971 4480 orientali
1020 4425 1286 4499 pertingit
1318 4403 1504 4500 usque
1552 4427 1619 4483 ad
1666 4428 1857 4484 ultima
1888 4403 1938 4463 D
1966 4441 2092 4481 suas
2146 4423 2271 4495 quis
2318 4437 2572 4480 exercere
2613 4421 2832 4493 possit?
2881 4419 2988 4491 Qui
3032 4422 3148 4477 hac
3190 4403 3324 4476 dicit
3373 4420 3570 4491 paucis

249 4510 433 4583 plagae
449 4508 511 4538 “‘
530 4511 886 4568 occidentalis
904 4515 963 4568 ut
988 4513 1042 4567 in
1075 4529 1140 4570 eo
1169 4515 1573 4586 perpendamus
1602 4532 1708 4572 non
1736 4532 1859 4573 esse
1965 4513 2246 4570 nobiscum
2276 4510 2404 4583 quid
2441 4510 2496 4567 in
2536 4510 2843 4581 hujusmodi
2888 4508 3088 4565 habeat
3133 4522 3266 4564 usus
3297 4509 3568 4564 humanus

249 4598 587 4669 impossibile
618 4602 762 4671 quod
794 4602 864 4658 de
885 4610 1070 4658 nostra
1089 4602 1325 4660 dicimus
1349 4605 1527 4661 futura
1548 4605 1854 4674 velocitate,
1964 4603 2223 4671 attendat,
2264 4609 2319 4658 et
2344 4600 2554 4657 videbit
2583 4600 2710 4671 quia
2744 4615 2854 4655 non
2890 4614 3110 4669 semper
3152 4597 3404 4655 omnibus
3451 4613 3569 4669 quae

252 4688 548 4759 praesertim
577 4706 701 4746 cum
731 4690 897 4747 rebus
946 4691 1203 4748 animatis
1248 4692 1422 4749 soleat
1462 4692 1637 4750 inesse
1681 4694 1859 4765 major
1962 4691 2228 4747 habemus
2283 4698 2337 4746 et
2379 4706 2504 4761 quae
2531 4704 2646 4759 nos
2670 4688 2871 4745 habere
2898 4703 3009 4744 non
3040 4701 3230 4760 parum
3259 4686 3566 4760 gaudemus

251 4776 512 4833 velocitas
540 4795 704 4850 quam
738 4779 1076 4835 inanimatis.
1111 4781 1247 4837 Hinc
1276 4782 1442 4838 etiam
1455 4779 1519 4811 “"
1542 4782 1694 4839 radio
1724 4783 1855 4839 solis
1963 4789 2084 4837 actu
2112 4779 2344 4845 utimur;
2376 4778 2535 4845 sicut,
2580 4777 2732 4833 verbi
2776 4775 2971 4849 gratia,
3003 4775 3121 4847 ipso
3151 4775 3268 4831 visu
3298 4783 3566 4846 potestate

250 4863 433 4921 simile
489 4867 803 4938 exemplum
865 4867 1166 4925 velocitatis
1237 4869 1510 4927 habemus
1563 4870 1619 4926 in
1670 4871 1851 4930 nobis.
1962 4868 2144 4943 aliqua
2169 4866 2553 4924 nonnullarum
2583 4865 2809 4921 scientia
2837 4879 3040 4932 rerum,
3060 4872 3113 4920 et
3133 4864 3317 4921 multis
3345 4863 3399 4919 in
3422 4864 3565 4920 hunc

1574 4995 1811 5053 νΑΒΙλΕ
1846 4993 2264 5053 LECTIONES.

324 5086 387 5114 “°
418 5086 632 5157 Corpus
674 5089 872 5145 Christi
913 5107 1049 5148 mss.
1096 5093 1226 5148 Vict.
1262 5092 1354 5147 l3.
1464 5090 1524 5121 ‘“
1555 5093 1680 5147 Haec
1718 5102 1896 5149 autem
1936 5110 2042 5150 ms.
2080 5094 2218 5150 Vict.
2249 5095 2307 5147 et
2352 5090 2505 5148 Edit.
2542 5090 2654 5146 Col.
2703 5090 2819 5145 haec
2866 5097 3066 5144 autem.
3128 5088 3505 5174 _“’Invenimt

324 5158 362 5189 νς
395 5174 508 5189 ω...
566 5163 619 5189 ,ι
656 5160 777 5189 In)“
839 5161 930 5189 ρλι
984 5162 1328 5189 ...η-..ξηεκηηη
1425 5162 1487 5189 ul
1518 5162 1617 5189 n..:
1651 5172 1827 5189 ......-..
1862 5181 1974 5189 μ---
2033 5168 2079 5189 ,ι
2115 5165 2234 5189 ινλη
2282 5163 2373 5189 ρηι
2426 5159 2562 5189 n..:..
2588 5169 2768 5189 σιμ-νυ...
2866 5158 2930 5189 ιιι
2958 5160 3139 5189 Λευ-...1.
3163 5176 3277 5189 Δη...
3322 5162 3505 5189 Αηκηι.

248 5158 799 5286 lassam:-
833 5161 949 5289 at
984 5162 1355 5289 cetera;
1409 5162 1487 5287 ξδ’
1506 5159 2792 5303 causamstrata-serae;
2809 5158 2930 5287 εέῖῒ
2946 5159 3561 5303 saturatas

252 5229 313 5257 “'
341 5229 427 5284 Ad
456 5236 651 5284 terram
682 5248 787 5286 ms.
833 5233 969 5289 Vict.
995 5237 1051 5289 et
1079 5231 1232 5288 Edit.
1263 5234 1381 5289 Col.
1409 5233 1475 5287 ad
1506 5229 1703 5289 terras.
1735 5235 1878 5291 “‘Ad
1908 5236 2156 5291 ultimum
2187 5232 2368 5304 plagm
2399 5229 2532 5287 mss.
2549 5234 2607 5287 et
2635 5232 2783 5287 Edit.
2809 5232 2921 5287 Col.
2961 5229 3248 5313 ad'ultima
3274 5229 3474 5314 plaga).
3498 5229 3560 5313 ξ⁴⁷

252 5300 388 5384 ῌμίο
418 5300 1108 5384 θιὶαᾳ).φῃεε.ηιξξρριθιξαφ.
1142 5382 1151 5384 _
1183 5301 1246 5331 “‘
1363 5304 1471 5359 ictu
1501 5320 1859 5384 carinarum.
1898 5312 1955 5362 et
1977 5306 2122 5384 ﬁdit.
2162 5306 2274 5384 col.
2307 5312 2360 5358 et
2387 5303 2760 5384 ictqs_earum_.
2831 5301 2893 5331 “’
2917 5304 2980 5358 Et
3006 5301 3239 5384 pedibus
3267 5318 3406 5384 (Ἀρί,
3441 5311 3560 5357 mll-

259 5371 355 5425 tite
382 5386 488 5425 ms.
536 5372 668 5427 Vict.
701 5376 759 5428 et
781 5373 930 5429 Edit.
966 5375 1079 5430 Col.
1105 5382 1159 5429 et
1186 5373 1444 5444 pedibus,
1468 5376 1679 5432 mittite.
1700 5375 1763 5405 ‘“
1791 5376 1967 5445 Quam
1999 5375 2227 5458 habituri
2250 5391 2364 5457 ms.
2383 5379 2439 5432 et
2469 5373 2615 5430 Edit.
2652 5372 2763 5431 Col.
2788 5389 2962 5456 quam.
2984 5372 3252 5471 adepturi“
3277 5370 3341 5401 ⁴¹¹
3363 5373 3563 5455 sumus

263 5442 570 5475 nvomnlnm
604 5459 690 5475 ηι-
763 5442 880 5475 Vin!
935 5449 989 5475 ,ι
1026 5445 1147 5475 Πλὲι
1205 5445 1297 5475 ρΑ,
1351 5461 1534 5475 cum..-
1566 5446 1633 5475 ..Α
1667 5449 1970 5475 annm-.1“...
2069 5444 2133 5475 ιη
2162 5447 2215 5475 α.
2248 5454 2412 5475 ...ει-..ρ
2438 5462 2525 5475 ην..
2584 5446 2700 5475 νεηι
2753 5447 2816 5475 19
2844 5459 2919 5475 σει.
2949 5459 3121 5475 omni!!!
3284 5442 3561 5475 Πη-ωηιιιι

263 5442 571 5523 exemplum
604 5459 716 5524 ms.
763 5442 989 5526 Vict._et
1017 5445 1165 5502 Edit.
1186 5442 1317 5501 θοοὶ.
1350 5461 1537 5501 sumus
1564 5446 1645 5528 ad.
1665 5442 1994 5519 axem—plum.
2069 5444 2133 5476 “’
2162 5446 2216 5528 Si
2247 5446 2412 5518 igitur
2438 5462 2543 5502 ms.
2584 5446 2719 5527 Vict.
2753 5442 2825 5499 43
2844 5445 2921 5501 sic
2949 5442 3148 5517 igitur.
3191 5442 3252 5471 ‘”
3282 5442 3561 5498 Fortitudo

263 5510 471 5569 valebit
500 5529 799 5585 neminem,
832 5531 1077 5589 quimss.
1109 5519 1165 5573 et
1195 5515 1343 5573 Edit.
1382 5517 1495 5575 Col.
1525 5516 1782 5575 fortitudo
1810 5519 2020 5583 valeat;
2054 5534 2323 5575 neminem
2355 5524 2557 5585 autem,
2590 5532 2701 5589 qui.

3170 5088 3233 5118 “’
3252 5090 3567 5148 Invenimus
