3970 6088
434 285 530 339 631

1455 285 1760 342 EADMERI
1795 283 2106 337 MONACHI
2140 283 2728 340 CANTUARIENSIS.

3655 286 3771 337 63:?

435 407 680 478 modum,
713 411 791 467 sic
820 417 870 468 et
902 418 1024 468 tunc
1080 413 1148 468 de
1191 427 1299 484 qua
1343 406 1526 486 agitur
1568 410 1877 468 fortitudine
1908 409 2028 465 erit.
2061 414 2116 475 Α
2147 409 2336 482 incipit
2393 411 2616 476 esurire,
2650 411 2822 478 sitire,
2883 412 3150 467 lacescere
3177 409 3259 464 θ’.
3294 411 3413 465 suis
3456 409 3510 464 in
3556 411 3768 481 pannis

437 495 568 554 Sola
596 513 831 572 namque
851 502 1121 572 possessio
1152 502 1274 571 ejus
1304 501 1467 557 nobis
1497 509 1653 572 grata
1672 500 2034 556 eritetexsul-

441 586 574 642 tatio
595 588 851 660 grandis,
883 589 1009 644 licet
1038 590 1091 645 in
1113 599 1235 645 actu
1260 606 1607 662 nequaquam
1638 589 1705 644 sit
1734 588 2043 645 necessaria

442 674 620 744 nobis,
679 677 906 743 cunctis,
949 690 1007 732 ut
1051 679 1254 733 dictum
1303 687 1403 747 est,
1452 678 1507 733 in
1541 695 1640 734 suo
1673 686 1811 733 statu
1839 692 2042 732 conve-

439 763 649 818 nienter
671 764 880 820 locatis.
913 767 1043 823 Haec
1071 768 1267 822 eadem
1294 769 1522 839 questio,
1556 768 1600 822 si
1645 775 1735 821 aut
1774 767 1842 822 de
1893 766 2043 821 velo-

437 853 598 909 citate
653 857 745 909 aut
791 853 858 910 de
905 855 1085 928 aliqua
1114 859 1350 928 partium
1393 856 1744 913 beatitudinis
1775 863 2044 921 movetur,

436 941 542 996 hac
607 942 894 1008 solutione,
964 944 1010 1000 si
1076 962 1184 1002 non
1232 947 1500 1016 aptiorem
1554 945 1725 1001 lector
1759 944 2046 1009 invenerit,

441 1031 707 1085 solvatur.
747 1034 807 1086 In
838 1032 1013 1090 futuro
1043 1034 1232 1107 igitur,
1266 1038 1328 1090 ut
1360 1035 1472 1103 jam
1513 1034 1942 1104 praelibavimus,
1973 1033 2050 1088 sic

435 1125 618 1198 justus
645 1119 705 1148 ‘“
735 1121 894 1177 fortis
923 1123 1024 1178 erit
1055 1126 1115 1177 ut
1147 1122 1330 1190 etiam,
1363 1123 1409 1177 si
1456 1124 1602 1188 velit,
1650 1130 1850 1177 terram
1894 1137 2049 1177 com-

446 1221 666 1265 movere
695 1210 911 1280 possit;
946 1218 999 1267 et
1027 1227 1058 1266 e
1087 1226 1348 1268 converso
1396 1211 1629 1281 injustus
1659 1210 1966 1279 imbecillis,
1998 1222 2054 1269 ut

449 1311 550 1353 nec
578 1297 743 1352 etiam
773 1315 992 1356 vermes
1021 1315 1280 1356 amovere
1313 1309 1475 1370 queat
1505 1300 1576 1355 ab
1605 1299 1778 1356 oculis
1807 1298 1940 1354 suis.

1055 1388 1290 1445 CAPUT
1337 1390 1478 1444 LIII.

844 1476 921 1532 De
953 1477 1217 1534 libertate
1257 1482 1314 1532 et
1359 1477 1660 1535 servitute.

527 1562 732 1633 Quarta
759 1579 886 1635 pars
916 1564 1282 1634 beatitudinis,
1314 1565 1538 1622 libertas
1567 1565 1793 1630 dicitur;
1829 1567 2060 1626 miseria:

460 1668 608 1723 vero,
636 1652 881 1709 servitus.
922 1653 1090 1710 Liber
1117 1661 1199 1709 est
1242 1653 1335 1710 ille
1363 1655 1454 1726 qui
1482 1653 1544 1683 “‘
1575 1654 1696 1728 cogi
1745 1672 1852 1712 non
1887 1665 2064 1729 potest

2149 500 2480 556 sordescere.
2517 500 2654 554 Ilinc
2697 516 2874 558 caecus
2905 501 2989 556 vel
3021 501 3230 568 surdus,
3265 508 3440 554 mutus
3479 500 3565 554 vel
3601 499 3774 554 clau-

2151 590 2273 654 dus,
2307 589 2590 645 cardiacus
2619 590 2701 645 vel
2734 589 3040 654 scabiosus,
3073 591 3340 659 leprosus,
3374 589 3461 642 vel
3492 586 3775 657 paralyti-

2153 676 2345 744 cus‘“,
2409 679 2586 733 aliove
2643 679 2834 734 morbo
2889 678 3117 734 efficitur
3179 677 3425 732 inﬁrmus
3477 676 3560 728 ⁸⁸⁵.
3623 676 3778 743 Quia

2154 773 2332 820 tamen
2362 768 2476 836 ejus
2497 767 2784 821 infirmitas
2812 767 2968 821 leniri
2997 766 3318 838 quibusdam
3343 764 3777 819 medicamentis

2154 862 2346 926 potest,
2379 871 2478 910 nec
2508 871 2733 910 summae
2754 854 2815 884 “‘
2864 854 3166 910 infirmitati
3197 854 3458 922 subjacet.
3480 854 3687 908 Verum
3717 852 3778 904 in

2156 943 2355 1010 futuro,
2409 944 2486 1000 sic
2531 960 2697 1002 sanus
2725 945 2824 999 erit
2852 944 2999 1016 quod
3039 944 3346 998 nullatenus
3376 941 3777 1007 inﬁrmabitur,

2157 1031 2256 1104 sed
2286 1049 2500 1087 summa
2524 1032 2750 1088 sanitate
2779 1034 3099 1104 perfruetur.
3129 1034 3212 1087 De
3241 1034 3342 1087 hac
3372 1033 3602 1086 sanitate
3638 1030 3780 1100 quid

2160 1121 2356 1176 melius
2375 1121 2480 1176 dici
2497 1122 2696 1192 poterit
2717 1137 2879 1194 quam
2903 1123 3046 1192 quod
3063 1121 3348 1176 Psalmista
3374 1121 3560 1175 canit?
3576 1121 3776 1183 Salus,

2162 1209 2724 1281 inquiens,justorum
2737 1227 2769 1265 α
2787 1211 3022 1266 Domino
3036 1211 3526 1281 (Psat.xxxvi,39').
3551 1208 3777 1277 Quibus

2164 1306 2345 1352 autem
2385 1297 2543 1353 fuerit
2583 1314 2615 1353 a
2645 1299 2878 1354 Domino
2904 1299 3032 1354 data
3063 1315 3190 1355 vera
3221 1299 3447 1366 sanitas,
3481 1313 3604 1368 quae
3637 1297 3775 1350 sub—

2167 1387 2343 1458 ripere
2387 1387 2588 1443 valebit
2628 1387 2958 1442 infirmitas?
3003 1389 3203 1443 Verum
3253 1387 3318 1441 de
3375 1387 3475 1440 ista
3535 1385 3776 1440 sanitate

2167 1491 2328 1546 quam
2359 1476 2412 1530 in
2460 1477 2658 1532 saeculo
2690 1477 2873 1533 futuro
2902 1476 3246 1545 habebimus,
3279 1476 3421 1546 quod
3455 1475 3774 1544 exemplum

2170 1563 2360 1620 alTerre
2415 1581 2630 1637 queam,
2655 1573 2710 1620 ut
2741 1582 2861 1636 qua:
2915 1566 2983 1621 sit
3027 1565 3379 1638 intelligatur,
3411 1580 3523 1619 non
3581 1564 3772 1618 video.

2171 1652 2310 1721 Quia
2338 1653 2471 1707 nihil
2499 1661 2578 1708 est
2606 1654 2832 1722 sanitas,
2856 1654 3000 1725 quod
3029 1655 3077 1709 ei
3107 1652 3169 1682 ⁸⁸⁷
3189 1669 3505 1725 comparare
3525 1668 3771 1724 possem,

461 1741 530 1797 ad
558 1756 624 1798 ea
653 1759 774 1813 qua:
801 1741 956 1808 nolit,
1017 1758 1116 1799 nec
1167 1743 1442 1815 prohiberi
1481 1745 1552 1800 ab
1603 1761 1670 1802 eo
1703 1746 1849 1816 quod
1898 1747 2049 1802 velit.
2088 1767 2141 1828 Β
2170 1750 2262 1796 aut
2290 1757 2395 1814 ego
2424 1741 2476 1796 in
2507 1758 2616 1810 me,
2649 1751 2740 1797 aut
2770 1742 2969 1814 aliquis
2992 1743 3092 1799 sub
3119 1743 3333 1798 mortali
3363 1743 3572 1812 degens
3611 1757 3775 1796 carne

533 1829 642 1886 Sed
672 1831 795 1902 quis
823 1830 878 1884 in
933 1833 1036 1888 hac
1065 1831 1176 1886 vita
1223 1831 1398 1888 valeat
1437 1849 1558 1889 esse
1606 1834 1699 1906 qui
1726 1834 1865 1890 hanc
1891 1836 2060 1905 possit

460 1919 768 1976 libertatem
789 1919 1031 1976 habere?
1061 1919 1195 1990 Quis
1239 1936 1348 1977 non
1392 1922 1633 1994 quotidie
1675 1923 1877 1994 patitur
1918 1925 2061 1995 quod

457 2007 671 2064 nollet?
703 2006 834 2075 Quis
863 2009 1045 2064 valeat
1071 2011 1286 2082 assequi
1317 2025 1478 2066 omne
1510 2011 1653 2082 quod
1684 2012 1886 2068 vellet?
1921 2012 2061 2082 Quia

460 2100 649 2170 jamen
675 2095 736 2126 ‘"
767 2111 875 2152 non
904 2098 975 2152 ad
1001 2098 1185 2153 omnia
1205 2098 1369 2153 homo
1397 2116 1518 2172 quae
1547 2115 1656 2157 non
1684 2101 1797 2157 vult
1823 2103 2058 2175 cogitur,

461 2199 564 2242 nec
593 2185 662 2241 ab
693 2185 947 2242 omnibus
976 2202 1097 2258 qua
1127 2187 1241 2242 vult
1297 2189 1634 2259 prohibetur,
1681 2207 1782 2246 nec
1837 2193 2062 2248 omnino

461 2273 711 2330 libertate
738 2275 1005 2345 privatur,
1064 2290 1164 2331 nec
1203 2278 1424 2333 omnino
1471 2279 1719 2334 servituti
1751 2280 2060 2349 subjicitur.

463 2365 524 2418 In
554 2364 733 2419 futuro
763 2372 964 2429 autem,
996 2372 1088 2419 aut
1115 2365 1411 2435 perfectam
1443 2369 1608 2423 homo
1637 2368 1860 2424 habebit
1887 2369 2061 2425 liber-

463 2460 645 2520 tatem,
678 2461 770 2507 aut
811 2452 1180 2508 omnimodam
1209 2454 1369 2509 inibit
1395 2457 1706 2512 servitutem
1727 2455 1810 2512 ⁸⁸⁷.
1845 2457 1972 2525 Sed,
2006 2461 2064 2512 ut

457 2541 574 2613 jam
604 2541 959 2612 praediximus
987 2549 1040 2596 et
1068 2543 1384 2600 auctoritate
1411 2543 1473 2572 ⁴⁵⁸
1503 2547 1801 2616 apostolica
1828 2547 2064 2616 idipsum

465 2628 928 2695 conﬁrmavimus,
987 2631 1198 2703 angelis
1243 2633 1554 2689 consimiles
1571 2633 1632 2663 “’
1672 2636 1891 2692 erimus.
1925 2636 2065 2704 Qui-

464 2733 676 2789 cunque
705 2719 916 2789 angelis
945 2719 1405 2790 assimilahuntur,
1429 2737 1618 2778 eorum
1645 2740 1873 2796 quoque
1903 2725 2065 2781 liber-

471 2814 638 2861 tatem
667 2805 976 2861 necessario
1007 2816 1387 2877 assequentur.
1433 2811 1637 2881 Itaque,
1679 2813 1816 2868 sicut
1857 2813 2069 2885 angelis

2169 1831 2336 1885 sensit
2381 1829 2437 1885 in
2480 1847 2556 1886 se.
2606 1831 2706 1887 Hic
2735 1832 2932 1887 etenim
2979 1840 3104 1886 tunc
3149 1831 3307 1886 nobis
3339 1832 3454 1885 sani
3493 1830 3769 1894 videmur,

2167 1935 2290 1973 cum
2334 1918 2390 1974 in
2421 1919 2581 1974 nobis
2607 1919 2758 1987 nihil,
2791 1920 2936 1992 quod
2975 1919 3174 1983 doleat,
3207 1920 3484 1975 sentimus.
3515 1919 3776 1974 Fallimur

2169 2015 2347 2063 tamen
2387 2025 2771 2079 nonnunquam
2806 2009 2860 2063 in
2890 2011 3025 2078 hoc;
3073 2024 3199 2062 nam
3236 2010 3551 2080 frequenter
3579 2009 3633 2062 in
3665 2011 3770 2064 ali-

2171 2112 2277 2168 qua
2333 2106 2484 2168 parte
2540 2097 2783 2168 corporis
2832 2097 3187 2164 inﬁrmamur,
3250 2113 3350 2152 nec
3417 2106 3617 2151 tamem
3673 2101 3769 2153 hoc

2170 2185 2366 2256 ipsum,
2401 2186 2499 2241 nisi
2541 2194 2634 2240 aut
2663 2193 2808 2240 motu
2836 2185 3104 2256 corporis,
3138 2194 3226 2240 aut
3271 2193 3414 2241 tactu
3446 2187 3631 2258 aliquo
3663 2186 3772 2241 ullo

2170 2283 2330 2345 pacto
2362 2273 2693 2344 experimur.
2722 2278 2799 2328 Ac
2827 2273 2896 2328 de
2927 2274 3011 2328 his
3041 2274 3131 2344 qui
3178 2288 3276 2330 nec
3305 2273 3379 2328 ita
3409 2273 3769 2338 inﬁrmanlur,

2171 2363 2266 2417 sed
2313 2379 2381 2418 ex
2435 2362 2588 2418 omni
2643 2371 2796 2434 parte
2849 2362 2955 2416 sibi
3012 2364 3131 2416 sani
3175 2377 3290 2417 esse
3339 2362 3593 2416 videntur
3649 2363 3775 2432 quid

2172 2451 2442 2517 dicemus,
2465 2458 2524 2505 ut
2547 2458 2721 2506 utrum
2750 2451 2854 2506 sint
2883 2451 3000 2506 sani
3041 2459 3132 2505 aut
3162 2467 3267 2505 non
3297 2451 3407 2505 sint
3435 2451 3723 2521 probemus
3744 2452 3771 2503 τ)

2172 2541 2319 2596 Pone
2351 2539 2445 2594 tibi
2481 2540 2780 2612 quemlibet
2805 2539 3144 2595 sanissimum
3171 2555 3417 2610 corpore,
3451 2549 3503 2594 et
3534 2541 3601 2595 de
3630 2540 3773 2594 sani-

2175 2637 2282 2684 tate
2337 2628 2482 2684 illius
2538 2627 2835 2696 sciscitare,
2882 2645 3046 2683 sanus
3111 2632 3191 2683 est
3255 2645 3352 2683 suo
3400 2629 3628 2699 judicio.
3681 2629 3773 2684 Hic

2173 2718 2296 2772 talis
2326 2718 2488 2790 paulo
2521 2717 2711 2772 durius
2744 2723 2995 2789 tangatur
3023 2724 3115 2774 aut
3135 2717 3188 2771 in
3220 2718 3398 2788 aliqua
3423 2719 3510 2772 sui
3537 2717 3772 2789 corporis

2174 2812 2330 2877 parte
2385 2805 2584 2862 arctius
2638 2805 3055 2878 constringatur,
3089 2814 3143 2859 et
3190 2806 3372 2860 statim
3416 2805 3623 2861 videbis
3653 2805 3772 2876 quia

467 2893 603 2951 nihil
655 2893 885 2958 obsistit,
938 2909 1039 2949 nec
1094 2895 1303 2966 aliquid
1349 2913 1442 2953 eos
1469 2898 1736 2970 impedire
1767 2909 2073 2972 potestnec
2102 2908 2153 2972 ρ,
2181 2895 2443 2950 clamabit
2475 2913 2486 2947 :
2523 2894 2670 2960 Sine.
2703 2893 2863 2948 laedis
2893 2910 3000 2959 me.
3034 2909 3202 2948 vexas
3233 2910 3338 2948 me.
3368 2892 3514 2962 Quid
3535 2901 3615 2949 est
3637 2895 3771 2949 hoc?

467 2981 840 3055 constringere
891 2981 1019 3053 quin
1075 2999 1174 3054 pro
1228 2984 1370 3040 velle
1419 3000 1514 3040 suo
1554 2995 1746 3042 cuncta
1784 2999 2067 3058 penetrent

467 3071 715 3139 liberine,
743 3071 818 3126 ita
845 3087 953 3128 non
987 3071 1087 3126 erit
1133 3071 1352 3143 aliquod
1401 3073 1735 3132 obstaculum
1793 3079 1937 3150 quod
1967 3096 2067 3136 nos

468 3159 720 3228 retardet,
776 3159 926 3215 nulla
984 3159 1233 3216 clausura
1295 3159 1359 3190 ⁴⁶⁰
1407 3179 1528 3234 qua:
1594 3164 1750 3220 nobis
1804 3167 2070 3223 ullatenus

469 3250 664 3316 obstet,
693 3264 804 3306 non
833 3249 1155 3306 elementum
1185 3249 1328 3322 quod
1377 3251 1535 3307 nobis
1554 3253 1625 3308 ad
1655 3253 1796 3309 velle
1826 3264 2067 3311 nostrum

470 3337 717 3412 pervium
746 3338 973 3395 omnino
1003 3353 1109 3394 non
1147 3346 1325 3395 exstet
1349 3338 1431 3393 ⁸⁸³.
1493 3341 1760 3413 Amplius,
1793 3353 1939 3400 certe
1965 3345 2068 3400 do-

471 3426 728 3483 minicum
783 3442 1002 3499 corpus,
1049 3426 1136 3484 cui
1183 3442 1416 3500 corpora
1457 3437 1649 3485 nostra
1677 3431 2073 3505 conﬁguranda

476 3515 675 3571 Paulus
703 3523 928 3571 testatur
957 3517 1130 3585 (Phil.
1155 3533 1237 3586 ni,
1255 3520 1369 3587 ει),
1393 3525 1452 3572 ut
1474 3518 1592 3588 jam
1622 3535 1789 3590 supra
1815 3522 2071 3577 memini-

478 3619 599 3658 mus
626 3603 811 3658 clauso
834 3604 1089 3674 sepulcro
1135 3620 1165 3658 a
1214 3605 1441 3660 mortuis
1470 3609 1726 3673 surrexit,
1759 3625 1824 3666 ac
1853 3609 2074 3666 demum

483 3692 556 3746 ad
611 3689 882 3762 dicipulos
937 3690 1201 3746 obseratis
1237 3691 1423 3761 januis
1467 3693 1782 3765 palpandus
1833 3697 2075 3754 introivit

485 3779 669 3845 (Joan.
698 3794 794 3845 xx,
828 3779 941 3848 26),
991 3778 1256 3850 nobisque
1312 3780 1367 3835 in
1423 3782 1528 3838 hoc
1578 3783 1770 3840 futurae
1821 3784 2080 3843 libertatis

480 3866 690 3939 grande
713 3865 1092 3922 documentum
1130 3867 1364 3939 reliquit.
1411 3870 1470 3923 In
1499 3870 1590 3925 illa
1637 3873 1834 3928 etenim
1875 3875 2002 3942 vita,
2035 3881 2081 3936 si

483 3954 658 4010 bonus
688 3953 867 4022 fuerit,
917 3955 1051 4010 nihil
1109 3955 1340 4026 patietur
1387 3959 1531 4028 quod
1581 3960 1734 4025 nolit,
1767 3962 1864 4017 sed
1921 3980 2084 4037 agere

2173 2985 2366 3039 Nonne
2392 2985 2541 3054 prius
2568 3000 2626 3038 se
2654 2999 2772 3037 esse
2811 2999 3002 3037 sanum
3045 2982 3278 3050 dicebat,
3311 2991 3363 3038 et
3394 2999 3538 3037 nunc
3566 2982 3770 3037 modice

2178 3080 2363 3138 tactus,
2405 3072 2478 3126 ita
2533 3071 2781 3126 dolenter
2845 3072 3189 3126 succlamat‘?
3245 3073 3423 3126 Istene
3474 3072 3571 3126 tibi
3618 3087 3772 3125 sanus

2176 3160 2443 3215 videtur?
2498 3161 2622 3215 Non
2671 3168 2824 3230 puto.
2865 3161 3222 3232 Nequaquam
3275 3161 3418 3213 salus
3466 3160 3771 3230 hujusmodi

2177 3249 2336 3304 nobis
2363 3248 2600 3315 dabitur,
2634 3264 2861 3319 quorum
2909 3249 3051 3302 salus
3094 3265 3123 3302 a
3176 3248 3405 3304 Domino
3439 3249 3618 3303 futura
3665 3264 3771 3302 esse

2179 3337 2527 3408 promittitur.
2562 3337 2703 3393 Nam
2737 3338 3014 3408 absterget
3037 3337 3186 3392 Deus
3215 3353 3440 3394 omnem
3474 3336 3770 3408 lacrymam

2179 3427 2248 3482 ab
2279 3427 2457 3482 oculis
2485 3429 2826 3489 sanctorum,
2847 3430 2902 3481 et
2923 3426 3051 3498 jam
3072 3442 3185 3482 non
3207 3427 3317 3481 erit
3337 3427 3587 3498 amplius
3606 3441 3773 3498 neque

2183 3517 2389 3582 luctus,
2415 3530 2592 3585 neque
2621 3514 2857 3582 clamor,
2892 3532 3069 3588 neque
3117 3517 3273 3572 ultus
3303 3516 3482 3581 dolor,
3519 3517 3771 3587 quoniam

2181 3605 2375 3676 priora
2405 3604 2766 3659 transierunt
2796 3604 2996 3677 (Apoc.
3020 3621 3142 3668 xxr,
3166 3606 3224 3672 4)
3251 3622 3262 3664 ;
3288 3608 3343 3659 et
3367 3620 3482 3659 non
3506 3605 3771 3668 esurient,

2185 3707 2364 3765 neque
2380 3693 2581 3747 sitiant
2596 3693 2974 3764 amplius,nec
2991 3694 3151 3749 cadet
3169 3709 3338 3766 super
3355 3695 3483 3748 illos
3500 3695 3775 3764 sol,neque

2191 3780 2349 3837 ullus
2377 3786 2550 3836 aestus
2581 3782 2732 3851 (lsai.
2784 3798 2940 3848 mx,
2964 3786 3066 3844 10;
3087 3785 3251 3854 Apoc.
3274 3798 3368 3850 vu,
3392 3783 3481 3852 16)
3501 3802 3518 3846 ;
3547 3783 3778 3838 dextera

2190 3871 2344 3927 enim
2382 3887 2486 3926 sua
2517 3871 2661 3926 Deus
2693 3875 2841 3940 teget
2871 3887 2982 3937 eos,
3011 3876 3066 3926 et
3096 3873 3319 3927 brachio
3339 3876 3540 3927 sancto
3559 3888 3658 3926 suo
3685 3871 3776 3926 de-

2192 3960 2389 4030 fendet
2431 3960 2559 4014 illos
2601 3960 2752 4031 (Sap.
2787 3976 2838 4027 ν,
2888 3961 2998 4028 17).
3047 3959 3187 4028 Quid
3235 3962 3415 4030 itaque
3469 3961 3547 4014 eis
3590 3975 3777 4015 nocere

482 4043 824 4114 permittetur
851 4059 1187 4115 quaecunque
1206 4045 1451 4101 voluerit.
1480 4047 1536 4102 Si
1554 4064 1682 4104 vero
1705 4049 1860 4106 fuerit
1885 4053 2079 4122 malus,
2111 4057 2162 4118 Ι)
2190 4047 2390 4104 valebit
2421 4047 2616 4118 quibus
2641 4048 2836 4102 dextra
2863 4048 2960 4102 Dei
2993 4055 3358 4120 tegumentum
3400 4049 3496 4103 erit
3526 4050 3554 4101 ε)
3603 4048 3778 4118 Qualis

481 4131 551 4188 ad
577 4133 764 4188 omnia
785 4148 904 4203 qua:
929 4133 1161 4190 noluerit
1187 4142 1424 4207 cogetur,
1458 4143 1512 4190 et
1557 4136 1626 4192 ab
1665 4141 1928 4197 omnibus
1959 4158 2081 4213 quae

483 4221 719 4278 voluerit
745 4221 1142 4294 prohibebitur.

1078 4313 1314 4371 CAPUT
1349 4315 1484 4373 LIV.

862 4403 936 4457 De
965 4403 1216 4458 sanitate
1241 4409 1298 4459 et
1328 4405 1689 4473 inﬁrmitate.

553 4488 746 4560 Quinta
803 4506 932 4562 pars
988 4490 1342 4548 beatitudinis
1397 4500 1481 4548 est
1554 4495 1786 4562 sanitas;
1848 4497 2076 4553 miseriae

479 4595 633 4645 vero,
695 4578 996 4634 inlirmitas.
1057 4579 1156 4635 Illa
1201 4582 1364 4636 homo
1384 4579 1449 4610 “’
1477 4581 1545 4636 ab
1575 4590 1693 4638 ortu
1737 4599 1837 4639 suo
1872 4602 2078 4652 carere,

476 4671 618 4731 hanc
650 4676 830 4724 autem
861 4667 1048 4741 incipit
1086 4669 1332 4726 tolerare.
1382 4670 1457 4725 Ex
1500 4686 1607 4742 quo
1638 4671 1780 4727 enim
1813 4673 2076 4742 nascitur,

478 4755 654 4825 prima
683 4769 792 4811 vox
824 4756 960 4826 ejus,
993 4757 1192 4814 indicat
1221 4758 1363 4830 quod
1390 4759 1646 4832 patiatur.
1691 4762 1813 4816 Mox
1845 4762 2079 4833 denique

2189 4145 2367 4192 autem
2414 4137 2485 4192 sit
2533 4136 2623 4191 illa
2670 4137 2891 4203 sanitas,
2920 4141 3074 4192 certe
3121 4138 3233 4192 scio
3284 4154 3368 4192 me
3412 4154 3513 4192 nec
3553 4138 3777 4207 alicujus

2189 4241 2350 4280 sensu
2408 4225 2490 4280 vel
2548 4227 2921 4297 experimento
2970 4226 3264 4296 accepisse.
3327 4226 3580 4281 Febrium
3636 4242 3774 4292 vero,

2187 4324 2239 4370 et
2270 4314 2600 4369 diversarum
2647 4313 3015 4368 inﬁrmitatum
3047 4314 3356 4385 qualitates,
3404 4315 3450 4369 si
3479 4314 3778 4384 cujusmodi

2187 4404 2292 4459 sint
2350 4403 2468 4475 quis
2523 4404 2900 4474 interrogaret,
2961 4404 3120 4458 facile
3177 4419 3267 4458 eas
3313 4420 3345 4459 a
3391 4420 3479 4458 me
3517 4404 3781 4474 expositas

2188 4493 2434 4547 forsitam
2464 4492 2813 4563 intelligeret,
2848 4497 2959 4546 tum
3019 4493 3143 4563 quia
3183 4509 3314 4564 ergo
3361 4492 3483 4546 illas
3513 4493 3567 4547 in
3597 4491 3774 4559 me‘”,

2191 4591 2298 4637 tum
2332 4582 2456 4652 quia
2487 4581 2557 4635 ab
2585 4581 2663 4635 eis
2711 4581 2898 4651 accepi
2939 4580 3027 4653 qui
3073 4583 3264 4651 sciunt,
3310 4582 3400 4654 qui
3444 4598 3540 4637 eas
3570 4584 3778 4652 experi-

2188 4679 2372 4726 mento
2393 4671 2696 4727 didicerunt
2724 4670 2777 4725 in
2809 4687 2893 4726 se.
2931 4673 2996 4724 At
3026 4672 3173 4742 quod
3221 4687 3322 4728 nec
3351 4688 3512 4727 sensu
3545 4672 3771 4743 percepi,

2188 4775 2288 4817 nec
2318 4761 2386 4815 ab
2415 4760 2525 4816 ullo
2555 4760 2646 4833 qui
2680 4760 2940 4832 percepit,
2973 4767 3030 4815 ut
3060 4759 3193 4828 dixi,
3226 4759 3429 4832 accepi,
3453 4776 3562 4816 non
3592 4760 3772 4816 eodem

1777 4911 2000 4964 VARle
2040 4909 2337 4966 LECTION
2344 4911 2448 4967 ES.

547 5000 611 5030 ‘“
640 5000 732 5058 Sic
753 5001 934 5082 justus
943 5019 1059 5082 liis.
1094 5004 1228 5082 Vict.
1251 5008 1308 5082 et
1340 5005 1490 5082 Edit.
1525 5005 1716 5082 Colon:
1739 5015 1795 5082 et
1820 5007 1896 5082 sic
1917 5007 2111 5082 justus.
2141 5007 2396 5082 _‘“_‘Liher
2423 5015 2504 5082 est
2533 5008 2624 5081 qui
2647 5025 2750 5066 ms.
2807 5013 2867 5066 Α.
2897 5014 2913 5064 1
2951 5011 3087 5066 liber
3115 5019 3194 5067 est
3220 5011 3332 5080 ille,
3368 5010 3483 5082 qui.
3528 5011 3616 5082 7‘“
3637 5010 3759 5066 Cum

477 5082 659 5152 tamen
685 5088 824 5152 mss.
855 5076 913 5152 et
934 5073 1081 5129 Edtt.
1110 5074 1390 5152 Col..Quia
1421 5085 1619 5152 tamen.
1644 5074 1709 5108 ⁸⁸⁷
1729 5073 2111 5152 Om_n_imod9m
2139 5073 2635 5135 inibitServitutem
2666 5085 2849 5138 ms.A.
2873 5086 2894 5136 1
2933 5082 3168 5138 Omnino
3195 5073 3439 5138 servituti
3461 5081 3764 5151 subjacebit.

471 5141 534 5172 “'
565 5144 629 5224 Ut
656 5143 1011 5225 praediximus
1045 5141 1363 5225 auctoritate
1401 5164 1511 5225 Zns.
1556 5150 1690 5225 Vict.
1723 5153 1778 5204 et
1807 5148 1963 5225 Edit.
1997 5148 2122 5225 got:
2161 5158 2227 5225 ut
2265 5152 2376 5225 jam
2409 5151 2781 5220 praediximus,
2801 5161 2853 5207 et
2897 5154 3236 5209 auctoritate.
3260 5153 3348 5225 u‘”
3380 5141 3609 5225 Angelis
3638 5154 3764 5207 enim

476 5213 786 5271 consimiles
805 5229 908 5268 ms.
953 5215 1084 5269 Vict.
1118 5219 1175 5270 et
1209 5216 1355 5273 Edit.
1390 5218 1510 5274 Col.
1539 5222 1703 5274 omit.
1738 5222 1898 5274 enim.

473 5302 582 5342 non
613 5293 751 5340 esset
782 5285 931 5339 Edit.
968 5285 1086 5339 Col.
1126 5301 1232 5340 non
1263 5297 1499 5344 exercet.

1989 5219 2052 5247 “°
2071 5221 2232 5275 Nulla
2261 5219 2511 5276 clausura
2542 5238 2674 5276 mss.
2709 5225 2855 5277 nulla
2877 5225 3137 5278 clausula.

1613 5289 1796 5345 “’Illa
1825 5299 2000 5345 autem
2035 5292 2200 5347 homo
2230 5309 2361 5348 mss.
2405 5292 2502 5345 Illa
2535 5293 2724 5349 homo.

3233 5223 3293 5252 ‘”
3326 5240 3434 5278 non
3464 5223 3606 5278 extet
3634 5241 3753 5280 mss.

2838 5293 2900 5322 ⁴⁶⁸
2933 5297 3216 5350 Lacessere
3260 5312 3392 5351 mss.
3455 5296 3752 5349 Lacescerc.

467 5355 530 5387 “‘
560 5355 1054 5429 Paralyticusrnss.
1079 5356 1166 5411 vel
1197 5358 1546 5429 paralyticus.
1622 5360 1683 5390 “'
1714 5361 1956 5416 Afﬁcitur
1988 5362 2230 5418 inﬁrmus
2277 5379 2408 5419 mss.
2442 5366 2509 5417 A.
2551 5369 2574 5417 1
2611 5369 2666 5419 et
2706 5366 2839 5420 Vict.
2877 5370 2940 5420 t3
2981 5372 3034 5420 et
3073 5368 3216 5422 Edit.
3273 5367 3387 5422 Col.
3433 5365 3655 5422 efﬁcitur
3687 5366 3759 5418 in-

469 5430 676 5485 tirmus.

789 5425 851 5456 ‘“
881 5427 996 5482 Nec
1025 5425 1252 5483 summae
1279 5425 1382 5484 ms.
1404 5431 1467 5484 Α.
1505 5435 1554 5485 1.
1583 5448 1688 5488 non
1719 5449 1966 5489 summae.
2077 5432 2139 5462 ⁴⁶⁷

2166 5436 2311 5490 Nihil
2343 5435 2591 5490 sanitatis
2635 5436 2777 5506 quod
2823 5436 2872 5490 ei
2909 5452 3015 5490 ms.
3072 5439 3206 5493 Vict.
3239 5437 3374 5490 nihil
3427 5445 3510 5491 est.
3538 5436 3758 5490 sanitatis

470 5496 875 5578 quod__ei1';dit.
922 5497 1038 5554 Col.
1069 5499 1142 5553 nil
1174 5499 1426 5555 sanitatis
1457 5503 1600 5574 quod
1627 5512 1726 5571 est,
1753 5503 1821 5559 ei.
1897 5503 1958 5533 “‘
1984 5505 2116 5559 Tum
2149 5507 2275 5578 quia
2320 5506 2441 5562 illas
2489 5506 2542 5559 in
2592 5496 2678 5560 me
2705 5523 2809 5561 ms.
2853 5508 2989 5563 Vict.
3015 5511 3070 5564 et
3102 5509 3252 5565 Edit.
3293 5508 3404 5564 Col.
3440 5515 3621 5563 tamen
3649 5509 3757 5578 quia

467 5569 572 5644 ego
596 5569 718 5627 illas
745 5569 801 5626 in
829 5585 944 5627 me.
