4046 6076
323 322 424 376 633

1302 322 1427 376 LIB.
1469 320 1563 375 DE
1600 318 1657 372 S.
1699 313 1997 371 ANSELMI
2036 314 2645 374 SIMILI’I‘UDINIBUS.

3526 316 3627 369 634

324 446 508 503 modo.
543 445 777 501 Credere
808 452 984 500 tamen
1008 454 1061 501 et
1102 446 1497 512 incunctanter,
1528 451 1585 498 ut
1641 457 1759 497 mea
1798 442 1924 514 qui-
1954 440 2009 500 A
2038 445 2142 507 tur,
2174 453 2282 493 non
2311 437 2495 502 video,
2552 434 2654 489 nisi
2715 434 2850 489 forte
2904 432 3036 488 illud
3087 446 3314 504 agamus
3340 428 3401 460 ""
3455 429 3635 502 aliqua

327 535 456 591 dem
487 534 591 590 fert
618 534 823 606 opinio,
854 541 1095 590 astruere
1110 534 1238 590 licet
1264 534 1553 589 sanitatem
1575 532 1704 588 vitae
1732 532 1927 587 futurae

323 624 400 679 ita
425 625 635 695 jugem,
669 630 722 678 et
769 623 1160 679 immutabilem
1208 639 1273 678 ac
1326 622 1641 679 inviolatam
1697 622 1816 677 fore
1870 629 1928 676 ut

326 712 586 767 ineffabili
618 714 852 782 quadam
883 712 1167 768 dulcedine
1194 712 1476 768 suavitatis
1520 719 1687 766 totum
1747 709 1926 765 homi-

326 816 453 855 nem
482 801 709 871 repleat,
741 808 794 855 et
823 816 984 856 omne
1015 802 1157 872 quod
1189 802 1417 873 alicujus
1448 802 1500 857 in
1530 819 1588 858 se
1642 805 1926 860 vicissitu-

328 888 491 957 dinis,
552 887 924 944 mutabilitatis
956 889 1038 957 “',
1126 900 1218 945 aut
1272 891 1508 947 laesionis
1563 893 1925 962 suspicionem

322 976 672 1048 praetendere
710 985 888 1048 queat,
918 980 1106 1049 procul
1134 988 1309 1035 arceat
1351 984 1512 1051 atque
1540 981 1782 1052 repellat.
1837 982 1927 1040 Sic

324 1065 493 1136 igitur
518 1066 690 1134 justus
718 1066 819 1121 erit
849 1082 1036 1122 sanus.
1064 1070 1132 1121 At
1161 1084 1288 1122 vero
1319 1069 1612 1139 quemlibet
1666 1071 1925 1140 injustum

324 1159 473 1209 tanta
502 1154 576 1208 ibi
606 1152 920 1210 inﬁrmitate
948 1156 1091 1210 scias
1120 1155 1381 1211 infirmari
1411 1165 1469 1212 ut
1496 1158 1648 1214 nullo
1679 1164 1927 1231 postmo-

322 1242 454 1298 dum
484 1242 849 1300 medicamine
879 1252 1036 1313 queat
1063 1245 1339 1299 medicari.

947 1332 1166 1389 CAPUT
1203 1335 1289 1389 LV
1302 1374 1315 1387 .

705 1422 787 1476 De
826 1426 1083 1493 volupate
1122 1428 1177 1477 et
1217 1425 1541 1480 anxietate.

397 1509 560 1564 Sexta
591 1525 714 1581 pars
730 1509 1083 1564 beatitudinis
1098 1517 1177 1566 est
1205 1512 1492 1582 voluptas;
1518 1513 1756 1571 miseriae
1781 1532 1925 1587 vero,

328 1597 599 1653 anxietas.
637 1599 793 1653 Illam
825 1598 1073 1654 homines
1104 1609 1386 1671 appetunt,
1420 1603 1561 1657 hanc
1588 1619 1722 1659 vero
1777 1606 1928 1659 refu-

329 1688 511 1758 giunt.
546 1688 764 1757 Verum,
796 1704 913 1742 cum
945 1704 1065 1744 eam
1095 1689 1149 1742 in
1200 1691 1302 1745 hac
1348 1692 1461 1745 vita
1490 1701 1764 1763 quaerunt,
1820 1710 1930 1749 non

2035 527 2300 583 contraria
2348 523 2698 580 similitudine
2754 539 2974 594 magna:
3029 522 3287 590 miseriae,
3348 536 3511 591 quem
3569 535 3636 575 ex

2037 615 2229 671 minori
2258 616 2626 682 conjectamus
2653 611 2733 666 ‘7‘.
2769 613 2849 667 Sit
2874 611 3041 683 igitur
3070 619 3194 665 ante
3225 610 3411 666 oculos
3455 607 3635 665 cordis

2036 705 2267 777 positus,
2301 702 2533 773 exempli
2560 718 2743 770 causa,
2774 702 2938 756 homo
2987 699 3202 770 aliquis,
3263 699 3357 777 qui
3414 705 3524 752 tam
3582 697 3634 749 in

2034 775 2172 865 ipsis
2190 792 2469 847 oculorum
2503 807 2721 846 suorum
2752 790 2977 860 pupillis
3010 805 3171 859 quam
3204 775 3343 842 et‘in
3404 787 3639 859 singulis

2036 881 2294 935 membris
2324 879 2528 935 ferrum
2559 879 2811 949 ignitum,
2846 886 2899 934 et
2955 878 3193 933 candens
3247 876 3472 930 inﬁxum
3533 877 3635 929 lia-

2036 970 2179 1035 beat,
2214 969 2288 1024 ita
2318 977 2375 1023 ut
2402 984 2504 1024 nec
2529 967 2802 1032 medulla},
2836 983 2937 1022 nec
2964 967 3245 1032 intestina,
3278 981 3379 1019 nec
3404 963 3632 1019 omnino

2035 1059 2325 1129 quidquam
2350 1058 2404 1111 in
2436 1065 2545 1112 toto
2576 1058 2695 1126 ipso
2717 1056 2782 1110 sit
2812 1054 2956 1126 quod
3004 1055 3147 1109 illius
3203 1055 3469 1110 cruciatus
3526 1052 3635 1106 im-

2034 1146 2291 1202 manitate
2320 1154 2524 1214 careat,
2557 1144 2643 1200 vel
2674 1160 2793 1199 eam
2823 1144 2997 1199 levius
3029 1159 3185 1212 quam
3218 1143 3272 1197 in
3303 1141 3474 1197 oculis
3529 1140 3635 1194 ali-

2035 1244 2295 1308 quatenus
2324 1236 2545 1290 sentiat.
2568 1233 2709 1302 Quid
2739 1234 2914 1288 dicam
2933 1232 3268 1303 angustiatur
3284 1233 3312 1283 εἲ
3331 1231 3470 1299 Quis
3493 1230 3639 1282 hunc

2035 1326 2237 1380 aelimet
2265 1341 2381 1379 esse
2414 1340 2561 1379 sanae
2591 1323 2790 1377 mentis
2820 1323 2965 1376 inter
2992 1321 3092 1375 ista
3112 1322 3140 1373 ?
3197 1320 3399 1374 Eodem
3453 1319 3636 1383 modo,

2037 1414 2132 1469 sed
2166 1414 2380 1483 penitus
2409 1412 2685 1483 contraria
2716 1410 3171 1475 consideratione,
3205 1408 3258 1462 in
3314 1407 3404 1461 illa
3464 1407 3641 1459 futura

2035 1503 2143 1557 vita
2174 1501 2463 1557 delectatio
2496 1500 2746 1572 quaedam
2781 1497 3070 1552 ineﬂ‘abilis
3098 1497 3274 1551 bonos
3331 1494 3639 1559 inebriabit,

2038 1595 2093 1645 et
2124 1589 2490 1645 inmstimabili
2519 1588 2807 1643 dulcedine
2836 1588 2917 1640 sui
2950 1590 3091 1640 totos
3139 1601 3233 1640 eos
3291 1580 3644 1640 inenarrabili

2037 1679 2363 1734 exundantis
2394 1677 2635 1733 satiabit.
2668 1676 2809 1745 Quid
2841 1676 2951 1729 dixi
2982 1675 3169 1728 totos?
3228 1671 3404 1739 Oculi,
3461 1687 3640 1739 aures,

327 1774 432 1830 nisi
464 1793 560 1847 per
590 1777 918 1832 anxietatem
949 1777 1194 1834 invenire
1246 1759 1522 1848 possunt:
1560 1759 1800 1851 Cumque
1859 1783 1927 1837 ad

2045 1784 2222 1836 nares,
2254 1783 2339 1831 os,
2372 1783 2580 1832 manus,
2616 1766 2806 1835 pedes,
2840 1771 3045 1833 guttur,
3077 1778 3187 1831 eor,
3217 1762 3396 1831 jecur,
3428 1759 3638 1832 pulmo,

324 1863 381 1919 id
414 1865 766 1936 pervenerint
822 1867 968 1936 quod
1017 1866 1346 1937 voluptatem
1401 1876 1614 1938 putant,
1674 1885 1780 1925 non
1830 1869 1935 1925 nisi

334 1956 636 2012 laborando
666 1953 859 2009 eodem
893 1955 1093 2026 perfrui
1121 1955 1322 2011 valent.
1369 1956 1527 2027 Quod
1581 1959 1625 2012 si
1683 1959 1846 2014 etiam
1873 1958 1936 1988 ⁸⁷⁸

331 2045 417 2099 usi
448 2042 641 2099 fuerint
671 2043 1103 2110 immoderatius,
1136 2061 1316 2099 rursus
1373 2046 1453 2100 eis
1508 2046 1562 2100 iu
1610 2048 1935 2104 anxietatem

327 2134 553 2195 vertitur
578 2130 661 2187 ⁸⁷³.
694 2132 833 2200 Quia
863 2132 1121 2188 tamenin
1167 2149 1231 2188 eo
1289 2135 1729 2207 qualitercunque
1782 2137 1934 2194 dele-

326 2229 560 2286 ctantur,
620 2236 721 2275 nec
776 2221 1149 2277 omnimodam
1222 2222 1555 2278 anxietatem
1639 2226 1932 2295 patiuntur.

328 2310 459 2365 Post
480 2310 623 2365 hanc
646 2324 778 2365 vero
808 2309 995 2379 vitam,
1043 2317 1134 2364 aut
1188 2311 1245 2365 in
1295 2312 1608 2368 omnimodo.
1657 2314 1937 2386 voluptate

338 2405 493 2456 erunt
512 2395 594 2466 ‘7’,
626 2405 717 2453 aut
746 2396 968 2452 omnino
998 2397 1352 2468 replebuntur
1380 2401 1670 2457 anxietate.

941 2486 1161 2542 CAPUT
1200 2487 1328 2544 LVI.

787 2575 1112 2632 Similitudo
1140 2576 1285 2646 ferri
1302 2577 1491 2648 igniti.

415 2665 574 2719 Sicut
601 2664 748 2718 enim
779 2661 978 2719 ferrum
1008 2663 1236 2736 ignitum
1283 2681 1606 2737 quacunque
1648 2669 1733 2723 sui
1785 2678 1940 2741 parte

345 2754 586 2809 continet
606 2753 809 2825 ignem.
868 2752 946 2807 sic
1002 2752 1059 2807 in
1097 2769 1157 2808 se
1213 2753 1342 2809 boni
1396 2756 1747 2827 voluptatem,
1811 2760 1939 2814 mali

343 2858 477 2898 vero
514 2841 748 2897 sentient
800 2841 1147 2897 anxietatem.
1204 2843 1354 2898 lianc
1409 2860 1543 2900 vero
1609 2846 1936 2917 voluptatem

339 2930 611 2986 neminem
670 2932 728 2985 in
782 2932 883 2985 hac
939 2931 1260 2987 mortalitate
1312 2932 1584 2989 viventem
1634 2951 1753 2991 esse
1810 2946 1938 3007 puto

339 3019 427 3075 vel
463 3019 628 3074 fuisse
659 3020 751 3090 qui
782 3035 921 3089 eam,
953 3028 1009 3074 ut
1030 3028 1109 3075 est
1131 3017 1213 3089 ‘7',
1262 3022 1483 3077 senserit
1534 3025 1619 3079 vel
1676 3033 1936 3097 gustave-

334 3108 427 3175 rit,
458 3115 516 3207 nt
543 3107 691 3163 illius
719 3124 971 3179 saporem
993 3110 1077 3164 vel
1097 3109 1464 3167 habitudinem
1498 3111 1619 3167 aliis
1650 3113 1938 3172 declarare
1966 3149 2017 3212 α

333 3195 523 3267 possit.

882 3286 1101 3343 CAPUT
1140 3288 1274 3342 LVII
1312 3286 1371 3316 ⁴⁷⁴
1382 3330 1393 3342 .

409 3376 491 3430 De
522 3374 742 3431 duabus
763 3376 1210 3432 beatitudinibus
1235 3378 1575 3451 totidemque
1594 3378 1864 3436 miseriis.

407 3463 663 3521 Dicamus
706 3472 886 3519 tamen
944 3464 1151 3534 aliquid
1211 3465 1280 3520 ad
1337 3469 1481 3523 hanc
1535 3468 1939 3528 declarandam.

336 3554 598 3609 Dicamua
623 3552 758 3608 duas
809 3552 1170 3608 beatitudines
1221 3560 1277 3608 et
1330 3554 1460 3609 item
1518 3556 1767 3612 miserias
1817 3574 1939 3614 esse

334 3641 486 3711 duas,
521 3640 783 3711 majorem
814 3640 1065 3696 videlicet
1094 3648 1255 3714 atque
1299 3642 1589 3700 minorem.
1654 3645 1935 3715 Majorem,

333 3745 560 3801 regnum
587 3730 722 3796 Dei;
754 3729 1020 3785 minorem
1068 3746 1217 3798 vero,
1278 3731 1333 3785 in
1392 3749 1497 3803 qua
1551 3733 1725 3789 Adam
1764 3734 1941 3791 fuerat

331 3818 510 3888 primo
541 3819 767 3889 positus,
801 3818 1034 3889 paradisi
1065 3820 1332 3891 gaudium
1364 3821 1620 3877 dicimus.
1654 3824 1787 3878 Item
1819 3840 1940 3879 ma-

329 3907 511 3977 jorem
542 3907 842 3973 miseriam,
874 3915 1137 3963 aeternum
1167 3908 1349 3981 ignem
1394 3912 1696 3983 gehennae;
1753 3913 1938 3968 mino-

334 4012 450 4052 rem
476 4003 675 4063 autem,
708 4011 980 4051 aerumnas
1016 3996 1244 4053 fatemur
1271 3998 1402 4054 vitae
1432 4000 1732 4071 praesentis,
1780 4017 1934 4071 quas,

334 4084 469 4139 dum
527 4084 781 4153 vivimus,
841 4085 1176 4141 incessanter
1228 4086 1485 4156 patimur.
1541 4089 1939 4145 Beatitudinem

337 4172 538 4243 quippe
568 4177 809 4228 neutram
839 4173 1133 4244 aliquando
1157 4176 1361 4246 experti
1418 4192 1621 4232 sumus.
1683 4177 1839 4245 Quod
1895 4176 1939 4232 si

335 4262 527 4318 saltem
559 4261 701 4316 illam
755 4277 975 4332 parvam
1005 4263 1393 4319 beatitudinem
1449 4280 1606 4335 quam
1655 4267 1828 4320 Adam
1884 4267 1940 4320 in

334 4350 593 4422 paradiso
612 4351 815 4421 positus
843 4351 1031 4406 habuit
1075 4351 1280 4424 experti
1328 4368 1592 4422 essemus,
1648 4352 1789 4409 forte
1847 4370 1943 4426 per

333 4439 474 4494 hanc
502 4438 650 4495 illam
681 4439 942 4510 majorem
972 4439 1154 4512 aliquo
1183 4440 1347 4497 modo
1376 4442 1733 4511 conjectando
1757 4442 1943 4500 videre

2044 1872 2187 1923 ossa,
2221 1855 2496 1922 medullae,
2528 1862 2679 1910 extra
2709 1853 2870 1908 etiam
2893 1849 2957 1880 ⁸⁷⁷
2983 1852 3120 1921 ipsa,
3179 1858 3231 1905 et
3260 1856 3455 1905 cuncta
3482 1847 3646 1918 sigil-

2042 1945 2190 1999 latim
2221 1944 2543 2015 singulaque
2574 1943 2824 1998 membra
2855 1956 3063 2005 eorum,
3097 1940 3151 1992 in
3210 1936 3481 1992 communi
3533 1944 3641 1990 tam

2044 2033 2275 2088 mirabili
2305 2032 2680 2089 delectationis
2712 2038 2763 2086 et
2793 2028 3094 2084 dulcedinis
3125 2043 3291 2080 sensu
3348 2024 3643 2095 replebun-

2046 2131 2132 2177 tur
2162 2130 2219 2177 ut
2248 2139 2374 2178 vere
2409 2130 2551 2177 totus
2578 2122 2741 2175 homo
2765 2120 2832 2174 de
2877 2125 3112 2173 torrente
3138 2114 3198 2144 ‘7'
3226 2112 3518 2184 voluptatis
3550 2112 3647 2167 Dei

2042 2219 2260 2282 potetur
2288 2218 2340 2266 et
2370 2209 2440 2265 ab
2468 2209 2709 2263 ubertate
2738 2207 2935 2262 domus
2966 2205 3084 2274 ejus
3113 2202 3412 2257 inebrietur
3470 2201 3646 2265 (Psal.

2045 2317 2210 2363 xxxv,
2247 2302 2321 2368 9).
2356 2300 2560 2354 Verum
2585 2313 2614 2352 e
2637 2294 2927 2363 contrario,
2954 2301 3010 2347 ut
3041 2292 3241 2346 dictum
3259 2288 3648 2357 est,credimus

2042 2389 2110 2444 de
2139 2389 2356 2458 injuste.

2613 2472 2841 2529 CAPUT
2881 2471 3072 2526 LVllI.

2328 2566 2405 2621 De
2439 2564 2794 2635 longcevitate
2824 2564 2879 2616 et
2921 2562 3049 2616 vita:
3068 2558 3360 2614 brevitate.

2118 2654 2363 2726 Septima
2393 2669 2519 2722 pars
2547 2649 2896 2707 beatitudinis
2924 2656 3007 2702 est
3037 2646 3393 2717 longaevitas;
3416 2644 3649 2700 miseria:

2042 2761 2192 2813 vero,
2226 2744 2354 2798 vitae
2379 2741 2635 2797 brevitas.
2669 2739 2766 2793 Illa
2794 2736 3188 2792 beatitudinem
3237 2734 3503 2805 corporis,
3536 2735 3652 2788 haec

2044 2842 2223 2889 autem
2255 2831 2528 2886 miseriam
2559 2826 2781 2897 perﬁcit.
2816 2826 2966 2879 Tunc
3014 2824 3154 2878 enim
3211 2822 3443 2893 primum
3503 2839 3649 2892 prae-

2042 2924 2215 2978 dictas
2266 2917 2617 2975 beatitudinis
2671 2922 2856 2986 partes
2913 2929 3112 2983 corpus
3195 2911 3397 2966 habere
3455 2917 3648 2981 potest,

2043 3026 2168 3066 cum
2197 3024 2289 3065 eas
2319 3007 2411 3061 diu
2439 3005 2672 3061 retinere
2700 3002 2861 3056 valet.
2894 3002 3033 3055 Nam
3066 3000 3111 3054 si
3140 3014 3233 3054 eas
3263 3014 3450 3054 omnes
3476 2998 3654 3052 babe-

2044 3107 2127 3154 ret
2156 3106 2207 3153 et
2236 3095 2411 3151 statim
2445 3092 2728 3149 moriendo
2759 3090 3047 3156 amitteret,
3083 3087 3216 3157 quid
3247 3103 3337 3141 eas
3388 3086 3491 3139 sibi
3548 3087 3649 3139 ha—

2046 3187 2226 3241 buisse
2254 3183 2565 3255 prodesset?
2586 3178 3085 3250 Atlongaevitatem
3121 3175 3323 3230 habere
3353 3175 3649 3244 perfectam

2044 3290 2153 3330 non
2181 3280 2366 3343 potest
2396 3271 2485 3341 qui
2516 3268 2809 3340 aliquando
2845 3265 3135 3319 moriturus
3197 3270 3300 3317 est.
3358 3261 3651 3330 Quantum-

2044 3363 2175 3417 libet
2205 3361 2349 3417 enim
2376 3359 2523 3414 vivat
2552 3355 2773 3420 diutius,
2806 3351 3080 3408 somnium
3108 3350 3170 3381 ⁸⁷³
3202 3348 3307 3403 sibi
3340 3366 3459 3404 esse
3488 3350 3648 3404 vide-

2047 3460 2131 3507 tur
2160 3448 2304 3522 quod
2335 3447 2622 3513 vixit,cum
2655 3442 2886 3497 moritur
2927 3440 3050 3494 Non
3080 3452 3213 3508 ergo
3247 3437 3646 3509 longaevitatem

2044 3541 2208 3596 homo
2240 3536 2325 3593 hic
2355 3536 2538 3601 habet,
2571 3532 2663 3587 ubi
2692 3529 3019 3603 quandoque
3051 3527 3347 3581 moriturus
3378 3533 3481 3578 est.
3542 3523 3646 3593 Qui

2044 3637 2243 3694 tamen,
2277 3624 2406 3696 quia
2435 3622 2571 3678 mori
2601 3620 2758 3675 citius
2791 3624 2994 3687 posset,
3046 3629 3148 3670 nec
3204 3614 3370 3668 vitam
3431 3613 3653 3668 omnino

2044 3718 2262 3773 brevem
2292 3715 2379 3769 hic
2408 3712 2613 3773 habet;
2648 3710 2705 3763 in
2756 3707 2935 3761 futuro
2992 3712 3172 3759 autem
3238 3708 3329 3757 aut
3382 3702 3643 3773 longissi—

2046 3821 2209 3873 mam,
2241 3807 2336 3860 aut
2362 3802 2528 3858 vitam
2561 3796 2786 3852 habebit
2815 3793 3219 3849 brevissimam.
3255 3791 3309 3845 Si
3346 3790 3487 3845 enim
3512 3790 3653 3845 bene

2045 3894 2238 3949 vixerit
2282 3906 2444 3954 nunc,
2509 3896 2635 3943 tunc
2689 3885 2834 3941 vivet
2889 3889 3148 3953 quantum
3206 3887 3258 3933 et
3314 3880 3478 3946 Deus,
3528 3878 3651 3948 quia

2043 3983 2305 4053 scriptum
2338 3986 2417 4033 est
2442 3976 2503 4006 “°
2539 3995 2549 4030 :
2588 3974 2737 4032 Iusti
2766 3976 2961 4028 autem
2990 3971 3052 4023 in
3083 3972 3423 4040 perpetuum
3456 3968 3647 4021 vivent

2045 4070 2212 4143 (Sap.
2233 4068 2414 4137 v.16).
2456 4066 2510 4122 Si
2541 4079 2673 4118 vero
2704 4061 2846 4115 male
2877 4057 3206 4124 vixerit,non
3239 4055 3346 4109 nisi
3370 4054 3652 4110 moriendo

2045 4140 2232 4214 vivere
2263 4165 2386 4211 tunc
2417 4151 2629 4224 poterit.
2661 4148 2807 4204 Nihil
2839 4161 2971 4218 ergo
3032 4144 3248 4198 brevius
3302 4143 3395 4196 illa
3424 4140 3482 4171 ⁴⁸¹
3516 4142 3647 4207 vita,

2048 4246 2131 4302 cui
2162 4260 2308 4301 mors
2332 4242 2495 4298 fuerit
2519 4254 2739 4309 semper
2759 4237 2971 4306 juncta.
3007 4232 3165 4287 Nunc
3207 4239 3389 4285 autem
3446 4238 3645 4284 notan-

2049 4336 2178 4390 dum
2210 4332 2343 4405 quia
2368 4339 2577 4402 septem
2606 4326 2881 4399 pradictae
2913 4320 3256 4376 beatitudinis
3300 4318 3651 4388 miseriaeque

2050 4435 2231 4496 partes
2258 4422 2328 4477 ad
2357 4436 2555 4490 corpus
2579 4417 2885 4488 pertinent;
2921 4417 3129 4467 caeterae
3178 4423 3329 4477 vero,
3390 4423 3511 4477 qua:
3562 4423 3651 4461 se-

334 4543 635 4599 possemus,
668 4527 811 4584 sicut
842 4545 984 4583 nunc
1005 4529 1059 4583 in
1088 4529 1288 4585 minori
1318 4529 1535 4585 miseria
1566 4532 1697 4600 nati,
1756 4528 1942 4587 nutriti
1970 4505 2026 4568 D
2057 4521 2304 4586 (tuemur.
2334 4510 2403 4565 ad
2434 4509 2691 4600 animam:

334 4619 391 4671 et
419 4616 606 4683 adulti,
639 4616 808 4672 multa
837 4617 907 4673 de
944 4618 1140 4689 majori
1172 4618 1413 4687 miseria,
1448 4621 1657 4690 quoties
1670 4620 1940 4687 volumus,

339 4704 554 4761 edicere
584 4713 633 4762 et
663 4706 965 4776 explanare
993 4706 1256 4763 valemus.
1288 4710 1474 4778 Itaque
1503 4725 1627 4764 cum
1675 4708 1937 4780 voluptas,

337 4791 409 4847 de
466 4809 573 4864 qua
630 4794 863 4867 agimus,
915 4803 1123 4851 constet
1176 4812 1293 4852 esse
1348 4814 1455 4852 una
1510 4796 1687 4868 portio
1716 4814 1941 4854 summae

338 4881 706 4951 beatitudinis,
741 4898 848 4953 quo
876 4883 1024 4938 illam
1055 4884 1215 4940 modo
1245 4885 1594 4956 explicemus,
1644 4891 1699 4941 ut
1752 4887 1939 4957 capia-

2658 4591 2878 4648 CAPUT
2918 4587 3055 4643 LIX.

2423 4707 2495 4761 De
2523 4702 2809 4775 sapientia
2840 4700 2897 4753 et
2924 4692 3281 4765 insipientia.

2123 4796 2328 4852 Octava
2358 4796 2540 4864 itaque
2570 4805 2697 4861 pars
2725 4781 3080 4842 beatitudinis
3110 4781 3179 4836 ad
3208 4780 3451 4836 animam
3507 4796 3645 4851 per-

2050 4885 2270 4940 tinentis
2296 4882 2361 4911 ‘"
2382 4889 2462 4938 est
2516 4878 2818 4951 sapientia;
2874 4870 3108 4929 miseriae
3138 4885 3286 4937 vero,
3320 4869 3648 4940 insipientia.

1639 5010 1869 5067 VARIE
1921 5008 2327 5066 LECTIONES.
2371 5002 2376 5007 ’

365 5201 375 5210 .
405 5131 467 5161 “’
508 5131 1377 5200 Vicissitudinis,immutabilitatis
1391 5134 1708 5189 ms.Vict.et
1727 5134 2014 5191 Edit.Cot.
2041 5126 3085 5253 vicissitudinis,mutabilitatis."°guod
3112 5131 3154 5185 si
3170 5129 3333 5186 etiam
3348 5131 3644 5199 mss.Quod

365 5202 585 5253 ietiam.
616 5200 679 5232 ⁴⁷ι
712 5205 945 5253 Vertitur
959 5220 1064 5253 ms.
1092 5206 1152 5253 A.
1188 5208 1239 5253 1.
1278 5203 1421 5253 Vict.
1458 5207 1521 5253 13
1545 5208 1602 5253 et
1652 5205 1800 5253 Edit-
1856 5207 1970 5253 Col-
1997 5205 2352 5253 convertitur.
2380 5202 2451 5233 ⁸⁷³
2481 5205 2584 5253 Aut
2612 5202 2667 5253 in
2692 5202 2933 5253 omnimn
2976 5215 3007 5253 a
3036 5203 3314 5253 voluntate
3342 5211 3516 5253 erunt-
3542 5205 3636 5253 aut

334 5201 379 5256 si
401 5202 585 5257 etiam.
616 5200 679 5232 ‘7‘
712 5205 945 5259 Vertitur
959 5220 1064 5260 ms.
1092 5206 1152 5260 A.
1188 5208 1239 5258 1.
1278 5203 1421 5259 Vict.
1458 5207 1521 5256 13
1545 5208 1602 5259 et
1651 5205 1800 5260 Edit.
1856 5207 1970 5262 Col.
1997 5205 2352 5260 convertitur.
2380 5202 2451 5233 ⁸⁷³
2481 5205 2584 5255 Aut
2612 5202 2667 5255 in
2692 5200 3007 5258 omnimoda
3036 5203 3314 5271 voluptate
3342 5211 3516 5263 erunt.
3542 5205 3636 5256 aut

333 5287 469 5326 mss.
496 5276 565 5344 A.
606 5280 696 5328 aut
727 5275 1025 5344 voluptate.
1059 5279 1148 5328 aut
1171 5291 1278 5329 ms.
1300 5275 1425 5344 ,Viot
1453 5279 1509 5329 et
1539 5276 1693 5330 Edit.
1729 5275 1847 5331 σοι.
1881 5283 1973 5330 aut
2002 5276 2056 5329 in
2084 5274 2399 5331 omnimodo
2421 5274 2698 5344 voluptate
2728 5271 3067 5341 sunt."”Qui
3094 5288 3222 5344 eum
3239 5280 3296 5327 ut
3318 5281 3401 5326 est
3427 5289 3562 5328 mss.
3597 5276 3655 5327 et

336 5344 495 5398 Edit.
537 5343 650 5399 Col.
684 5345 771 5414 qui
796 5340 939 5407 eam,
974 5353 1031 5399 ut
1059 5352 1155 5399 est.
1189 5347 1250 5376 ‘7‘
1282 5343 1359 5415 In
1395 5362 1501 5399 ms.
1557 5345 1622 5399 S.
1673 5347 1862 5401 Germ.
1890 5349 1950 5401 Α.
2006 5349 2055 5399 1.
2108 5348 2396 5415 integrum
2440 5340 2567 5399 hoc'
2591 5340 3108 5414 Caputomittitur.
3139 5340 3395 5415 ‘7§__Forte
3424 5358 3656 5415 agamus

331 5430 438 5468 ms.
485 5415 617 5470 Vict.
652 5411 717 5470 et
734 5415 1036 5488 Εάἱιτηβοι.
1072 5416 1210 5488 forte
1235 5414 1367 5469 illud
1397 5431 1646 5488 agamus.
1672 5416 1733 5445 ⁸⁷⁸
1766 5418 2208 5484 Conjecturamus
2234 5411 2339 5488 ins.
2372 5419 2427 5471 et
2444 5415 2602 5488 ﬁdit.
2627 5411 2740 5471 σοι.
2762 5415 3152 5488 copjectamus.
3176 5411 3436 5488 ‘7"__E_xtra
3467 5411 3650 5488 etiam

334 5500 469 5540 mss.
497 5494 645 5566 extra
671 5484 941 5566 etiam..‘_"_"
968 5488 1146 5566 Domo
1176 5486 1243 5540 de
1273 5483 1510 5566 torrente
1533 5488 1806 5566 ins-Wet.
1828 5483 1887 5543 et
1906 5490 2055 5566 fidit.
2092 5488 2205 5544 Col.
2241 5486 2405 5541 homo
2425 5486 2493 5566 de
2516 5494 2770 5566 torrente.
2803 5483 2871 5566 ⁴ῖ⁹⁷
2898 5485 3183 5566 Somnium
3213 5483 3466 5566 sibi‘mst
3494 5483 3648 5566 εμὲ

335 5555 550 5628 somnia
578 5556 685 5628 sibi
715 5572 821 5613 ms.
856 5557 1000 5613 Vict.
1036 5559 1103 5612 13
1126 5571 1388 5628 somnum,
1409 5558 1533 5614 sibi.
1561 5558 1623 5628 ⁴Ῠ⁰
1658 5558 1814 5613 Unde
1845 5560 2111 5628 scriptum
2141 5566 2221 5612 est
2266 5574 2373 5613 ms.
2429 5555 2575 5613 Vict.
2636 5560 2700 5611 13
2758 5557 2884 5626 quia
2942 5556 3201 5628 scriptum
3260 5560 3365 5608 est.
3408 5552 3471 5628 ‘f‘
3498 5551 3655 5628 Nihil

332 5625 554 5684 brevius
586 5626 683 5683 illa
714 5644 847 5685 mss.
870 5633 926 5685 et
943 5628 1089 5685 Edit.
1120 5629 1234 5687 Col.
1263 5627 1395 5684 nihil
1426 5644 1559 5703 ergo
1590 5627 1805 5685 brevius
1831 5628 1940 5685 illa.
1959 5621 2118 5685 ""Ad
2147 5628 2381 5686 animam
2398 5629 2671 5701 pertinens
2698 5621 2906 5684 ms.A.t
2926 5626 3019 5682 .ad
3036 5621 3277 5681 animam
3299 5621 3643 5696 pertinentis.
