4046 6076
381 321 484 378 635

1284 320 1600 376 EADMERI
1635 319 1947 378 MONALIHI
1979 319 2536 377 CANTUARIENSIS

3593 321 3696 374 636

384 445 536 502 Illam
569 448 768 504 habere
799 450 1008 518 hacque
1055 461 1236 502 carere
1293 461 1355 501 se
1416 447 1578 502 homo
1628 445 1880 512 aestimat,
1942 445 1986 498 si
2017 443 2189 513 Atia,
2251 445 2410 512 plena
2462 443 2728 512 remissio,
2788 460 2976 502 secura
3034 447 3278 502 omnium
3332 442 3693 502 offensionum

387 537 517 605 quid
548 538 830 607 agnoverit
857 537 1000 605 quod
1033 536 1168 590 alius
1196 535 1416 590 nesciat.
1451 536 1557 590 Sed
1585 551 1705 605 quae
1736 542 1816 588 est
1874 535 1993 604 ejus

387 625 649 694 sapientia
681 627 770 698 qui
797 626 1038 696 seipsum
1073 625 1290 694 ignorat
1320 625 1346 677 ‘?
1379 623 1512 692 Quis
1558 624 1699 678 enim
1757 622 1994 694 perfecte

388 728 683 786 agnoscere
742 715 920 769 valeat
971 713 1272 783 cujusmodi
1331 730 1417 767 res
1469 713 1538 766 sit
1593 713 1776 767 anima
1833 713 1992 765 sua?

387 801 585 868 Quisve
635 802 784 856 novit
840 803 997 872 quale
1053 802 1120 856 sit
1171 817 1372 872 corpus
1430 802 1549 872 ejus
1605 801 1848 867 interius,
1909 801 1994 854 vel

386 890 543 959 quale
571 891 856 959 posterius,
889 891 974 944 vel
1006 892 1170 944 etiam
1200 890 1438 944 exterius
1458 891 1486 942 ‘?
1535 889 1674 958 Quia
1723 901 1905 943 tamen
1936 895 1991 942 et

385 995 440 1032 se
481 985 533 1032 et
587 979 695 1032 alia
751 995 968 1050 quoquo
1021 980 1184 1034 modo
1243 995 1570 1051 cognoscere
1626 985 1824 1049 potest,
1883 991 1992 1030 non

385 1064 605 1119 omnino
636 1067 898 1137 insipiens
929 1077 1026 1121 est.
1063 1069 1260 1122 Verum
1293 1069 1347 1121 in
1379 1068 1580 1131 futuro,
1615 1075 1705 1120 aut
1752 1065 1993 1136 perfecte

385 1151 600 1222 sapiens
629 1163 716 1208 aut
747 1156 968 1210 omnino
995 1156 1093 1209 erit
1126 1156 1403 1226 insipiens.
1460 1155 1741 1225 Sapientia
1805 1153 1990 1225 igitur,

383 1257 544 1310 quam
577 1257 765 1298 omnes
795 1243 849 1299 in
907 1245 1006 1300 hac
1063 1247 1168 1298 vita
1218 1261 1326 1300 non
1385 1245 1642 1298 inutiliter
1699 1251 1877 1298 amant
1905 1240 1987 1298 ⁸⁸³,

387 1339 534 1384 tanta
563 1331 614 1384 in
648 1332 822 1386 futura
853 1333 960 1386 vita
992 1333 1148 1388 bonis
1179 1334 1281 1388 erit
1308 1341 1366 1387 ut
1417 1348 1604 1386 eorum
1675 1348 1796 1403 qua:
1852 1331 1992 1384 scire

383 1418 616 1473 voluerit
645 1419 777 1474 nihil
811 1422 879 1475 sit
910 1422 1057 1492 quod
1089 1422 1366 1493 ignorent.
1400 1423 1578 1477 Bonus
1607 1421 1748 1475 enim
1806 1420 1988 1489 perfe-

384 1514 488 1572 cta,
549 1523 669 1579 quae
733 1511 870 1564 Deus
929 1519 1009 1564 est
1064 1511 1328 1581 sapientia
1383 1509 1701 1580 replebitur,
1761 1521 1992 1578 eamque

385 1593 526 1648 facie
558 1596 626 1650 ad
657 1597 845 1652 faciem
880 1598 1189 1654 intuebitur.
1223 1599 1396 1668 Quam
1454 1599 1581 1652 dum
1640 1597 1713 1650 ita
1768 1611 1992 1665 perspe-

387 1686 548 1748 xerit,
583 1695 842 1742 creaturae
897 1687 1060 1742 totius
1107 1697 1346 1742 naturam
1403 1686 1608 1741 videbit
1647 1687 1727 1752 ‘3‘,
1761 1700 1881 1754 quae
1936 1683 1991 1736 in

391 1771 507 1826 Deo
539 1773 731 1827 melius
762 1791 923 1846 quam
985 1775 1037 1829 in
1098 1776 1283 1845 seipsa
1338 1775 1596 1830 consistit.
1657 1775 1805 1828 Tunc
1845 1772 1990 1827 enim

380 1859 514 1927 justi
546 1870 734 1916 cuncta
764 1863 938 1918 scient
969 1881 1090 1935 quae
1119 1866 1264 1918 Deus
1294 1864 1416 1919 fecit
1465 1863 1702 1929 scienda,
1764 1870 1870 1915 tam
1929 1877 1991 1914 ea

389 1963 508 2016 quat
539 1951 821 2018 praeterita
853 1962 973 2006 sunt
1005 1969 1166 2022 quam
1197 1969 1261 2008 ea
1291 1970 1410 2022 qua:
1472 1950 1815 2022 postmodum
1870 1955 1994 2003 sunt

383 2035 578 2090 futura.
615 2039 690 2092 Ibi
723 2055 752 2092 a
783 2039 1012 2111 singulis
1042 2057 1249 2105 omnes,
1284 2041 1356 2094 ibi
1388 2041 1456 2094 ab
1489 2039 1743 2094 omnibus
1790 2037 1992 2109 singuli

384 2133 802 2195 cognoscentur.
835 2131 950 2184 Nec
982 2146 1308 2200 quemquam
1359 2130 1580 2183 omnino
1639 2127 1825 2182 latebit
1882 2138 1992 2198 qua

385 2213 578 2281 patria,
614 2233 716 2286 qua
748 2225 931 2288 gente,
965 2235 1071 2287 qua
1100 2222 1266 2288 stirpe
1291 2217 1412 2289 quis
1442 2217 1618 2272 editus
1665 2214 1842 2283 fuerii,
1902 2231 1968 2268 ve

387 2301 514 2370 quid
550 2303 711 2359 etiam
745 2305 798 2359 in
832 2305 935 2360 vita
966 2323 1063 2360 sua
1093 2307 1299 2361 fecerit.

950 2396 1173 2452 CAPUT
1211 2396 1409 2450 LX‘”.

496 2483 646 2549 Quod
674 2490 914 2554 peccata
944 2486 1301 2555 singulorum
1331 2484 1570 2554 singulis
1583 2487 1842 2555 pateant.

455 2569 552 2624 llic
584 2571 834 2627 fortassis
864 2573 1065 2643 aliquis
1096 2575 1171 2627 ait
1202 2591 1212 2624 :
1276 2572 1420 2640 Quid
1450 2580 1533 2626 est
1564 2572 1709 2626 hoc?
1765 2573 1984 2627 Peccata

389 2672 510 2726 quae
543 2658 666 2727 feci,
701 2662 870 2715 scient
899 2663 1132 2716 omnes?
1179 2661 1258 2714 Ad
1290 2663 1392 2716 hoc
1421 2677 1485 2714 ea
1534 2661 1814 2716 confessus
1868 2677 1984 2714 sum

385 2753 440 2795 ut
471 2745 780 2802 delerentur
819 2757 871 2802 et
926 2749 1392 2817 obliviscerentur,
1451 2758 1508 2803 ut
1563 2749 1695 2803 nulli
1753 2749 1985 2820 amplius

385 2831 765 2897 penderentur.
800 2836 964 2889 Bene.
1007 2836 1112 2890 Sed
1140 2852 1260 2891 cum
1294 2845 1346 2890 tu
1395 2837 1451 2889 in
1506 2836 1598 2890 illa
1652 2835 1852 2907 gloria,
1913 2837 1981 2890 ab

387 2921 532 2972 omni
566 2920 854 2976 criminum
883 2925 1044 2978 sorde
1074 2933 1357 2995 purgatus,
1388 2923 1557 2978 vultui
1585 2925 1683 2978 Dei
1734 2941 1980 2993 praesens

385 3009 642 3075 astiteris,
674 3011 987 3080 ingratusne
1019 3013 1064 3066 ei
1098 3012 1304 3083 poteris
1333 3029 1451 3066 esse
1480 3029 1577 3083 pro
1607 3017 1755 3067 tanta
1809 3013 1976 3068 mise-

383 3097 620 3152 ricordia
653 3115 812 3169 quam
843 3101 938 3154 tibi
969 3100 1112 3167 fecit,
1147 3101 1388 3156 remissis
1414 3101 1520 3156 illis
1567 3106 1623 3157 et
1668 3101 1774 3156 illis
1832 3103 1973 3156 deli-

2102 532 2396 604 impunitas
2426 533 2518 588 tibi
2561 542 2708 591 certo
2739 535 2985 590 arriserit
3010 533 3110 600 "',
3139 535 3437 608 recognitio
3486 532 3573 589 vel
3603 547 3689 588 re-

2102 622 2342 678 cordatio
2379 632 2723 692 peccatorum
2781 632 2996 678 tuorum
3051 623 3105 677 in
3165 625 3310 679 nullo
3367 623 3463 678 tibi
3518 620 3696 694 magis

2101 710 2309 764 horrori
2340 727 2456 766 esse
2480 713 2566 767 vel
2597 712 2897 766 confusioni
2931 713 3138 766 valebit
3181 729 3342 783 quam
3397 720 3474 766 est
3533 711 3697 764 modo

2100 799 2260 854 beato
2313 801 2469 854 Petro
2531 801 2893 872 apostolorum
2948 801 3202 872 principi,
3263 802 3352 872 qui
3428 799 3695 854 Christum

2100 889 2341 959 negavit,
2375 889 2663 961 abnegatio
2694 907 2790 945 sua
2820 888 2902 956 ‘”,
2936 890 3111 946 beata:
3143 890 3328 944 Mariae
3359 888 3695 959 Magdalena

2101 984 2326 1046 peccata
2355 994 2466 1047 sua,
2503 986 2554 1032 et
2585 978 2768 1032 multis
2798 979 2920 1032 aliis
2950 979 3135 1045 multa,
3197 993 3316 1049 qua:
3371 984 3692 1048 sequuntur,

2095 1064 2208 1133 jam
2237 1065 2688 1138 donata_crimina
2713 1083 2827 1122 sua.
2880 1068 3076 1122 Verum
3135 1083 3298 1136 super
3347 1067 3449 1120 hoc
3498 1063 3698 1137 agnitis

2099 1151 2307 1207 delictis
2338 1155 2462 1219 tuis,
2497 1156 2643 1210 velut
2670 1154 2732 1184 ⁶⁹¹
2765 1157 2817 1209 in
2850 1157 3056 1210 enormi
3089 1171 3154 1211 ac
3212 1156 3354 1209 fieda
3385 1153 3697 1208 inﬁrmitate

2101 1248 2190 1295 tua
2218 1240 2300 1309 "’,
2335 1243 2524 1314 pietas,
2565 1245 2754 1310 virtus,
2789 1245 3054 1315 sapientia
3086 1244 3279 1299 medici
3299 1244 3450 1315 quite
3467 1243 3692 1310 sanavit,

2100 1329 2385 1385 sublimius
2414 1348 2444 1385 a
2473 1334 2678 1388 cunctis
2707 1333 3078 1399 admirabitur,
3113 1332 3436 1398 laudabitur,
3478 1329 3692 1402 magni-

2099 1417 2366 1472 ficabitnr.
2402 1421 2550 1475 Laus
2579 1430 2754 1477 autem
2787 1431 2839 1477 et
2870 1421 3276 1494 magnificentia
3326 1420 3514 1492 gloriae
3571 1419 3692 1485 Dei,

2101 1513 2212 1570 tua,
2249 1508 2292 1560 si
2326 1507 2463 1563 bene
2513 1511 2765 1577 advertis,
2815 1511 2990 1581 gloria
3046 1518 3148 1564 est.
3210 1510 3318 1565 Sed
3377 1508 3572 1563 dices:
3627 1507 3696 1561 Et

2100 1595 2315 1663 quidem
2347 1599 2628 1652 consentio
2650 1599 2866 1653 laudem
2898 1600 2993 1654 Dei
3027 1599 3262 1670 gloriam
3304 1613 3416 1652 esse
3475 1611 3648 1651 meam
3677 1613 3692 1659 ;

2099 1699 2309 1752 verum,
2343 1701 2472 1739 cum
2505 1687 2632 1741 hinc
2661 1687 2785 1742 inde
2816 1695 2891 1741 tot
2911 1696 2963 1742 et
2995 1687 3142 1754 tanti,
3180 1687 3247 1741 ad
3279 1687 3383 1740 mei
3412 1699 3696 1754 compara-

2100 1769 2324 1837 tionem,
2358 1774 2669 1829 innocentes
2699 1776 2982 1846 prodeant,
3015 1775 3126 1844 qui,
3161 1774 3513 1829 consideratis
3570 1773 3694 1827 vitae

2103 1875 2239 1914 meae
2269 1861 2710 1931 obscenitatibus,
2743 1881 2828 1918 me
2859 1866 3098 1932 omnino,
3132 1864 3268 1918 sicut
3298 1878 3508 1933 aequum
3565 1862 3688 1926 erit,

2105 1949 2308 2003 horrori
2357 1951 2666 2006 habendum
2721 1953 2987 2020 judicent,
3023 1953 3153 2024 quid
3209 1952 3433 2006 dicam?
3479 1950 3691 2007 Justitia

2101 2053 2296 2107 nempe
2325 2056 2500 2106 suum,
2532 2050 2584 2094 et
2613 2058 2768 2094 suum
2830 2042 3090 2111 injustitia
3149 2041 3427 2111 praemium
3484 2039 3679 2110 exigit.

2101 2125 2160 2178 In
2190 2127 2292 2192 his,
2327 2129 2510 2196 frater,
2543 2130 2669 2185 nolo
2702 2131 2922 2191 timeas;
2970 2131 3125 2184 aliter
3178 2130 3317 2183 enim
3377 2130 3477 2183 erit
3534 2141 3693 2197 quam

2100 2217 2404 2272 existimas.
2441 2218 2593 2272 Illum
2623 2219 2893 2290 siquidem
2926 2217 2988 2246 ‘”
3012 2236 3172 2290 quem
3202 2228 3254 2272 tu
3286 2219 3381 2272 tibi
3404 2233 3694 2286 compara-

2099 2313 2209 2359 tum
2238 2307 2454 2375 judicas
2482 2307 2849 2372 innocentem,
2883 2310 3101 2378 penitus
3132 2324 3238 2362 non
3269 2307 3343 2360 ibi
3373 2306 3610 2375 reperies
3627 2305 3694 2360 de

2099 2403 2148 2449 te
2178 2396 2641 2464 quemadmodum
2691 2406 2848 2466 putas
2905 2397 3245 2452 sentientem.
3303 2397 3549 2465 Namque
3605 2393 3692 2446 vi-

2099 2484 2232 2537 dens
2260 2481 2321 2511 "‘
2351 2485 2464 2551 ille,
2497 2485 2565 2540 de
2586 2501 2692 2555 quo
2724 2487 2863 2558 agis,
2894 2487 3055 2556 plane
3095 2485 3346 2556 intelligit
3377 2492 3426 2537 te
3483 2498 3691 2553 nequa-

2097 2589 2259 2642 quam
2289 2573 2350 2602 ‘"
2381 2590 2461 2640 se,
2494 2575 2588 2627 sed
2619 2576 2812 2639 Deum,
2847 2575 3061 2646 quando
3091 2574 3346 2643 peccasti,
3379 2570 3690 2626 offendisse.

2095 2662 2227 2717 Cum
2255 2678 2387 2734 ergo
2420 2663 2612 2718 viderit
2644 2665 2814 2718 Deum
2849 2665 2938 2717 tibi
2968 2663 3147 2718 debita
3180 2661 3416 2717 funditus
3447 2659 3693 2715 dimisis-

2092 2766 2172 2816 se,
2228 2767 2332 2806 nec
2386 2751 2441 2805 in
2497 2769 2590 2806 cor
2646 2752 2903 2807 ascendet
2959 2761 3014 2806 ut
3073 2759 3126 2806 te
3183 2752 3307 2806 inde
3351 2750 3691 2820 aliquatenus

2084 2839 2318 2907 judicet.
2360 2841 2419 2894 In
2452 2841 2555 2896 hoc
2584 2841 2726 2896 enim
2758 2843 2895 2912 ipso“
2912 2842 3081 2895 Deum
3095 2839 3368 2895 offendere
3396 2855 3454 2893 se
3483 2853 3694 2910 cogno—

2088 2937 2279 2995 sceret,
2311 2929 2358 2982 si
2389 2937 2459 2996 te,
2493 2931 2606 2985 Deo
2637 2946 2733 3001 per
2761 2931 2937 2984 omnia
2968 2929 3392 2994 reconciliatum,
3450 2942 3551 2998 pro
3606 2926 3695 2980 his

2086 3033 2208 3088 quae
2237 3016 2364 3071 olim
2396 3017 2606 3074 feceras
2635 3019 2900 3073 ullatenus
2929 3017 3377 3074 contemnendum
3399 3016 3688 3088 cogitaret.

2085 3105 2258 3177 Magis
2285 3114 2463 3160 autem
2494 3107 2787 3176 gratiosus,
2821 3106 3150 3162 ineffabilem
3199 3107 3297 3161 Dei
3347 3105 3692 3160 clementiam

384 3186 483 3240 ctis
505 3187 533 3240 ‘3
561 3187 703 3255 Non,
738 3189 966 3260 inquies.
1000 3191 1067 3245 Et
1100 3190 1260 3256 unde,
1294 3190 1532 3260 inquam,
1584 3191 1790 3262 gratias
1847 3206 1980 3263 ages
2005 3167 2056 3229 Ct
2092 3193 2459 3259 admirabitur,
2491 3210 2601 3247 non
2630 3195 2806 3249 solum
2837 3194 2890 3248 in
2922 3203 2974 3249 te
3004 3195 3087 3258 ‘°',
3121 3195 3214 3249 sed
3274 3193 3439 3248 etiam
3489 3193 3544 3245 in
3599 3207 3685 3246 se.

382 3272 465 3342 “‘,
499 3275 541 3328 si
575 3275 714 3330 nihil
747 3293 932 3332 eorum
965 3279 1109 3334 unde
1134 3280 1258 3348 jure
1286 3279 1490 3349 gratias
1519 3279 1642 3334 illas
1671 3280 1875 3334 debeas
1931 3281 1985 3334 in

386 3372 472 3416 tua
507 3366 769 3422 memoria
798 3366 1055 3422 habeas?
1113 3369 1179 3423 Ut
1207 3368 1372 3439 igitur
1426 3368 1478 3422 in
1536 3367 1787 3422 laudibus
1845 3369 1985 3423 illius

386 3453 723 3508 aeternaliter
744 3455 1078 3524 jucunderis,
1110 3473 1326 3526 semper
1353 3457 1422 3512 de
1451 3466 1649 3527 quanta
1676 3458 1894 3512 miseria
1911 3458 1985 3513 sis

381 3548 582 3607 erutus,
617 3551 674 3596 ut
703 3552 852 3613 puto,
885 3559 1070 3598 coram
1099 3545 1350 3598 habebis.
1412 3546 1542 3600 Cum
1575 3561 1706 3617 ergo
1735 3546 1981 3618 singulo-

382 3644 499 3681 rum
531 3630 876 3686 conscientiaa
907 3632 1140 3703 singulis
1153 3634 1554 3702 pateant,fateri
1576 3634 1749 3690 audeo
1769 3650 1833 3689 ea
1854 3650 1983 3704 quo-

383 3733 490 3786 que
519 3716 579 3744 “7
609 3727 834 3786 peccata
864 3719 1074 3774 cunctis
1105 3719 1398 3775 electorum
1431 3730 1617 3792 patere
1634 3739 1732 3793 pro
1755 3739 1981 3794 quorum

385 3805 663 3860 curatione
697 3813 749 3859 tu
783 3808 899 3861 Deo
933 3808 1201 3878 gratiosus
1231 3809 1432 3863 existes
1489 3810 1723 3878 assidue,
1752 3827 1860 3867 non
1915 3813 1984 3868 ad

385 3901 530 3946 tuam
565 3894 960 3962 confusionem,
992 3895 1085 3948 sed
1118 3895 1185 3950 ad
1217 3913 1473 3968 magnam
1527 3899 1625 3953 Dei
1672 3901 1984 3956 misericor-

387 3980 554 4049 diam,
587 3982 820 4054 ejusque
849 3983 1297 4056 gloriﬁcationem
1332 3996 1583 4058 tuamque
1629 3989 1980 4061 congratula-

388 4069 609 4124 tionem.
642 4073 763 4126 Non
794 4073 936 4127 enim
969 4081 1091 4128 tunc
1123 4089 1224 4143 pro
1255 4076 1494 4144 peccatis
1545 4079 1650 4131 tuis
1705 4088 1756 4132 te
1813 4079 1986 4149 major

387 4160 632 4229 angustia
663 4161 843 4215 cordis
875 4170 1083 4230 premet
1111 4163 1450 4219 scelerumve
1475 4173 1684 4220 tuorum
1715 4169 1894 4240 magis
1920 4164 1980 4195 ⁴⁸⁸

389 4248 613 4316 pudebit
643 4265 805 4320 quam
834 4249 1099 4320 aliquem,
1129 4251 1256 4305 olim
1287 4254 1503 4324 magnis
1530 4255 1849 4310 vulneribus
1864 4274 1980 4311 sau-

385 4335 591 4391 ciatum
617 4340 846 4408 jamque
877 4354 945 4392 ex
982 4337 1130 4394 omni
1164 4349 1318 4408 parte
1347 4350 1612 4410 sanatum,
1644 4344 1827 4399 aboliti
1859 4346 1980 4400 lan-

387 4426 573 4496 guoris
601 4427 851 4482 molestia
883 4428 1098 4498 premit.
1134 4428 1231 4482 Vel
1262 4430 1505 4500 nunquid
1530 4447 1716 4486 eorum
1757 4451 1878 4504 quae
1929 4435 1982 4489 in

2095 3281 2153 3334 In
2186 3289 2256 3348 te,
2290 3282 2416 3352 quia
2449 3290 2498 3337 te
2519 3282 2586 3336 de
2623 3289 2732 3337 tam
2785 3282 3054 3353 profundo
3111 3281 3406 3352 iniquitatis
3457 3279 3687 3351 eripuit;

2092 3369 2146 3422 in
2176 3385 2253 3436 se,
2287 3372 2413 3440 quia
2445 3371 2561 3426 sola
2593 3372 2770 3443 gratia
2801 3373 2940 3440 ejus,
2967 3388 3033 3427 ne
3063 3371 3116 3425 in
3166 3371 3308 3425 idem
3362 3369 3690 3440 profundum

2091 3466 2290 3526 rueret,
2327 3459 2491 3513 tenuit
2519 3476 2596 3514 se.
2631 3461 2923 3514 Laudando
2981 3461 3170 3532 igitur,
3205 3457 3577 3530 magniﬁcabit
3633 3456 3690 3509 in

2093 3555 2164 3614 te,
2195 3556 2316 3616 post
2345 3549 2577 3619 gratiam
2609 3549 2733 3615 Dei,
2769 3548 2877 3602 vim
2908 3555 3071 3618 atque
3127 3547 3504 3612 constantiam,
3564 3543 3688 3614 qui-

2089 3635 2189 3688 bus
2219 3636 2428 3690 enitens
2457 3637 2776 3708 voraginem
2811 3637 2940 3691 tanti
2982 3637 3111 3691 mali
3169 3637 3398 3692 viriliter
3448 3633 3686 3700 evasisti,

2084 3726 2239 3794 juxta
2298 3741 2480 3794 quam,
2537 3725 2683 3797 quod
2717 3733 2770 3781 et
2796 3725 2863 3754 ""
2887 3727 3008 3796 ipse
3059 3724 3444 3790 considerabit,
3500 3723 3602 3777 nisi
3657 3737 3690 3776 a

2089 3814 2205 3868 Deo
2261 3813 2480 3883 adjutus
2536 3814 2747 3880 fuisset,
2807 3831 2912 3869 non
2963 3815 3036 3869 ita
3091 3814 3315 3870 forsitan
3346 3814 3449 3868 iter
3467 3811 3692 3882 justitiae

2087 3901 2371 3956 tenuisset.
2409 3901 2574 3956 Vides
2605 3903 2767 3972 igitur
2795 3919 2955 3972 quam
2994 3903 3125 3956 nihil
3159 3902 3320 3957 habet
3374 3899 3690 3971 improperii

2090 3991 2311 4060 vulgata
2359 3991 2597 4061 cognitio
2653 3993 2862 4060 peccati
2921 3992 3015 4057 tui,
3074 3993 3184 4046 imo
3241 4005 3401 4060 quam
3463 3988 3687 4042 multum

2088 4079 2260 4133 laudis
2289 4088 2342 4134 et
2369 4080 2667 4150 gratiarum
2699 4080 2915 4151 cognita
2948 4080 3197 4135 remissio
3250 4079 3330 4134 sui
3377 4077 3682 4150 generabit.

2653 4168 2875 4225 CAPUT
2897 4169 3014 4223 LXI
3034 4167 3116 4221 “'.

2180 4257 2489 4313 Attercatio
2511 4259 2664 4312 inter
2681 4257 2965 4312 hominem
2978 4260 3204 4329 justum
3226 4262 3281 4313 et
3311 4259 3598 4328 angelum.

2162 4346 2267 4415 Ipsi
2293 4345 2453 4400 etiam
2480 4345 2680 4417 angeli,
2712 4345 2757 4398 si
2781 4354 2829 4399 te
2860 4345 3115 4401 societate
3145 4345 3224 4400 sui
3248 4355 3471 4417 propter
3490 4361 3688 4417 pecca-

2096 4443 2152 4488 ta
2183 4443 2272 4488 tua
2301 4433 2583 4505 indignum
2615 4433 2811 4489 vellent
2846 4435 3118 4504 judicare,
3177 4435 3408 4490 haberes
3463 4435 3690 4506 qualiter

385 4515 537 4568 cunis
562 4517 770 4584 positus
799 4515 974 4570 infans
998 4525 1189 4587 egerat
1215 4532 1360 4572 nunc
1389 4498 1740 4589 grandmvum
1770 4498 1982 4592 pudet?
2013 4498 2065 4558 D
2096 4531 2281 4580 contra
2309 4538 2404 4578 eos
2420 4498 2542 4590 jure
2573 4530 2624 4577 te
2653 4537 2841 4592 posses
2895 4523 3206 4578 defensare.
3266 4523 3539 4593 Quonam,
3597 4524 3686 4578 in-

381 4602 527 4658 Tunc
559 4603 776 4674 quippe,
811 4620 934 4658 cum
966 4604 1178 4676 integra
1204 4605 1428 4673 sanitas,
1460 4608 1700 4676 perfecta
1756 4611 1979 4666 mundi-
2091 4613 2228 4682 quis,
2263 4610 2471 4667 modo?
2501 4611 2658 4665 Audi.
2692 4611 2937 4682 Propone
2961 4612 3216 4683 angelum
3245 4612 3480 4683 aliquem
3538 4611 3687 4682 quasi

1683 4815 1911 4872 VARLE
1952 4814 2360 4873 LECTIONES.

450 4961 512 4990 "‘
546 4963 664 5015 Vita
687 4979 794 5018 non
825 4963 1082 5019 inutiliter
1108 4974 1288 5020 amant
1313 4981 1420 5021 ms.
1459 4963 1602 5022 Vict.
1657 4971 1719 5023 l3
1769 4969 1878 5024 vita
1906 4974 2092 5024 amant
2152 4969 2296 5024 Edit.
2346 4970 2460 5026 Col.
2522 4971 2632 5025 vita
2686 4985 2794 5026 non
2857 4971 3067 5026 utiliter
3131 4982 3294 5027 amat.
3364 4971 3425 5001 ‘“
3471 4971 3681 5027 Natura

391 5032 572 5087 vidcbi
603 5050 708 5088 ms.
743 5037 922 5113 11...ιᾷΔ
947 5033 1097 5113 Vict.
1135 5041 1191 5091 et
1211 5037 1358 5113 Edit.
1395 5037 1508 5093 Col.
1542 5046 1785 5113 naturam
1818 5040 2046 5095 videbit.
2077 5037 2139 5067 ⁴³⁵
2168 5042 2258 5096 Ms.
2287 5043 2348 5096 Α.
2388 5044 2440 5094 1.
2474 5042 2770 5113 integrum
2799 5043 2899 5098 hoc
2921 5046 3093 5113 caput
3123 5044 3359 5100 omittit.
3392 5042 3691 5113 “{Gratias

390 5119 557 5173 agens
584 5121 691 5158 ms.
719 5105 943 5183 etEdit.
988 5105 1537 5183 Col._g_ratias_ages._
1562 5106 1623 5136 ⁸⁸⁷
1651 5111 1837 5166 Audeo
1867 5127 1934 5165 eo
1964 5127 2180 5182 quoque
2211 5128 2344 5183 mss.
2380 5117 2436 5183 et
2463 5105 2624 5183 Edit:
2651 5113 2762 5167 Col.
2789 5114 2960 5167 audeo
2989 5105 3076 5168 'ea
3134 5129 3374 5183 quoque.
3410 5111 3471 5140 “‘
3504 5113 3689 5168 Scele-

379 5189 604 5244 rumque
637 5174 810 5245 magis
843 5191 973 5229 mss.
1011 5182 1065 5229 et
1100 5174 1246 5233 Εᾶὶι.
1284 5177 1396 5233 σοι.
1417 5174 1764 5236 scelerumve
1795 5174 2004 5236 tuorum
2038 5174 2240 5245 magis.
2273 5180 2334 5210 "’
2363 5182 2479 5236 Tibi
2502 5190 2649 5236 recto
2681 5183 2834 5237 arris.
2867 5199 3001 5238 mss.
3027 5188 3082 5239 et
3102 5174 3380 5240 Edit.'Col.
3418 5183 3511 5238 tibi
3533 5192 3691 5239 certo

378 5243 638 5319 arriserit.
677 5243 1078 5319 "‘Abuegatio
1111 5264 1206 5302 sua
1236 5265 1338 5303 ms.
1388 5248 1539 5304 Vict.
1577 5251 1640 5305 13
1675 5253 1944 5319 abjuiatio
1977 5269 2092 5306 sua.
2125 5243 2185 5280 δη
2219 5253 2437 5307 Delictis
2467 5253 2568 5306 tuis
2593 5253 2738 5308 velut
2766 5271 2871 5309 ms.
2915 5256 3046 5309 Vict.
3081 5258 3137 5309 et
3196 5255 3341 5310 Edit.
3407 5255 3520 5310 Col.
3582 5255 3689 5310 de-

374 5318 518 5392 lictis
547 5313 810 5392 velut_._‘"
841 5313 1156 5392 Infirmitate
1187 5326 1274 5373 tua
1293 5335 1442 5392 mss.
1480 5323 1611 5376 Vict.
1645 5327 1700 5376 et
1724 5313 1869 5378 Edit.
1908 5323 2022 5377 Col.
2066 5323 2372 5377 infirmitate
2404 5340 2519 5376 sua.
2551 5322 2612 5351 ‘”
2644 5325 2782 5378 Illud
2815 5323 3038 5392 quidem
3067 5342 3176 5380 ms.
3235 5331 3290 5381 ct
3352 5325 3501 5380 Edit.
3561 5325 3685 5381 Col.

381 5387 532 5441 illum
557 5388 868 5467 siquidem;
978 5388 1226 5467 Namque
1254 5389 1442 5444 videas
1470 5407 1580 5446 ms.
1618 5394 1752 5467 Vict,
1781 5395 2026 5467 etEdit.
2083 5393 2196 5448 Col.
2253 5409 2483 5462 namque
2540 5395 2761 5467 videns.
2784 5385 2847 5424 "5
2879 5395 3042 5467 Plane
3070 5396 3322 5467 intelligit
3379 5405 3448 5461 te,
3512 5411 3688 5465 neque

379 5474 512 5513 mss.
557 5460 691 5535 Vict.
726 5463 781 5535 et
813 5457 975 5535 Edit:
1005 5460 1288 5535 gotJ’lane
1321 5477 1664 5532 nequaquam
1694 5457 1960 5535 intelliget
1990 5472 2061 5526 te,
2088 5457 2446 5534 nequaquam.
2476 5465 2673 5520 mNec
2688 5465 2927 5520 solumin
2948 5475 2996 5520 te
3026 5483 3130 5522 ms.
3153 5457 3300 5523 Vict.
3327 5471 3385 5523 et
3402 5457 3682 5522 Εάὶωὸι.

382 5531 692 5608 non_so_lu_m
725 5530 780 5583 in
810 5536 882 5608 te_.
911 5526 973 5608 ⁸⁸⁷(
1000 5531 1162 5608 Juxta
1192 5547 1373 5608 quam,
1399 5526 1452 5588 et
1487 5526 1600 5589 ms.
1645 5536 1780 5591 Vict.
1811 5526 2044 5592 ctVEdit.
2090 5526 2202 5592 Cat.
2233 5526 2391 5606 juxta
2423 5547 2603 5606 quam,
2637 5538 2780 5608 quod
2812 5545 2881 5593 et.
2915 5535 2976 5565 "'
3009 5539 3103 5594 Ms.
3139 5539 3206 5594 Α.
3244 5539 3293 5593 1.
3355 5539 3474 5595 Non
3527 5531 3690 5594 habet

387 5600 504 5656 nisi
532 5601 740 5658 ultima
758 5601 923 5659 verba
953 5602 1122 5674 hujus
1145 5600 1374 5674 capitis.
