  <div class='ocr_page' id='page_1' title='image "/cluster/home/n/w/nwhite01/storage/ocr_20150623/159/hvd.32044054760178/324.png"; bbox 0 0 4046 6076; ppageno 0'>
   <div class='ocr_carea' id='block_1_1' title="bbox 291 296 394 347">
    <p class='ocr_par' dir='ltr' id='par_1_1' title="bbox 291 296 394 347">
     <span class='ocr_line' id='line_1_1' title="bbox 291 296 394 347; baseline 0 0"><span class='ocrx_word' id='word_1_1' title='bbox 291 296 394 347; x_wconf 82' lang='lat'><strong>637</strong></span> 
     </span>
    </p>
   </div>
   <div class='ocr_carea' id='block_1_2' title="bbox 1244 288 2569 351">
    <p class='ocr_par' dir='ltr' id='par_1_2' title="bbox 1244 288 2569 351">
     <span class='ocr_line' id='line_1_2' title="bbox 1244 288 2569 351; baseline -0.006 0"><span class='ocrx_word' id='word_1_2' title='bbox 1244 294 1372 351; x_wconf 85' lang='lat' dir='ltr'><strong>LIB.</strong></span> <span class='ocrx_word' id='word_1_3' title='bbox 1406 294 1499 351; x_wconf 86' lang='lat' dir='ltr'><strong>DE</strong></span> <span class='ocrx_word' id='word_1_4' title='bbox 1529 293 1586 348; x_wconf 90' lang='lat' dir='ltr'><strong>S.</strong></span> <span class='ocrx_word' id='word_1_5' title='bbox 1620 288 1929 348; x_wconf 72' lang='lat' dir='ltr'><strong>ANSELMI</strong></span> <span class='ocrx_word' id='word_1_6' title='bbox 1960 290 2569 348; x_wconf 84' lang='lat' dir='ltr'><strong>SIMILITUDINIBUS.</strong></span> 
     </span>
    </p>
   </div>
   <div class='ocr_carea' id='block_1_3' title="bbox 3500 293 3601 345">
    <p class='ocr_par' dir='ltr' id='par_1_3' title="bbox 3500 293 3601 345">
     <span class='ocr_line' id='line_1_3' title="bbox 3500 293 3601 345; baseline 0.03 -3"><span class='ocrx_word' id='word_1_7' title='bbox 3500 293 3601 345; x_wconf 83' lang='lat'><strong>638</strong></span> 
     </span>
    </p>
   </div>
   <div class='ocr_carea' id='block_1_4' title="bbox 291 415 3591 490">
    <p class='ocr_par' dir='ltr' id='par_1_4' title="bbox 291 415 3591 490">
     <span class='ocr_line' id='line_1_4' title="bbox 291 415 3591 490; baseline -0.001 -18"><span class='ocrx_word' id='word_1_8' title='bbox 291 416 417 472; x_wconf 88' lang='lat' dir='ltr'><strong>talia</strong></span> <span class='ocrx_word' id='word_1_9' title='bbox 442 415 1042 487; x_wconf 89' lang='lat' dir='ltr'><strong>tibiimproperantem:</strong></span> <span class='ocrx_word' id='word_1_10' title='bbox 1075 419 1153 474; x_wconf 91' lang='lat' dir='ltr'><strong>Tu</strong></span> <span class='ocrx_word' id='word_1_11' title='bbox 1182 419 1347 475; x_wconf 91' lang='lat' dir='ltr'><strong>homo</strong></span> <span class='ocrx_word' id='word_1_12' title='bbox 1398 419 1467 474; x_wconf 90' lang='lat' dir='ltr'><strong>de</strong></span> <span class='ocrx_word' id='word_1_13' title='bbox 1523 416 1746 490; x_wconf 88' lang='lat' dir='ltr'><strong>pulvere</strong></span> <span class='ocrx_word' id='word_1_14' title='bbox 1803 416 1891 472; x_wconf 85' lang='lat' dir='ltr'><strong>fa-</strong></span> <span class='ocrx_word' id='word_1_15' title='bbox 1921 416 1976 477; x_wconf 86' lang='lat' dir='ltr'><strong>A</strong></span> <span class='ocrx_word' id='word_1_16' title='bbox 2005 418 2183 475; x_wconf 92' lang='lat' dir='ltr'><strong>solum</strong></span> <span class='ocrx_word' id='word_1_17' title='bbox 2240 415 2517 489; x_wconf 81' lang='lat' dir='ltr'><strong>insipiens,</strong></span> <span class='ocrx_word' id='word_1_18' title='bbox 2578 432 2764 473; x_wconf 82' lang='lat' dir='ltr'><strong>verum</strong></span> <span class='ocrx_word' id='word_1_19' title='bbox 2830 417 3051 472; x_wconf 86' lang='lat' dir='ltr'><strong>omnino</strong></span> <span class='ocrx_word' id='word_1_20' title='bbox 3106 415 3203 472; x_wconf 85' lang='lat' dir='ltr'><strong>ﬁas</strong></span> <span class='ocrx_word' id='word_1_21' title='bbox 3268 422 3319 472; x_wconf 90' lang='lat' dir='ltr'><strong>et</strong></span> <span class='ocrx_word' id='word_1_22' title='bbox 3375 428 3591 470; x_wconf 86' lang='lat' dir='ltr'><strong>amens.</strong></span> 
     </span>
    </p>
   </div>
   <div class='ocr_carea' id='block_1_5' title="bbox 288 504 1896 578">
    <p class='ocr_par' dir='ltr' id='par_1_5' title="bbox 288 504 1896 578">
     <span class='ocr_line' id='line_1_5' title="bbox 288 504 1896 578; baseline -0.001 -16"><span class='ocrx_word' id='word_1_23' title='bbox 288 512 424 574; x_wconf 90' lang='lat' dir='ltr'><strong>ctus,</strong></span> <span class='ocrx_word' id='word_1_24' title='bbox 451 514 505 562; x_wconf 92' lang='lat' dir='ltr'><strong>tu</strong></span> <span class='ocrx_word' id='word_1_25' title='bbox 528 505 705 575; x_wconf 81' lang='lat' dir='ltr'><strong>pulvis</strong></span> <span class='ocrx_word' id='word_1_26' title='bbox 735 504 1026 578; x_wconf 85' lang='lat' dir='ltr'><strong>aliquando</strong></span> <span class='ocrx_word' id='word_1_27' title='bbox 1066 508 1296 577; x_wconf 80' lang='lat' dir='ltr'><strong>futurus,</strong></span> <span class='ocrx_word' id='word_1_28' title='bbox 1356 515 1548 565; x_wconf 90' lang='lat' dir='ltr'><strong>contra</strong></span> <span class='ocrx_word' id='word_1_29' title='bbox 1604 508 1781 562; x_wconf 90' lang='lat' dir='ltr'><strong>Deum</strong></span> <span class='ocrx_word' id='word_1_30' title='bbox 1843 514 1896 561; x_wconf 89' lang='lat' dir='ltr'><strong>te</strong></span> 
     </span>
    </p>
   </div>
   <div class='ocr_carea' id='block_1_6' title="bbox 289 594 1900 667">
    <p class='ocr_par' dir='ltr' id='par_1_6' title="bbox 289 594 1900 667">
     <span class='ocr_line' id='line_1_6' title="bbox 289 594 1900 667; baseline -0.001 -17"><span class='ocrx_word' id='word_1_31' title='bbox 289 594 1097 667; x_wconf 65' lang='lat' dir='ltr'><strong>extulisti,contraprasceptum</strong></span> <span class='ocrx_word' id='word_1_32' title='bbox 1115 597 1259 665; x_wconf 83' lang='lat' dir='ltr'><strong>ejus;</strong></span> <span class='ocrx_word' id='word_1_33' title='bbox 1285 606 1337 652; x_wconf 91' lang='lat' dir='ltr'><strong>et</strong></span> <span class='ocrx_word' id='word_1_34' title='bbox 1368 598 1423 651; x_wconf 89' lang='lat' dir='ltr'><strong>in</strong></span> <span class='ocrx_word' id='word_1_35' title='bbox 1467 610 1690 653; x_wconf 80' lang='lat' dir='ltr'><strong>caenum</strong></span> <span class='ocrx_word' id='word_1_36' title='bbox 1720 595 1900 650; x_wconf 89' lang='lat' dir='ltr'><strong>omnis</strong></span> 
     </span>
    </p>
   </div>
   <div class='ocr_carea' id='block_1_7' title="bbox 287 683 1898 755">
    <p class='ocr_par' dir='ltr' id='par_1_7' title="bbox 287 683 1898 755">
     <span class='ocr_line' id='line_1_7' title="bbox 287 683 1898 755; baseline -0.001 -16"><span class='ocrx_word' id='word_1_37' title='bbox 287 684 502 754; x_wconf 88' lang='lat' dir='ltr'><strong>peccati</strong></span> <span class='ocrx_word' id='word_1_38' title='bbox 533 692 586 739; x_wconf 90' lang='lat' dir='ltr'><strong>et</strong></span> <span class='ocrx_word' id='word_1_39' title='bbox 614 683 974 739; x_wconf 68' lang='lat' dir='ltr'><strong>immunditias</strong></span> <span class='ocrx_word' id='word_1_40' title='bbox 1009 684 1247 739; x_wconf 90' lang='lat' dir='ltr'><strong>tumidus</strong></span> <span class='ocrx_word' id='word_1_41' title='bbox 1276 685 1521 755; x_wconf 88' lang='lat' dir='ltr'><strong>dejecisti</strong></span> <span class='ocrx_word' id='word_1_42' title='bbox 1552 691 1603 739; x_wconf 91' lang='lat' dir='ltr'><strong>et</strong></span> <span class='ocrx_word' id='word_1_43' title='bbox 1629 698 1772 739; x_wconf 91' lang='lat' dir='ltr'><strong>nunc</strong></span> <span class='ocrx_word' id='word_1_44' title='bbox 1793 698 1898 737; x_wconf 93' lang='lat' dir='ltr'><strong>no-</strong></span> 
     </span>
    </p>
   </div>
   <div class='ocr_carea' id='block_1_8' title="bbox 289 770 1899 844">
    <p class='ocr_par' dir='ltr' id='par_1_8' title="bbox 289 770 1899 844">
     <span class='ocr_line' id='line_1_8' title="bbox 289 770 1899 844; baseline -0.002 -17"><span class='ocrx_word' id='word_1_45' title='bbox 289 771 385 827; x_wconf 88' lang='lat' dir='ltr'><strong>stri</strong></span> <span class='ocrx_word' id='word_1_46' title='bbox 419 770 611 826; x_wconf 85' lang='lat' dir='ltr'>similis</span> <span class='ocrx_word' id='word_1_47' title='bbox 628 787 747 827; x_wconf 89' lang='lat' dir='ltr'><strong>esse</strong></span> <span class='ocrx_word' id='word_1_48' title='bbox 773 772 990 841; x_wconf 72' lang='lat' dir='ltr'><strong>quaeris,</strong></span> <span class='ocrx_word' id='word_1_49' title='bbox 1010 789 1147 844; x_wconf 88' lang='lat' dir='ltr'><strong>quos</strong></span> <span class='ocrx_word' id='word_1_50' title='bbox 1166 790 1448 844; x_wconf 85' lang='lat' dir='ltr'><strong>nunquam</strong></span> <span class='ocrx_word' id='word_1_51' title='bbox 1487 774 1543 827; x_wconf 90' lang='lat' dir='ltr'><strong>in</strong></span> <span class='ocrx_word' id='word_1_52' title='bbox 1575 772 1756 843; x_wconf 89' lang='lat' dir='ltr'><strong>aliquo</strong></span> <span class='ocrx_word' id='word_1_53' title='bbox 1793 784 1899 827; x_wconf 83' lang='lat' dir='ltr'><strong>vo-</strong></span> 
     </span>
    </p>
   </div>
   <div class='ocr_carea' id='block_1_9' title="bbox 292 858 1898 930">
    <p class='ocr_par' dir='ltr' id='par_1_9' title="bbox 292 858 1898 930">
     <span class='ocr_line' id='line_1_9' title="bbox 292 858 1898 930; baseline 0 -16"><span class='ocrx_word' id='word_1_54' title='bbox 292 860 483 915; x_wconf 88' lang='lat' dir='ltr'><strong>luntati</strong></span> <span class='ocrx_word' id='word_1_55' title='bbox 503 858 675 915; x_wconf 79' lang='lat' dir='ltr'><strong>Dei‘”</strong></span> <span class='ocrx_word' id='word_1_56' title='bbox 696 860 995 916; x_wconf 90' lang='lat' dir='ltr'><strong>contraisse</strong></span> <span class='ocrx_word' id='word_1_57' title='bbox 1029 862 1212 917; x_wconf 83' lang='lat' dir='ltr'><strong>cernis</strong></span> <span class='ocrx_word' id='word_1_58' title='bbox 1232 863 1262 915; x_wconf 83' lang='lat'><strong>‘?</strong></span> <span class='ocrx_word' id='word_1_59' title='bbox 1293 862 1375 916; x_wconf 87' lang='lat' dir='ltr'><strong>Ad</strong></span> <span class='ocrx_word' id='word_1_60' title='bbox 1410 863 1529 917; x_wconf 65' lang='lat' dir='ltr'><strong>haec</strong></span> <span class='ocrx_word' id='word_1_61' title='bbox 1563 862 1632 915; x_wconf 90' lang='lat' dir='ltr'><strong>ita</strong></span> <span class='ocrx_word' id='word_1_62' title='bbox 1664 875 1898 930; x_wconf 90' lang='lat' dir='ltr'><strong>respon-</strong></span> 
     </span>
    </p>
   </div>
   <div class='ocr_carea' id='block_1_10' title="bbox 292 948 1896 1020">
    <p class='ocr_par' dir='ltr' id='par_1_10' title="bbox 292 948 1896 1020">
     <span class='ocr_line' id='line_1_10' title="bbox 292 948 1896 1020; baseline -0.001 -18"><span class='ocrx_word' id='word_1_63' title='bbox 292 948 462 1003; x_wconf 86' lang='lat' dir='ltr'><strong>deas:</strong></span> <span class='ocrx_word' id='word_1_64' title='bbox 500 948 556 1005; x_wconf 91' lang='lat' dir='ltr'>Si</span> <span class='ocrx_word' id='word_1_65' title='bbox 577 964 702 1020; x_wconf 85' lang='lat' dir='ltr'><strong>ego,</strong></span> <span class='ocrx_word' id='word_1_66' title='bbox 741 956 799 1003; x_wconf 93' lang='lat' dir='ltr'><strong>ut</strong></span> <span class='ocrx_word' id='word_1_67' title='bbox 829 957 882 1003; x_wconf 92' lang='lat' dir='ltr'><strong>tu</strong></span> <span class='ocrx_word' id='word_1_68' title='bbox 913 949 1047 1005; x_wconf 91' lang='lat' dir='ltr'><strong>dicis</strong></span> <span class='ocrx_word' id='word_1_69' title='bbox 1066 949 1148 1015; x_wconf 76' lang='grc'><strong><em>⁵⁸⁸,</em></strong></span> <span class='ocrx_word' id='word_1_70' title='bbox 1173 951 1241 1005; x_wconf 90' lang='lat' dir='ltr'><strong>de</strong></span> <span class='ocrx_word' id='word_1_71' title='bbox 1275 949 1504 1020; x_wconf 83' lang='lat' dir='ltr'><strong>pulvere</strong></span> <span class='ocrx_word' id='word_1_72' title='bbox 1542 949 1721 1005; x_wconf 84' lang='lat' dir='ltr'><strong>factus</strong></span> <span class='ocrx_word' id='word_1_73' title='bbox 1751 964 1896 1014; x_wconf 91' lang='lat' dir='ltr'><strong>sum,</strong></span> 
     </span>
    </p>
   </div>
   <div class='ocr_carea' id='block_1_11' title="bbox 290 1036 1896 1108">
    <p class='ocr_par' dir='ltr' id='par_1_11' title="bbox 290 1036 1896 1108">
     <span class='ocr_line' id='line_1_11' title="bbox 290 1036 1896 1108; baseline 0 -17"><span class='ocrx_word' id='word_1_74' title='bbox 290 1043 440 1091; x_wconf 90' lang='lat' dir='ltr'><strong>certe</strong></span> <span class='ocrx_word' id='word_1_75' title='bbox 460 1052 569 1091; x_wconf 89' lang='lat' dir='ltr'><strong>non</strong></span> <span class='ocrx_word' id='word_1_76' title='bbox 592 1044 673 1091; x_wconf 88' lang='lat' dir='ltr'><strong>est</strong></span> <span class='ocrx_word' id='word_1_77' title='bbox 699 1037 900 1092; x_wconf 90' lang='lat' dir='ltr'><strong>mirum</strong></span> <span class='ocrx_word' id='word_1_78' title='bbox 930 1037 975 1092; x_wconf 88' lang='lat' dir='ltr'>si</span> <span class='ocrx_word' id='word_1_79' title='bbox 1006 1045 1168 1093; x_wconf 89' lang='lat' dir='ltr'><strong>vento</strong></span> <span class='ocrx_word' id='word_1_80' title='bbox 1199 1038 1505 1094; x_wconf 89' lang='lat' dir='ltr'><strong>tentationis</strong></span> <span class='ocrx_word' id='word_1_81' title='bbox 1542 1038 1807 1108; x_wconf 87' lang='lat' dir='ltr'><strong>impulsus</strong></span> <span class='ocrx_word' id='word_1_82' title='bbox 1840 1036 1896 1091; x_wconf 93' lang='lat' dir='ltr'><strong>in</strong></span> 
     </span>
    </p>
   </div>
   <div class='ocr_carea' id='block_1_12' title="bbox 291 1124 1896 1197">
    <p class='ocr_par' dir='ltr' id='par_1_12' title="bbox 291 1124 1896 1197">
     <span class='ocr_line' id='line_1_12' title="bbox 291 1124 1896 1197; baseline 0 -18"><span class='ocrx_word' id='word_1_83' title='bbox 291 1124 484 1180; x_wconf 83' lang='lat' dir='ltr'><strong>sordes</strong></span> <span class='ocrx_word' id='word_1_84' title='bbox 508 1141 627 1179; x_wconf 91' lang='lat' dir='ltr'><strong>sum</strong></span> <span class='ocrx_word' id='word_1_85' title='bbox 658 1140 764 1196; x_wconf 85' lang='lat' dir='ltr'><strong>ego</strong></span> <span class='ocrx_word' id='word_1_86' title='bbox 792 1125 1076 1181; x_wconf 86' lang='lat' dir='ltr'><strong>criminum</strong></span> <span class='ocrx_word' id='word_1_87' title='bbox 1126 1126 1333 1196; x_wconf 80' lang='lat' dir='ltr'><strong>lapsus.</strong></span> <span class='ocrx_word' id='word_1_88' title='bbox 1375 1127 1574 1181; x_wconf 86' lang='lat' dir='ltr'><strong>Verum</strong></span> <span class='ocrx_word' id='word_1_89' title='bbox 1630 1126 1814 1197; x_wconf 85' lang='lat' dir='ltr'><strong>agnita</strong></span> <span class='ocrx_word' id='word_1_90' title='bbox 1845 1132 1896 1180; x_wconf 90' lang='lat' dir='ltr'><strong>et</strong></span> 
     </span>
    </p>
   </div>
   <div class='ocr_carea' id='block_1_13' title="bbox 289 1213 1897 1286">
    <p class='ocr_par' dir='ltr' id='par_1_13' title="bbox 289 1213 1897 1286">
     <span class='ocr_line' id='line_1_13' title="bbox 289 1213 1897 1286; baseline 0.001 -17"><span class='ocrx_word' id='word_1_91' title='bbox 289 1213 501 1269; x_wconf 86' lang='lat' dir='ltr'><strong>credita</strong></span> <span class='ocrx_word' id='word_1_92' title='bbox 531 1213 905 1270; x_wconf 77' lang='lat' dir='ltr'><strong>misericordia</strong></span> <span class='ocrx_word' id='word_1_93' title='bbox 953 1214 1168 1279; x_wconf 86' lang='lat' dir='ltr'><strong>Christi,</strong></span> <span class='ocrx_word' id='word_1_94' title='bbox 1229 1215 1423 1286; x_wconf 85' lang='lat' dir='ltr'><strong>spretis</strong></span> <span class='ocrx_word' id='word_1_95' title='bbox 1469 1214 1726 1271; x_wconf 91' lang='lat' dir='ltr'><strong>omnibus</strong></span> <span class='ocrx_word' id='word_1_96' title='bbox 1775 1228 1897 1286; x_wconf 61' lang='lat' dir='ltr'><strong>quin</strong></span> 
     </span>
    </p>
   </div>
   <div class='ocr_carea' id='block_1_14' title="bbox 288 1300 1896 1373">
    <p class='ocr_par' dir='ltr' id='par_1_14' title="bbox 288 1300 1896 1373">
     <span class='ocr_line' id='line_1_14' title="bbox 288 1300 1896 1373; baseline 0.001 -17"><span class='ocrx_word' id='word_1_97' title='bbox 288 1300 445 1357; x_wconf 91' lang='lat' dir='ltr'><strong>illum</strong></span> <span class='ocrx_word' id='word_1_98' title='bbox 475 1302 615 1357; x_wconf 89' lang='lat' dir='ltr'><strong>nolle</strong></span> <span class='ocrx_word' id='word_1_99' title='bbox 645 1303 784 1359; x_wconf 89' lang='lat' dir='ltr'><strong>scire</strong></span> <span class='ocrx_word' id='word_1_100' title='bbox 813 1302 981 1373; x_wconf 90' lang='lat' dir='ltr'><strong>potui,</strong></span> <span class='ocrx_word' id='word_1_101' title='bbox 1028 1302 1082 1357; x_wconf 91' lang='lat' dir='ltr'><strong>in</strong></span> <span class='ocrx_word' id='word_1_102' title='bbox 1131 1303 1337 1358; x_wconf 91' lang='lat' dir='ltr'><strong>cunctis</strong></span> <span class='ocrx_word' id='word_1_103' title='bbox 1366 1319 1486 1373; x_wconf 68' lang='lat' dir='ltr'><strong>qua:</strong></span> <span class='ocrx_word' id='word_1_104' title='bbox 1544 1303 1696 1357; x_wconf 91' lang='lat' dir='ltr'><strong>illum</strong></span> <span class='ocrx_word' id='word_1_105' title='bbox 1755 1303 1896 1358; x_wconf 87' lang='lat' dir='ltr'><strong>velle</strong></span> 
     </span>
    </p>
   </div>
   <div class='ocr_carea' id='block_1_15' title="bbox 285 1390 1898 1461">
    <p class='ocr_par' dir='ltr' id='par_1_15' title="bbox 285 1390 1898 1461">
     <span class='ocr_line' id='line_1_15' title="bbox 285 1390 1898 1461; baseline 0.001 -16"><span class='ocrx_word' id='word_1_106' title='bbox 285 1390 527 1446; x_wconf 82' lang='lat' dir='ltr'><strong>intellexi</strong></span> <span class='ocrx_word' id='word_1_107' title='bbox 559 1393 941 1461; x_wconf 89' lang='lat' dir='ltr'><strong>memetipsum</strong></span> <span class='ocrx_word' id='word_1_108' title='bbox 974 1392 1211 1448; x_wconf 84' lang='lat' dir='ltr'><strong>exercui.</strong></span> <span class='ocrx_word' id='word_1_109' title='bbox 1243 1392 1399 1448; x_wconf 89' lang='lat' dir='ltr'><strong>Unde</strong></span> <span class='ocrx_word' id='word_1_110' title='bbox 1437 1391 1817 1447; x_wconf 89' lang='lat' dir='ltr'><strong>tribulationes</strong></span> <span class='ocrx_word' id='word_1_111' title='bbox 1847 1400 1898 1448; x_wconf 92' lang='lat' dir='ltr'><strong>et</strong></span> 
     </span>
    </p>
   </div>
   <div class='ocr_carea' id='block_1_16' title="bbox 284 1478 1893 1552">
    <p class='ocr_par' dir='ltr' id='par_1_16' title="bbox 284 1478 1893 1552">
     <span class='ocr_line' id='line_1_16' title="bbox 284 1478 1893 1552; baseline 0.001 -19"><span class='ocrx_word' id='word_1_112' title='bbox 284 1480 581 1552; x_wconf 79' lang='lat' dir='ltr'><strong>angustias,</strong></span> <span class='ocrx_word' id='word_1_113' title='bbox 613 1480 667 1535; x_wconf 91' lang='lat' dir='ltr'><strong>in</strong></span> <span class='ocrx_word' id='word_1_114' title='bbox 697 1478 838 1535; x_wconf 85' lang='lat' dir='ltr'><strong>fame</strong></span> <span class='ocrx_word' id='word_1_115' title='bbox 869 1487 922 1535; x_wconf 88' lang='lat' dir='ltr'><strong>et</strong></span> <span class='ocrx_word' id='word_1_116' title='bbox 960 1479 1068 1546; x_wconf 84' lang='lat' dir='ltr'><strong>siti,</strong></span> <span class='ocrx_word' id='word_1_117' title='bbox 1116 1480 1335 1552; x_wconf 76' lang='lat' dir='ltr'><strong>vigiliis,</strong></span> <span class='ocrx_word' id='word_1_118' title='bbox 1386 1479 1720 1546; x_wconf 82' lang='lat' dir='ltr'><strong>verberibus,</strong></span> <span class='ocrx_word' id='word_1_119' title='bbox 1758 1496 1893 1536; x_wconf 89' lang='lat' dir='ltr'><strong>con-</strong></span> 
     </span>
    </p>
   </div>
   <div class='ocr_carea' id='block_1_17' title="bbox 287 1567 1894 1640">
    <p class='ocr_par' dir='ltr' id='par_1_17' title="bbox 287 1567 1894 1640">
     <span class='ocr_line' id='line_1_17' title="bbox 287 1567 1894 1640; baseline 0.002 -18"><span class='ocrx_word' id='word_1_120' title='bbox 287 1568 525 1624; x_wconf 90' lang='lat' dir='ltr'><strong>tumeliis</strong></span> <span class='ocrx_word' id='word_1_121' title='bbox 554 1567 785 1640; x_wconf 88' lang='lat' dir='ltr'><strong>aliisque</strong></span> <span class='ocrx_word' id='word_1_122' title='bbox 812 1568 992 1624; x_wconf 90' lang='lat' dir='ltr'><strong>modis</strong></span> <span class='ocrx_word' id='word_1_123' title='bbox 1021 1568 1320 1624; x_wconf 87' lang='lat' dir='ltr'><strong>innumeris</strong></span> <span class='ocrx_word' id='word_1_124' title='bbox 1350 1568 1419 1623; x_wconf 88' lang='lat' dir='ltr'><strong>ad</strong></span> <span class='ocrx_word' id='word_1_125' title='bbox 1462 1570 1721 1625; x_wconf 87' lang='lat' dir='ltr'><strong>honorem</strong></span> <span class='ocrx_word' id='word_1_126' title='bbox 1778 1570 1894 1638; x_wconf 81' lang='lat' dir='ltr'><strong>ejus</strong></span> 
     </span>
    </p>
   </div>
   <div class='ocr_carea' id='block_1_18' title="bbox 283 1656 1895 1728">
    <p class='ocr_par' dir='ltr' id='par_1_18' title="bbox 283 1656 1895 1728">
     <span class='ocr_line' id='line_1_18' title="bbox 283 1656 1895 1728; baseline 0.002 -18"><span class='ocrx_word' id='word_1_127' title='bbox 283 1656 549 1713; x_wconf 84' lang='lat' dir='ltr'><strong>sustinere</strong></span> <span class='ocrx_word' id='word_1_128' title='bbox 578 1673 686 1713; x_wconf 92' lang='lat' dir='ltr'><strong>non</strong></span> <span class='ocrx_word' id='word_1_129' title='bbox 715 1657 868 1712; x_wconf 90' lang='lat' dir='ltr'><strong>renui</strong></span> <span class='ocrx_word' id='word_1_130' title='bbox 901 1665 971 1724; x_wconf 91' lang='lat' dir='ltr'><strong>et,</strong></span> <span class='ocrx_word' id='word_1_131' title='bbox 1005 1673 1242 1727; x_wconf 71' lang='lat' dir='ltr'><strong>qumque</strong></span> <span class='ocrx_word' id='word_1_132' title='bbox 1273 1657 1546 1711; x_wconf 88' lang='lat' dir='ltr'><strong>mundana</strong></span> <span class='ocrx_word' id='word_1_133' title='bbox 1569 1673 1667 1728; x_wconf 91' lang='lat' dir='ltr'><strong>pro</strong></span> <span class='ocrx_word' id='word_1_134' title='bbox 1690 1658 1895 1714; x_wconf 83' lang='lat' dir='ltr'><strong>viribus</strong></span> 
     </span>
    </p>
   </div>
   <div class='ocr_carea' id='block_1_19' title="bbox 2593 507 3018 565">
    <p class='ocr_par' dir='ltr' id='par_1_19' title="bbox 2593 507 3018 565">
     <span class='ocr_line' id='line_1_19' title="bbox 2593 507 3018 565; baseline -0.005 -2"><span class='ocrx_word' id='word_1_135' title='bbox 2593 507 2814 565; x_wconf 78' lang='lat' dir='ltr'><strong>CAPUT</strong></span> <span class='ocrx_word' id='word_1_136' title='bbox 2852 507 3018 562; x_wconf 89' lang='lat' dir='ltr'><strong>LXII.</strong></span> 
     </span>
    </p>
   </div>
   <div class='ocr_carea' id='block_1_20' title="bbox 2394 596 3207 653">
    <p class='ocr_par' dir='ltr' id='par_1_20' title="bbox 2394 596 3207 653">
     <span class='ocr_line' id='line_1_20' title="bbox 2394 596 3207 653; baseline -0.004 0"><span class='ocrx_word' id='word_1_137' title='bbox 2394 599 2471 653; x_wconf 83' lang='lat' dir='ltr'><strong>Dc</strong></span> <span class='ocrx_word' id='word_1_138' title='bbox 2501 597 2763 653; x_wconf 81' lang='lat' dir='ltr'><strong>amicitia</strong></span> <span class='ocrx_word' id='word_1_139' title='bbox 2794 600 2851 653; x_wconf 76' lang='lat' dir='ltr'><strong>et</strong></span> <span class='ocrx_word' id='word_1_140' title='bbox 2877 596 3207 652; x_wconf 83' lang='lat' dir='ltr'><strong>inimicitia.</strong></span> 
     </span>
    </p>
   </div>
   <div class='ocr_carea' id='block_1_21' title="bbox 2077 683 3599 756">
    <p class='ocr_par' dir='ltr' id='par_1_21' title="bbox 2077 683 3599 756">
     <span class='ocr_line' id='line_1_21' title="bbox 2077 683 3599 756; baseline -0.002 -14"><span class='ocrx_word' id='word_1_141' title='bbox 2077 687 2233 742; x_wconf 84' lang='lat' dir='ltr'><strong>Nona</strong></span> <span class='ocrx_word' id='word_1_142' title='bbox 2262 702 2388 756; x_wconf 87' lang='lat' dir='ltr'><strong>pars</strong></span> <span class='ocrx_word' id='word_1_143' title='bbox 2416 684 2765 741; x_wconf 86' lang='lat' dir='ltr'><strong>beatitudinis</strong></span> <span class='ocrx_word' id='word_1_144' title='bbox 2794 692 2877 741; x_wconf 90' lang='lat' dir='ltr'><strong>est</strong></span> <span class='ocrx_word' id='word_1_145' title='bbox 2905 685 3140 740; x_wconf 86' lang='lat' dir='ltr'><strong>amicitia</strong></span> <span class='ocrx_word' id='word_1_146' title='bbox 3163 683 3420 747; x_wconf 66' lang='lat' dir='ltr'><strong>;miserim</strong></span> <span class='ocrx_word' id='word_1_147' title='bbox 3451 698 3599 751; x_wconf 88' lang='lat' dir='ltr'><strong>vero,</strong></span> 
     </span>
    </p>
   </div>
   <div class='ocr_carea' id='block_1_22' title="bbox 2007 773 3601 845">
    <p class='ocr_par' dir='ltr' id='par_1_22' title="bbox 2007 773 3601 845">
     <span class='ocr_line' id='line_1_22' title="bbox 2007 773 3601 845; baseline -0.002 -16"><span class='ocrx_word' id='word_1_148' title='bbox 2007 775 2306 830; x_wconf 86' lang='lat' dir='ltr'><strong>inimicitia.</strong></span> <span class='ocrx_word' id='word_1_149' title='bbox 2340 775 2587 830; x_wconf 88' lang='lat' dir='ltr'><strong>Perfecta</strong></span> <span class='ocrx_word' id='word_1_150' title='bbox 2617 783 2796 829; x_wconf 88' lang='lat' dir='ltr'><strong>autem</strong></span> <span class='ocrx_word' id='word_1_151' title='bbox 2827 774 3066 829; x_wconf 84' lang='lat' dir='ltr'><strong>amicitia</strong></span> <span class='ocrx_word' id='word_1_152' title='bbox 3096 782 3198 841; x_wconf 89' lang='lat' dir='ltr'><strong>est,</strong></span> <span class='ocrx_word' id='word_1_153' title='bbox 3229 790 3350 845; x_wconf 67' lang='lat' dir='ltr'><strong>quas</strong></span> <span class='ocrx_word' id='word_1_154' title='bbox 3409 774 3462 828; x_wconf 90' lang='lat' dir='ltr'><strong>in</strong></span> <span class='ocrx_word' id='word_1_155' title='bbox 3491 773 3601 827; x_wconf 92' lang='lat' dir='ltr'><strong>ini-</strong></span> 
     </span>
    </p>
   </div>
   <div class='ocr_carea' id='block_1_23' title="bbox 2005 860 3603 933">
    <p class='ocr_par' dir='ltr' id='par_1_23' title="bbox 2005 860 3603 933">
     <span class='ocr_line' id='line_1_23' title="bbox 2005 860 3603 933; baseline -0.001 -16"><span class='ocrx_word' id='word_1_156' title='bbox 2005 864 2264 918; x_wconf 89' lang='lat' dir='ltr'><strong>micitiam</strong></span> <span class='ocrx_word' id='word_1_157' title='bbox 2295 863 2536 918; x_wconf 88' lang='lat' dir='ltr'><strong>converti</strong></span> <span class='ocrx_word' id='word_1_158' title='bbox 2561 878 2672 917; x_wconf 92' lang='lat' dir='ltr'><strong>non</strong></span> <span class='ocrx_word' id='word_1_159' title='bbox 2701 867 2901 933; x_wconf 81' lang='lat' dir='ltr'><strong>potest.</strong></span> <span class='ocrx_word' id='word_1_160' title='bbox 2932 862 3047 918; x_wconf 88' lang='lat' dir='ltr'><strong>Sed</strong></span> <span class='ocrx_word' id='word_1_161' title='bbox 3078 862 3198 933; x_wconf 88' lang='lat' dir='ltr'><strong>quis</strong></span> <span class='ocrx_word' id='word_1_162' title='bbox 3217 863 3305 918; x_wconf 91' lang='lat' dir='ltr'><strong>hic</strong></span> <span class='ocrx_word' id='word_1_163' title='bbox 3335 862 3494 916; x_wconf 86' lang='lat' dir='ltr'><strong>habet</strong></span> <span class='ocrx_word' id='word_1_164' title='bbox 3540 860 3603 890; x_wconf 82' lang='grc'><strong>⁸¹⁰</strong></span> 
     </span>
    </p>
   </div>
   <div class='ocr_carea' id='block_1_24' title="bbox 2004 949 3600 1022">
    <p class='ocr_par' dir='ltr' id='par_1_24' title="bbox 2004 949 3600 1022">
     <span class='ocr_line' id='line_1_24' title="bbox 2004 949 3600 1022; baseline -0.003 -15"><span class='ocrx_word' id='word_1_165' title='bbox 2004 952 2297 1007; x_wconf 85' lang='lat' dir='ltr'><strong>amicitiam</strong></span> <span class='ocrx_word' id='word_1_166' title='bbox 2329 959 2553 1017; x_wconf 85' lang='lat' dir='ltr'><strong>tantam,</strong></span> <span class='ocrx_word' id='word_1_167' title='bbox 2586 950 2747 1006; x_wconf 85' lang='lat' dir='ltr'><strong>etiam</strong></span> <span class='ocrx_word' id='word_1_168' title='bbox 2786 949 2927 1006; x_wconf 88' lang='lat' dir='ltr'><strong>ﬁlius</strong></span> <span class='ocrx_word' id='word_1_169' title='bbox 2979 967 3111 1022; x_wconf 87' lang='lat' dir='ltr'><strong>erga</strong></span> <span class='ocrx_word' id='word_1_170' title='bbox 3162 958 3372 1021; x_wconf 84' lang='lat' dir='ltr'><strong>patrem</strong></span> <span class='ocrx_word' id='word_1_171' title='bbox 3401 951 3428 1003; x_wconf 82' lang='lat'><strong>‘?</strong></span> <span class='ocrx_word' id='word_1_172' title='bbox 3459 949 3600 1018; x_wconf 86' lang='lat' dir='ltr'><strong>Quia</strong></span> 
     </span>
    </p>
   </div>
   <div class='ocr_carea' id='block_1_25' title="bbox 2002 1039 3598 1110">
    <p class='ocr_par' dir='ltr' id='par_1_25' title="bbox 2002 1039 3598 1110">
     <span class='ocr_line' id='line_1_25' title="bbox 2002 1039 3598 1110; baseline -0.001 -14"><span class='ocrx_word' id='word_1_173' title='bbox 2002 1048 2183 1096; x_wconf 89' lang='lat' dir='ltr'><strong>tamen</strong></span> <span class='ocrx_word' id='word_1_174' title='bbox 2215 1041 2395 1096; x_wconf 92' lang='lat' dir='ltr'><strong>nullus</strong></span> <span class='ocrx_word' id='word_1_175' title='bbox 2444 1040 2609 1095; x_wconf 85' lang='lat' dir='ltr'><strong>habet</strong></span> <span class='ocrx_word' id='word_1_176' title='bbox 2662 1039 2750 1095; x_wconf 89' lang='lat' dir='ltr'><strong>hic</strong></span> <span class='ocrx_word' id='word_1_177' title='bbox 2797 1039 3141 1095; x_wconf 89' lang='lat' dir='ltr'><strong>inimicitiam</strong></span> <span class='ocrx_word' id='word_1_178' title='bbox 3196 1047 3423 1105; x_wconf 86' lang='lat' dir='ltr'><strong>tantam,</strong></span> <span class='ocrx_word' id='word_1_179' title='bbox 3479 1055 3598 1110; x_wconf 77' lang='lat' dir='ltr'><strong>quae</strong></span> 
     </span>
    </p>
   </div>
   <div class='ocr_carea' id='block_1_26' title="bbox 2002 1126 3598 1199">
    <p class='ocr_par' dir='ltr' id='par_1_26' title="bbox 2002 1126 3598 1199">
     <span class='ocr_line' id='line_1_26' title="bbox 2002 1126 3598 1199; baseline -0.001 -15"><span class='ocrx_word' id='word_1_180' title='bbox 2002 1129 2247 1185; x_wconf 86' lang='lat' dir='ltr'><strong>converti</strong></span> <span class='ocrx_word' id='word_1_181' title='bbox 2277 1146 2384 1184; x_wconf 93' lang='lat' dir='ltr'><strong>non</strong></span> <span class='ocrx_word' id='word_1_182' title='bbox 2414 1128 2585 1199; x_wconf 89' lang='lat' dir='ltr'><strong>possit</strong></span> <span class='ocrx_word' id='word_1_183' title='bbox 2641 1129 2695 1182; x_wconf 91' lang='lat' dir='ltr'><strong>in</strong></span> <span class='ocrx_word' id='word_1_184' title='bbox 2753 1127 3055 1183; x_wconf 86' lang='lat' dir='ltr'><strong>amicitiam</strong></span> <span class='ocrx_word' id='word_1_185' title='bbox 3088 1126 3169 1195; x_wconf 74' lang='grc'>⁵³³,</span> <span class='ocrx_word' id='word_1_186' title='bbox 3220 1143 3321 1183; x_wconf 89' lang='lat' dir='ltr'><strong>nec</strong></span> <span class='ocrx_word' id='word_1_187' title='bbox 3377 1127 3598 1183; x_wconf 91' lang='lat' dir='ltr'><strong>omnino</strong></span> 
     </span>
    </p>
   </div>
   <div class='ocr_carea' id='block_1_27' title="bbox 2003 1214 3597 1285">
    <p class='ocr_par' dir='ltr' id='par_1_27' title="bbox 2003 1214 3597 1285">
     <span class='ocr_line' id='line_1_27' title="bbox 2003 1214 3597 1285; baseline -0.003 -12"><span class='ocrx_word' id='word_1_188' title='bbox 2003 1219 2165 1273; x_wconf 86' lang='lat' dir='ltr'><strong>habet</strong></span> <span class='ocrx_word' id='word_1_189' title='bbox 2194 1217 2279 1274; x_wconf 89' lang='lat' dir='ltr'><strong>hic</strong></span> <span class='ocrx_word' id='word_1_190' title='bbox 2308 1218 2644 1273; x_wconf 85' lang='lat' dir='ltr'><strong>inimicitiam</strong></span> <span class='ocrx_word' id='word_1_191' title='bbox 2674 1232 2962 1285; x_wconf 87' lang='lat' dir='ltr'><strong>summam,</strong></span> <span class='ocrx_word' id='word_1_192' title='bbox 2996 1216 3050 1271; x_wconf 90' lang='lat' dir='ltr'><strong>in</strong></span> <span class='ocrx_word' id='word_1_193' title='bbox 3079 1217 3259 1272; x_wconf 88' lang='lat' dir='ltr'><strong>futuro</strong></span> <span class='ocrx_word' id='word_1_194' title='bbox 3301 1214 3365 1245; x_wconf 76' lang='grc'>⁵³³</span> <span class='ocrx_word' id='word_1_195' title='bbox 3420 1224 3597 1271; x_wconf 86' lang='lat' dir='ltr'><strong>autem</strong></span> 
     </span>
    </p>
   </div>
   <div class='ocr_carea' id='block_1_28' title="bbox 2000 1305 3599 1377">
    <p class='ocr_par' dir='ltr' id='par_1_28' title="bbox 2000 1305 3599 1377">
     <span class='ocr_line' id='line_1_28' title="bbox 2000 1305 3599 1377; baseline -0.003 -15"><span class='ocrx_word' id='word_1_196' title='bbox 2000 1317 2092 1362; x_wconf 91' lang='lat' dir='ltr'><strong>aut</strong></span> <span class='ocrx_word' id='word_1_197' title='bbox 2120 1307 2412 1362; x_wconf 85' lang='lat' dir='ltr'><strong>amicitiam</strong></span> <span class='ocrx_word' id='word_1_198' title='bbox 2471 1308 2767 1377; x_wconf 85' lang='lat' dir='ltr'><strong>perfectam</strong></span> <span class='ocrx_word' id='word_1_199' title='bbox 2822 1314 2911 1361; x_wconf 88' lang='lat' dir='ltr'><strong>aut</strong></span> <span class='ocrx_word' id='word_1_200' title='bbox 2978 1305 3311 1361; x_wconf 86' lang='lat' dir='ltr'><strong>inimicitiam</strong></span> <span class='ocrx_word' id='word_1_201' title='bbox 3373 1305 3599 1376; x_wconf 90' lang='lat' dir='ltr'><strong>quisque</strong></span> 
     </span>
    </p>
   </div>
   <div class='ocr_carea' id='block_1_29' title="bbox 1999 1393 3598 1465">
    <p class='ocr_par' dir='ltr' id='par_1_29' title="bbox 1999 1393 3598 1465">
     <span class='ocr_line' id='line_1_29' title="bbox 1999 1393 3598 1465; baseline -0.001 -16"><span class='ocrx_word' id='word_1_202' title='bbox 1999 1394 2083 1464; x_wconf 74' lang='grc'><strong><em>⁵³³,</em></strong></span> <span class='ocrx_word' id='word_1_203' title='bbox 2116 1397 2353 1453; x_wconf 87' lang='lat' dir='ltr'><strong>inveniet</strong></span> <span class='ocrx_word' id='word_1_204' title='bbox 2381 1411 2646 1451; x_wconf 87' lang='lat' dir='ltr'><strong>summam</strong></span> <span class='ocrx_word' id='word_1_205' title='bbox 2674 1414 2686 1455; x_wconf 84' lang='lat'><strong>;</strong></span> <span class='ocrx_word' id='word_1_206' title='bbox 2718 1396 2923 1449; x_wconf 84' lang='lat' dir='ltr'><strong>bonum</strong></span> <span class='ocrx_word' id='word_1_207' title='bbox 2954 1394 3151 1450; x_wconf 88' lang='lat' dir='ltr'><strong>etenim</strong></span> <span class='ocrx_word' id='word_1_208' title='bbox 3196 1410 3462 1465; x_wconf 85' lang='lat' dir='ltr'><strong>quemque</strong></span> <span class='ocrx_word' id='word_1_209' title='bbox 3521 1393 3598 1447; x_wconf 77' lang='lat' dir='ltr'><strong>sis</strong></span> 
     </span>
    </p>
   </div>
   <div class='ocr_carea' id='block_1_30' title="bbox 2001 1482 3599 1557">
    <p class='ocr_par' dir='ltr' id='par_1_30' title="bbox 2001 1482 3599 1557">
     <span class='ocr_line' id='line_1_30' title="bbox 2001 1482 3599 1557; baseline -0.004 -15"><span class='ocrx_word' id='word_1_210' title='bbox 2001 1487 2146 1542; x_wconf 91' lang='lat' dir='ltr'><strong>Deus</strong></span> <span class='ocrx_word' id='word_1_211' title='bbox 2173 1501 2467 1555; x_wconf 89' lang='lat' dir='ltr'><strong>omnesque</strong></span> <span class='ocrx_word' id='word_1_212' title='bbox 2497 1485 2584 1539; x_wconf 85' lang='lat' dir='ltr'><strong>alii</strong></span> <span class='ocrx_word' id='word_1_213' title='bbox 2617 1484 2843 1557; x_wconf 82' lang='lat' dir='ltr'><strong>diligent</strong></span> <span class='ocrx_word' id='word_1_214' title='bbox 2865 1484 2994 1541; x_wconf 90' lang='lat' dir='ltr'><strong>boni</strong></span> <span class='ocrx_word' id='word_1_215' title='bbox 3024 1493 3083 1540; x_wconf 89' lang='lat' dir='ltr'><strong>ut</strong></span> <span class='ocrx_word' id='word_1_216' title='bbox 3102 1500 3223 1539; x_wconf 91' lang='lat' dir='ltr'><strong>eum</strong></span> <span class='ocrx_word' id='word_1_217' title='bbox 3248 1484 3445 1539; x_wconf 88' lang='lat' dir='ltr'><strong>habere</strong></span> <span class='ocrx_word' id='word_1_218' title='bbox 3472 1482 3599 1537; x_wconf 92' lang='lat' dir='ltr'><strong>odio</strong></span> 
     </span>
    </p>
   </div>
   <div class='ocr_carea' id='block_1_31' title="bbox 2000 1570 3598 1645">
    <p class='ocr_par' dir='ltr' id='par_1_31' title="bbox 2000 1570 3598 1645">
     <span class='ocr_line' id='line_1_31' title="bbox 2000 1570 3598 1645; baseline -0.004 -16"><span class='ocrx_word' id='word_1_219' title='bbox 2000 1575 2140 1630; x_wconf 87' lang='lat' dir='ltr'><strong>ultra</strong></span> <span class='ocrx_word' id='word_1_220' title='bbox 2179 1590 2288 1630; x_wconf 92' lang='lat' dir='ltr'><strong>non</strong></span> <span class='ocrx_word' id='word_1_221' title='bbox 2337 1574 2562 1645; x_wconf 84' lang='lat' dir='ltr'><strong>possint.</strong></span> <span class='ocrx_word' id='word_1_222' title='bbox 2615 1575 2887 1643; x_wconf 84' lang='lat' dir='ltr'><strong>Quantum</strong></span> <span class='ocrx_word' id='word_1_223' title='bbox 2940 1588 3179 1643; x_wconf 87' lang='lat' dir='ltr'><strong>namque</strong></span> <span class='ocrx_word' id='word_1_224' title='bbox 3219 1570 3461 1641; x_wconf 86' lang='lat' dir='ltr'><strong>quisquis</strong></span> <span class='ocrx_word' id='word_1_225' title='bbox 3507 1585 3598 1624; x_wconf 89' lang='lat' dir='ltr'><strong>se-</strong></span> 
     </span>
    </p>
   </div>
   <div class='ocr_carea' id='block_1_32' title="bbox 1999 1660 3593 1735">
    <p class='ocr_par' dir='ltr' id='par_1_32' title="bbox 1999 1660 3593 1735">
     <span class='ocr_line' id='line_1_32' title="bbox 1999 1660 3593 1735; baseline -0.004 -17"><span class='ocrx_word' id='word_1_226' title='bbox 1999 1665 2198 1734; x_wconf 87' lang='lat' dir='ltr'><strong>ipsum,</strong></span> <span class='ocrx_word' id='word_1_227' title='bbox 2232 1672 2437 1719; x_wconf 88' lang='lat' dir='ltr'><strong>tantum</strong></span> <span class='ocrx_word' id='word_1_228' title='bbox 2469 1671 2524 1718; x_wconf 93' lang='lat' dir='ltr'><strong>et</strong></span> <span class='ocrx_word' id='word_1_229' title='bbox 2553 1663 2758 1718; x_wconf 86' lang='lat' dir='ltr'><strong>tamdiu</strong></span> <span class='ocrx_word' id='word_1_230' title='bbox 2789 1663 2978 1735; x_wconf 86' lang='lat' dir='ltr'><strong>diliget</strong></span> <span class='ocrx_word' id='word_1_231' title='bbox 3008 1662 3258 1717; x_wconf 87' lang='lat' dir='ltr'><strong>alterum.</strong></span> <span class='ocrx_word' id='word_1_232' title='bbox 3303 1662 3417 1715; x_wconf 89' lang='lat' dir='ltr'><strong>Nec</strong></span> <span class='ocrx_word' id='word_1_233' title='bbox 3446 1660 3593 1714; x_wconf 88' lang='lat' dir='ltr'><strong>enim</strong></span> 
     </span>
    </p>
   </div>
   <div class='ocr_carea' id='block_1_33' title="bbox 282 1744 3597 1831">
    <p class='ocr_par' dir='ltr' id='par_1_33' title="bbox 282 1744 3597 1831">
     <span class='ocr_line' id='line_1_33' title="bbox 282 1744 3597 1831; baseline 0.001 -31"><span class='ocrx_word' id='word_1_234' title='bbox 282 1745 424 1801; x_wconf 90' lang='lat' dir='ltr'><strong>meis</strong></span> <span class='ocrx_word' id='word_1_235' title='bbox 471 1745 621 1801; x_wconf 89' lang='lat' dir='ltr'><strong>nihili</strong></span> <span class='ocrx_word' id='word_1_236' title='bbox 671 1745 914 1817; x_wconf 87' lang='lat' dir='ltr'><strong>pendens</strong></span> <span class='ocrx_word' id='word_1_237' title='bbox 956 1744 1037 1811; x_wconf 58' lang='lat'><strong>“1,</strong></span> <span class='ocrx_word' id='word_1_238' title='bbox 1088 1745 1258 1817; x_wconf 91' lang='lat' dir='ltr'><strong>ipsius</strong></span> <span class='ocrx_word' id='word_1_239' title='bbox 1301 1746 1673 1802; x_wconf 86' lang='lat' dir='ltr'><strong>tantummodo</strong></span> <span class='ocrx_word' id='word_1_240' title='bbox 1724 1747 1889 1802; x_wconf 87' lang='lat' dir='ltr'><strong>solius</strong></span> <span class='ocrx_word' id='word_1_241' title='bbox 1914 1771 1968 1831; x_wconf 79' lang='grc' dir='ltr'>Β</span> <span class='ocrx_word' id='word_1_242' title='bbox 1999 1753 2160 1810; x_wconf 80' lang='lat' dir='ltr'><strong>video</strong></span> <span class='ocrx_word' id='word_1_243' title='bbox 2193 1753 2468 1824; x_wconf 85' lang='lat' dir='ltr'><strong>quomodo</strong></span> <span class='ocrx_word' id='word_1_244' title='bbox 2497 1752 2659 1807; x_wconf 82' lang='lat' dir='ltr'><strong>aliter</strong></span> <span class='ocrx_word' id='word_1_245' title='bbox 2687 1768 2808 1807; x_wconf 87' lang='lat' dir='ltr'><strong>esse</strong></span> <span class='ocrx_word' id='word_1_246' title='bbox 2865 1753 3054 1823; x_wconf 84' lang='lat' dir='ltr'><strong>possit,</strong></span> <span class='ocrx_word' id='word_1_247' title='bbox 3115 1749 3419 1822; x_wconf 81' lang='lat' dir='ltr'><strong>praesertim</strong></span> <span class='ocrx_word' id='word_1_248' title='bbox 3477 1764 3597 1803; x_wconf 90' lang='lat' dir='ltr'><strong>cum</strong></span> 
     </span>
    </p>
   </div>
   <div class='ocr_carea' id='block_1_34' title="bbox 291 1835 1886 1907">
    <p class='ocr_par' dir='ltr' id='par_1_34' title="bbox 291 1835 1886 1907">
     <span class='ocr_line' id='line_1_34' title="bbox 291 1835 1886 1907; baseline 0.001 -19"><span class='ocrx_word' id='word_1_249' title='bbox 291 1835 467 1905; x_wconf 86' lang='lat' dir='ltr'><strong>gratia</strong></span> <span class='ocrx_word' id='word_1_250' title='bbox 516 1850 617 1907; x_wconf 87' lang='lat' dir='ltr'><strong>per</strong></span> <span class='ocrx_word' id='word_1_251' title='bbox 668 1835 885 1906; x_wconf 85' lang='lat' dir='ltr'><strong>singula</strong></span> <span class='ocrx_word' id='word_1_252' title='bbox 930 1835 1271 1890; x_wconf 86' lang='lat' dir='ltr'><strong>reconciliari</strong></span> <span class='ocrx_word' id='word_1_253' title='bbox 1316 1835 1507 1891; x_wconf 91' lang='lat' dir='ltr'><strong>studui.</strong></span> <span class='ocrx_word' id='word_1_254' title='bbox 1550 1836 1657 1890; x_wconf 87' lang='lat' dir='ltr'><strong>Vos</strong></span> <span class='ocrx_word' id='word_1_255' title='bbox 1710 1843 1886 1891; x_wconf 89' lang='lat' dir='ltr'><strong>autem</strong></span> 
     </span>
    </p>
   </div>
   <div class='ocr_carea' id='block_1_35' title="bbox 292 1922 1891 1995">
    <p class='ocr_par' dir='ltr' id='par_1_35' title="bbox 292 1922 1891 1995">
     <span class='ocr_line' id='line_1_35' title="bbox 292 1922 1891 1995; baseline 0.001 -18"><span class='ocrx_word' id='word_1_256' title='bbox 292 1922 421 1994; x_wconf 90' lang='lat' dir='ltr'><strong>quid</strong></span> <span class='ocrx_word' id='word_1_257' title='bbox 445 1925 633 1979; x_wconf 90' lang='lat' dir='ltr'><strong>horum</strong></span> <span class='ocrx_word' id='word_1_258' title='bbox 665 1939 902 1994; x_wconf 89' lang='lat' dir='ltr'><strong>unquam</strong></span> <span class='ocrx_word' id='word_1_259' title='bbox 934 1923 1012 1977; x_wconf 92' lang='lat' dir='ltr'><strong>sui</strong></span> <span class='ocrx_word' id='word_1_260' title='bbox 1036 1939 1196 1978; x_wconf 90' lang='lat' dir='ltr'><strong>causa</strong></span> <span class='ocrx_word' id='word_1_261' title='bbox 1243 1923 1618 1978; x_wconf 76' lang='lat' dir='ltr'><strong>sustinuistis?</strong></span> <span class='ocrx_word' id='word_1_262' title='bbox 1663 1924 1891 1995; x_wconf 85' lang='lat' dir='ltr'><strong>Semper</strong></span> 
     </span>
    </p>
   </div>
   <div class='ocr_carea' id='block_1_36' title="bbox 288 2012 1890 2084">
    <p class='ocr_par' dir='ltr' id='par_1_36' title="bbox 288 2012 1890 2084">
     <span class='ocr_line' id='line_1_36' title="bbox 288 2012 1890 2084; baseline 0 -16"><span class='ocrx_word' id='word_1_263' title='bbox 288 2028 387 2068; x_wconf 79' lang='lat' dir='ltr'><strong>vos</strong></span> <span class='ocrx_word' id='word_1_264' title='bbox 414 2012 611 2083; x_wconf 78' lang='lat' dir='ltr'><strong>gloria,</strong></span> <span class='ocrx_word' id='word_1_265' title='bbox 644 2028 861 2082; x_wconf 87' lang='lat' dir='ltr'><strong>semper</strong></span> <span class='ocrx_word' id='word_1_266' title='bbox 882 2012 1196 2082; x_wconf 87' lang='lat' dir='ltr'><strong>jucunditas</strong></span> <span class='ocrx_word' id='word_1_267' title='bbox 1226 2019 1307 2067; x_wconf 91' lang='lat' dir='ltr'><strong>est</strong></span> <span class='ocrx_word' id='word_1_268' title='bbox 1333 2012 1609 2078; x_wconf 86' lang='lat' dir='ltr'><strong>comitata,</strong></span> <span class='ocrx_word' id='word_1_269' title='bbox 1671 2029 1890 2084; x_wconf 88' lang='lat' dir='ltr'><strong>semper</strong></span> 
     </span>
    </p>
   </div>
   <div class='ocr_carea' id='block_1_37' title="bbox 282 2099 1886 2173">
    <p class='ocr_par' dir='ltr' id='par_1_37' title="bbox 282 2099 1886 2173">
     <span class='ocr_line' id='line_1_37' title="bbox 282 2099 1886 2173; baseline 0.001 -18"><span class='ocrx_word' id='word_1_270' title='bbox 282 2117 382 2157; x_wconf 88' lang='lat' dir='ltr'><strong>vos</strong></span> <span class='ocrx_word' id='word_1_271' title='bbox 413 2100 582 2156; x_wconf 92' lang='lat' dir='ltr'><strong>tenuit</strong></span> <span class='ocrx_word' id='word_1_272' title='bbox 611 2101 833 2155; x_wconf 81' lang='lat' dir='ltr'><strong>dextera</strong></span> <span class='ocrx_word' id='word_1_273' title='bbox 864 2099 967 2155; x_wconf 90' lang='lat' dir='ltr'><strong>Dei</strong></span> <span class='ocrx_word' id='word_1_274' title='bbox 998 2108 1158 2171; x_wconf 88' lang='lat' dir='ltr'><strong>atque</strong></span> <span class='ocrx_word' id='word_1_275' title='bbox 1187 2101 1431 2156; x_wconf 86' lang='lat' dir='ltr'><strong>defendit</strong></span> <span class='ocrx_word' id='word_1_276' title='bbox 1475 2101 1543 2155; x_wconf 83' lang='lat' dir='ltr'><strong>ab</strong></span> <span class='ocrx_word' id='word_1_277' title='bbox 1591 2102 1886 2173; x_wconf 85' lang='lat' dir='ltr'><strong>impugna-</strong></span> 
     </span>
    </p>
   </div>
   <div class='ocr_carea' id='block_1_38' title="bbox 282 2188 1886 2260">
    <p class='ocr_par' dir='ltr' id='par_1_38' title="bbox 282 2188 1886 2260">
     <span class='ocr_line' id='line_1_38' title="bbox 282 2188 1886 2260; baseline 0 -15"><span class='ocrx_word' id='word_1_278' title='bbox 282 2189 431 2246; x_wconf 90' lang='lat' dir='ltr'><strong>tione</strong></span> <span class='ocrx_word' id='word_1_279' title='bbox 460 2189 636 2246; x_wconf 90' lang='lat' dir='ltr'><strong>omnis</strong></span> <span class='ocrx_word' id='word_1_280' title='bbox 654 2189 887 2260; x_wconf 86' lang='lat' dir='ltr'><strong>peccati,</strong></span> <span class='ocrx_word' id='word_1_281' title='bbox 907 2188 979 2244; x_wconf 88' lang='lat' dir='ltr'><strong>ita</strong></span> <span class='ocrx_word' id='word_1_282' title='bbox 1000 2196 1057 2244; x_wconf 91' lang='lat' dir='ltr'><strong>ut</strong></span> <span class='ocrx_word' id='word_1_283' title='bbox 1084 2190 1231 2244; x_wconf 90' lang='lat' dir='ltr'><strong>nulla</strong></span> <span class='ocrx_word' id='word_1_284' title='bbox 1251 2190 1409 2246; x_wconf 88' lang='lat' dir='ltr'><strong>vobis</strong></span> <span class='ocrx_word' id='word_1_285' title='bbox 1439 2190 1742 2260; x_wconf 87' lang='lat' dir='ltr'><strong>subriperet</strong></span> <span class='ocrx_word' id='word_1_286' title='bbox 1768 2207 1886 2245; x_wconf 84' lang='lat' dir='ltr'><strong>ma—</strong></span> 
     </span>
    </p>
   </div>
   <div class='ocr_carea' id='block_1_39' title="bbox 282 2276 1886 2349">
    <p class='ocr_par' dir='ltr' id='par_1_39' title="bbox 282 2276 1886 2349">
     <span class='ocr_line' id='line_1_39' title="bbox 282 2276 1886 2349; baseline -0.001 -14"><span class='ocrx_word' id='word_1_287' title='bbox 282 2277 758 2349; x_wconf 85' lang='lat' dir='ltr'><strong>culaejus.ltaque</strong></span> <span class='ocrx_word' id='word_1_288' title='bbox 782 2277 876 2333; x_wconf 89' lang='lat' dir='ltr'><strong>sia</strong></span> <span class='ocrx_word' id='word_1_289' title='bbox 906 2276 1179 2334; x_wconf 88' lang='lat' dir='ltr'><strong>voluntate</strong></span> <span class='ocrx_word' id='word_1_290' title='bbox 1216 2278 1390 2349; x_wconf 87' lang='lat' dir='ltr'><strong>ipsius</strong></span> <span class='ocrx_word' id='word_1_291' title='bbox 1424 2294 1533 2334; x_wconf 91' lang='lat' dir='ltr'><strong>non</strong></span> <span class='ocrx_word' id='word_1_292' title='bbox 1564 2278 1886 2345; x_wconf 88' lang='lat' dir='ltr'><strong>recessistis,</strong></span> 
     </span>
    </p>
   </div>
   <div class='ocr_carea' id='block_1_40' title="bbox 278 2366 1889 2438">
    <p class='ocr_par' dir='ltr' id='par_1_40' title="bbox 278 2366 1889 2438">
     <span class='ocr_line' id='line_1_40' title="bbox 278 2366 1889 2438; baseline 0.001 -16"><span class='ocrx_word' id='word_1_293' title='bbox 278 2367 426 2422; x_wconf 81' lang='lat' dir='ltr'><strong>illius</strong></span> <span class='ocrx_word' id='word_1_294' title='bbox 453 2366 516 2395; x_wconf 75' lang='lat'><strong>‘°‘</strong></span> <span class='ocrx_word' id='word_1_295' title='bbox 547 2368 747 2422; x_wconf 89' lang='lat' dir='ltr'><strong>donum</strong></span> <span class='ocrx_word' id='word_1_296' title='bbox 787 2374 888 2436; x_wconf 88' lang='lat' dir='ltr'><strong>est,</strong></span> <span class='ocrx_word' id='word_1_297' title='bbox 924 2383 1094 2438; x_wconf 88' lang='lat' dir='ltr'><strong>aquo</strong></span> <span class='ocrx_word' id='word_1_298' title='bbox 1134 2366 1340 2437; x_wconf 87' lang='lat' dir='ltr'><strong>jugiter</strong></span> <span class='ocrx_word' id='word_1_299' title='bbox 1385 2366 1521 2422; x_wconf 90' lang='lat' dir='ltr'><strong>tenti</strong></span> <span class='ocrx_word' id='word_1_300' title='bbox 1569 2368 1721 2421; x_wconf 91' lang='lat' dir='ltr'><strong>estis.</strong></span> <span class='ocrx_word' id='word_1_301' title='bbox 1780 2367 1889 2423; x_wconf 91' lang='lat' dir='ltr'><strong>Sed</strong></span> 
     </span>
    </p>
   </div>
   <div class='ocr_carea' id='block_1_41' title="bbox 281 2454 1891 2528">
    <p class='ocr_par' dir='ltr' id='par_1_41' title="bbox 281 2454 1891 2528">
     <span class='ocr_line' id='line_1_41' title="bbox 281 2454 1891 2528; baseline 0.001 -18"><span class='ocrx_word' id='word_1_302' title='bbox 281 2457 407 2528; x_wconf 86' lang='lat' dir='ltr'><strong>quia</strong></span> <span class='ocrx_word' id='word_1_303' title='bbox 435 2458 553 2511; x_wconf 68' lang='lat' dir='ltr'><strong>haec</strong></span> <span class='ocrx_word' id='word_1_304' title='bbox 580 2454 933 2510; x_wconf 88' lang='lat' dir='ltr'><strong>ratiocinatio</strong></span> <span class='ocrx_word' id='word_1_305' title='bbox 964 2454 1094 2510; x_wconf 89' lang='lat' dir='ltr'><strong>illos</strong></span> <span class='ocrx_word' id='word_1_306' title='bbox 1123 2454 1497 2510; x_wconf 88' lang='lat' dir='ltr'><strong>tantummodo</strong></span> <span class='ocrx_word' id='word_1_307' title='bbox 1550 2456 1772 2526; x_wconf 89' lang='lat' dir='ltr'><strong>respicit</strong></span> <span class='ocrx_word' id='word_1_308' title='bbox 1800 2456 1891 2527; x_wconf 91' lang='lat' dir='ltr'><strong>qui</strong></span> 
     </span>
    </p>
   </div>
   <div class='ocr_carea' id='block_1_42' title="bbox 279 2542 1891 2616">
    <p class='ocr_par' dir='ltr' id='par_1_42' title="bbox 279 2542 1891 2616">
     <span class='ocr_line' id='line_1_42' title="bbox 279 2542 1891 2616; baseline -0.001 -16"><span class='ocrx_word' id='word_1_309' title='bbox 279 2543 578 2616; x_wconf 89' lang='lat' dir='ltr'><strong>perditioni</strong></span> <span class='ocrx_word' id='word_1_310' title='bbox 607 2560 720 2599; x_wconf 67' lang='lat' dir='ltr'><strong>suae</strong></span> <span class='ocrx_word' id='word_1_311' title='bbox 752 2542 813 2571; x_wconf 80' lang='grc'><strong>⁶⁰⁹</strong></span> <span class='ocrx_word' id='word_1_312' title='bbox 832 2543 941 2599; x_wconf 91' lang='lat' dir='ltr'><strong>vim</strong></span> <span class='ocrx_word' id='word_1_313' title='bbox 964 2542 1202 2599; x_wconf 80' lang='lat' dir='ltr'><strong>fecerunt</strong></span> <span class='ocrx_word' id='word_1_314' title='bbox 1250 2552 1302 2598; x_wconf 90' lang='lat' dir='ltr'><strong>et</strong></span> <span class='ocrx_word' id='word_1_315' title='bbox 1350 2559 1579 2615; x_wconf 82' lang='lat' dir='ltr'><strong>regnum</strong></span> <span class='ocrx_word' id='word_1_316' title='bbox 1625 2544 1891 2601; x_wconf 62' lang='lat' dir='ltr'><strong>caelorum</strong></span> 
     </span>
    </p>
   </div>
   <div class='ocr_carea' id='block_1_43' title="bbox 284 2631 1889 2704">
    <p class='ocr_par' dir='ltr' id='par_1_43' title="bbox 284 2631 1889 2704">
     <span class='ocr_line' id='line_1_43' title="bbox 284 2631 1889 2704; baseline 0 -16"><span class='ocrx_word' id='word_1_317' title='bbox 284 2633 554 2689; x_wconf 89' lang='lat' dir='ltr'><strong>violenter</strong></span> <span class='ocrx_word' id='word_1_318' title='bbox 581 2640 880 2703; x_wconf 89' lang='lat' dir='ltr'><strong>rapuerunt</strong></span> <span class='ocrx_word' id='word_1_319' title='bbox 908 2631 968 2660; x_wconf 79' lang='lat'><strong>&#39;°‘</strong></span> <span class='ocrx_word' id='word_1_320' title='bbox 998 2632 1218 2701; x_wconf 81' lang='lat' dir='ltr'><strong>(Matth.</strong></span> <span class='ocrx_word' id='word_1_321' title='bbox 1247 2650 1322 2701; x_wconf 70' lang='grc' dir='ltr'><strong>χι,</strong></span> <span class='ocrx_word' id='word_1_322' title='bbox 1357 2633 1468 2703; x_wconf 75' lang='grc'><strong>12),</strong></span> <span class='ocrx_word' id='word_1_323' title='bbox 1517 2633 1629 2703; x_wconf 88' lang='lat' dir='ltr'><strong>alii,</strong></span> <span class='ocrx_word' id='word_1_324' title='bbox 1689 2634 1778 2704; x_wconf 92' lang='lat' dir='ltr'><strong>qui</strong></span> <span class='ocrx_word' id='word_1_325' title='bbox 1833 2634 1889 2688; x_wconf 93' lang='lat' dir='ltr'><strong>in</strong></span> 
     </span>
    </p>
   </div>
   <div class='ocr_carea' id='block_1_44' title="bbox 288 2721 1891 2791">
    <p class='ocr_par' dir='ltr' id='par_1_44' title="bbox 288 2721 1891 2791">
     <span class='ocr_line' id='line_1_44' title="bbox 288 2721 1891 2791; baseline 0 -14"><span class='ocrx_word' id='word_1_326' title='bbox 288 2722 385 2778; x_wconf 93' lang='lat' dir='ltr'><strong>illo</strong></span> <span class='ocrx_word' id='word_1_327' title='bbox 415 2729 560 2790; x_wconf 91' lang='lat' dir='ltr'><strong>sunt,</strong></span> <span class='ocrx_word' id='word_1_328' title='bbox 588 2722 688 2777; x_wconf 87' lang='lat' dir='ltr'><strong>sed</strong></span> <span class='ocrx_word' id='word_1_329' title='bbox 716 2721 824 2776; x_wconf 89' lang='lat' dir='ltr'><strong>alio</strong></span> <span class='ocrx_word' id='word_1_330' title='bbox 850 2721 1014 2778; x_wconf 89' lang='lat' dir='ltr'><strong>modo</strong></span> <span class='ocrx_word' id='word_1_331' title='bbox 1046 2722 1317 2791; x_wconf 88' lang='lat' dir='ltr'><strong>intraturi,</strong></span> <span class='ocrx_word' id='word_1_332' title='bbox 1364 2722 1472 2776; x_wconf 88' lang='lat' dir='ltr'><strong>alia</strong></span> <span class='ocrx_word' id='word_1_333' title='bbox 1503 2722 1709 2777; x_wconf 84' lang='lat' dir='ltr'><strong>ratione</strong></span> <span class='ocrx_word' id='word_1_334' title='bbox 1738 2723 1891 2791; x_wconf 84' lang='lat' dir='ltr'><strong>puri-</strong></span> 
     </span>
    </p>
   </div>
   <div class='ocr_carea' id='block_1_45' title="bbox 283 2809 1888 2881">
    <p class='ocr_par' dir='ltr' id='par_1_45' title="bbox 283 2809 1888 2881">
     <span class='ocr_line' id='line_1_45' title="bbox 283 2809 1888 2881; baseline -0.001 -15"><span class='ocrx_word' id='word_1_335' title='bbox 283 2818 449 2867; x_wconf 87' lang='lat' dir='ltr'><strong>tatem</strong></span> <span class='ocrx_word' id='word_1_336' title='bbox 473 2811 798 2881; x_wconf 78' lang='lat' dir='ltr'><strong>angelorum</strong></span> <span class='ocrx_word' id='word_1_337' title='bbox 831 2810 933 2865; x_wconf 90' lang='lat' dir='ltr'><strong>sibi</strong></span> <span class='ocrx_word' id='word_1_338' title='bbox 966 2818 1091 2864; x_wconf 89' lang='lat' dir='ltr'><strong>sunt</strong></span> <span class='ocrx_word' id='word_1_339' title='bbox 1119 2809 1467 2866; x_wconf 86' lang='lat' dir='ltr'><strong>vindicaturi.</strong></span> <span class='ocrx_word' id='word_1_340' title='bbox 1500 2810 1607 2866; x_wconf 88' lang='lat' dir='ltr'><strong>Sed</strong></span> <span class='ocrx_word' id='word_1_341' title='bbox 1650 2811 1888 2881; x_wconf 67' lang='lat' dir='ltr'><strong>quieris:</strong></span> 
     </span>
    </p>
   </div>
   <div class='ocr_carea' id='block_1_46' title="bbox 281 2898 1892 2972">
    <p class='ocr_par' dir='ltr' id='par_1_46' title="bbox 281 2898 1892 2972">
     <span class='ocr_line' id='line_1_46' title="bbox 281 2898 1892 2972; baseline 0 -18"><span class='ocrx_word' id='word_1_342' title='bbox 281 2898 402 2969; x_wconf 87' lang='lat' dir='ltr'><strong>Quo</strong></span> <span class='ocrx_word' id='word_1_343' title='bbox 424 2900 453 2952; x_wconf 84' lang='lat'><strong>?</strong></span> <span class='ocrx_word' id='word_1_344' title='bbox 487 2898 719 2954; x_wconf 85' lang='lat' dir='ltr'><strong>forsitan</strong></span> <span class='ocrx_word' id='word_1_345' title='bbox 746 2899 867 2954; x_wconf 88' lang='lat' dir='ltr'><strong>ista.</strong></span> <span class='ocrx_word' id='word_1_346' title='bbox 893 2898 1087 2953; x_wconf 88' lang='lat' dir='ltr'><strong>Dicent</strong></span> <span class='ocrx_word' id='word_1_347' title='bbox 1115 2915 1249 2971; x_wconf 90' lang='lat' dir='ltr'><strong>ergo</strong></span> <span class='ocrx_word' id='word_1_348' title='bbox 1280 2899 1389 2954; x_wconf 89' lang='lat' dir='ltr'><strong>illis</strong></span> <span class='ocrx_word' id='word_1_349' title='bbox 1423 2918 1435 2954; x_wconf 90' lang='lat'>:</span> <span class='ocrx_word' id='word_1_350' title='bbox 1470 2898 1615 2968; x_wconf 86' lang='lat' dir='ltr'><strong>Quid</strong></span> <span class='ocrx_word' id='word_1_351' title='bbox 1641 2899 1695 2953; x_wconf 92' lang='lat' dir='ltr'><strong>in</strong></span> <span class='ocrx_word' id='word_1_352' title='bbox 1718 2915 1892 2972; x_wconf 86' lang='lat' dir='ltr'><strong>regno</strong></span> 
     </span>
    </p>
   </div>
   <div class='ocr_carea' id='block_1_47' title="bbox 278 2986 1900 3058">
    <p class='ocr_par' dir='ltr' id='par_1_47' title="bbox 278 2986 1900 3058">
     <span class='ocr_line' id='line_1_47' title="bbox 278 2986 1900 3058; baseline -0.001 -14"><span class='ocrx_word' id='word_1_353' title='bbox 278 2987 378 3044; x_wconf 92' lang='lat' dir='ltr'><strong>Dei</strong></span> <span class='ocrx_word' id='word_1_354' title='bbox 408 2995 587 3044; x_wconf 90' lang='lat' dir='ltr'><strong>vestra</strong></span> <span class='ocrx_word' id='word_1_355' title='bbox 636 2988 931 3058; x_wconf 67' lang='lat' dir='ltr'><strong>quaerimus</strong></span> <span class='ocrx_word' id='word_1_356' title='bbox 976 2986 1259 3058; x_wconf 71' lang='lat' dir='ltr'><strong>aequaliter</strong></span> <span class='ocrx_word' id='word_1_357' title='bbox 1300 2987 1454 3042; x_wconf 88' lang='lat' dir='ltr'><strong>beari</strong></span> <span class='ocrx_word' id='word_1_358' title='bbox 1501 2986 1579 3057; x_wconf 80' lang='grc'><strong>⁵⁰⁸,</strong></span> <span class='ocrx_word' id='word_1_359' title='bbox 1643 2989 1786 3044; x_wconf 91' lang='lat' dir='ltr'><strong>dono</strong></span> <span class='ocrx_word' id='word_1_360' title='bbox 1841 3004 1900 3055; x_wconf 62' lang='lat' dir='ltr'><strong>eg</strong></span> 
     </span>
    </p>
   </div>
   <div class='ocr_carea' id='block_1_48' title="bbox 279 3075 1887 3148">
    <p class='ocr_par' dir='ltr' id='par_1_48' title="bbox 279 3075 1887 3148">
     <span class='ocr_line' id='line_1_48' title="bbox 279 3075 1887 3148; baseline 0.001 -18"><span class='ocrx_word' id='word_1_361' title='bbox 279 3076 474 3147; x_wconf 74' lang='lat' dir='ltr'><strong>gratiae</strong></span> <span class='ocrx_word' id='word_1_362' title='bbox 501 3077 628 3131; x_wconf 84' lang='lat' dir='ltr'><strong>Jesu</strong></span> <span class='ocrx_word' id='word_1_363' title='bbox 659 3075 856 3131; x_wconf 88' lang='lat' dir='ltr'><strong>Christi</strong></span> <span class='ocrx_word' id='word_1_364' title='bbox 902 3075 1119 3130; x_wconf 90' lang='lat' dir='ltr'><strong>Domini</strong></span> <span class='ocrx_word' id='word_1_365' title='bbox 1169 3077 1347 3130; x_wconf 88' lang='lat' dir='ltr'><strong>nostri</strong></span> <span class='ocrx_word' id='word_1_366' title='bbox 1393 3076 1737 3145; x_wconf 83' lang='lat' dir='ltr'><strong>ascribimus,</strong></span> <span class='ocrx_word' id='word_1_367' title='bbox 1794 3078 1887 3148; x_wconf 92' lang='lat' dir='ltr'><strong>qui</strong></span> 
     </span>
    </p>
   </div>
   <div class='ocr_carea' id='block_1_49' title="bbox 279 3162 1880 3235">
    <p class='ocr_par' dir='ltr' id='par_1_49' title="bbox 279 3162 1880 3235">
     <span class='ocr_line' id='line_1_49' title="bbox 279 3162 1880 3235; baseline 0.002 -17"><span class='ocrx_word' id='word_1_368' title='bbox 279 3163 351 3218; x_wconf 84' lang='lat' dir='ltr'><strong>ad</strong></span> <span class='ocrx_word' id='word_1_369' title='bbox 383 3165 487 3219; x_wconf 90' lang='lat' dir='ltr'><strong>hoc</strong></span> <span class='ocrx_word' id='word_1_370' title='bbox 514 3163 768 3235; x_wconf 86' lang='lat' dir='ltr'><strong>dignatus</strong></span> <span class='ocrx_word' id='word_1_371' title='bbox 796 3172 879 3218; x_wconf 90' lang='lat' dir='ltr'><strong>est</strong></span> <span class='ocrx_word' id='word_1_372' title='bbox 908 3165 1071 3218; x_wconf 89' lang='lat' dir='ltr'><strong>homo</strong></span> <span class='ocrx_word' id='word_1_373' title='bbox 1100 3162 1236 3231; x_wconf 85' lang='lat' dir='ltr'><strong>ﬁeri,</strong></span> <span class='ocrx_word' id='word_1_374' title='bbox 1265 3163 1400 3234; x_wconf 87' lang='lat' dir='ltr'><strong>pati,</strong></span> <span class='ocrx_word' id='word_1_375' title='bbox 1432 3163 1589 3231; x_wconf 88' lang='lat' dir='ltr'><strong>mori,</strong></span> <span class='ocrx_word' id='word_1_376' title='bbox 1642 3172 1698 3218; x_wconf 90' lang='lat' dir='ltr'><strong>ut</strong></span> <span class='ocrx_word' id='word_1_377' title='bbox 1762 3181 1880 3232; x_wconf 91' lang='lat' dir='ltr'><strong>nos,</strong></span> 
     </span>
    </p>
   </div>
   <div class='ocr_carea' id='block_1_50' title="bbox 281 3251 1885 3325">
    <p class='ocr_par' dir='ltr' id='par_1_50' title="bbox 281 3251 1885 3325">
     <span class='ocr_line' id='line_1_50' title="bbox 281 3251 1885 3325; baseline 0.001 -17"><span class='ocrx_word' id='word_1_378' title='bbox 281 3252 355 3308; x_wconf 84' lang='lat' dir='ltr'><strong>ab</strong></span> <span class='ocrx_word' id='word_1_379' title='bbox 387 3253 538 3309; x_wconf 90' lang='lat' dir='ltr'><strong>omni</strong></span> <span class='ocrx_word' id='word_1_380' title='bbox 566 3251 767 3308; x_wconf 92' lang='lat' dir='ltr'><strong>delicto</strong></span> <span class='ocrx_word' id='word_1_381' title='bbox 796 3252 852 3305; x_wconf 90' lang='lat' dir='ltr'><strong>in</strong></span> <span class='ocrx_word' id='word_1_382' title='bbox 875 3251 1137 3325; x_wconf 88' lang='lat' dir='ltr'><strong>sanguine</strong></span> <span class='ocrx_word' id='word_1_383' title='bbox 1165 3267 1265 3307; x_wconf 93' lang='lat' dir='ltr'><strong>suo</strong></span> <span class='ocrx_word' id='word_1_384' title='bbox 1305 3251 1651 3320; x_wconf 84' lang='lat' dir='ltr'><strong>justiﬁeatos,</strong></span> <span class='ocrx_word' id='word_1_385' title='bbox 1709 3252 1885 3322; x_wconf 87' lang='lat' dir='ltr'><strong>ipsius</strong></span> 
     </span>
    </p>
   </div>
   <div class='ocr_carea' id='block_1_51' title="bbox 277 3339 1887 3413">
    <p class='ocr_par' dir='ltr' id='par_1_51' title="bbox 277 3339 1887 3413">
     <span class='ocr_line' id='line_1_51' title="bbox 277 3339 1887 3413; baseline 0.002 -19"><span class='ocrx_word' id='word_1_386' title='bbox 277 3340 431 3413; x_wconf 82' lang='lat' dir='ltr'><strong>regni</strong></span> <span class='ocrx_word' id='word_1_387' title='bbox 460 3349 742 3398; x_wconf 84' lang='lat' dir='ltr'><strong>consortes</strong></span> <span class='ocrx_word' id='word_1_388' title='bbox 773 3339 1029 3396; x_wconf 76' lang='lat' dir='ltr'><strong>efﬁceret.</strong></span> <span class='ocrx_word' id='word_1_389' title='bbox 1066 3340 1173 3395; x_wconf 85' lang='lat' dir='ltr'><strong>Vos</strong></span> <span class='ocrx_word' id='word_1_390' title='bbox 1220 3340 1386 3412; x_wconf 86' lang='lat' dir='ltr'><strong>igitur</strong></span> <span class='ocrx_word' id='word_1_391' title='bbox 1431 3340 1782 3398; x_wconf 89' lang='lat' dir='ltr'><strong>considerate</strong></span> <span class='ocrx_word' id='word_1_392' title='bbox 1816 3358 1887 3398; x_wconf 87' lang='lat' dir='ltr'><strong>an</strong></span> 
     </span>
    </p>
   </div>
   <div class='ocr_carea' id='block_1_52' title="bbox 278 3427 1883 3501">
    <p class='ocr_par' dir='ltr' id='par_1_52' title="bbox 278 3427 1883 3501">
     <span class='ocr_line' id='line_1_52' title="bbox 278 3427 1883 3501; baseline 0.001 -17"><span class='ocrx_word' id='word_1_393' title='bbox 278 3430 501 3501; x_wconf 81' lang='lat' dir='ltr'><strong>sanguis</strong></span> <span class='ocrx_word' id='word_1_394' title='bbox 530 3428 749 3497; x_wconf 88' lang='lat' dir='ltr'><strong>Christi,</strong></span> <span class='ocrx_word' id='word_1_395' title='bbox 785 3430 875 3500; x_wconf 90' lang='lat' dir='ltr'><strong>qui</strong></span> <span class='ocrx_word' id='word_1_396' title='bbox 904 3443 1002 3499; x_wconf 90' lang='lat' dir='ltr'><strong>pro</strong></span> <span class='ocrx_word' id='word_1_397' title='bbox 1031 3428 1189 3483; x_wconf 90' lang='lat' dir='ltr'><strong>nobis</strong></span> <span class='ocrx_word' id='word_1_398' title='bbox 1217 3436 1297 3484; x_wconf 92' lang='lat' dir='ltr'><strong>est</strong></span> <span class='ocrx_word' id='word_1_399' title='bbox 1325 3427 1461 3483; x_wconf 78' lang='lat' dir='ltr'><strong>eﬁ‘us</strong></span> <span class='ocrx_word' id='word_1_400' title='bbox 1475 3445 1560 3493; x_wconf 89' lang='lat' dir='ltr'><strong>us,</strong></span> <span class='ocrx_word' id='word_1_401' title='bbox 1589 3438 1751 3501; x_wconf 87' lang='lat' dir='ltr'><strong>queat</strong></span> <span class='ocrx_word' id='word_1_402' title='bbox 1778 3446 1883 3486; x_wconf 91' lang='lat' dir='ltr'><strong>no-</strong></span> 
     </span>
    </p>
   </div>
   <div class='ocr_carea' id='block_1_53' title="bbox 275 3516 1886 3588">
    <p class='ocr_par' dir='ltr' id='par_1_53' title="bbox 275 3516 1886 3588">
     <span class='ocr_line' id='line_1_53' title="bbox 275 3516 1886 3588; baseline 0 -14"><span class='ocrx_word' id='word_1_403' title='bbox 275 3518 362 3574; x_wconf 87' lang='lat' dir='ltr'><strong>bis</strong></span> <span class='ocrx_word' id='word_1_404' title='bbox 392 3534 504 3573; x_wconf 91' lang='lat' dir='ltr'><strong>non</strong></span> <span class='ocrx_word' id='word_1_405' title='bbox 532 3534 649 3573; x_wconf 89' lang='lat' dir='ltr'><strong>esse</strong></span> <span class='ocrx_word' id='word_1_406' title='bbox 677 3517 922 3588; x_wconf 85' lang='lat' dir='ltr'><strong>perfecta</strong></span> <span class='ocrx_word' id='word_1_407' title='bbox 952 3531 1116 3573; x_wconf 88' lang='lat' dir='ltr'><strong>causa</strong></span> <span class='ocrx_word' id='word_1_408' title='bbox 1162 3516 1351 3571; x_wconf 87' lang='lat' dir='ltr'><strong>salutis</strong></span> <span class='ocrx_word' id='word_1_409' title='bbox 1370 3518 1399 3571; x_wconf 83' lang='lat'><strong>‘?</strong></span> <span class='ocrx_word' id='word_1_410' title='bbox 1450 3516 1595 3586; x_wconf 88' lang='lat' dir='ltr'><strong>Quid</strong></span> <span class='ocrx_word' id='word_1_411' title='bbox 1640 3518 1711 3572; x_wconf 88' lang='lat' dir='ltr'><strong>ad</strong></span> <span class='ocrx_word' id='word_1_412' title='bbox 1764 3520 1886 3575; x_wconf 80' lang='lat' dir='ltr'><strong>haec</strong></span> 
     </span>
    </p>
   </div>
   <div class='ocr_carea' id='block_1_54' title="bbox 274 3605 1882 3680">
    <p class='ocr_par' dir='ltr' id='par_1_54' title="bbox 274 3605 1882 3680">
     <span class='ocr_line' id='line_1_54' title="bbox 274 3605 1882 3680; baseline -0.001 -16"><span class='ocrx_word' id='word_1_413' title='bbox 274 3606 479 3680; x_wconf 83' lang='lat' dir='ltr'><strong>angeli,</strong></span> <span class='ocrx_word' id='word_1_414' title='bbox 503 3606 593 3679; x_wconf 88' lang='lat' dir='ltr'><strong>qui</strong></span> <span class='ocrx_word' id='word_1_415' title='bbox 627 3606 884 3672; x_wconf 87' lang='lat' dir='ltr'><strong>libenter,</strong></span> <span class='ocrx_word' id='word_1_416' title='bbox 926 3620 991 3662; x_wconf 90' lang='lat' dir='ltr'><strong>eo</strong></span> <span class='ocrx_word' id='word_1_417' title='bbox 1027 3606 1170 3675; x_wconf 87' lang='lat' dir='ltr'><strong>quod</strong></span> <span class='ocrx_word' id='word_1_418' title='bbox 1208 3605 1337 3660; x_wconf 91' lang='lat' dir='ltr'><strong>boni</strong></span> <span class='ocrx_word' id='word_1_419' title='bbox 1378 3613 1522 3674; x_wconf 86' lang='lat' dir='ltr'><strong>sunt,</strong></span> <span class='ocrx_word' id='word_1_420' title='bbox 1559 3606 1752 3661; x_wconf 89' lang='lat' dir='ltr'><strong>rationi</strong></span> <span class='ocrx_word' id='word_1_421' title='bbox 1787 3623 1882 3663; x_wconf 88' lang='lat' dir='ltr'><strong>ac-</strong></span> 
     </span>
    </p>
   </div>
   <div class='ocr_carea' id='block_1_55' title="bbox 275 3694 1876 3767">
    <p class='ocr_par' dir='ltr' id='par_1_55' title="bbox 275 3694 1876 3767">
     <span class='ocr_line' id='line_1_55' title="bbox 275 3694 1876 3767; baseline 0 -16"><span class='ocrx_word' id='word_1_422' title='bbox 275 3696 559 3767; x_wconf 88' lang='lat' dir='ltr'><strong>quiescere</strong></span> <span class='ocrx_word' id='word_1_423' title='bbox 580 3694 640 3723; x_wconf 85' lang='grc'><strong>⁵⁰⁶</strong></span> <span class='ocrx_word' id='word_1_424' title='bbox 663 3695 870 3760; x_wconf 89' lang='lat' dir='ltr'><strong>volunt,</strong></span> <span class='ocrx_word' id='word_1_425' title='bbox 889 3695 1136 3751; x_wconf 90' lang='lat' dir='ltr'><strong>dicerent</strong></span> <span class='ocrx_word' id='word_1_426' title='bbox 1156 3694 1260 3749; x_wconf 91' lang='lat' dir='ltr'><strong>nisi</strong></span> <span class='ocrx_word' id='word_1_427' title='bbox 1283 3710 1405 3766; x_wconf 71' lang='lat' dir='ltr'><strong>quas</strong></span> <span class='ocrx_word' id='word_1_428' title='bbox 1443 3695 1589 3751; x_wconf 90' lang='lat' dir='ltr'><strong>dicta</strong></span> <span class='ocrx_word' id='word_1_429' title='bbox 1624 3703 1750 3750; x_wconf 89' lang='lat' dir='ltr'><strong>sunt</strong></span> <span class='ocrx_word' id='word_1_430' title='bbox 1781 3712 1876 3751; x_wconf 86' lang='lat' dir='ltr'><strong>ra-</strong></span> 
     </span>
    </p>
   </div>
   <div class='ocr_carea' id='block_1_56' title="bbox 266 3783 1883 3856">
    <p class='ocr_par' dir='ltr' id='par_1_56' title="bbox 266 3783 1883 3856">
     <span class='ocr_line' id='line_1_56' title="bbox 266 3783 1883 3856; baseline -0.001 -16"><span class='ocrx_word' id='word_1_431' title='bbox 266 3786 421 3840; x_wconf 88' lang='lat' dir='ltr'><strong>tione</strong></span> <span class='ocrx_word' id='word_1_432' title='bbox 435 3784 533 3839; x_wconf 92' lang='lat' dir='ltr'><strong>niti</strong></span> <span class='ocrx_word' id='word_1_433' title='bbox 548 3783 610 3813; x_wconf 80' lang='lat'><strong>‘°&quot;</strong></span> <span class='ocrx_word' id='word_1_434' title='bbox 629 3792 684 3840; x_wconf 85' lang='lat' dir='ltr'><strong>et</strong></span> <span class='ocrx_word' id='word_1_435' title='bbox 712 3783 1030 3856; x_wconf 88' lang='lat' dir='ltr'><strong>hujusmodi</strong></span> <span class='ocrx_word' id='word_1_436' title='bbox 1065 3783 1314 3839; x_wconf 90' lang='lat' dir='ltr'><strong>homines</strong></span> <span class='ocrx_word' id='word_1_437' title='bbox 1342 3783 1465 3853; x_wconf 88' lang='lat' dir='ltr'><strong>jure</strong></span> <span class='ocrx_word' id='word_1_438' title='bbox 1499 3799 1654 3839; x_wconf 87' lang='lat' dir='ltr'><strong>suam</strong></span> <span class='ocrx_word' id='word_1_439' title='bbox 1692 3800 1883 3856; x_wconf 62' lang='lat' dir='ltr'><strong>aequa-</strong></span> 
     </span>
    </p>
   </div>
   <div class='ocr_carea' id='block_1_57' title="bbox 274 3871 1884 3944">
    <p class='ocr_par' dir='ltr' id='par_1_57' title="bbox 274 3871 1884 3944">
     <span class='ocr_line' id='line_1_57' title="bbox 274 3871 1884 3944; baseline -0.001 -15"><span class='ocrx_word' id='word_1_440' title='bbox 274 3872 482 3929; x_wconf 81' lang='lat' dir='ltr'><strong>litatem</strong></span> <span class='ocrx_word' id='word_1_441' title='bbox 516 3871 720 3929; x_wconf 87' lang='lat' dir='ltr'><strong>debere</strong></span> <span class='ocrx_word' id='word_1_442' title='bbox 769 3871 1005 3928; x_wconf 79' lang='lat' dir='ltr'><strong>sortiri?</strong></span> <span class='ocrx_word' id='word_1_443' title='bbox 1068 3872 1202 3927; x_wconf 91' lang='lat' dir='ltr'><strong>Cum</strong></span> <span class='ocrx_word' id='word_1_444' title='bbox 1249 3871 1432 3943; x_wconf 86' lang='lat' dir='ltr'><strong>itaque</strong></span> <span class='ocrx_word' id='word_1_445' title='bbox 1489 3871 1673 3944; x_wconf 89' lang='lat' dir='ltr'><strong>angeli</strong></span> <span class='ocrx_word' id='word_1_446' title='bbox 1721 3879 1884 3943; x_wconf 88' lang='lat' dir='ltr'><strong>atque</strong></span> 
     </span>
    </p>
   </div>
   <div class='ocr_carea' id='block_1_58' title="bbox 276 3957 1883 4035">
    <p class='ocr_par' dir='ltr' id='par_1_58' title="bbox 276 3957 1883 4035">
     <span class='ocr_line' id='line_1_58' title="bbox 276 3957 1883 4035; baseline -0.001 -18"><span class='ocrx_word' id='word_1_447' title='bbox 276 3960 531 4017; x_wconf 87' lang='lat' dir='ltr'><strong>homines</strong></span> <span class='ocrx_word' id='word_1_448' title='bbox 561 3976 696 4031; x_wconf 88' lang='lat' dir='ltr'><strong>quos</strong></span> <span class='ocrx_word' id='word_1_449' title='bbox 727 3961 906 4035; x_wconf 86' lang='lat' dir='ltr'><strong>magis</strong></span> <span class='ocrx_word' id='word_1_450' title='bbox 954 3967 1010 4015; x_wconf 91' lang='lat' dir='ltr'><strong>tu</strong></span> <span class='ocrx_word' id='word_1_451' title='bbox 1044 3960 1395 4031; x_wconf 87' lang='lat' dir='ltr'><strong>judicaveras</strong></span> <span class='ocrx_word' id='word_1_452' title='bbox 1430 3957 1491 3987; x_wconf 78' lang='lat'><strong>‘”</strong></span> <span class='ocrx_word' id='word_1_453' title='bbox 1540 3960 1883 4031; x_wconf 89' lang='lat' dir='ltr'><strong>innocentes,</strong></span> 
     </span>
    </p>
   </div>
   <div class='ocr_carea' id='block_1_59' title="bbox 276 4047 1885 4119">
    <p class='ocr_par' dir='ltr' id='par_1_59' title="bbox 276 4047 1885 4119">
     <span class='ocr_line' id='line_1_59' title="bbox 276 4047 1885 4119; baseline 0 -15"><span class='ocrx_word' id='word_1_454' title='bbox 276 4050 376 4104; x_wconf 87' lang='lat' dir='ltr'><strong>tibi</strong></span> <span class='ocrx_word' id='word_1_455' title='bbox 415 4050 774 4115; x_wconf 89' lang='lat' dir='ltr'><strong>consentiant,</strong></span> <span class='ocrx_word' id='word_1_456' title='bbox 817 4065 941 4105; x_wconf 91' lang='lat' dir='ltr'><strong>cum</strong></span> <span class='ocrx_word' id='word_1_457' title='bbox 974 4048 1029 4102; x_wconf 92' lang='lat' dir='ltr'><strong>in</strong></span> <span class='ocrx_word' id='word_1_458' title='bbox 1065 4047 1273 4103; x_wconf 92' lang='lat' dir='ltr'><strong>cunctis</strong></span> <span class='ocrx_word' id='word_1_459' title='bbox 1306 4064 1404 4119; x_wconf 90' lang='lat' dir='ltr'><strong>pro</strong></span> <span class='ocrx_word' id='word_1_460' title='bbox 1439 4047 1667 4103; x_wconf 89' lang='lat' dir='ltr'><strong>veritate</strong></span> <span class='ocrx_word' id='word_1_461' title='bbox 1716 4049 1885 4104; x_wconf 87' lang='lat' dir='ltr'><strong>ratio-</strong></span> 
     </span>
    </p>
   </div>
   <div class='ocr_carea' id='block_1_60' title="bbox 278 4136 1880 4208">
    <p class='ocr_par' dir='ltr' id='par_1_60' title="bbox 278 4136 1880 4208">
     <span class='ocr_line' id='line_1_60' title="bbox 278 4136 1880 4208; baseline -0.001 -16"><span class='ocrx_word' id='word_1_462' title='bbox 278 4138 364 4192; x_wconf 87' lang='lat' dir='ltr'><strong>nis</strong></span> <span class='ocrx_word' id='word_1_463' title='bbox 404 4139 665 4194; x_wconf 89' lang='lat' dir='ltr'><strong>honorem</strong></span> <span class='ocrx_word' id='word_1_464' title='bbox 706 4137 974 4207; x_wconf 90' lang='lat' dir='ltr'><strong>deferant,</strong></span> <span class='ocrx_word' id='word_1_465' title='bbox 1034 4136 1331 4208; x_wconf 87' lang='lat' dir='ltr'><strong>perpende,</strong></span> <span class='ocrx_word' id='word_1_466' title='bbox 1387 4137 1431 4191; x_wconf 89' lang='lat' dir='ltr'><strong>si</strong></span> <span class='ocrx_word' id='word_1_467' title='bbox 1487 4136 1664 4205; x_wconf 87' lang='lat' dir='ltr'><strong>vales,</strong></span> <span class='ocrx_word' id='word_1_468' title='bbox 1722 4152 1880 4206; x_wconf 90' lang='lat' dir='ltr'><strong>quam</strong></span> 
     </span>
    </p>
   </div>
   <div class='ocr_carea' id='block_1_61' title="bbox 275 4224 1880 4297">
    <p class='ocr_par' dir='ltr' id='par_1_61' title="bbox 275 4224 1880 4297">
     <span class='ocr_line' id='line_1_61' title="bbox 275 4224 1880 4297; baseline 0 -18"><span class='ocrx_word' id='word_1_469' title='bbox 275 4233 438 4297; x_wconf 82' lang='lat' dir='ltr'><strong>grata</strong></span> <span class='ocrx_word' id='word_1_470' title='bbox 469 4225 541 4281; x_wconf 90' lang='lat' dir='ltr'><strong>sit</strong></span> <span class='ocrx_word' id='word_1_471' title='bbox 578 4225 846 4296; x_wconf 88' lang='lat' dir='ltr'><strong>sapientia</strong></span> <span class='ocrx_word' id='word_1_472' title='bbox 888 4226 990 4281; x_wconf 89' lang='lat' dir='ltr'><strong>ista</strong></span> <span class='ocrx_word' id='word_1_473' title='bbox 1043 4241 1151 4296; x_wconf 87' lang='lat' dir='ltr'><strong>qua</strong></span> <span class='ocrx_word' id='word_1_474' title='bbox 1209 4231 1282 4292; x_wconf 91' lang='lat' dir='ltr'><strong>tu,</strong></span> <span class='ocrx_word' id='word_1_475' title='bbox 1323 4224 1468 4281; x_wconf 89' lang='lat' dir='ltr'><strong>sicut</strong></span> <span class='ocrx_word' id='word_1_476' title='bbox 1501 4224 1572 4279; x_wconf 85' lang='lat' dir='ltr'><strong>ab</strong></span> <span class='ocrx_word' id='word_1_477' title='bbox 1609 4224 1880 4297; x_wconf 81' lang='lat' dir='ltr'><strong>omnibus,</strong></span> 
     </span>
    </p>
   </div>
   <div class='ocr_carea' id='block_1_62' title="bbox 273 4312 1883 4386">
    <p class='ocr_par' dir='ltr' id='par_1_62' title="bbox 273 4312 1883 4386">
     <span class='ocr_line' id='line_1_62' title="bbox 273 4312 1883 4386; baseline -0.001 -17"><span class='ocrx_word' id='word_1_478' title='bbox 273 4314 359 4369; x_wconf 82' lang='lat' dir='ltr'><strong>sic</strong></span> <span class='ocrx_word' id='word_1_479' title='bbox 394 4329 587 4369; x_wconf 90' lang='lat' dir='ltr'><strong>omnes</strong></span> <span class='ocrx_word' id='word_1_480' title='bbox 624 4330 655 4368; x_wconf 89' lang='lat' dir='ltr'><strong>a</strong></span> <span class='ocrx_word' id='word_1_481' title='bbox 690 4321 742 4369; x_wconf 88' lang='lat' dir='ltr'><strong>te</strong></span> <span class='ocrx_word' id='word_1_482' title='bbox 776 4322 1178 4386; x_wconf 86' lang='lat' dir='ltr'><strong>cognoscentur</strong></span> <span class='ocrx_word' id='word_1_483' title='bbox 1211 4314 1267 4368; x_wconf 89' lang='lat' dir='ltr'><strong>in</strong></span> <span class='ocrx_word' id='word_1_484' title='bbox 1308 4313 1420 4368; x_wconf 88' lang='lat' dir='ltr'><strong>vita</strong></span> <span class='ocrx_word' id='word_1_485' title='bbox 1443 4312 1567 4384; x_wconf 86' lang='lat' dir='ltr'><strong>illa.</strong></span> <span class='ocrx_word' id='word_1_486' title='bbox 1614 4313 1673 4369; x_wconf 91' lang='lat' dir='ltr'><strong>Si</strong></span> <span class='ocrx_word' id='word_1_487' title='bbox 1702 4321 1883 4368; x_wconf 88' lang='lat' dir='ltr'><strong>autem</strong></span> 
     </span>
    </p>
   </div>
   <div class='ocr_carea' id='block_1_63' title="bbox 276 4399 1886 4473">
    <p class='ocr_par' dir='ltr' id='par_1_63' title="bbox 276 4399 1886 4473">
     <span class='ocr_line' id='line_1_63' title="bbox 276 4399 1886 4473; baseline -0.001 -16"><span class='ocrx_word' id='word_1_488' title='bbox 276 4402 443 4460; x_wconf 88' lang='lat' dir='ltr'><strong>fueris</strong></span> <span class='ocrx_word' id='word_1_489' title='bbox 489 4402 682 4471; x_wconf 89' lang='lat' dir='ltr'><strong>malus,</strong></span> <span class='ocrx_word' id='word_1_490' title='bbox 734 4419 920 4459; x_wconf 89' lang='lat' dir='ltr'><strong>verum</strong></span> <span class='ocrx_word' id='word_1_491' title='bbox 978 4402 1142 4457; x_wconf 88' lang='lat' dir='ltr'><strong>etiam</strong></span> <span class='ocrx_word' id='word_1_492' title='bbox 1212 4400 1431 4458; x_wconf 88' lang='lat' dir='ltr'><strong>omnino</strong></span> <span class='ocrx_word' id='word_1_493' title='bbox 1502 4399 1563 4430; x_wconf 85' lang='grc'><strong>⁸⁰⁹</strong></span> <span class='ocrx_word' id='word_1_494' title='bbox 1618 4401 1886 4473; x_wconf 87' lang='lat' dir='ltr'><strong>sapientia</strong></span> 
     </span>
    </p>
   </div>
   <div class='ocr_carea' id='block_1_64' title="bbox 1996 1838 3595 1912">
    <p class='ocr_par' dir='ltr' id='par_1_64' title="bbox 1996 1838 3595 1912">
     <span class='ocr_line' id='line_1_64' title="bbox 1996 1838 3595 1912; baseline -0.004 -14"><span class='ocrx_word' id='word_1_495' title='bbox 1996 1858 2187 1898; x_wconf 86' lang='lat' dir='ltr'><strong>omnes</strong></span> <span class='ocrx_word' id='word_1_496' title='bbox 2212 1858 2375 1898; x_wconf 88' lang='lat' dir='ltr'><strong>unum</strong></span> <span class='ocrx_word' id='word_1_497' title='bbox 2407 1858 2606 1912; x_wconf 89' lang='lat' dir='ltr'><strong>corpus</strong></span> <span class='ocrx_word' id='word_1_498' title='bbox 2663 1841 2861 1897; x_wconf 90' lang='lat' dir='ltr'><strong>Christi</strong></span> <span class='ocrx_word' id='word_1_499' title='bbox 2892 1841 3021 1907; x_wconf 89' lang='lat' dir='ltr'><strong>sint,</strong></span> <span class='ocrx_word' id='word_1_500' title='bbox 3075 1848 3126 1896; x_wconf 91' lang='lat' dir='ltr'><strong>et</strong></span> <span class='ocrx_word' id='word_1_501' title='bbox 3181 1839 3444 1905; x_wconf 88' lang='lat' dir='ltr'><strong>Christus,</strong></span> <span class='ocrx_word' id='word_1_502' title='bbox 3506 1838 3595 1906; x_wconf 88' lang='lat' dir='ltr'><strong>qui</strong></span> 
     </span>
    </p>
   </div>
   <div class='ocr_carea' id='block_1_65' title="bbox 1994 1925 3596 2002">
    <p class='ocr_par' dir='ltr' id='par_1_65' title="bbox 1994 1925 3596 2002">
     <span class='ocr_line' id='line_1_65' title="bbox 1994 1925 3596 2002; baseline -0.005 -14"><span class='ocrx_word' id='word_1_503' title='bbox 1994 1940 2073 1988; x_wconf 86' lang='lat' dir='ltr'><strong>est</strong></span> <span class='ocrx_word' id='word_1_504' title='bbox 2100 1932 2221 2002; x_wconf 89' lang='lat' dir='ltr'><strong>ipsa</strong></span> <span class='ocrx_word' id='word_1_505' title='bbox 2253 1947 2380 2000; x_wconf 81' lang='lat' dir='ltr'><strong>pax,</strong></span> <span class='ocrx_word' id='word_1_506' title='bbox 2403 1931 2476 1985; x_wconf 92' lang='lat' dir='ltr'><strong>sit</strong></span> <span class='ocrx_word' id='word_1_507' title='bbox 2505 1931 2752 1986; x_wconf 88' lang='lat' dir='ltr'><strong>omnium</strong></span> <span class='ocrx_word' id='word_1_508' title='bbox 2782 1930 3097 2000; x_wconf 88' lang='lat' dir='ltr'><strong>caput.Nec</strong></span> <span class='ocrx_word' id='word_1_509' title='bbox 3128 1927 3325 1982; x_wconf 87' lang='lat' dir='ltr'><strong>minori</strong></span> <span class='ocrx_word' id='word_1_510' title='bbox 3356 1942 3476 1981; x_wconf 89' lang='lat' dir='ltr'><strong>sese</strong></span> <span class='ocrx_word' id='word_1_511' title='bbox 3506 1925 3596 1981; x_wconf 85' lang='lat' dir='ltr'><strong>af-</strong></span> 
     </span>
    </p>
   </div>
   <div class='ocr_carea' id='block_1_66' title="bbox 1997 2014 3589 2091">
    <p class='ocr_par' dir='ltr' id='par_1_66' title="bbox 1997 2014 3589 2091">
     <span class='ocr_line' id='line_1_66' title="bbox 1997 2014 3589 2091; baseline -0.006 -12"><span class='ocrx_word' id='word_1_512' title='bbox 1997 2024 2142 2079; x_wconf 81' lang='lat' dir='ltr'><strong>fectu</strong></span> <span class='ocrx_word' id='word_1_513' title='bbox 2174 2020 2603 2091; x_wconf 88' lang='lat' dir='ltr'><strong>complectantur</strong></span> <span class='ocrx_word' id='word_1_514' title='bbox 2630 2035 2792 2089; x_wconf 90' lang='lat' dir='ltr'><strong>quam</strong></span> <span class='ocrx_word' id='word_1_515' title='bbox 2849 2018 3097 2073; x_wconf 89' lang='lat' dir='ltr'><strong>membra</strong></span> <span class='ocrx_word' id='word_1_516' title='bbox 3126 2016 3284 2071; x_wconf 91' lang='lat' dir='ltr'><strong>unius</strong></span> <span class='ocrx_word' id='word_1_517' title='bbox 3341 2014 3589 2084; x_wconf 82' lang='lat' dir='ltr'><strong>corporis</strong></span> 
     </span>
    </p>
   </div>
   <div class='ocr_carea' id='block_1_67' title="bbox 1996 2104 3593 2178">
    <p class='ocr_par' dir='ltr' id='par_1_67' title="bbox 1996 2104 3593 2178">
     <span class='ocr_line' id='line_1_67' title="bbox 1996 2104 3593 2178; baseline -0.004 -15"><span class='ocrx_word' id='word_1_518' title='bbox 1996 2110 2098 2164; x_wconf 90' lang='lat' dir='ltr'><strong>sibi</strong></span> <span class='ocrx_word' id='word_1_519' title='bbox 2129 2108 2360 2164; x_wconf 90' lang='lat' dir='ltr'><strong>invicem</strong></span> <span class='ocrx_word' id='word_1_520' title='bbox 2390 2107 2727 2178; x_wconf 88' lang='lat' dir='ltr'><strong>copulantur.</strong></span> <span class='ocrx_word' id='word_1_521' title='bbox 2762 2106 3034 2176; x_wconf 88' lang='lat' dir='ltr'><strong>Quantum</strong></span> <span class='ocrx_word' id='word_1_522' title='bbox 3064 2104 3291 2177; x_wconf 76' lang='lat' dir='ltr'><strong>putas‘“</strong></span> <span class='ocrx_word' id='word_1_523' title='bbox 3310 2104 3593 2159; x_wconf 88' lang='lat' dir='ltr'><strong>abundans</strong></span> 
     </span>
    </p>
   </div>
   <div class='ocr_carea' id='block_1_68' title="bbox 1996 2194 3590 2268">
    <p class='ocr_par' dir='ltr' id='par_1_68' title="bbox 1996 2194 3590 2268">
     <span class='ocr_line' id='line_1_68' title="bbox 1996 2194 3590 2268; baseline -0.005 -14"><span class='ocrx_word' id='word_1_524' title='bbox 1996 2197 2100 2254; x_wconf 92' lang='lat' dir='ltr'><strong>eris</strong></span> <span class='ocrx_word' id='word_1_525' title='bbox 2128 2197 2183 2251; x_wconf 93' lang='lat' dir='ltr'><strong>in</strong></span> <span class='ocrx_word' id='word_1_526' title='bbox 2215 2196 2522 2262; x_wconf 89' lang='lat' dir='ltr'><strong>dilectione,</strong></span> <span class='ocrx_word' id='word_1_527' title='bbox 2555 2196 2776 2268; x_wconf 89' lang='lat' dir='ltr'><strong>quando</strong></span> <span class='ocrx_word' id='word_1_528' title='bbox 2803 2198 2907 2252; x_wconf 91' lang='lat' dir='ltr'><strong>hoc</strong></span> <span class='ocrx_word' id='word_1_529' title='bbox 2937 2195 3032 2250; x_wconf 90' lang='lat' dir='ltr'><strong>tibi</strong></span> <span class='ocrx_word' id='word_1_530' title='bbox 3064 2194 3219 2251; x_wconf 87' lang='lat' dir='ltr'><strong>fuerit</strong></span> <span class='ocrx_word' id='word_1_531' title='bbox 3254 2194 3310 2248; x_wconf 91' lang='lat' dir='ltr'><strong>in</strong></span> <span class='ocrx_word' id='word_1_532' title='bbox 3362 2208 3590 2264; x_wconf 87' lang='lat' dir='ltr'><strong>posses-</strong></span> 
     </span>
    </p>
   </div>
   <div class='ocr_carea' id='block_1_69' title="bbox 1997 2282 3593 2353">
    <p class='ocr_par' dir='ltr' id='par_1_69' title="bbox 1997 2282 3593 2353">
     <span class='ocr_line' id='line_1_69' title="bbox 1997 2282 3593 2353; baseline -0.004 -12"><span class='ocrx_word' id='word_1_533' title='bbox 1997 2287 2151 2342; x_wconf 86' lang='lat' dir='ltr'><strong>sione</strong></span> <span class='ocrx_word' id='word_1_534' title='bbox 2177 2287 2206 2339; x_wconf 80' lang='lat'><strong>?</strong></span> <span class='ocrx_word' id='word_1_535' title='bbox 2249 2288 2497 2340; x_wconf 82' lang='lat' dir='ltr'><strong>Attamen</strong></span> <span class='ocrx_word' id='word_1_536' title='bbox 2554 2284 2654 2339; x_wconf 90' lang='lat' dir='ltr'><strong>ista</strong></span> <span class='ocrx_word' id='word_1_537' title='bbox 2686 2284 2882 2350; x_wconf 90' lang='lat' dir='ltr'><strong>transi,</strong></span> <span class='ocrx_word' id='word_1_538' title='bbox 2916 2291 2966 2339; x_wconf 92' lang='lat' dir='ltr'><strong>et</strong></span> <span class='ocrx_word' id='word_1_539' title='bbox 2995 2284 3362 2353; x_wconf 89' lang='lat' dir='ltr'><strong>contemplare</strong></span> <span class='ocrx_word' id='word_1_540' title='bbox 3416 2282 3593 2351; x_wconf 89' lang='lat' dir='ltr'><strong>ipsum</strong></span> 
     </span>
    </p>
   </div>
   <div class='ocr_carea' id='block_1_70' title="bbox 1996 2370 3593 2447">
    <p class='ocr_par' dir='ltr' id='par_1_70' title="bbox 1996 2370 3593 2447">
     <span class='ocr_line' id='line_1_70' title="bbox 1996 2370 3593 2447; baseline -0.005 -17"><span class='ocrx_word' id='word_1_541' title='bbox 1996 2392 2097 2447; x_wconf 90' lang='lat' dir='ltr'><strong>per</strong></span> <span class='ocrx_word' id='word_1_542' title='bbox 2125 2391 2284 2447; x_wconf 90' lang='lat' dir='ltr'><strong>quem</strong></span> <span class='ocrx_word' id='word_1_543' title='bbox 2312 2377 2429 2430; x_wconf 61' lang='lat' dir='ltr'><strong>haec</strong></span> <span class='ocrx_word' id='word_1_544' title='bbox 2460 2375 2604 2430; x_wconf 88' lang='lat' dir='ltr'><strong>bona</strong></span> <span class='ocrx_word' id='word_1_545' title='bbox 2632 2374 2732 2428; x_wconf 89' lang='lat' dir='ltr'><strong>tibi</strong></span> <span class='ocrx_word' id='word_1_546' title='bbox 2761 2388 3060 2444; x_wconf 87' lang='lat' dir='ltr'><strong>pervenere</strong></span> <span class='ocrx_word' id='word_1_547' title='bbox 3088 2380 3139 2427; x_wconf 89' lang='lat' dir='ltr'><strong>et</strong></span> <span class='ocrx_word' id='word_1_548' title='bbox 3169 2370 3439 2442; x_wconf 81' lang='lat' dir='ltr'><strong>percipies</strong></span> <span class='ocrx_word' id='word_1_549' title='bbox 3467 2370 3593 2438; x_wconf 90' lang='lat' dir='ltr'><strong>quia</strong></span> 
     </span>
    </p>
   </div>
   <div class='ocr_carea' id='block_1_71' title="bbox 1996 2457 3589 2534">
    <p class='ocr_par' dir='ltr' id='par_1_71' title="bbox 1996 2457 3589 2534">
     <span class='ocr_line' id='line_1_71' title="bbox 1996 2457 3589 2534; baseline -0.006 -15"><span class='ocrx_word' id='word_1_550' title='bbox 1996 2465 2089 2519; x_wconf 92' lang='lat' dir='ltr'><strong>ille</strong></span> <span class='ocrx_word' id='word_1_551' title='bbox 2120 2464 2401 2534; x_wconf 87' lang='lat' dir='ltr'><strong>plusquam</strong></span> <span class='ocrx_word' id='word_1_552' title='bbox 2432 2470 2488 2517; x_wconf 90' lang='lat' dir='ltr'><strong>ut</strong></span> <span class='ocrx_word' id='word_1_553' title='bbox 2514 2462 2743 2532; x_wconf 87' lang='lat' dir='ltr'><strong>teipsum</strong></span> <span class='ocrx_word' id='word_1_554' title='bbox 2775 2469 2825 2517; x_wconf 92' lang='lat' dir='ltr'><strong>et</strong></span> <span class='ocrx_word' id='word_1_555' title='bbox 2855 2477 3018 2532; x_wconf 88' lang='lat' dir='ltr'><strong>quam</strong></span> <span class='ocrx_word' id='word_1_556' title='bbox 3048 2476 3236 2515; x_wconf 89' lang='lat' dir='ltr'><strong>omnes</strong></span> <span class='ocrx_word' id='word_1_557' title='bbox 3265 2459 3355 2514; x_wconf 89' lang='lat' dir='ltr'><strong>alii</strong></span> <span class='ocrx_word' id='word_1_558' title='bbox 3386 2475 3443 2513; x_wconf 89' lang='lat' dir='ltr'><strong>se</strong></span> <span class='ocrx_word' id='word_1_559' title='bbox 3502 2457 3589 2526; x_wconf 87' lang='lat' dir='ltr'><strong>in-</strong></span> 
     </span>
    </p>
   </div>
   <div class='ocr_carea' id='block_1_72' title="bbox 1998 2548 3588 2622">
    <p class='ocr_par' dir='ltr' id='par_1_72' title="bbox 1998 2548 3588 2622">
     <span class='ocr_line' id='line_1_72' title="bbox 1998 2548 3588 2622; baseline -0.006 -13"><span class='ocrx_word' id='word_1_560' title='bbox 1998 2551 2438 2622; x_wconf 87' lang='lat' dir='ltr'><strong>comparabiliter</strong></span> <span class='ocrx_word' id='word_1_561' title='bbox 2466 2559 2613 2606; x_wconf 85' lang='lat' dir='ltr'><strong>amet</strong></span> <span class='ocrx_word' id='word_1_562' title='bbox 2642 2559 2713 2616; x_wconf 90' lang='lat' dir='ltr'><strong>te,</strong></span> <span class='ocrx_word' id='word_1_563' title='bbox 2743 2559 2797 2607; x_wconf 91' lang='lat' dir='ltr'><strong>et</strong></span> <span class='ocrx_word' id='word_1_564' title='bbox 2826 2558 2885 2605; x_wconf 93' lang='lat' dir='ltr'><strong>tu</strong></span> <span class='ocrx_word' id='word_1_565' title='bbox 2911 2565 3077 2621; x_wconf 81' lang='lat' dir='ltr'><strong>super</strong></span> <span class='ocrx_word' id='word_1_566' title='bbox 3096 2548 3329 2619; x_wconf 90' lang='lat' dir='ltr'><strong>teipsum</strong></span> <span class='ocrx_word' id='word_1_567' title='bbox 3385 2554 3438 2602; x_wconf 89' lang='lat' dir='ltr'><strong>et</strong></span> <span class='ocrx_word' id='word_1_568' title='bbox 3492 2563 3588 2600; x_wconf 91' lang='lat' dir='ltr'><strong>su-</strong></span> 
     </span>
    </p>
   </div>
   <div class='ocr_carea' id='block_1_73' title="bbox 1996 2635 3590 2711">
    <p class='ocr_par' dir='ltr' id='par_1_73' title="bbox 1996 2635 3590 2711">
     <span class='ocr_line' id='line_1_73' title="bbox 1996 2635 3590 2711; baseline -0.006 -14"><span class='ocrx_word' id='word_1_569' title='bbox 1996 2657 2096 2711; x_wconf 90' lang='lat' dir='ltr'><strong>per</strong></span> <span class='ocrx_word' id='word_1_570' title='bbox 2121 2656 2312 2696; x_wconf 89' lang='lat' dir='ltr'><strong>omnes</strong></span> <span class='ocrx_word' id='word_1_571' title='bbox 2340 2640 2477 2696; x_wconf 89' lang='lat' dir='ltr'><strong>alios</strong></span> <span class='ocrx_word' id='word_1_572' title='bbox 2505 2639 2768 2694; x_wconf 81' lang='lat' dir='ltr'><strong>ineffabili</strong></span> <span class='ocrx_word' id='word_1_573' title='bbox 2825 2640 3061 2710; x_wconf 87' lang='lat' dir='ltr'><strong>quadam</strong></span> <span class='ocrx_word' id='word_1_574' title='bbox 3118 2636 3381 2693; x_wconf 86' lang='lat' dir='ltr'><strong>suavitate</strong></span> <span class='ocrx_word' id='word_1_575' title='bbox 3437 2635 3590 2689; x_wconf 90' lang='lat' dir='ltr'><strong>illum</strong></span> 
     </span>
    </p>
   </div>
   <div class='ocr_carea' id='block_1_74' title="bbox 1999 2728 3585 2799">
    <p class='ocr_par' dir='ltr' id='par_1_74' title="bbox 1999 2728 3585 2799">
     <span class='ocr_line' id='line_1_74' title="bbox 1999 2728 3585 2799; baseline -0.006 -14"><span class='ocrx_word' id='word_1_576' title='bbox 1999 2730 2232 2785; x_wconf 89' lang='lat' dir='ltr'><strong>amabis.</strong></span> <span class='ocrx_word' id='word_1_577' title='bbox 2253 2729 2450 2784; x_wconf 80' lang='lat' dir='ltr'><strong>Malum</strong></span> <span class='ocrx_word' id='word_1_578' title='bbox 2475 2737 2655 2784; x_wconf 88' lang='lat' dir='ltr'><strong>autem</strong></span> <span class='ocrx_word' id='word_1_579' title='bbox 2683 2743 2952 2799; x_wconf 88' lang='lat' dir='ltr'><strong>quemque</strong></span> <span class='ocrx_word' id='word_1_580' title='bbox 2981 2728 3057 2781; x_wconf 91' lang='lat' dir='ltr'><strong>sic</strong></span> <span class='ocrx_word' id='word_1_581' title='bbox 3086 2728 3233 2782; x_wconf 93' lang='lat' dir='ltr'><strong>Deus</strong></span> <span class='ocrx_word' id='word_1_582' title='bbox 3288 2738 3585 2793; x_wconf 89' lang='lat' dir='ltr'><strong>omnesque</strong></span> 
     </span>
    </p>
   </div>
   <div class='ocr_carea' id='block_1_75' title="bbox 2003 2812 3590 2886">
    <p class='ocr_par' dir='ltr' id='par_1_75' title="bbox 2003 2812 3590 2886">
     <span class='ocr_line' id='line_1_75' title="bbox 2003 2812 3590 2886; baseline -0.006 -14"><span class='ocrx_word' id='word_1_583' title='bbox 2003 2818 2128 2873; x_wconf 90' lang='lat' dir='ltr'><strong>boni</strong></span> <span class='ocrx_word' id='word_1_584' title='bbox 2156 2818 2433 2873; x_wconf 90' lang='lat' dir='ltr'><strong>habebunt</strong></span> <span class='ocrx_word' id='word_1_585' title='bbox 2489 2817 2616 2872; x_wconf 92' lang='lat' dir='ltr'><strong>odio</strong></span> <span class='ocrx_word' id='word_1_586' title='bbox 2646 2824 2699 2871; x_wconf 90' lang='lat' dir='ltr'><strong>ut</strong></span> <span class='ocrx_word' id='word_1_587' title='bbox 2732 2833 2831 2871; x_wconf 87' lang='lat' dir='ltr'><strong>nec</strong></span> <span class='ocrx_word' id='word_1_588' title='bbox 2859 2815 3003 2870; x_wconf 86' lang='lat' dir='ltr'><strong>ﬁlius</strong></span> <span class='ocrx_word' id='word_1_589' title='bbox 3059 2815 3282 2886; x_wconf 86' lang='lat' dir='ltr'><strong>quidem</strong></span> <span class='ocrx_word' id='word_1_590' title='bbox 3330 2812 3590 2884; x_wconf 88' lang='lat' dir='ltr'><strong>pietatem</strong></span> 
     </span>
    </p>
   </div>
   <div class='ocr_carea' id='block_1_76' title="bbox 2001 2906 3103 2979">
    <p class='ocr_par' dir='ltr' id='par_1_76' title="bbox 2001 2906 3103 2979">
     <span class='ocr_line' id='line_1_76' title="bbox 2001 2906 3103 2979; baseline -0.002 -16"><span class='ocrx_word' id='word_1_591' title='bbox 2001 2908 2202 2963; x_wconf 89' lang='lat' dir='ltr'><strong>habeat</strong></span> <span class='ocrx_word' id='word_1_592' title='bbox 2230 2908 2299 2962; x_wconf 92' lang='lat' dir='ltr'><strong>de</strong></span> <span class='ocrx_word' id='word_1_593' title='bbox 2325 2914 2478 2979; x_wconf 89' lang='lat' dir='ltr'><strong>patre</strong></span> <span class='ocrx_word' id='word_1_594' title='bbox 2506 2906 2562 2961; x_wconf 89' lang='lat' dir='ltr'><strong>in</strong></span> <span class='ocrx_word' id='word_1_595' title='bbox 2590 2906 2766 2976; x_wconf 87' lang='lat' dir='ltr'><strong>poenis</strong></span> <span class='ocrx_word' id='word_1_596' title='bbox 2789 2910 3103 2975; x_wconf 90' lang='lat' dir='ltr'><strong>conspecto.</strong></span> 
     </span>
    </p>
   </div>
   <div class='ocr_carea' id='block_1_77' title="bbox 2566 2995 3022 3051">
    <p class='ocr_par' dir='ltr' id='par_1_77' title="bbox 2566 2995 3022 3051">
     <span class='ocr_line' id='line_1_77' title="bbox 2566 2995 3022 3051; baseline -0.004 -2"><span class='ocrx_word' id='word_1_597' title='bbox 2566 2995 2788 3051; x_wconf 81' lang='lat' dir='ltr'><strong>CAPUT</strong></span> <span class='ocrx_word' id='word_1_598' title='bbox 2833 2995 3022 3050; x_wconf 83' lang='lat' dir='ltr'><strong>LXIII.</strong></span> 
     </span>
    </p>
   </div>
   <div class='ocr_carea' id='block_1_78' title="bbox 2392 3082 3202 3140">
    <p class='ocr_par' dir='ltr' id='par_1_78' title="bbox 2392 3082 3202 3140">
     <span class='ocr_line' id='line_1_78' title="bbox 2392 3082 3202 3140; baseline -0.005 0"><span class='ocrx_word' id='word_1_599' title='bbox 2392 3086 2467 3140; x_wconf 86' lang='lat' dir='ltr'><strong>Dc</strong></span> <span class='ocrx_word' id='word_1_600' title='bbox 2496 3083 2800 3140; x_wconf 83' lang='lat' dir='ltr'><strong>concordia</strong></span> <span class='ocrx_word' id='word_1_601' title='bbox 2821 3087 2875 3138; x_wconf 82' lang='lat' dir='ltr'><strong>et</strong></span> <span class='ocrx_word' id='word_1_602' title='bbox 2900 3082 3202 3139; x_wconf 74' lang='lat' dir='ltr'><strong>discordia.</strong></span> 
     </span>
    </p>
   </div>
   <div class='ocr_carea' id='block_1_79' title="bbox 2065 3167 3592 3243">
    <p class='ocr_par' dir='ltr' id='par_1_79' title="bbox 2065 3167 3592 3243">
     <span class='ocr_line' id='line_1_79' title="bbox 2065 3167 3592 3243; baseline -0.003 -16"><span class='ocrx_word' id='word_1_603' title='bbox 2065 3171 2287 3229; x_wconf 90' lang='lat' dir='ltr'><strong>Decima</strong></span> <span class='ocrx_word' id='word_1_604' title='bbox 2316 3186 2443 3243; x_wconf 84' lang='lat' dir='ltr'><strong>pars</strong></span> <span class='ocrx_word' id='word_1_605' title='bbox 2474 3171 2824 3226; x_wconf 88' lang='lat' dir='ltr'><strong>beatitudinis</strong></span> <span class='ocrx_word' id='word_1_606' title='bbox 2852 3178 2937 3225; x_wconf 90' lang='lat' dir='ltr'><strong>est</strong></span> <span class='ocrx_word' id='word_1_607' title='bbox 2982 3169 3311 3235; x_wconf 84' lang='lat' dir='ltr'><strong>concordia;</strong></span> <span class='ocrx_word' id='word_1_608' title='bbox 3363 3167 3592 3223; x_wconf 72' lang='lat' dir='ltr'><strong>miseria:</strong></span> 
     </span>
    </p>
   </div>
   <div class='ocr_carea' id='block_1_80' title="bbox 1993 3256 3591 3323">
    <p class='ocr_par' dir='ltr' id='par_1_80' title="bbox 1993 3256 3591 3323">
     <span class='ocr_line' id='line_1_80' title="bbox 1993 3256 3591 3323; baseline -0.003 -8"><span class='ocrx_word' id='word_1_609' title='bbox 1993 3277 2141 3323; x_wconf 89' lang='lat' dir='ltr'><strong>vero,</strong></span> <span class='ocrx_word' id='word_1_610' title='bbox 2163 3260 2452 3316; x_wconf 88' lang='lat' dir='ltr'><strong>discordia.</strong></span> <span class='ocrx_word' id='word_1_611' title='bbox 2485 3259 2843 3316; x_wconf 87' lang='lat' dir='ltr'><strong>Concordiam</strong></span> <span class='ocrx_word' id='word_1_612' title='bbox 2872 3260 3036 3314; x_wconf 87' lang='lat' dir='ltr'><strong>homo</strong></span> <span class='ocrx_word' id='word_1_613' title='bbox 3065 3257 3124 3287; x_wconf 77' lang='grc'>⁵³⁸</span> <span class='ocrx_word' id='word_1_614' title='bbox 3157 3266 3266 3312; x_wconf 87' lang='lat' dir='ltr'><strong>tam</strong></span> <span class='ocrx_word' id='word_1_615' title='bbox 3295 3273 3477 3312; x_wconf 87' lang='lat' dir='ltr'><strong>raram</strong></span> <span class='ocrx_word' id='word_1_616' title='bbox 3508 3256 3591 3310; x_wconf 86' lang='lat' dir='ltr'><strong>hic</strong></span> 
     </span>
    </p>
   </div>
   <div class='ocr_carea' id='block_1_81' title="bbox 1992 3344 3590 3418">
    <p class='ocr_par' dir='ltr' id='par_1_81' title="bbox 1992 3344 3590 3418">
     <span class='ocr_line' id='line_1_81' title="bbox 1992 3344 3590 3418; baseline -0.005 -14"><span class='ocrx_word' id='word_1_617' title='bbox 1992 3349 2159 3404; x_wconf 89' lang='lat' dir='ltr'><strong>habet</strong></span> <span class='ocrx_word' id='word_1_618' title='bbox 2191 3356 2246 3403; x_wconf 90' lang='lat' dir='ltr'><strong>ut</strong></span> <span class='ocrx_word' id='word_1_619' title='bbox 2274 3364 2374 3404; x_wconf 90' lang='lat' dir='ltr'><strong>nec</strong></span> <span class='ocrx_word' id='word_1_620' title='bbox 2403 3346 2505 3401; x_wconf 89' lang='lat' dir='ltr'><strong>sibi</strong></span> <span class='ocrx_word' id='word_1_621' title='bbox 2538 3347 2640 3415; x_wconf 91' lang='lat' dir='ltr'><strong>ipsi</strong></span> <span class='ocrx_word' id='word_1_622' title='bbox 2673 3362 2889 3418; x_wconf 89' lang='lat' dir='ltr'><strong>semper</strong></span> <span class='ocrx_word' id='word_1_623' title='bbox 2935 3345 3242 3401; x_wconf 87' lang='lat' dir='ltr'><strong>concordet.</strong></span> <span class='ocrx_word' id='word_1_624' title='bbox 3303 3346 3393 3400; x_wconf 92' lang='lat' dir='ltr'><strong>Sic</strong></span> <span class='ocrx_word' id='word_1_625' title='bbox 3445 3344 3590 3398; x_wconf 91' lang='lat' dir='ltr'><strong>enim</strong></span> 
     </span>
    </p>
   </div>
   <div class='ocr_carea' id='block_1_82' title="bbox 1991 3433 3590 3506">
    <p class='ocr_par' dir='ltr' id='par_1_82' title="bbox 1991 3433 3590 3506">
     <span class='ocr_line' id='line_1_82' title="bbox 1991 3433 3590 3506; baseline -0.005 -12"><span class='ocrx_word' id='word_1_626' title='bbox 1991 3453 2188 3506; x_wconf 90' lang='lat' dir='ltr'><strong>corpus</strong></span> <span class='ocrx_word' id='word_1_627' title='bbox 2216 3444 2269 3491; x_wconf 91' lang='lat' dir='ltr'><strong>et</strong></span> <span class='ocrx_word' id='word_1_628' title='bbox 2298 3437 2480 3491; x_wconf 90' lang='lat' dir='ltr'><strong>anima</strong></span> <span class='ocrx_word' id='word_1_629' title='bbox 2511 3435 2773 3490; x_wconf 88' lang='lat' dir='ltr'><strong>dissident</strong></span> <span class='ocrx_word' id='word_1_630' title='bbox 2803 3434 2906 3489; x_wconf 87' lang='lat' dir='ltr'><strong>sibi</strong></span> <span class='ocrx_word' id='word_1_631' title='bbox 2938 3442 2994 3488; x_wconf 92' lang='lat' dir='ltr'><strong>ut</strong></span> <span class='ocrx_word' id='word_1_632' title='bbox 3025 3433 3170 3505; x_wconf 91' lang='lat' dir='ltr'><strong>quod</strong></span> <span class='ocrx_word' id='word_1_633' title='bbox 3218 3449 3384 3488; x_wconf 89' lang='lat' dir='ltr'><strong>unum</strong></span> <span class='ocrx_word' id='word_1_634' title='bbox 3415 3447 3590 3501; x_wconf 88' lang='lat' dir='ltr'><strong>appe-</strong></span> 
     </span>
    </p>
   </div>
   <div class='ocr_carea' id='block_1_83' title="bbox 1994 3517 3582 3593">
    <p class='ocr_par' dir='ltr' id='par_1_83' title="bbox 1994 3517 3582 3593">
     <span class='ocr_line' id='line_1_83' title="bbox 1994 3517 3582 3593; baseline -0.003 -13"><span class='ocrx_word' id='word_1_635' title='bbox 1994 3526 2052 3581; x_wconf 87' lang='lat' dir='ltr'><strong>tit</strong></span> <span class='ocrx_word' id='word_1_636' title='bbox 2079 3526 2305 3580; x_wconf 90' lang='lat' dir='ltr'><strong>alterum</strong></span> <span class='ocrx_word' id='word_1_637' title='bbox 2337 3523 2491 3579; x_wconf 90' lang='lat' dir='ltr'><strong>nolit.</strong></span> <span class='ocrx_word' id='word_1_638' title='bbox 2527 3525 2722 3579; x_wconf 85' lang='lat' dir='ltr'><strong>Verum</strong></span> <span class='ocrx_word' id='word_1_639' title='bbox 2753 3523 2876 3593; x_wconf 86' lang='lat' dir='ltr'><strong>quia</strong></span> <span class='ocrx_word' id='word_1_640' title='bbox 2928 3538 3039 3577; x_wconf 91' lang='lat' dir='ltr'><strong>non</strong></span> <span class='ocrx_word' id='word_1_641' title='bbox 3094 3536 3312 3592; x_wconf 89' lang='lat' dir='ltr'><strong>semper</strong></span> <span class='ocrx_word' id='word_1_642' title='bbox 3362 3522 3466 3576; x_wconf 87' lang='lat' dir='ltr'><strong>hoc</strong></span> <span class='ocrx_word' id='word_1_643' title='bbox 3522 3517 3582 3547; x_wconf 85' lang='lat'><strong>&quot;&#39;</strong></span> 
     </span>
    </p>
   </div>
   <div class='ocr_carea' id='block_1_84' title="bbox 1991 3607 3586 3685">
    <p class='ocr_par' dir='ltr' id='par_1_84' title="bbox 1991 3607 3586 3685">
     <span class='ocr_line' id='line_1_84' title="bbox 1991 3607 3586 3685; baseline -0.005 -16"><span class='ocrx_word' id='word_1_644' title='bbox 1991 3613 2213 3679; x_wconf 89' lang='lat' dir='ltr'><strong>faciunt,</strong></span> <span class='ocrx_word' id='word_1_645' title='bbox 2246 3613 2339 3668; x_wconf 91' lang='lat' dir='ltr'><strong>sed</strong></span> <span class='ocrx_word' id='word_1_646' title='bbox 2368 3612 2661 3685; x_wconf 89' lang='lat' dir='ltr'><strong>aliquando</strong></span> <span class='ocrx_word' id='word_1_647' title='bbox 2690 3612 2842 3667; x_wconf 91' lang='lat' dir='ltr'><strong>idem</strong></span> <span class='ocrx_word' id='word_1_648' title='bbox 2871 3611 3077 3678; x_wconf 87' lang='lat' dir='ltr'><strong>volunt,</strong></span> <span class='ocrx_word' id='word_1_649' title='bbox 3102 3610 3282 3666; x_wconf 91' lang='lat' dir='ltr'><strong>nonin</strong></span> <span class='ocrx_word' id='word_1_650' title='bbox 3312 3607 3586 3664; x_wconf 89' lang='lat' dir='ltr'><strong>discordia</strong></span> 
     </span>
    </p>
   </div>
   <div class='ocr_carea' id='block_1_85' title="bbox 1990 3698 3583 3774">
    <p class='ocr_par' dir='ltr' id='par_1_85' title="bbox 1990 3698 3583 3774">
     <span class='ocr_line' id='line_1_85' title="bbox 1990 3698 3583 3774; baseline -0.004 -17"><span class='ocrx_word' id='word_1_651' title='bbox 1990 3719 2201 3757; x_wconf 90' lang='lat' dir='ltr'><strong>summa</strong></span> <span class='ocrx_word' id='word_1_652' title='bbox 2230 3701 2540 3774; x_wconf 89' lang='lat' dir='ltr'><strong>persistunt.</strong></span> <span class='ocrx_word' id='word_1_653' title='bbox 2573 3703 2636 3755; x_wconf 92' lang='lat' dir='ltr'><strong>In</strong></span> <span class='ocrx_word' id='word_1_654' title='bbox 2665 3700 2778 3756; x_wconf 88' lang='lat' dir='ltr'><strong>alia</strong></span> <span class='ocrx_word' id='word_1_655' title='bbox 2806 3715 2937 3756; x_wconf 88' lang='lat' dir='ltr'><strong>vero</strong></span> <span class='ocrx_word' id='word_1_656' title='bbox 2968 3700 3101 3768; x_wconf 86' lang='lat' dir='ltr'><strong>vita,</strong></span> <span class='ocrx_word' id='word_1_657' title='bbox 3149 3700 3238 3754; x_wconf 86' lang='lat' dir='ltr'><strong>vel</strong></span> <span class='ocrx_word' id='word_1_658' title='bbox 3265 3698 3319 3752; x_wconf 90' lang='lat' dir='ltr'><strong>in</strong></span> <span class='ocrx_word' id='word_1_659' title='bbox 3351 3712 3583 3754; x_wconf 88' lang='lat' dir='ltr'><strong>concor-</strong></span> 
     </span>
    </p>
   </div>
   <div class='ocr_carea' id='block_1_86' title="bbox 1990 3788 3586 3860">
    <p class='ocr_par' dir='ltr' id='par_1_86' title="bbox 1990 3788 3586 3860">
     <span class='ocr_line' id='line_1_86' title="bbox 1990 3788 3586 3860; baseline -0.004 -14"><span class='ocrx_word' id='word_1_660' title='bbox 1990 3791 2082 3847; x_wconf 89' lang='lat' dir='ltr'><strong>dia</strong></span> <span class='ocrx_word' id='word_1_661' title='bbox 2103 3792 2185 3848; x_wconf 90' lang='lat' dir='ltr'><strong>vel</strong></span> <span class='ocrx_word' id='word_1_662' title='bbox 2217 3791 2273 3846; x_wconf 89' lang='lat' dir='ltr'><strong>in</strong></span> <span class='ocrx_word' id='word_1_663' title='bbox 2300 3806 2512 3846; x_wconf 89' lang='lat' dir='ltr'><strong>summa</strong></span> <span class='ocrx_word' id='word_1_664' title='bbox 2565 3790 2864 3860; x_wconf 85' lang='lat' dir='ltr'><strong>persistent</strong></span> <span class='ocrx_word' id='word_1_665' title='bbox 2920 3788 3212 3845; x_wconf 91' lang='lat' dir='ltr'><strong>discordia.</strong></span> <span class='ocrx_word' id='word_1_666' title='bbox 3246 3788 3454 3857; x_wconf 89' lang='lat' dir='ltr'><strong>Corpus</strong></span> <span class='ocrx_word' id='word_1_667' title='bbox 3500 3794 3586 3840; x_wconf 90' lang='lat' dir='ltr'><strong>et—</strong></span> 
     </span>
    </p>
   </div>
   <div class='ocr_carea' id='block_1_87' title="bbox 1990 3875 3588 3949">
    <p class='ocr_par' dir='ltr' id='par_1_87' title="bbox 1990 3875 3588 3949">
     <span class='ocr_line' id='line_1_87' title="bbox 1990 3875 3588 3949; baseline -0.004 -14"><span class='ocrx_word' id='word_1_668' title='bbox 1990 3880 2140 3935; x_wconf 91' lang='lat' dir='ltr'><strong>enim</strong></span> <span class='ocrx_word' id='word_1_669' title='bbox 2172 3887 2222 3936; x_wconf 92' lang='lat' dir='ltr'><strong>et</strong></span> <span class='ocrx_word' id='word_1_670' title='bbox 2253 3878 2428 3934; x_wconf 87' lang='lat' dir='ltr'><strong>anima</strong></span> <span class='ocrx_word' id='word_1_671' title='bbox 2457 3878 2718 3949; x_wconf 86' lang='lat' dir='ltr'><strong>cujusque</strong></span> <span class='ocrx_word' id='word_1_672' title='bbox 2747 3878 2938 3944; x_wconf 89' lang='lat' dir='ltr'><strong>sancti,</strong></span> <span class='ocrx_word' id='word_1_673' title='bbox 2968 3876 3076 3932; x_wconf 93' lang='lat' dir='ltr'><strong>imo</strong></span> <span class='ocrx_word' id='word_1_674' title='bbox 3098 3875 3588 3932; x_wconf 66' lang='lat' dir='ltr'><strong>concordiastantm</strong></span> 
     </span>
    </p>
   </div>
   <div class='ocr_carea' id='block_1_88' title="bbox 1990 3962 3584 4036">
    <p class='ocr_par' dir='ltr' id='par_1_88' title="bbox 1990 3962 3584 4036">
     <span class='ocr_line' id='line_1_88' title="bbox 1990 3962 3584 4036; baseline -0.004 -14"><span class='ocrx_word' id='word_1_675' title='bbox 1990 3976 2146 4023; x_wconf 89' lang='lat' dir='ltr'><strong>erunt</strong></span> <span class='ocrx_word' id='word_1_676' title='bbox 2172 3983 2363 4022; x_wconf 91' lang='lat' dir='ltr'><strong>omnes</strong></span> <span class='ocrx_word' id='word_1_677' title='bbox 2383 3966 2517 4035; x_wconf 89' lang='lat' dir='ltr'><strong>justi</strong></span> <span class='ocrx_word' id='word_1_678' title='bbox 2549 3972 2763 4036; x_wconf 68' lang='lat' dir='ltr'><strong>quantas</strong></span> <span class='ocrx_word' id='word_1_679' title='bbox 2788 3965 2844 4018; x_wconf 90' lang='lat' dir='ltr'><strong>in</strong></span> <span class='ocrx_word' id='word_1_680' title='bbox 2875 3964 3128 4035; x_wconf 70' lang='lat' dir='ltr'><strong>praesenti</strong></span> <span class='ocrx_word' id='word_1_681' title='bbox 3154 3972 3277 4018; x_wconf 91' lang='lat' dir='ltr'><strong>sunt</strong></span> <span class='ocrx_word' id='word_1_682' title='bbox 3303 3962 3449 4018; x_wconf 90' lang='lat' dir='ltr'><strong>oculi</strong></span> <span class='ocrx_word' id='word_1_683' title='bbox 3478 3977 3584 4016; x_wconf 92' lang='lat' dir='ltr'><strong>no-</strong></span> 
     </span>
    </p>
   </div>
   <div class='ocr_carea' id='block_1_89' title="bbox 1991 4052 3587 4121">
    <p class='ocr_par' dir='ltr' id='par_1_89' title="bbox 1991 4052 3587 4121">
     <span class='ocr_line' id='line_1_89' title="bbox 1991 4052 3587 4121; baseline -0.001 -12"><span class='ocrx_word' id='word_1_684' title='bbox 1991 4055 2108 4110; x_wconf 91' lang='lat' dir='ltr'><strong>stri.</strong></span> <span class='ocrx_word' id='word_1_685' title='bbox 2142 4055 2289 4109; x_wconf 90' lang='lat' dir='ltr'><strong>Sicut</strong></span> <span class='ocrx_word' id='word_1_686' title='bbox 2312 4054 2456 4109; x_wconf 90' lang='lat' dir='ltr'><strong>enim</strong></span> <span class='ocrx_word' id='word_1_687' title='bbox 2480 4053 2666 4109; x_wconf 90' lang='lat' dir='ltr'><strong>oculus</strong></span> <span class='ocrx_word' id='word_1_688' title='bbox 2694 4069 2832 4107; x_wconf 88' lang='lat' dir='ltr'><strong>unus</strong></span> <span class='ocrx_word' id='word_1_689' title='bbox 2894 4052 3027 4107; x_wconf 90' lang='lat' dir='ltr'><strong>verti</strong></span> <span class='ocrx_word' id='word_1_690' title='bbox 3084 4066 3193 4107; x_wconf 93' lang='lat' dir='ltr'><strong>non</strong></span> <span class='ocrx_word' id='word_1_691' title='bbox 3246 4058 3423 4120; x_wconf 91' lang='lat' dir='ltr'><strong>potest</strong></span> <span class='ocrx_word' id='word_1_692' title='bbox 3481 4068 3587 4121; x_wconf 90' lang='lat' dir='ltr'><strong>quo</strong></span> 
     </span>
    </p>
   </div>
   <div class='ocr_carea' id='block_1_90' title="bbox 1988 4139 3591 4209">
    <p class='ocr_par' dir='ltr' id='par_1_90' title="bbox 1988 4139 3591 4209">
     <span class='ocr_line' id='line_1_90' title="bbox 1988 4139 3591 4209; baseline -0.004 -8"><span class='ocrx_word' id='word_1_693' title='bbox 1988 4160 2096 4201; x_wconf 90' lang='lat' dir='ltr'><strong>non</strong></span> <span class='ocrx_word' id='word_1_694' title='bbox 2133 4150 2372 4197; x_wconf 88' lang='lat' dir='ltr'><strong>vertatur</strong></span> <span class='ocrx_word' id='word_1_695' title='bbox 2396 4150 2447 4198; x_wconf 92' lang='lat' dir='ltr'><strong>et</strong></span> <span class='ocrx_word' id='word_1_696' title='bbox 2478 4141 2637 4208; x_wconf 87' lang='lat' dir='ltr'><strong>alius,</strong></span> <span class='ocrx_word' id='word_1_697' title='bbox 2661 4140 2758 4194; x_wconf 92' lang='lat' dir='ltr'><strong>sed</strong></span> <span class='ocrx_word' id='word_1_698' title='bbox 2788 4139 2842 4193; x_wconf 91' lang='lat' dir='ltr'><strong>in</strong></span> <span class='ocrx_word' id='word_1_699' title='bbox 2872 4139 3119 4195; x_wconf 86' lang='lat' dir='ltr'><strong>eamdem</strong></span> <span class='ocrx_word' id='word_1_700' title='bbox 3139 4143 3354 4208; x_wconf 91' lang='lat' dir='ltr'><strong>partem</strong></span> <span class='ocrx_word' id='word_1_701' title='bbox 3370 4154 3591 4209; x_wconf 89' lang='lat' dir='ltr'><strong>semper</strong></span> 
     </span>
    </p>
   </div>
   <div class='ocr_carea' id='block_1_91' title="bbox 1990 4226 3589 4298">
    <p class='ocr_par' dir='ltr' id='par_1_91' title="bbox 1990 4226 3589 4298">
     <span class='ocr_line' id='line_1_91' title="bbox 1990 4226 3589 4298; baseline -0.004 -10"><span class='ocrx_word' id='word_1_702' title='bbox 1990 4231 2296 4295; x_wconf 89' lang='lat' dir='ltr'><strong>volvuntur,</strong></span> <span class='ocrx_word' id='word_1_703' title='bbox 2327 4230 2404 4285; x_wconf 91' lang='lat' dir='ltr'><strong>sic</strong></span> <span class='ocrx_word' id='word_1_704' title='bbox 2433 4230 2602 4286; x_wconf 90' lang='lat' dir='ltr'><strong>etiam</strong></span> <span class='ocrx_word' id='word_1_705' title='bbox 2636 4244 2829 4298; x_wconf 90' lang='lat' dir='ltr'><strong>corpus</strong></span> <span class='ocrx_word' id='word_1_706' title='bbox 2858 4235 2909 4282; x_wconf 92' lang='lat' dir='ltr'><strong>et</strong></span> <span class='ocrx_word' id='word_1_707' title='bbox 2957 4227 3158 4292; x_wconf 86' lang='lat' dir='ltr'><strong>anima,</strong></span> <span class='ocrx_word' id='word_1_708' title='bbox 3220 4226 3303 4281; x_wconf 89' lang='lat' dir='ltr'><strong>vel</strong></span> <span class='ocrx_word' id='word_1_709' title='bbox 3360 4227 3589 4282; x_wconf 88' lang='lat' dir='ltr'><strong>societas</strong></span> 
     </span>
    </p>
   </div>
   <div class='ocr_carea' id='block_1_92' title="bbox 1992 4310 3587 4389">
    <p class='ocr_par' dir='ltr' id='par_1_92' title="bbox 1992 4310 3587 4389">
     <span class='ocr_line' id='line_1_92' title="bbox 1992 4310 3587 4389; baseline -0.004 -14"><span class='ocrx_word' id='word_1_710' title='bbox 1992 4321 2081 4375; x_wconf 87' lang='lat' dir='ltr'><strong>illa</strong></span> <span class='ocrx_word' id='word_1_711' title='bbox 2105 4320 2395 4389; x_wconf 90' lang='lat' dir='ltr'><strong>justorum,</strong></span> <span class='ocrx_word' id='word_1_712' title='bbox 2427 4316 2559 4373; x_wconf 89' lang='lat' dir='ltr'><strong>nihil</strong></span> <span class='ocrx_word' id='word_1_713' title='bbox 2588 4323 2849 4388; x_wconf 90' lang='lat' dir='ltr'><strong>poterunt</strong></span> <span class='ocrx_word' id='word_1_714' title='bbox 2881 4313 3021 4371; x_wconf 87' lang='lat' dir='ltr'><strong>velle</strong></span> <span class='ocrx_word' id='word_1_715' title='bbox 3050 4314 3318 4369; x_wconf 89' lang='lat' dir='ltr'><strong>diversum</strong></span> <span class='ocrx_word' id='word_1_716' title='bbox 3378 4310 3457 4381; x_wconf 84' lang='lat'><strong>&quot;&quot;,</strong></span> <span class='ocrx_word' id='word_1_717' title='bbox 3492 4315 3587 4369; x_wconf 90' lang='lat' dir='ltr'><strong>sed</strong></span> 
     </span>
    </p>
   </div>
   <div class='ocr_carea' id='block_1_93' title="bbox 1992 4403 3586 4479">
    <p class='ocr_par' dir='ltr' id='par_1_93' title="bbox 1992 4403 3586 4479">
     <span class='ocr_line' id='line_1_93' title="bbox 1992 4403 3586 4479; baseline -0.005 -14"><span class='ocrx_word' id='word_1_718' title='bbox 1992 4409 2246 4465; x_wconf 90' lang='lat' dir='ltr'><strong>eamdem</strong></span> <span class='ocrx_word' id='word_1_719' title='bbox 2276 4424 2491 4479; x_wconf 91' lang='lat' dir='ltr'><strong>semper</strong></span> <span class='ocrx_word' id='word_1_720' title='bbox 2519 4407 2847 4461; x_wconf 89' lang='lat' dir='ltr'><strong>voluntatem</strong></span> <span class='ocrx_word' id='word_1_721' title='bbox 2878 4403 3173 4459; x_wconf 88' lang='lat' dir='ltr'><strong>habebunt.</strong></span> <span class='ocrx_word' id='word_1_722' title='bbox 3208 4403 3416 4474; x_wconf 89' lang='lat' dir='ltr'><strong>Corpus</strong></span> <span class='ocrx_word' id='word_1_723' title='bbox 3444 4403 3586 4458; x_wconf 91' lang='lat' dir='ltr'><strong>enim</strong></span> 
     </span>
    </p>
   </div>
   <div class='ocr_carea' id='block_1_94' title="bbox 272 4483 3589 4571">
    <p class='ocr_par' dir='ltr' id='par_1_94' title="bbox 272 4483 3589 4571">
     <span class='ocr_line' id='line_1_94' title="bbox 272 4483 3589 4571; baseline -0.002 -16"><span class='ocrx_word' id='word_1_724' title='bbox 272 4500 539 4570; x_wconf 86' lang='lat' dir='ltr'><strong>privatus,</strong></span> <span class='ocrx_word' id='word_1_725' title='bbox 625 4500 783 4555; x_wconf 89' lang='lat' dir='ltr'><strong>tantis</strong></span> <span class='ocrx_word' id='word_1_726' title='bbox 873 4498 1157 4571; x_wconf 86' lang='lat' dir='ltr'><strong>urgeberis</strong></span> <span class='ocrx_word' id='word_1_727' title='bbox 1251 4497 1534 4553; x_wconf 88' lang='lat' dir='ltr'><strong>doloribus</strong></span> <span class='ocrx_word' id='word_1_728' title='bbox 1619 4505 1678 4553; x_wconf 91' lang='lat' dir='ltr'><strong>ut</strong></span> <span class='ocrx_word' id='word_1_729' title='bbox 1771 4514 1879 4555; x_wconf 91' lang='lat' dir='ltr'><strong>non</strong></span> <span class='ocrx_word' id='word_1_730' title='bbox 1906 4483 1964 4546; x_wconf 85' lang='lat' dir='ltr'><strong>D</strong></span> <span class='ocrx_word' id='word_1_731' title='bbox 1992 4513 2158 4553; x_wconf 92' lang='lat' dir='ltr'><strong>unum</strong></span> <span class='ocrx_word' id='word_1_732' title='bbox 2191 4497 2412 4553; x_wconf 89' lang='lat' dir='ltr'><strong>erimus.</strong></span> <span class='ocrx_word' id='word_1_733' title='bbox 2475 4496 2715 4552; x_wconf 88' lang='lat' dir='ltr'><strong>Ecclesia</strong></span> <span class='ocrx_word' id='word_1_734' title='bbox 2744 4508 2851 4550; x_wconf 90' lang='lat' dir='ltr'><strong>una</strong></span> <span class='ocrx_word' id='word_1_735' title='bbox 2878 4493 3101 4560; x_wconf 89' lang='lat' dir='ltr'><strong>erimus,</strong></span> <span class='ocrx_word' id='word_1_736' title='bbox 3153 4507 3350 4565; x_wconf 79' lang='lat' dir='ltr'><strong>sponsa</strong></span> <span class='ocrx_word' id='word_1_737' title='bbox 3410 4491 3589 4548; x_wconf 85' lang='lat' dir='ltr'><strong>Christ</strong></span> 
     </span>
    </p>
   </div>
   <div class='ocr_carea' id='block_1_95' title="bbox 1589 4622 2275 4682">
    <p class='ocr_par' dir='ltr' id='par_1_95' title="bbox 1589 4622 2275 4682">
     <span class='ocr_line' id='line_1_95' title="bbox 1589 4622 2275 4682; baseline -0.004 -3"><span class='ocrx_word' id='word_1_738' title='bbox 1589 4623 1831 4682; x_wconf 62' lang='lat' dir='ltr'><strong>VARIJE</strong></span> <span class='ocrx_word' id='word_1_739' title='bbox 1862 4622 2275 4680; x_wconf 86' lang='lat' dir='ltr'><strong>LECTIONES.</strong></span> 
     </span>
    </p>
   </div>
   <div class='ocr_carea' id='block_1_96' title="bbox 347 4742 3593 4806">
    <p class='ocr_par' dir='ltr' id='par_1_96' title="bbox 347 4742 3593 4806">
     <span class='ocr_line' id='line_1_96' title="bbox 347 4742 3593 4806; baseline -0.001 -2"><span class='ocrx_word' id='word_1_740' title='bbox 347 4746 410 4776; x_wconf 83' lang='lat'><strong>&quot;’</strong></span> <span class='ocrx_word' id='word_1_741' title='bbox 438 4748 640 4804; x_wconf 88' lang='lat' dir='ltr'><strong>Contra</strong></span> <span class='ocrx_word' id='word_1_742' title='bbox 670 4749 1005 4805; x_wconf 81' lang='lat' dir='ltr'><strong>voluntatem</strong></span> <span class='ocrx_word' id='word_1_743' title='bbox 1036 4747 1135 4805; x_wconf 92' lang='lat' dir='ltr'><strong>Dei</strong></span> <span class='ocrx_word' id='word_1_744' title='bbox 1162 4765 1299 4806; x_wconf 66' lang='lat' dir='ltr'><strong>mss.</strong></span> <span class='ocrx_word' id='word_1_745' title='bbox 1333 4754 1389 4806; x_wconf 78' lang='lat' dir='ltr'><strong>et</strong></span> <span class='ocrx_word' id='word_1_746' title='bbox 1436 4748 1586 4804; x_wconf 82' lang='lat' dir='ltr'><strong>Edit.</strong></span> <span class='ocrx_word' id='word_1_747' title='bbox 1639 4747 1751 4805; x_wconf 87' lang='lat' dir='ltr'><strong>Col.</strong></span> <span class='ocrx_word' id='word_1_748' title='bbox 1802 4746 2061 4802; x_wconf 86' lang='lat' dir='ltr'><strong>voluntati</strong></span> <span class='ocrx_word' id='word_1_749' title='bbox 2117 4745 2238 4802; x_wconf 90' lang='lat' dir='ltr'><strong>Dei.</strong></span> <span class='ocrx_word' id='word_1_750' title='bbox 2272 4743 2334 4777; x_wconf 82' lang='lat'><strong>&quot;°</strong></span> <span class='ocrx_word' id='word_1_751' title='bbox 2388 4745 2456 4800; x_wconf 87' lang='lat' dir='ltr'><strong>Ut</strong></span> <span class='ocrx_word' id='word_1_752' title='bbox 2508 4742 2645 4801; x_wconf 92' lang='lat' dir='ltr'><strong>dicis</strong></span> <span class='ocrx_word' id='word_1_753' title='bbox 2701 4760 2808 4801; x_wconf 78' lang='lat' dir='ltr'><strong>ms.</strong></span> <span class='ocrx_word' id='word_1_754' title='bbox 2878 4742 3023 4801; x_wconf 83' lang='lat' dir='ltr'><strong>Vict.</strong></span> <span class='ocrx_word' id='word_1_755' title='bbox 3083 4747 3141 4801; x_wconf 82' lang='lat' dir='ltr'><strong>ct</strong></span> <span class='ocrx_word' id='word_1_756' title='bbox 3186 4744 3333 4800; x_wconf 83' lang='lat' dir='ltr'><strong>Edit.</strong></span> <span class='ocrx_word' id='word_1_757' title='bbox 3380 4744 3494 4802; x_wconf 83' lang='lat' dir='ltr'><strong>Col.</strong></span> <span class='ocrx_word' id='word_1_758' title='bbox 3536 4751 3593 4800; x_wconf 91' lang='lat' dir='ltr'><strong>ut</strong></span> 
     </span>
    </p>
   </div>
   <div class='ocr_carea' id='block_1_97' title="bbox 274 4811 3590 4899">
    <p class='ocr_par' dir='ltr' id='par_1_97' title="bbox 274 4811 3590 4899">
     <span class='ocr_line' id='line_1_97' title="bbox 274 4811 3590 4899; baseline -0.001 -25"><span class='ocrx_word' id='word_1_759' title='bbox 274 4816 621 4899; x_wconf 41' lang='lat' dir='ltr'><strong>t_ti_dicis.._“’_</strong></span> <span class='ocrx_word' id='word_1_760' title='bbox 638 4819 784 4875; x_wconf 89' lang='lat' dir='ltr'><strong>Nihil</strong></span> <span class='ocrx_word' id='word_1_761' title='bbox 817 4821 1063 4899; x_wconf 69' lang='lat' dir='ltr'><strong>pendens</strong></span> <span class='ocrx_word' id='word_1_762' title='bbox 1082 4837 1187 4899; x_wconf 63' lang='lat' dir='ltr'><strong>nis.</strong></span> <span class='ocrx_word' id='word_1_763' title='bbox 1230 4822 1366 4899; x_wconf 78' lang='lat' dir='ltr'><strong>V_ict_.</strong></span> <span class='ocrx_word' id='word_1_764' title='bbox 1399 4824 1456 4876; x_wconf 80' lang='lat' dir='ltr'><strong>et</strong></span> <span class='ocrx_word' id='word_1_765' title='bbox 1484 4820 1635 4899; x_wconf 55' lang='lat' dir='ltr'><strong>Egit.</strong></span> <span class='ocrx_word' id='word_1_766' title='bbox 1659 4820 1785 4899; x_wconf 62' lang='lat' dir='ltr'><strong>got.</strong></span> <span class='ocrx_word' id='word_1_767' title='bbox 1818 4817 2269 4899; x_wconf 12' lang='lat' dir='ltr'><strong>nihili‘pendens.</strong></span> <span class='ocrx_word' id='word_1_768' title='bbox 2308 4811 2371 4844; x_wconf 73' lang='grc' dir='ltr'><strong>’θ’</strong></span> <span class='ocrx_word' id='word_1_769' title='bbox 2414 4815 2537 4870; x_wconf 90' lang='lat' dir='ltr'><strong>Non</strong></span> <span class='ocrx_word' id='word_1_770' title='bbox 2566 4815 2911 4899; x_wconf 44' lang='lat' dir='ltr'><strong>_re&#39;cessisltis.,</strong></span> <span class='ocrx_word' id='word_1_771' title='bbox 2971 4814 3116 4896; x_wconf 79' lang='lat' dir='ltr'><strong>illius</strong></span> <span class='ocrx_word' id='word_1_772' title='bbox 3162 4830 3306 4899; x_wconf 33' lang='lat' dir='ltr'><strong>ms,”</strong></span> <span class='ocrx_word' id='word_1_773' title='bbox 3334 4814 3481 4895; x_wconf 75' lang='lat' dir='ltr'><strong>Vict.</strong></span> <span class='ocrx_word' id='word_1_774' title='bbox 3532 4820 3590 4872; x_wconf 78' lang='lat' dir='ltr'><strong>et</strong></span> 
     </span>
    </p>
   </div>
   <div class='ocr_carea' id='block_1_98' title="bbox 271 4889 1581 4960">
    <p class='ocr_par' dir='ltr' id='par_1_98' title="bbox 271 4889 1581 4960">
     <span class='ocr_line' id='line_1_98' title="bbox 271 4889 1581 4960; baseline 0.001 -15"><span class='ocrx_word' id='word_1_775' title='bbox 271 4890 433 4945; x_wconf 80' lang='lat' dir='ltr'><strong>Edit.</strong></span> <span class='ocrx_word' id='word_1_776' title='bbox 520 4889 639 4946; x_wconf 82' lang='lat' dir='ltr'><strong>Col.</strong></span> <span class='ocrx_word' id='word_1_777' title='bbox 718 4889 829 4945; x_wconf 84' lang='lat' dir='ltr'><strong>non</strong></span> <span class='ocrx_word' id='word_1_778' title='bbox 897 4890 1181 4957; x_wconf 88' lang='lat' dir='ltr'><strong>cecidistis,</strong></span> <span class='ocrx_word' id='word_1_779' title='bbox 1257 4891 1444 4960; x_wconf 87' lang='lat' dir='ltr'><strong>ipsius.</strong></span> <span class='ocrx_word' id='word_1_780' title='bbox 1523 4889 1581 4919; x_wconf 85' lang='grc'><strong>⁸⁰³</strong></span> 
     </span>
    </p>
   </div>
   <div class='ocr_carea' id='block_1_99' title="bbox 1653 4884 3588 4958">
    <p class='ocr_par' dir='ltr' id='par_1_99' title="bbox 1653 4884 3588 4958">
     <span class='ocr_line' id='line_1_99' title="bbox 1653 4884 3588 4958; baseline -0.001 -14"><span class='ocrx_word' id='word_1_781' title='bbox 1653 4889 1756 4958; x_wconf 86' lang='lat' dir='ltr'><strong>Qui</strong></span> <span class='ocrx_word' id='word_1_782' title='bbox 1817 4884 2102 4953; x_wconf 71' lang='lat' dir='ltr'><strong>salvationi</strong></span> <span class='ocrx_word' id='word_1_783' title='bbox 2168 4903 2300 4958; x_wconf 56' lang='lat' dir='ltr'><strong>suae</strong></span> <span class='ocrx_word' id='word_1_784' title='bbox 2328 4902 2463 4958; x_wconf 52' lang='lat' dir='ltr'><strong>mas.</strong></span> <span class='ocrx_word' id='word_1_785' title='bbox 2522 4889 2580 4958; x_wconf 65' lang='lat' dir='ltr'><strong>et</strong></span> <span class='ocrx_word' id='word_1_786' title='bbox 2634 4886 2760 4958; x_wconf 85' lang='lat' dir='ltr'><strong>Ed._</strong></span> <span class='ocrx_word' id='word_1_787' title='bbox 2807 4885 2919 4958; x_wconf 73' lang='grc' dir='ltr'><strong>σοι.</strong></span> <span class='ocrx_word' id='word_1_788' title='bbox 2977 4885 3068 4955; x_wconf 92' lang='lat' dir='ltr'><strong>qui</strong></span> <span class='ocrx_word' id='word_1_789' title='bbox 3111 4884 3406 4956; x_wconf 88' lang='lat' dir='ltr'><strong>perditioni</strong></span> <span class='ocrx_word' id='word_1_790' title='bbox 3453 4902 3588 4944; x_wconf 70' lang='lat' dir='ltr'><strong>suae.</strong></span> 
     </span>
    </p>
   </div>
   <div class='ocr_carea' id='block_1_100' title="bbox 272 4954 3587 5031">
    <p class='ocr_par' dir='ltr' id='par_1_100' title="bbox 272 4954 3587 5031">
     <span class='ocr_line' id='line_1_100' title="bbox 272 4954 3587 5031; baseline -0.001 -15"><span class='ocrx_word' id='word_1_791' title='bbox 272 4960 333 4992; x_wconf 84' lang='lat'><strong>&#39;°‘</strong></span> <span class='ocrx_word' id='word_1_792' title='bbox 365 4961 676 5029; x_wconf 82' lang='lat' dir='ltr'><strong>Rapuerunt</strong></span> <span class='ocrx_word' id='word_1_793' title='bbox 709 4979 720 5014; x_wconf 91' lang='lat'>:</span> <span class='ocrx_word' id='word_1_794' title='bbox 754 4961 880 5017; x_wconf 93' lang='lat' dir='ltr'><strong>ideo</strong></span> <span class='ocrx_word' id='word_1_795' title='bbox 908 4962 1002 5016; x_wconf 82' lang='lat' dir='ltr'><strong>alii</strong></span> <span class='ocrx_word' id='word_1_796' title='bbox 1028 4954 1175 5017; x_wconf 66' lang='lat' dir='ltr'><strong>mss.</strong></span> <span class='ocrx_word' id='word_1_797' title='bbox 1201 4966 1259 5019; x_wconf 78' lang='lat' dir='ltr'><strong>et</strong></span> <span class='ocrx_word' id='word_1_798' title='bbox 1280 4954 1454 5019; x_wconf 47' lang='lat' dir='ltr'><strong>&#39;Edit.</strong></span> <span class='ocrx_word' id='word_1_799' title='bbox 1512 4962 1626 5016; x_wconf 79' lang='lat' dir='ltr'><strong>Col.</strong></span> <span class='ocrx_word' id='word_1_800' title='bbox 1664 4954 1999 5031; x_wconf 20' lang='lat' dir='ltr'><strong>V&#39;rapuerunt.</strong></span> <span class='ocrx_word' id='word_1_801' title='bbox 2046 4959 2177 5013; x_wconf 87' lang='lat' dir='ltr'><strong>Alii.</strong></span> <span class='ocrx_word' id='word_1_802' title='bbox 2202 4955 2302 5031; x_wconf 76' lang='lat'><strong>__‘°‘</strong></span> <span class='ocrx_word' id='word_1_803' title='bbox 2364 4955 2713 5031; x_wconf 53' lang='lat' dir='ltr'><strong>ﬁqualitate_</strong></span> <span class='ocrx_word' id='word_1_804' title='bbox 2747 4954 2892 5011; x_wconf 90' lang='lat' dir='ltr'><strong>beati</strong></span> <span class='ocrx_word' id='word_1_805' title='bbox 2939 4954 3091 5031; x_wconf 53' lang='grc' dir='ltr'><strong>ἠως.</strong></span> <span class='ocrx_word' id='word_1_806' title='bbox 3112 4954 3198 5012; x_wconf 68' lang='grc' dir='ltr'><strong>ἐι</strong></span> <span class='ocrx_word' id='word_1_807' title='bbox 3230 4958 3406 5031; x_wconf 48' lang='lat' dir='ltr'><strong>“ﬁdit.</strong></span> <span class='ocrx_word' id='word_1_808' title='bbox 3466 4959 3587 5031; x_wconf 78' lang='lat' dir='ltr'><strong>Col.</strong></span> 
     </span>
    </p>
   </div>
   <div class='ocr_carea' id='block_1_101' title="bbox 273 5025 3585 5102">
    <p class='ocr_par' dir='ltr' id='par_1_101' title="bbox 273 5025 3585 5102">
     <span class='ocr_line' id='line_1_101' title="bbox 273 5025 3585 5102; baseline 0 -18"><span class='ocrx_word' id='word_1_809' title='bbox 273 5025 587 5102; x_wconf 70' lang='lat' dir='ltr'><strong>aequalitate</strong></span> <span class='ocrx_word' id='word_1_810' title='bbox 625 5032 807 5102; x_wconf 76' lang='lat' dir='ltr'><strong>beati.</strong></span> <span class='ocrx_word' id='word_1_811' title='bbox 866 5031 925 5060; x_wconf 77' lang='grc'>⁸⁸⁸</span> <span class='ocrx_word' id='word_1_812' title='bbox 969 5032 1186 5086; x_wconf 88' lang='lat' dir='ltr'><strong>Rationi</strong></span> <span class='ocrx_word' id='word_1_813' title='bbox 1241 5033 1354 5087; x_wconf 83' lang='lat' dir='ltr'><strong>veri</strong></span> <span class='ocrx_word' id='word_1_814' title='bbox 1407 5025 1771 5099; x_wconf 74' lang='lat' dir='ltr'><strong>acquiescere</strong></span> <span class='ocrx_word' id='word_1_815' title='bbox 1808 5047 1987 5102; x_wconf 20' lang='lat' dir='ltr'><strong>mss.”</strong></span> <span class='ocrx_word' id='word_1_816' title='bbox 2017 5034 2073 5085; x_wconf 83' lang='lat' dir='ltr'><strong>et</strong></span> <span class='ocrx_word' id='word_1_817' title='bbox 2134 5029 2283 5086; x_wconf 84' lang='lat' dir='ltr'><strong>Edit.</strong></span> <span class='ocrx_word' id='word_1_818' title='bbox 2343 5025 2466 5102; x_wconf 67' lang='grc' dir='ltr'><strong>ροιξ</strong></span> <span class='ocrx_word' id='word_1_819' title='bbox 2521 5026 2742 5102; x_wconf 89' lang='lat' dir='ltr'><strong>ra_tioni_</strong></span> <span class='ocrx_word' id='word_1_820' title='bbox 2794 5025 3168 5102; x_wconf 57' lang='lat' dir='ltr'><strong>acquiescere:</strong></span> <span class='ocrx_word' id='word_1_821' title='bbox 3202 5025 3289 5102; x_wconf 47' lang='grc' dir='ltr'><em>λη</em></span> <span class='ocrx_word' id='word_1_822' title='bbox 3357 5028 3585 5102; x_wconf 85' lang='lat' dir='ltr'><strong>Ratione</strong></span> 
     </span>
    </p>
   </div>
   <div class='ocr_carea' id='block_1_102' title="bbox 270 5096 3585 5176">
    <p class='ocr_par' dir='ltr' id='par_1_102' title="bbox 270 5096 3585 5176">
     <span class='ocr_line' id='line_1_102' title="bbox 270 5096 3585 5176; baseline -0.001 -21"><span class='ocrx_word' id='word_1_823' title='bbox 270 5096 536 5176; x_wconf 79' lang='lat' dir='ltr'><strong>motims.</strong></span> <span class='ocrx_word' id='word_1_824' title='bbox 590 5100 737 5159; x_wconf 83' lang='lat' dir='ltr'><strong>Vict.</strong></span> <span class='ocrx_word' id='word_1_825' title='bbox 771 5108 827 5159; x_wconf 76' lang='lat' dir='ltr'><strong>et</strong></span> <span class='ocrx_word' id='word_1_826' title='bbox 844 5104 1153 5176; x_wconf 25' lang='lat' dir='ltr'><strong>Edithol.</strong></span> <span class='ocrx_word' id='word_1_827' title='bbox 1183 5102 1401 5176; x_wconf 84' lang='lat' dir='ltr'><strong>ratione</strong></span> <span class='ocrx_word' id='word_1_828' title='bbox 1424 5096 1548 5157; x_wconf 79' lang='lat' dir='ltr'><strong>niti.</strong></span> <span class='ocrx_word' id='word_1_829' title='bbox 1580 5102 1643 5176; x_wconf 59' lang='grc' dir='ltr'><strong>ὀξ</strong></span> <span class='ocrx_word' id='word_1_830' title='bbox 1674 5100 2222 5176; x_wconf 65' lang='lat' dir='ltr'><strong>Magisjudicaveras</strong></span> <span class='ocrx_word' id='word_1_831' title='bbox 2252 5108 2301 5152; x_wconf 87' lang='lat' dir='ltr'><strong>te</strong></span> <span class='ocrx_word' id='word_1_832' title='bbox 2329 5096 2402 5152; x_wconf 89' lang='lat' dir='ltr'><strong>L.</strong></span> <span class='ocrx_word' id='word_1_833' title='bbox 2443 5098 2619 5176; x_wconf 52' lang='lat' dir='ltr'><strong>magis</strong></span> <span class='ocrx_word' id='word_1_834' title='bbox 2647 5105 2699 5152; x_wconf 91' lang='lat' dir='ltr'><strong>te</strong></span> <span class='ocrx_word' id='word_1_835' title='bbox 2722 5097 3089 5176; x_wconf 77' lang='lat' dir='ltr'><strong>judicaveras.</strong></span> <span class='ocrx_word' id='word_1_836' title='bbox 3109 5096 3401 5176; x_wconf 65' lang='lat' dir='ltr'><strong>‘°’_Yerum</strong></span> <span class='ocrx_word' id='word_1_837' title='bbox 3427 5100 3585 5176; x_wconf 82' lang='lat' dir='ltr'><strong>etiam</strong></span> 
     </span>
    </p>
   </div>
   <div class='ocr_carea' id='block_1_103' title="bbox 272 5166 3586 5239">
    <p class='ocr_par' dir='ltr' id='par_1_103' title="bbox 272 5166 3586 5239">
     <span class='ocr_line' id='line_1_103' title="bbox 272 5166 3586 5239; baseline -0.001 -12"><span class='ocrx_word' id='word_1_838' title='bbox 272 5172 500 5227; x_wconf 91' lang='lat' dir='ltr'><strong>omnino</strong></span> <span class='ocrx_word' id='word_1_839' title='bbox 531 5188 634 5227; x_wconf 79' lang='lat' dir='ltr'><strong>ms.</strong></span> <span class='ocrx_word' id='word_1_840' title='bbox 678 5176 821 5229; x_wconf 72' lang='lat' dir='ltr'><strong>Vict.</strong></span> <span class='ocrx_word' id='word_1_841' title='bbox 857 5178 913 5229; x_wconf 84' lang='lat' dir='ltr'><strong>et</strong></span> <span class='ocrx_word' id='word_1_842' title='bbox 935 5174 1084 5229; x_wconf 83' lang='lat' dir='ltr'><strong>Edit.</strong></span> <span class='ocrx_word' id='word_1_843' title='bbox 1123 5174 1237 5229; x_wconf 86' lang='lat' dir='ltr'><strong>Cat.</strong></span> <span class='ocrx_word' id='word_1_844' title='bbox 1276 5190 1459 5228; x_wconf 83' lang='lat' dir='ltr'><strong>verum</strong></span> <span class='ocrx_word' id='word_1_845' title='bbox 1492 5172 1733 5227; x_wconf 91' lang='lat' dir='ltr'><strong>omnino.</strong></span> <span class='ocrx_word' id='word_1_846' title='bbox 1762 5170 1826 5200; x_wconf 73' lang='grc'>⁸³⁸</span> <span class='ocrx_word' id='word_1_847' title='bbox 1855 5166 1960 5227; x_wconf 87' lang='lat' dir='ltr'><strong>Sed</strong></span> <span class='ocrx_word' id='word_1_848' title='bbox 1989 5170 2109 5239; x_wconf 90' lang='lat' dir='ltr'><strong>quis</strong></span> <span class='ocrx_word' id='word_1_849' title='bbox 2138 5170 2300 5224; x_wconf 90' lang='lat' dir='ltr'><strong>habet</strong></span> <span class='ocrx_word' id='word_1_850' title='bbox 2331 5185 2459 5223; x_wconf 75' lang='lat' dir='ltr'><strong>mss.</strong></span> <span class='ocrx_word' id='word_1_851' title='bbox 2492 5167 2620 5239; x_wconf 87' lang='lat' dir='ltr'><strong>Sed</strong></span> <span class='ocrx_word' id='word_1_852' title='bbox 2649 5166 2771 5236; x_wconf 89' lang='lat' dir='ltr'><strong>quis</strong></span> <span class='ocrx_word' id='word_1_853' title='bbox 2818 5168 2909 5222; x_wconf 90' lang='lat' dir='ltr'><strong>hic</strong></span> <span class='ocrx_word' id='word_1_854' title='bbox 2950 5168 3131 5223; x_wconf 85' lang='lat' dir='ltr'><strong>habet.</strong></span> <span class='ocrx_word' id='word_1_855' title='bbox 3177 5166 3237 5197; x_wconf 67' lang='lat' dir='ltr'><strong>m</strong></span> <span class='ocrx_word' id='word_1_856' title='bbox 3284 5170 3586 5225; x_wconf 80' lang='lat' dir='ltr'><strong>Amicitiam</strong></span> 
     </span>
    </p>
   </div>
   <div class='ocr_carea' id='block_1_104' title="bbox 272 5238 3596 5315">
    <p class='ocr_par' dir='ltr' id='par_1_104' title="bbox 272 5238 3596 5315">
     <span class='ocr_line' id='line_1_104' title="bbox 272 5238 3596 5315; baseline 0 -20"><span class='ocrx_word' id='word_1_857' title='bbox 272 5250 476 5315; x_wconf 77' lang='lat' dir='ltr'><strong>tantum</strong></span> <span class='ocrx_word' id='word_1_858' title='bbox 510 5259 632 5315; x_wconf 62' lang='lat' dir='ltr'><strong>quae</strong></span> <span class='ocrx_word' id='word_1_859' title='bbox 662 5244 908 5315; x_wconf 79' lang='lat' dir='ltr'><strong>converti</strong></span> <span class='ocrx_word' id='word_1_860' title='bbox 936 5259 1042 5315; x_wconf 82' lang='lat' dir='ltr'><strong>non</strong></span> <span class='ocrx_word' id='word_1_861' title='bbox 1073 5244 1242 5315; x_wconf 89' lang='lat' dir='ltr'><strong>possit</strong></span> <span class='ocrx_word' id='word_1_862' title='bbox 1269 5244 1326 5298; x_wconf 93' lang='lat' dir='ltr'><strong>in</strong></span> <span class='ocrx_word' id='word_1_863' title='bbox 1354 5243 1690 5315; x_wconf 87' lang='lat' dir='ltr'><strong>inimicitiam</strong></span> <span class='ocrx_word' id='word_1_864' title='bbox 1714 5258 1848 5315; x_wconf 73' lang='lat' dir='ltr'><strong>mss.</strong></span> <span class='ocrx_word' id='word_1_865' title='bbox 1887 5246 1944 5315; x_wconf 70' lang='lat' dir='ltr'><strong>et</strong></span> <span class='ocrx_word' id='word_1_866' title='bbox 1972 5238 2122 5297; x_wconf 83' lang='lat' dir='ltr'><strong>Edit.</strong></span> <span class='ocrx_word' id='word_1_867' title='bbox 2159 5241 2271 5296; x_wconf 84' lang='lat' dir='ltr'><strong>Col.</strong></span> <span class='ocrx_word' id='word_1_868' title='bbox 2298 5238 2635 5315; x_wconf 75' lang='lat' dir='ltr'><strong>inimicitiam</strong></span> <span class='ocrx_word' id='word_1_869' title='bbox 2655 5246 2868 5315; x_wconf 68' lang='lat' dir='ltr'><strong>tantam</strong></span> <span class='ocrx_word' id='word_1_870' title='bbox 2898 5254 3021 5315; x_wconf 69' lang='lat' dir='ltr'><strong>quae</strong></span> <span class='ocrx_word' id='word_1_871' title='bbox 3038 5238 3275 5294; x_wconf 86' lang='lat' dir='ltr'><strong>converti</strong></span> <span class='ocrx_word' id='word_1_872' title='bbox 3301 5255 3405 5315; x_wconf 84' lang='lat' dir='ltr'><strong>non</strong></span> <span class='ocrx_word' id='word_1_873' title='bbox 3419 5240 3596 5315; x_wconf 55' lang='lat' dir='ltr'><strong>possit</strong></span> 
     </span>
    </p>
   </div>
   <div class='ocr_carea' id='block_1_105' title="bbox 272 5308 3586 5374">
    <p class='ocr_par' dir='ltr' id='par_1_105' title="bbox 272 5308 3586 5374">
     <span class='ocr_line' id='line_1_105' title="bbox 272 5308 3586 5374; baseline -0.001 -8"><span class='ocrx_word' id='word_1_874' title='bbox 272 5313 328 5366; x_wconf 88' lang='lat' dir='ltr'><strong>in</strong></span> <span class='ocrx_word' id='word_1_875' title='bbox 361 5308 676 5368; x_wconf 87' lang='lat' dir='ltr'><strong>amicitiam.</strong></span> <span class='ocrx_word' id='word_1_876' title='bbox 711 5313 774 5342; x_wconf 78' lang='grc'><strong>⁵³³</strong></span> <span class='ocrx_word' id='word_1_877' title='bbox 792 5316 906 5369; x_wconf 89' lang='lat' dir='ltr'><strong>Nec</strong></span> <span class='ocrx_word' id='word_1_878' title='bbox 933 5308 1317 5369; x_wconf 45' lang='lat' dir='ltr'><strong>ullus—omnino</strong></span> <span class='ocrx_word' id='word_1_879' title='bbox 1346 5316 1510 5369; x_wconf 85' lang='lat' dir='ltr'><strong>habet</strong></span> <span class='ocrx_word' id='word_1_880' title='bbox 1540 5314 1631 5367; x_wconf 82' lang='lat' dir='ltr'><strong>hic</strong></span> <span class='ocrx_word' id='word_1_881' title='bbox 1660 5312 1991 5366; x_wconf 87' lang='lat' dir='ltr'><strong>inimicitiam</strong></span> <span class='ocrx_word' id='word_1_882' title='bbox 2014 5326 2303 5374; x_wconf 86' lang='lat' dir='ltr'><strong>summam,</strong></span> <span class='ocrx_word' id='word_1_883' title='bbox 2338 5318 2431 5364; x_wconf 90' lang='lat' dir='ltr'><strong>aut</strong></span> <span class='ocrx_word' id='word_1_884' title='bbox 2457 5308 2778 5366; x_wconf 72' lang='lat' dir='ltr'><strong>amicitiam.</strong></span> <span class='ocrx_word' id='word_1_885' title='bbox 2812 5309 2872 5361; x_wconf 90' lang='lat' dir='ltr'><strong>In</strong></span> <span class='ocrx_word' id='word_1_886' title='bbox 2922 5308 3099 5364; x_wconf 82' lang='lat' dir='ltr'><strong>futuro</strong></span> <span class='ocrx_word' id='word_1_887' title='bbox 3135 5325 3275 5363; x_wconf 73' lang='lat' dir='ltr'><strong>mss.</strong></span> <span class='ocrx_word' id='word_1_888' title='bbox 3342 5313 3398 5365; x_wconf 83' lang='lat' dir='ltr'><strong>et</strong></span> <span class='ocrx_word' id='word_1_889' title='bbox 3422 5308 3586 5365; x_wconf 29' lang='lat' dir='ltr'><strong>’Edit.</strong></span> 
     </span>
    </p>
   </div>
   <div class='ocr_carea' id='block_1_106' title="bbox 277 5380 3589 5450">
    <p class='ocr_par' dir='ltr' id='par_1_106' title="bbox 277 5380 3589 5450">
     <span class='ocr_line' id='line_1_106' title="bbox 277 5380 3589 5450; baseline -0.002 -11"><span class='ocrx_word' id='word_1_890' title='bbox 277 5383 393 5440; x_wconf 82' lang='lat' dir='ltr'><strong>Col.</strong></span> <span class='ocrx_word' id='word_1_891' title='bbox 428 5399 527 5440; x_wconf 90' lang='lat' dir='ltr'><strong>nec</strong></span> <span class='ocrx_word' id='word_1_892' title='bbox 549 5385 770 5439; x_wconf 89' lang='lat' dir='ltr'><strong>omnino</strong></span> <span class='ocrx_word' id='word_1_893' title='bbox 800 5385 960 5440; x_wconf 86' lang='lat' dir='ltr'><strong>habet</strong></span> <span class='ocrx_word' id='word_1_894' title='bbox 990 5384 1077 5440; x_wconf 88' lang='lat' dir='ltr'><strong>hic</strong></span> <span class='ocrx_word' id='word_1_895' title='bbox 1105 5384 1444 5441; x_wconf 81' lang='lat' dir='ltr'><strong>inimicitiam</strong></span> <span class='ocrx_word' id='word_1_896' title='bbox 1475 5399 1761 5439; x_wconf 84' lang='lat' dir='ltr'><strong>summam.</strong></span> <span class='ocrx_word' id='word_1_897' title='bbox 1793 5385 1853 5437; x_wconf 90' lang='lat' dir='ltr'><strong>In</strong></span> <span class='ocrx_word' id='word_1_898' title='bbox 1886 5382 2082 5437; x_wconf 83' lang='lat' dir='ltr'><strong>futuro.</strong></span> <span class='ocrx_word' id='word_1_899' title='bbox 2130 5380 2190 5409; x_wconf 80' lang='lat'><strong>°”</strong></span> <span class='ocrx_word' id='word_1_900' title='bbox 2228 5385 2423 5435; x_wconf 82' lang='lat' dir='ltr'><strong>Autem</strong></span> <span class='ocrx_word' id='word_1_901' title='bbox 2463 5380 2780 5449; x_wconf 85' lang='lat' dir='ltr'><strong>perfectam,</strong></span> <span class='ocrx_word' id='word_1_902' title='bbox 2831 5387 2922 5434; x_wconf 88' lang='lat' dir='ltr'><strong>aut</strong></span> <span class='ocrx_word' id='word_1_903' title='bbox 2970 5380 3303 5450; x_wconf 80' lang='lat' dir='ltr'><strong>inimicitiam</strong></span> <span class='ocrx_word' id='word_1_904' title='bbox 3325 5448 3338 5450; x_wconf 92' lang='lat'><em>_</em></span> <span class='ocrx_word' id='word_1_905' title='bbox 3361 5380 3589 5450; x_wconf 88' lang='lat' dir='ltr'><strong>quisque</strong></span> 
     </span>
    </p>
   </div>
   <div class='ocr_carea' id='block_1_107' title="bbox 276 5450 3111 5577">
    <p class='ocr_par' dir='ltr' id='par_1_107' title="bbox 276 5450 3111 5577">
     <span class='ocr_line' id='line_1_107' title="bbox 276 5450 3111 5577; baseline -0.002 -67"><span class='ocrx_word' id='word_1_906' title='bbox 276 5470 412 5512; x_wconf 68' lang='lat' dir='ltr'><strong>mss.</strong></span> <span class='ocrx_word' id='word_1_907' title='bbox 439 5459 498 5512; x_wconf 82' lang='lat' dir='ltr'><strong>et</strong></span> <span class='ocrx_word' id='word_1_908' title='bbox 519 5456 672 5511; x_wconf 78' lang='lat' dir='ltr'><strong>Edit.</strong></span> <span class='ocrx_word' id='word_1_909' title='bbox 709 5454 822 5511; x_wconf 85' lang='lat' dir='ltr'><strong>Col.</strong></span> <span class='ocrx_word' id='word_1_910' title='bbox 871 5464 1049 5511; x_wconf 88' lang='lat' dir='ltr'><strong>autem</strong></span> <span class='ocrx_word' id='word_1_911' title='bbox 1090 5463 1183 5511; x_wconf 88' lang='lat' dir='ltr'><strong>aut</strong></span> <span class='ocrx_word' id='word_1_912' title='bbox 1223 5456 1515 5511; x_wconf 89' lang='lat' dir='ltr'><strong>amicitiam</strong></span> <span class='ocrx_word' id='word_1_913' title='bbox 1559 5469 1814 5525; x_wconf 87' lang='lat' dir='ltr'><strong>magnam</strong></span> <span class='ocrx_word' id='word_1_914' title='bbox 1863 5455 1948 5509; x_wconf 83' lang='lat' dir='ltr'><strong>vel</strong></span> <span class='ocrx_word' id='word_1_915' title='bbox 2001 5452 2324 5533; x_wconf 75' lang='lat' dir='ltr'><strong>perfectam,</strong></span> <span class='ocrx_word' id='word_1_916' title='bbox 2372 5458 2462 5505; x_wconf 89' lang='lat' dir='ltr'><strong>aut</strong></span> <span class='ocrx_word' id='word_1_917' title='bbox 2501 5451 2840 5506; x_wconf 89' lang='lat' dir='ltr'><strong>inimicitiam</strong></span> <span class='ocrx_word' id='word_1_918' title='bbox 2864 5450 3111 5577; x_wconf 48' lang='lat' dir='ltr'><strong>quisque.</strong></span> 
     </span>
     <span class='ocr_line' id='line_1_108' title="bbox 283 5521 3111 5577; baseline -0 0"><span class='ocrx_word' id='word_1_919' title='bbox 283 5532 442 5577; x_wconf 80' lang='lat' dir='ltr'><strong>putas</strong></span> <span class='ocrx_word' id='word_1_920' title='bbox 472 5543 575 5577; x_wconf 76' lang='lat' dir='ltr'><strong>ms.</strong></span> <span class='ocrx_word' id='word_1_921' title='bbox 620 5527 753 5577; x_wconf 79' lang='lat' dir='ltr'><strong>Vict.</strong></span> <span class='ocrx_word' id='word_1_922' title='bbox 785 5530 843 5577; x_wconf 74' lang='lat' dir='ltr'><strong>et</strong></span> <span class='ocrx_word' id='word_1_923' title='bbox 873 5527 1020 5577; x_wconf 83' lang='lat' dir='ltr'><strong>Edit.</strong></span> <span class='ocrx_word' id='word_1_924' title='bbox 1058 5524 1246 5577; x_wconf 78' lang='lat' dir='ltr'><strong>Colon.</strong></span> <span class='ocrx_word' id='word_1_925' title='bbox 1279 5529 1576 5577; x_wconf 76' lang='lat' dir='ltr'><strong>omittunt.</strong></span> <span class='ocrx_word' id='word_1_926' title='bbox 1610 5533 1889 5577; x_wconf 82' lang='lat' dir='ltr'><strong>quantum.</strong></span> <span class='ocrx_word' id='word_1_927' title='bbox 1920 5523 2254 5577; x_wconf 78' lang='lat' dir='ltr'><strong>mConcordi</strong></span> <span class='ocrx_word' id='word_1_928' title='bbox 2284 5539 2339 5576; x_wconf 79' lang='lat' dir='ltr'><strong>in</strong></span> <span class='ocrx_word' id='word_1_929' title='bbox 2360 5523 2521 5577; x_wconf 90' lang='lat' dir='ltr'><strong>homo</strong></span> <span class='ocrx_word' id='word_1_930' title='bbox 2552 5538 2657 5577; x_wconf 77' lang='lat' dir='ltr'><strong>ms.</strong></span> <span class='ocrx_word' id='word_1_931' title='bbox 2688 5526 2758 5577; x_wconf 84' lang='lat' dir='ltr'><strong>A.</strong></span> <span class='ocrx_word' id='word_1_932' title='bbox 2804 5523 2828 5577; x_wconf 90' lang='grc'><strong>1</strong></span> <span class='ocrx_word' id='word_1_933' title='bbox 2910 5521 3111 5577; x_wconf 79' lang='lat' dir='ltr'><strong>orcorch</strong></span> 
     </span>
    </p>
   </div>
   <div class='ocr_carea' id='block_1_108' title="bbox 282 5523 2828 5596">
    <p class='ocr_par' dir='ltr' id='par_1_108' title="bbox 282 5523 2828 5596">
     <span class='ocr_line' id='line_1_109' title="bbox 282 5523 2828 5596; baseline -0.001 -16"><span class='ocrx_word' id='word_1_934' title='bbox 282 5532 442 5596; x_wconf 86' lang='lat' dir='ltr'><strong>putas</strong></span> <span class='ocrx_word' id='word_1_935' title='bbox 472 5543 575 5582; x_wconf 81' lang='lat' dir='ltr'><strong>ms.</strong></span> <span class='ocrx_word' id='word_1_936' title='bbox 620 5527 753 5583; x_wconf 82' lang='lat' dir='ltr'><strong>Vict.</strong></span> <span class='ocrx_word' id='word_1_937' title='bbox 785 5530 843 5583; x_wconf 79' lang='lat' dir='ltr'><strong>et</strong></span> <span class='ocrx_word' id='word_1_938' title='bbox 873 5527 1020 5585; x_wconf 86' lang='lat' dir='ltr'><strong>Edit.</strong></span> <span class='ocrx_word' id='word_1_939' title='bbox 1058 5524 1246 5584; x_wconf 80' lang='lat' dir='ltr'><strong>Colon.</strong></span> <span class='ocrx_word' id='word_1_940' title='bbox 1279 5529 1576 5594; x_wconf 82' lang='lat' dir='ltr'><strong>omittunt,</strong></span> <span class='ocrx_word' id='word_1_941' title='bbox 1610 5523 1889 5596; x_wconf 71' lang='lat' dir='ltr'><strong>quantum.</strong></span> <span class='ocrx_word' id='word_1_942' title='bbox 1920 5523 2254 5596; x_wconf 10' lang='lat' dir='ltr'><strong>7&#39;7”Concordi</strong></span> <span class='ocrx_word' id='word_1_943' title='bbox 2284 5523 2339 5576; x_wconf 90' lang='lat' dir='ltr'><strong>in</strong></span> <span class='ocrx_word' id='word_1_944' title='bbox 2360 5523 2521 5578; x_wconf 90' lang='lat' dir='ltr'><strong>homo</strong></span> <span class='ocrx_word' id='word_1_945' title='bbox 2552 5538 2657 5596; x_wconf 66' lang='lat' dir='ltr'><strong>ms.</strong></span> <span class='ocrx_word' id='word_1_946' title='bbox 2688 5526 2758 5578; x_wconf 83' lang='lat' dir='ltr'><strong>A.</strong></span> <span class='ocrx_word' id='word_1_947' title='bbox 2783 5523 2828 5596; x_wconf 24' lang='grc' dir='ltr'><strong>Α1</strong></span> 
     </span>
    </p>
   </div>
   <div class='ocr_carea' id='block_1_109' title="bbox 3190 5448 3580 5517">
    <p class='ocr_par' dir='ltr' id='par_1_109' title="bbox 3190 5448 3580 5517">
     <span class='ocr_line' id='line_1_110' title="bbox 3190 5448 3580 5517; baseline 0 -13"><span class='ocrx_word' id='word_1_948' title='bbox 3190 5449 3251 5478; x_wconf 84' lang='grc'><strong>⁸¹⁴</strong></span> <span class='ocrx_word' id='word_1_949' title='bbox 3309 5448 3580 5517; x_wconf 79' lang='lat' dir='ltr'><strong>Quantum</strong></span> 
     </span>
    </p>
   </div>
   <div class='ocr_carea' id='block_1_110' title="bbox 2910 5520 3581 5581">
    <p class='ocr_par' dir='ltr' id='par_1_110' title="bbox 2910 5520 3581 5581">
     <span class='ocr_line' id='line_1_111' title="bbox 2910 5520 3581 5581; baseline -0.001 -4"><span class='ocrx_word' id='word_1_950' title='bbox 2910 5520 3215 5577; x_wconf 82' lang='lat' dir='ltr'><strong>orcordiam</strong></span> <span class='ocrx_word' id='word_1_951' title='bbox 3248 5535 3378 5576; x_wconf 86' lang='lat' dir='ltr'><strong>vero</strong></span> <span class='ocrx_word' id='word_1_952' title='bbox 3396 5520 3581 5581; x_wconf 85' lang='lat' dir='ltr'><strong>homo.</strong></span> 
     </span>
    </p>
   </div>
   <div class='ocr_carea' id='block_1_111' title="bbox 345 5590 3389 5671">
    <p class='ocr_par' dir='ltr' id='par_1_111' title="bbox 345 5590 3389 5671">
     <span class='ocr_line' id='line_1_112' title="bbox 345 5590 3389 5671; baseline -0.002 -17"><span class='ocrx_word' id='word_1_953' title='bbox 345 5595 409 5626; x_wconf 78' lang='lat'><strong>&quot;‘</strong></span> <span class='ocrx_word' id='word_1_954' title='bbox 439 5596 564 5654; x_wconf 88' lang='lat' dir='ltr'><strong>Non</strong></span> <span class='ocrx_word' id='word_1_955' title='bbox 582 5611 805 5669; x_wconf 84' lang='lat' dir='ltr'><strong>semper</strong></span> <span class='ocrx_word' id='word_1_956' title='bbox 830 5599 947 5656; x_wconf 57' lang='lat' dir='ltr'><strong>hac</strong></span> <span class='ocrx_word' id='word_1_957' title='bbox 974 5613 1081 5654; x_wconf 79' lang='lat' dir='ltr'><strong>ms.</strong></span> <span class='ocrx_word' id='word_1_958' title='bbox 1102 5600 1167 5654; x_wconf 82' lang='grc' dir='ltr'><strong>Α.</strong></span> <span class='ocrx_word' id='word_1_959' title='bbox 1199 5601 1223 5655; x_wconf 83' lang='grc'><strong>1</strong></span> <span class='ocrx_word' id='word_1_960' title='bbox 1259 5612 1370 5655; x_wconf 92' lang='lat' dir='ltr'><strong>non</strong></span> <span class='ocrx_word' id='word_1_961' title='bbox 1396 5590 1609 5671; x_wconf 86' lang='lat' dir='ltr'><strong>semper</strong></span> <span class='ocrx_word' id='word_1_962' title='bbox 1629 5590 1759 5653; x_wconf 82' lang='lat' dir='ltr'><strong>hoc.</strong></span> <span class='ocrx_word' id='word_1_963' title='bbox 1817 5593 1880 5628; x_wconf 72' lang='grc'><strong>⁸³⁷</strong></span> <span class='ocrx_word' id='word_1_964' title='bbox 1908 5595 2007 5652; x_wconf 82' lang='lat' dir='ltr'><strong>Vel</strong></span> <span class='ocrx_word' id='word_1_965' title='bbox 2031 5593 2306 5653; x_wconf 86' lang='lat' dir='ltr'><strong>diversum</strong></span> <span class='ocrx_word' id='word_1_966' title='bbox 2337 5609 2469 5651; x_wconf 70' lang='lat' dir='ltr'><strong>mss.</strong></span> <span class='ocrx_word' id='word_1_967' title='bbox 2503 5598 2558 5652; x_wconf 79' lang='lat' dir='ltr'><strong>et</strong></span> <span class='ocrx_word' id='word_1_968' title='bbox 2575 5594 2725 5652; x_wconf 78' lang='lat' dir='ltr'><strong>Edit.</strong></span> <span class='ocrx_word' id='word_1_969' title='bbox 2763 5594 2878 5652; x_wconf 81' lang='lat' dir='ltr'><strong>Col.</strong></span> <span class='ocrx_word' id='word_1_970' title='bbox 2911 5592 3052 5649; x_wconf 88' lang='lat' dir='ltr'><strong>velle</strong></span> <span class='ocrx_word' id='word_1_971' title='bbox 3094 5590 3389 5648; x_wconf 85' lang='lat' dir='ltr'><strong>diversum.</strong></span> 
     </span>
    </p>
   </div>
  </div>
