4046 6076
447 261 549 313 639
1455 263 1768 320 EADMERI
1806 261 2125 319 MONACHI
2163 262 2733 320 CANTUARIENSIS
3639 264 3751 321 6w

448 384 670 452 erimus,
704 382 1009 457 quicunque
1038 385 1112 439 ibi
1134 386 1361 441 erimus.
1391 387 1515 456 Ipsa
1534 387 1630 442 Dei
1653 386 1911 441 voluntas
1930 400 2039 439 non
2068 385 2119 445 A
2150 400 2275 439 num
2304 385 2532 441 habere.
2566 385 2765 441 Nullus
2794 385 2939 442 enim
2971 386 3058 442 vel
3090 386 3390 458 imperator
3428 386 3686 444 laudatur
3710 403 3749 444 a

451 471 549 527 erit
575 480 725 529 artua
754 474 990 541 diversa,
1014 474 1107 528 sed
1138 474 1276 529 sicut
1302 480 1358 529 tu
1408 474 1549 545 quod
1585 474 1677 529 ille
1723 474 1798 528 ita
1843 482 1895 528 et
1944 474 2036 528 ille
2142 474 2372 540 cunctis,
2407 475 2491 529 vel
2520 475 2770 529 omnibus
2800 475 2920 529 aliis
2952 477 3303 547 pmponitur.
3367 475 3512 545 Quia
3563 486 3744 533 tamen

450 562 592 617 volet
622 562 676 615 in
707 563 907 617 cunctis
937 564 1082 635 quod
1114 569 1189 616 tu.
1225 564 1399 633 Caput
1426 577 1661 635 namque
1690 579 1722 618 a
1760 578 1859 617 suo
1908 578 2035 617 cor—
2144 577 2243 616 nec
2272 563 2412 617 ullus
2439 578 2473 617 a
2502 564 2707 618 cunctis
2736 564 2825 619 hic
2864 565 3288 633 blasphematur,
3349 566 3435 621 vel
3467 566 3587 621 aliis
3616 582 3740 622 om—

448 665 581 719 pore
611 650 882 720 quomodo
911 651 1298 723 discreparet?
2145 650 2309 705 nibus
2325 653 2700 720 substernitur,
2724 668 2822 709 nec
2839 653 3062 708 omnino
3093 654 3462 709 inhonoratur.
3494 656 3554 709 In
3586 655 3742 710 futu-

1013 768 1233 824 CAPUT
1270 768 1463 823 LXIV,
2150 754 2212 793 ro
2252 747 2454 808 autem,
2495 748 2593 795 aut
2652 740 3033 808 honorabitur,
3091 750 3180 797 aut
3237 752 3457 799 econtra
3520 744 3743 799 omnino

2147 827 2560 885 inhonorabitur
2606 829 2688 887 δ”.
2743 831 2847 900 Qui
2888 832 3065 887 honor
3118 832 3419 899 cuiusmodi
3458 832 3543 899 sit,
3585 832 3742 889 brevi

780 867 931 934 Quod
956 884 1147 925 omnes
1157 869 1309 940 justi
1330 868 1479 924 idem
1508 868 1705 925 velint.

521 962 623 1018 Hic
653 962 880 1017 forsitan
907 964 1091 1018 dices:
1152 962 1277 1019 Eia!
1312 965 1356 1019 si
1379 966 1526 1020 Deus
1540 974 1594 1020 et
1613 964 1893 1023 omnisille
1913 965 2039 1021 bea-

454 1058 628 1106 torum
660 1060 832 1107 ccetus
878 1054 1065 1107 volent
1121 1054 1265 1124 quod
1310 1069 1414 1125 ego
1451 1063 1573 1109 tunc
1598 1062 1650 1108 et
1692 1063 2041 1126 augmentum

455 1141 559 1195 mei
592 1140 718 1196 boni
750 1158 963 1197 mecum
995 1141 1197 1209 volent,
1233 1142 1376 1213 quod
1395 1159 1500 1214 ego
1521 1142 1615 1197 tibi
1646 1159 1753 1198 non
1778 1143 1919 1199 velle
1936 1160 2043 1198 non

451 1238 659 1300 potero.
690 1231 798 1285 Ero
829 1231 1025 1301 itaque,
1057 1247 1155 1300 pro
1185 1232 1323 1286 velle
1352 1247 1492 1299 meo,
1526 1232 1596 1286 de
1641 1232 1934 1300 majoribus
1990 1232 2044 1286 in

451 1319 612 1374 coelo.
646 1319 781 1374 Huic
813 1327 914 1374 tuae
934 1319 1285 1374 imbecillitati
1308 1320 1639 1389 respondeo.
1666 1319 1804 1388 Quia
1820 1321 2046 1377 sietiam

453 1406 612 1462 beato
641 1409 798 1463 Petro
828 1407 882 1462 in
903 1408 1079 1479 gloria
1111 1424 1209 1478 per
1238 1424 1353 1463 esse
1384 1407 1639 1473 volueris,
1672 1407 1801 1463 eris.
1837 1408 1896 1462 In
1926 1410 2045 1481 glo-

453 1496 533 1550 ria
562 1494 685 1550 dico
715 1495 856 1565 quia,
888 1504 947 1550 ut
967 1496 1162 1552 Petrus
1191 1498 1265 1552 sis
1291 1496 1348 1550 in
1377 1512 1609 1566 persona
1637 1497 1775 1552 velle
1805 1512 1911 1553 non
1939 1514 2046 1567 po-

454 1583 609 1639 teris.
651 1585 895 1653 Namque
923 1585 966 1638 si
999 1586 1099 1640 hoc
1128 1586 1315 1653 velles,
1346 1587 1584 1655 teipsum
1615 1585 1750 1639 nihil
1780 1601 1899 1641 esse
1927 1587 2046 1641 vel-

458 1671 557 1740 les,
592 1673 734 1742 quod
765 1674 910 1728 velle
931 1673 1198 1745 nequibis.
1234 1673 1340 1730 Sed
1360 1690 1459 1729 nec
1488 1673 1540 1728 in
1563 1674 1740 1743 gloria
1769 1673 1845 1729 illi
1877 1691 2051 1746 aequa-

2150 916 2251 971 sub
2278 919 2531 989 exemplo
2562 920 2988 976 consideremus.

2742 1036 2964 1093 CAPUT
3000 1036 3185 1093 LXVI.

2382 1134 2457 1188 De
2484 1149 2735 1205 paupere
2765 1136 2828 1190 in
2860 1150 3100 1206 regnum
3132 1136 3397 1208 adoptato
3424 1134 3517 1189 η’.

2228 1228 2366 1283 Ecce
2400 1230 2467 1282 sit
2483 1236 2607 1283 ante
2634 1228 2818 1284 oculos
2841 1239 3049 1285 nostros
3068 1230 3287 1301 positus
3308 1230 3500 1301 aliquis
3521 1247 3750 1302 pauper,

2154 1316 2304 1370 omni
2333 1316 2525 1371 solatio
2556 1317 2868 1386 destitutus,
2909 1319 3153 1374 ulcerum
3187 1327 3233 1374 et
3268 1320 3496 1374 aliarum
3527 1317 3755 1373 inﬁrmi-

2154 1412 2324 1459 tatum
2355 1406 2599 1461 foeditate
2624 1415 2926 1476 corruptus,
2961 1416 3013 1462 et
3040 1407 3187 1463 omni
3219 1424 3325 1478 quo
3356 1408 3439 1463 vel
3472 1424 3503 1461 a
3530 1407 3755 1480 frigoris

2156 1494 2447 1564 asperitate
2476 1495 2799 1550 defendatur
2826 1496 3061 1567 tegmine
3094 1497 3287 1552 nudus.
3322 1498 3475 1552 Hunc
3496 1497 3756 1569 igiturta-

2159 1582 2287 1650 lem,
2322 1581 2411 1637 tali
2443 1584 2607 1638 modo
2632 1584 2902 1653 jacentem
2935 1593 2987 1639 et
3017 1586 3069 1639 in
3093 1585 3240 1640 nullo
3264 1593 3437 1641 semet
3448 1586 3646 1654 juvare
3662 1602 3760 1639 va-

2164 1670 2385 1737 lentem,
2418 1671 2463 1724 si
2491 1687 2585 1726 rex
2618 1673 2812 1744 aliquis
2840 1674 3246 1744 potentissimus
3305 1675 3577 1730 transiens
3605 1674 3759 1729 illum

460 1760 532 1830 ri,
561 1762 603 1816 si
633 1761 840 1816 meritis
864 1763 983 1832 ejus
1011 1762 1186 1833 impar
1212 1763 1393 1828 fueris,
1458 1763 1592 1818 velle
1647 1763 1868 1833 poteris,
1928 1764 2054 1833 quia
2082 1734 2135 1796 B
2169 1760 2375 1816 videret
2405 1761 2486 1829 5",
2520 1770 2569 1815 et
2597 1762 2878 1817 miseratus
2903 1764 3023 1833 ejus
3078 1763 3354 1819 ulceribus
3407 1764 3610 1818 mederi
3662 1763 3757 1831 ju-

461 1849 873 1920 pulcherrimam
894 1850 1038 1905 illius
1058 1852 1308 1925 corporis
1328 1851 1799 1922 compositionem,
1825 1868 1982 1922 quam
2000 1852 2055 1906 in

462 1939 565 1993 hoc
595 1938 948 2009 conspiceres
978 1938 1185 2008 violari,
1223 1941 1341 2011 plus
1370 1940 1517 1995 omni
1550 1942 1840 1996 commodo
1896 1955 2054 1994 ama-

462 2026 571 2081 bis.
610 2028 726 2082 Nec
754 2027 914 2082 etiam
944 2028 998 2083 in
1029 2031 1266 2085 humano
1296 2044 1522 2098 corpore
1551 2028 1635 2084 vel
1667 2045 1763 2100 pes
1789 2029 1910 2084 loco
1967 2037 2057 2083 aut

461 2115 636 2172 oﬁicio
667 2132 858 2171 manus
887 2118 971 2172 vel
1003 2133 1201 2172 manus
1230 2118 1385 2188 pedis
1417 2118 1566 2189 fungi
1596 2125 1816 2187 ex0ptat
1847 2125 1970 2183 ;aut
1997 2132 2059 2173 os

461 2203 545 2259 vel
576 2219 760 2267 nasus.
793 2205 883 2259 ubi
905 2206 1047 2260 oculi
1076 2214 1236 2274 sunt;
1269 2216 1361 2260 aut
1385 2206 1528 2262 oculi
1558 2206 1650 2261 ubi
1679 2220 1769 2268 os;
1807 2210 1900 2261 aut
1953 2223 2055 2262 ua-

461 2310 570 2359 sus,
597 2293 795 2349 relictis
825 2294 1044 2349 sedibus
1072 2295 1201 2363 suis,
1238 2295 1464 2365 cupiunt
1492 2294 1776 2350 transferri
1801 2309 1815 2365 ;
1876 2304 1966 2349 aut
2012 2297 2055 2349 si

468 2382 903 2451 transferrentur,
936 2384 1322 2440 convenienter
1353 2392 1408 2439 et
1435 2384 1551 2439 sine
1592 2382 1788 2452 injuria
1839 2400 1949 2440 non
2003 2384 2056 2438 id

467 2479 805 2542 paterentur.
845 2472 1049 2528 Eodem
1081 2474 1264 2538 modo,
1284 2472 1334 2527 in
1367 2472 1460 2527 illa
1489 2472 1791 2528 admirabili
1840 2480 1892 2528 et
1932 2473 2058 2544 glo-

467 2557 677 2615 riﬁcata
704 2560 1077 2631 dispositione,
1111 2568 1163 2615 et
1196 2577 1353 2632 aeque
1381 2560 1645 2632 disposita
1666 2560 2061 2633 gloriﬁcatione

470 2647 648 2701 beatae
697 2648 930 2704 civitatis
959 2649 1057 2703 Dei
1081 2649 1153 2703 ita
1182 2649 1413 2720 quisque
1444 2649 1590 2720 quod
1645 2649 1873 2720 adeptus
1903 2649 2062 2704 fuerit

478 2736 679 2789 amabit
708 2744 764 2790 ut
793 2745 985 2791 statum
1015 2754 1166 2792 suum
1200 2738 1394 2808 potiori
1426 2739 1604 2808 gradu
1634 2737 1911 2792 immutari
1950 2753 2061 2793 non

469 2823 616 2877 velit.
642 2822 866 2891 Quare?
897 2824 1036 2893 Quia
1066 2824 1259 2896 cuique
1286 2825 1413 2880 satis
1445 2826 1544 2880 erit
1572 2841 1667 2880 sua
1717 2824 1953 2881 felicitas
2008 2834 2064 2882 et

468 2910 884 2977 beatitudo,sibi
907 2928 1004 2983 pro
1023 2912 1230 2967 meritis
1258 2913 1367 2967 suis
1399 2912 1825 2969 misericorditer
1853 2913 2060 2983 imper-

473 3000 591 3053 tita.
631 3000 901 3070 Amplius,
936 3000 979 3055 si
1004 3000 1194 3073 hi,qui
1206 3002 1320 3071 jam
1339 3008 1466 3056 tunc
1510 3000 1566 3055 in
1623 3001 1790 3072 ipsius
1818 3001 2063 3072 corporis

2164 1849 2339 1918 heret,
2372 1857 2722 1921 curatumque
2747 1851 2857 1905 suis
2897 1852 3177 1924 regalibus
3204 1852 3536 1907 ornamentis
3593 1852 3760 1907 indu-

2165 1947 2275 1991 tum
2320 1937 2418 1991 sibi
2462 1938 2778 2008 prmsentari
2838 1941 3181 2011 praeciperet,
3248 1949 3299 1996 et
3364 1941 3659 1997 adductum
3706 1941 3761 1995 in

2167 2026 2332 2080 filium
2363 2027 2665 2097 adoptaret,
2724 2044 2786 2083 ac
2811 2028 3007 2082 deinde
3061 2029 3381 2100 praeciperet
3411 2038 3466 2083 ut
3496 2030 3551 2083 in
3588 2045 3761 2101 regno

2167 2130 2262 2168 suo
2292 2113 2433 2168 tilius
2462 2132 2593 2169 suus
2621 2132 2653 2169 a
2681 2116 2887 2171 cunctis
2916 2117 3228 2185 haberetur,
3279 2125 3443 2188 atque
3500 2119 3553 2172 in
3610 2119 3760 2174 nullo

2167 2202 2309 2274 quod
2341 2202 2632 2271 imperaret
2660 2219 2691 2256 a
2723 2220 2995 2275 quoquam
3054 2206 3535 2271 contradiceretur,
3577 2208 3761 2262 haere-

2168 2291 2290 2345 dcm
2320 2307 2473 2345 suum
2505 2290 2710 2364 ﬁliique
2728 2291 2807 2346 sui
2825 2293 3381 2363 propriicoheeredem
3405 2295 3766 2350 constitueret

2169 2387 2217 2433 et
2249 2394 2373 2434 eum
2404 2395 2500 2434 suo
2532 2381 2750 2436 nomine
2780 2386 2959 2436 vocari
2992 2382 3369 2446 vellet,nonne
3387 2384 3597 2439 diceres
3620 2383 3767 2438 hunc

2168 2467 2459 2539 magnifice
2486 2476 2539 2522 et
2567 2468 2844 2540 inapinate
2874 2470 3201 2525 honoratum
3220 2472 3248 2524 ‘2
3297 2472 3364 2526 Et
3414 2479 3561 2527 certe
3620 2473 3769 2526 Deus

2169 2555 2326 2609 nobis
2356 2557 2472 2611 hinc
2501 2556 2684 2611 omnia
2737 2557 2914 2613 faciet.
2972 2558 3093 2614 Nati
3149 2560 3293 2614 enim
3353 2559 3422 2614 de
3477 2559 3767 2630 putredine

2170 2644 2349 2699 carnis
2376 2645 2654 2715 replemur
2673 2645 2853 2700 multis
2875 2646 3106 2702 miseriis
3136 2648 3273 2716 (Job.
3309 2648 3449 2718 xw),
3482 2650 3537 2702 in
3568 2647 3769 2718 quibus

2168 2731 2405 2787 miseriis
2432 2734 2771 2801 constitutos,
2806 2742 2859 2789 et
2888 2736 3033 2790 omni
3081 2737 3274 2791 solatio
3304 2736 3605 2805 destitutos,
3638 2752 3765 2792 om-

2168 2821 2424 2893 niumque
2452 2822 2820 2877 iniirmitatum
2853 2824 3205 2893 passionibus
3234 2825 3522 2892 obnoxios,
3549 2840 3612 2881 ac
3625 2839 3764 2897 pec-

2169 2917 2411 2964 catorum
2456 2918 2505 2965 et
2563 2911 3027 2982 corruptibilitatis
3082 2913 3353 2968 ulceribus
3402 2914 3593 2985 plenos
3645 2913 3767 2968 sola

2171 2997 2533 3053 misericordia
2594 2998 2783 3054 ductus
2854 3000 3086 3070 accipiet
3159 3009 3211 3056 et
3269 3001 3479 3056 curabit
3533 3017 3651 3069 nos,
3708 3008 3766 3056 et

466 3088 666 3142 unitate
698 3087 854 3143 locati
888 3089 1101 3157 fuerint,
1133 3091 1347 3160 majora
1377 3105 1539 3161 quam
1571 3090 1676 3144 sint
1705 3089 1884 3161 adepti
1917 3089 2064 3144 desi-
2094 3090 2143 3155 α
2172 3086 2382 3140 sanitati
2414 3086 2686 3142 restitutos
2743 3088 3074 3143 ornamentis
3130 3091 3385 3160 perfecta:
3434 3090 3654 3160 iustitia)
3709 3099 3767 3146 et

471 3176 740 3243 derarent,
775 3193 841 3232 eo
862 3177 982 3248 ipso
1000 3178 1179 3233 miseri
1201 3186 1403 3244 essent,
1428 3178 1572 3250 quod
1604 3179 1843 3234 nondum
1883 3178 2055 3233 habe-

469 3269 594 3319 rent
622 3264 682 3293 ⁵³⁸
712 3266 853 3335 quod
876 3267 1099 3322 vellent.
1122 3269 1181 3321 In
1206 3284 1312 3338 quo
1343 3267 1482 3323 enim
1515 3268 1703 3332 alicui,
1730 3266 1875 3337 quod
1910 3267 2060 3338 cupit

472 3353 646 3419 deest,
672 3354 728 3408 in
760 3370 826 3410 eo
854 3356 1015 3411 miser
1042 3356 1109 3410 sit
1139 3372 1360 3412 necesse
1407 3360 1517 3412 est.
1563 3356 1670 3412 Sed
1695 3357 1836 3411 absit
1864 3355 1934 3411 ab
1964 3355 2061 3411 illo

468 3458 640 3514 regno
669 3443 849 3499 omnis
863 3444 1116 3499 miseria!
1147 3446 1335 3500 Aderit
1375 3445 1561 3516 itaque
1596 3445 1853 3517 omnibus
1882 3444 2062 3500 omnis

466 3530 812 3598 Sufﬁcientia,
848 3548 1007 3601 quam
1038 3532 1282 3601 perﬁciet
1310 3532 1370 3587 in
1415 3533 1642 3604 singulis
1690 3532 1967 3588 unanimis
2010 3540 2063 3588 et

466 3618 630 3688 plena
657 3619 979 3674 concordia.
1018 3620 1143 3674 Mali
1175 3635 1299 3676 vero
1328 3620 1382 3673 in
1415 3620 1684 3675 discordia
1715 3629 1860 3676 tanta
1885 3620 2059 3691 persi-

469 3713 610 3760 stent
636 3713 693 3760 ut
722 3721 906 3762 eorum
939 3722 1133 3777 corpus
1162 3715 1215 3762 et
1244 3708 1427 3762 anima
1463 3724 1679 3779 semper
1734 3709 2053 3765 dissideant.

468 3794 606 3847 Nam
633 3802 685 3848 et
713 3810 905 3865 corpus
933 3795 1169 3849 animam
1200 3796 1329 3851 odio
1358 3794 1599 3864 habebit,
1632 3811 1696 3851 eo
1725 3798 1873 3869 quod
1919 3797 2064 3852 male

472 3896 708 3951 unquam
742 3881 1081 3953 cogitaverit,
1112 3886 1167 3938 et
1197 3884 1381 3939 anima
1409 3899 1605 3955 corpus
1629 3900 1695 3940 eo
1721 3884 1864 3955 quod
1921 3886 2063 3942 male

466 3970 702 4041 cogitata
750 3986 914 4040 opere
963 3971 1335 4043 compleverit,
1395 3988 1493 4042 pro
1550 3972 1749 4042 quibus
1810 3973 2061 4028 omnibus

464 4058 865 4130 torquebuntur
893 4059 947 4114 in
975 4057 1035 4087 ⁵³⁹
1068 4060 1265 4131 paruis.

1045 4157 1267 4213 CAPUT
1306 4157 1466 4212 LXV.

886 4256 961 4313 De
993 4257 1204 4313 honore
1248 4259 1304 4312 et
1333 4257 1624 4315 dedecore.

534 4353 829 4409 Undecima
857 4369 984 4423 pars
1011 4354 1377 4421 beatitudinis,
1418 4357 1594 4410 honor
1651 4357 1843 4413 dicitur
1875 4375 1886 4420 ;
1950 4359 2058 4413 mi-

2166 3176 2693 3244 incorruptibilitatis
2721 3177 2932 3231 ornabit
2961 3176 3330 3248 adductosque
3370 3180 3425 3232 in
3471 3178 3607 3234 filios
3636 3195 3770 3234 suos

2167 3264 2273 3317 sibi
2289 3263 2586 3333 adoptabit,
2611 3265 2768 3336 regni
2798 3265 2876 3320 sui
2898 3274 3184 3321 consortes
3199 3265 3392 3322 efficiet
3414 3274 3467 3322 et
3495 3268 3765 3333 heredes,

2169 3353 2412 3424 Filioque
2442 3369 2542 3409 suo
2580 3353 2878 3425 unigenito,
2912 3353 3012 3408 sibi
3067 3370 3168 3424 per
3223 3356 3409 3410 omnia
3464 3356 3656 3426 aequali
3709 3364 3768 3411 et

2168 3442 2619 3512 coomnipotenti,
2650 3441 3069 3513 concorporales
3097 3450 3289 3499 statuet
3317 3451 3373 3499 et
3423 3445 3763 3512 cobzeredes,

2169 3531 2423 3601 omnique
2454 3538 2710 3586 creaturae
2734 3530 2949 3600 jubebit
2980 3538 3036 3585 ut
3063 3530 3118 3585 in
3147 3533 3293 3587 omni
3341 3533 3487 3605 quod
3518 3533 3764 3588 volemus

2170 3618 2327 3673 nobis
2381 3619 2616 3685 obediat,
2676 3628 3008 3690 vocatosque
3053 3636 3152 3675 nos
3207 3621 3424 3677 nomine
3478 3637 3580 3677 suo
3625 3622 3761 3678 deos

2170 3706 2357 3762 faciet.
2392 3708 2517 3776 Ipse
2543 3706 2686 3761 enim
2718 3706 3172 3778 dicitzEgodixi:
3207 3709 3296 3764 Dii
3332 3710 3491 3779 estis,
3539 3714 3598 3765 et
3652 3710 3761 3778 ﬁlii

2170 3795 2396 3852 Excelsi
2410 3811 2602 3851 omnes
2624 3796 2797 3864 (Psal.
2812 3799 3081 3867 Lxxx1,6).
3097 3796 3203 3852 Sed
3216 3795 3334 3868 ipse
3351 3798 3493 3853 Deus
3505 3797 3765 3854 deiﬁcans

2171 3890 2273 3949 est,
2295 3891 2350 3937 tu
2383 3898 2518 3937 vero
2548 3882 2684 3937 deus
2703 3881 2994 3937 deiﬁcatus.
3045 3886 3112 3938 At
3169 3885 3392 3939 fortasse
3448 3885 3527 3939 ais
3558 3906 3577 3940 .-
3632 3886 3765 3942 Haec

2169 3970 2309 4026 ratio
2362 3976 2453 4024 tua
2507 3969 2562 4023 in
2621 3970 2730 4023 illis
2781 3970 2999 4041 quidem
3059 3972 3273 4044 magnis
3327 3972 3609 4042 apostolis,
3666 3990 3764 4028 seu

2171 4059 2516 4129 martyribus,
2546 4066 2726 4127 potest
2752 4058 2982 4113 existere
3013 4068 3145 4128 rata,
3179 4060 3233 4114 in
3266 4075 3352 4116 me
3403 4069 3583 4116 autem
3644 4061 3762 4134 (qui

2170 4148 2379 4203 utinam
2408 4148 2550 4201 inter
2580 4146 2705 4202 illos
2735 4144 2821 4202 vel
2848 4147 3102 4202 minimus
3159 4164 3279 4204 esse
3331 4164 3540 4205 merear
3557 4152 3597 4219 ι)
3657 4166 3766 4206 non

2172 4236 2420 4308 intelligo
2479 4250 2720 4307 quonam
2775 4239 2935 4304 pacto
2994 4244 3242 4291 constare
3297 4246 3480 4306 queat.
3523 4238 3605 4293 Ad
3662 4240 3767 4295 hoc

2168 4326 2408 4392 intende,
2442 4330 2716 4394 quaeso,et
2748 4322 2999 4396 intellige
3028 4325 3155 4394 quia
3174 4325 3383 4380 nullum
3399 4325 3674 4397 justorum
3696 4327 3766 4382 ab

464 4440 622 4495 seriae
671 4457 821 4508 vero,
857 4410 1114 4498 dedecus.
1164 4410 1427 4499 Honorari
1480 4446 1638 4500 homo
1662 4410 2060 4503 habmomnib—us
2088 4440 2141 4501 D
2172 4414 2276 4508 ista
2302 4414 2496 4508 (ieiune
2514 4410 2749 4480 excepit’
2777 4411 3180 4481 Deus’ubiait:
3214 4414 3305 4470 Dii
3350 4418 3511 4482 δδίίδθ
3568 4420 3625 4472 εἰ
3655 4415 3769 4485 ﬁlii

467 4529 673 4600 appetit
692 4528 771 4595 ”°,
804 4538 896 4585 aut
924 4546 1111 4586 eorum
1139 4531 1339 4597 verbis,
1371 4539 1463 4586 aut
1489 4532 1662 4588 factis.
1691 4533 1884 4589 Verbis
1932 4537 2060 4608 qui-

470 4617 614 4685 dem,
684 4626 741 4673 ut
771 4635 894 4673 eum
923 4619 1231 4675 collaudent
1255 4622 1284 4674 γ
1314 4619 1469 4675 factis
1498 4629 1698 4689 autem,
1729 4630 1786 4677 ut
1808 4623 1913 4678 sibi
1938 4640 2062 4680 eum

468 4714 807 4777 praeponant.
842 4708 970 4775 Sed,
1002 4725 1122 4764 cum
1155 4709 1417 4764 honorem
1475 4710 1784 4779 bujusmodi
1831 4713 2059 4784 appetit,

470 4794 576 4848 tale
598 4799 678 4848 est
707 4810 769 4849 ac
793 4794 838 4849 si
863 4812 1002 4851 unus
1031 4797 1233 4851 vermis
1277 4795 1337 4825 ⁸¹¹
1387 4805 1592 4870 quaerat
1644 4798 1713 4853 ab
1762 4798 1882 4855 aliis
1936 4800 2060 4856 lau-

469 4879 590 4934 dari
620 4881 803 4954 eisque
833 4883 888 4937 in
916 4885 1186 4956 regimine
1217 4886 1477 4956 praponi.
1500 4887 1659 4942 Hunc
1685 4896 1865 4944 tamen
1894 4890 2062 4947 bono-

474 4984 611 5036 rem,
632 4970 755 5025 licet
776 4970 955 5026 nullus
984 4972 1051 5028 sit
1078 4989 1239 5045 pene,
1273 4991 1435 5031 nemo
1464 4983 1644 5046 potest
1698 4976 1785 5032 hic
1840 4977 1909 5032 ad
1940 4979 2064 5049 ple-

2171 4504 2396 4560 Επειεὶ
2416 4516 2626 4559 omnes.

2730 4600 2957 4657 CAPUT
2995 4600 3206 4656 LXVII.

2416 4698 2750 4755 Similitudo
2784 4699 2940 4753 inter
2960 4698 3131 4753 Deum
3160 4702 3217 4753 et
3234 4697 3423 4768 ignem
3451 4695 3533 4750 "‘.

2244 4800 2444 4854 \‘erum
2476 4805 2533 4851 ut
2581 4794 2720 4851 dicta
2765 4793 2963 4848 melius
3011 4793 3277 4860 eluceant,
3319 4793 3604 4850 considera
3667 4794 3769 4849 sub

2171 4885 2430 4959 exemplo
2454 4893 2701 4939 naturam
2724 4882 2868 4954 ignis
2896 4889 2950 4938 et
2979 4886 3227 4937 naturam
3254 4897 3430 4937 rerum
3451 4883 3769 4953 ignitarum,

2172 4978 2214 5033 si
2242 4977 2379 5031 forte
2408 4972 2483 5028 ibi
2512 4972 2854 5043 aliquatenus
2884 4986 3056 5043 queas
3086 4969 3375 5042 imaginari
3432 4971 3666 5041 qualiter
3694 4969 3774 5025 illi

1769 5145 1995 5201 VARLE
2031 5143 2331 5203 LECTION
2340 5143 2439 5198 ES.

548 5252 607 5283 διο

637 5254 793 5337 Quod
815 5257 1050 5337 nondum
1083 5258 1342 5337 baberent
1370 5278 1477 5337 ms.
1523 5262 1664 5318 Vict.
1699 5268 1755 5337 et
1783 5266 1928 5337 Edit.
1953 5267 2188 5337 Col.quo
2206 5265 2442 5337 nondum
2462 5262 3360 5337 haberent.”Torquenturinms.
3380 5266 3775 5337 torquebantur

476 5326 549 5382 in.
582 5326 644 5354 ⁵²⁰
667 5327 1262 5408 flnbpmnibus'appetit
1288 5348 1392 5408 ms.
1425 5336 1490 5388 Α.
1552 5338 1574 5388 1
1607 5335 2020 5408 ᾳῂνὴοιηίηίῠυε
2049 5326 2271 5408 appetit.
2304 5335 2364 5408 Ψ
2392 5337 2543 5408 Unus
2569 5335 2773 5408 vermis
2826 5350 2931 5390 ms.
2961 5326 3026 5388 Ἀ.
3074 5339 3119 5408 1Δ
3147 5341 3205 5391 et
3269 5338 3418 5392 Edit.
3481 5326 3589 5393 Col.
3655 5352 3775 5391 mus

477 5396 730 5479 ηυξ-..δέ’
761 5396 1474 5479 Inlmn‘orabitugms.Vict.
1519 5407 1745 5479 elEdit.
1810 5408 1999 5466 Colon.
2048 5396 2509 5479 E'Jt'bonorabitur.
2566 5404 2627 5434 δ”
2686 5407 2762 5461 De
2819 5421 3056 5479 paupere
3107 5405 3159 5479 in
3191 5408 3463 5479 Regnum
3518 5408 3777 5478 adoptata

472 5470 984 5550 maluae!
1011 5472 1123 5550 (got.
1157 5473 1237 5550 De
1255 5489 1492 5550 paupere
1523 5476 1574 5550 in_
1607 5492 1791 5547 regem
1823 5478 2109 5550 adaptato.
2144 5476 2204 5507 ‘"
2236 5478 2392 5550 lllunn
2424 5477 2795 5550 videret___ms_.
2820 5470 2963 5550 ‘l’icl.
3015 5479 3077 5550 et_
3122 5477 3268 5533 Edit.
3298 5470 3515 5550 “Colon.
3582 5470 3770 5536 οῆιὶιί.

477 5539 645 5594 illum.
681 5537 741 5567 ‘”
772 5540 1080 5597 Similitudo
1110 5537 1454 5599 inter'Deum
1485 5552 1540 5600 et
1560 5537 1744 5618 ignEm
1774 5565 1881 5606 ms.
1913 5537 2049 5607 Vict.
2088 5557 2145 5608 et
2173 5549 2325 5607 Edit.
2364 5548 2488 5605 Col.
2520 5546 2868 5604 similitudine
2898 5546 3037 5604 inter
3064 5546 3250 5619 ignem
3282 5558 3333 5606 et
3363 5549 3673 5622 Deitatemu'
