4046 6076
1550 72 1567 113 \

292 272 389 332 6H

1269 271 1394 332 LIB.
1426 274 1522 332 DE
1545 269 1601 332 S.
1636 269 1946 332 ANSELMI
1982 272 2598 331 SIMILITUDINIBUS.

3496 288 3597 339 642

289 417 519 457 summas
548 399 824 469 majestati
854 396 937 465 ⁸¹⁶,
969 414 1068 468 pro
1102 399 1324 454 modulo
1358 405 1467 465 tuo,
1493 400 1669 469 possis
1719 401 1886 470 parti-
1918 404 1971 459 A
2003 399 2057 455 Si
2085 414 2208 452 vera
2227 398 2405 453 adhuc
2450 398 2671 454 omnino
2722 416 2942 456 securus
3001 401 3264 460 existeres
3320 409 3464 477 quod
3507 424 3591 480 ea,

289 490 524 560 cipando
552 490 978 547 deiﬁcari.Ecce
1036 486 1181 560 ignis
1238 503 1377 542 unus
1431 496 1532 556 est,
1591 497 1643 542 et
1696 488 1751 542 in
1795 506 1891 544 sua

289 589 481 635 natura
512 580 737 636 Calidus.
770 583 830 635 In
863 585 1008 638 hunc
1038 581 1229 653 ignem
1263 592 1407 647 pone
1436 576 1664 647 lignum,
1706 577 1890 647 plum-

289 669 420 723 bum
442 676 495 724 et
526 671 729 723 ferrum
762 669 944 724 simul.
978 672 1166 741 Itaque
1197 683 1317 722 cum
1380 665 1590 736 lignum
1633 664 1788 719 fuerit
1837 665 1890 718 in

287 758 557 812 carbones
588 775 909 813 conversum
943 767 995 814 et
1026 758 1307 829 plumbum
1339 754 1712 823 liquefactum,
1741 753 1813 806 ita
1834 759 1892 805 ut

284 848 344 900 in
363 846 844 902 carbonibusnihil
903 846 1005 902 nisi
1056 846 1199 918 ignis
1251 843 1515 913 appareat
1560 850 1611 896 ct
1667 841 1891 912 plumbo

288 936 425 991 nihil
483 936 677 991 caloris
708 935 834 990 addi
878 943 1059 1005 queat,
1111 934 1343 988 necdum
1402 940 1582 985 tamen
1636 936 1891 1000 poterunt

289 1025 437 1080 ferro
451 1026 504 1079 in
533 1024 718 1080 calore
749 1023 1038 1094 comquari,
1075 1022 1219 1093 quod
1243 1021 1486 1075 nondum
1507 1018 1726 1073 forsitan
1745 1016 1893 1088 peni-

291 1112 1000 1184 tusincanduitigni.Licet
1029 1112 1194 1183 igitur
1241 1109 1388 1164 aliud
1438 1108 1545 1163 alio
1602 1109 1781 1177 magis
1837 1107 1891 1159 in

286 1204 474 1259 calore
505 1201 794 1271 profecerit
819 1200 1158 1273 singulorum
1191 1208 1371 1253 tamen
1428 1204 1636 1252 servata
1675 1202 1889 1261 natura,

287 1306 410 1359 sua,
443 1292 634 1346 usitato
665 1290 949 1346 locutionis
982 1289 1166 1354 modo,
1200 1287 1326 1358 quia
1344 1286 1496 1357 quod
1528 1284 1777 1357 ignitum,
1809 1290 1894 1338 est

288 1397 393 1451 per
421 1395 480 1434 se
510 1379 705 1435 dicitur
736 1378 898 1451 ignis.
932 1378 1021 1433 Sic
1052 1378 1152 1432 erit
1181 1377 1235 1430 in
1280 1376 1372 1429 illa
1432 1375 1590 1429 beata
1629 1387 1891 1444 superno-

286 1485 410 1524 rum
458 1469 658 1524 civium
690 1469 964 1533 societate,
1017 1467 1085 1521 de
1146 1480 1255 1537 qua
1310 1463 1590 1534 loquimur
1615 1461 1697 1515 ⁸⁷⁵⁷.
1744 1461 1888 1515 Nam

287 1557 757 1630 quemadmodum
783 1556 836 1610 hi
868 1556 957 1626 qui
990 1569 1217 1609 summa:
1247 1552 1435 1607 deitati
1474 1557 1598 1606 sunt
1655 1550 1890 1619 propin-

1998 488 2127 541 dum
2161 488 2390 554 viveres,
2423 485 2574 542 nullo
2604 496 2801 544 eventu
2832 490 3125 559 amitteres,
3172 494 3361 550 omitto
3418 495 3597 551 dicere

1998 584 2175 629 utrum
2195 576 2437 647 cogitare
2466 574 2715 645 “’possis
2749 592 2818 633 au
2880 594 2991 633 non
3049 580 3178 649 quid
3233 584 3599 640 exsultationis

2005 665 2102 720 tibi
2130 664 2345 719 deesse.

2566 735 2786 795 CAPUT
2817 738 3017 793 LXIX.

2425 826 2510 881 Dc
2537 828 2842 882 securitate
2862 832 2918 882 et
2943 829 3166 886 timore.

2072 910 2306 968 Tertiam
2337 915 2605 971 decimam
2628 913 2977 970 beatitudinis
3002 925 3232 986 partem,
3252 920 3439 991 accipe
3456 938 3605 978 secu-

1998 1000 2209 1055 ritatem
2244 1021 2255 1063 ;
2291 1004 2522 1059 miseriae
2550 1018 2698 1069 vero,
2734 1004 3002 1057 timorem.
3049 1006 3178 1062 H836
3234 1008 3370 1063 alias
3427 1009 3600 1082 siqui-

2000 1089 2127 1143 dem
2184 1105 2380 1147 omnes
2449 1091 2802 1147 beatitudinis
2861 1101 3051 1161 partes
3130 1094 3434 1167 conﬁrmat,
3506 1115 3606 1157 nec

1999 1177 2188 1233 haberi
2225 1188 2455 1249 possunt
2474 1180 2713 1250 perfecte
2728 1180 2845 1234 sine
2865 1180 2978 1233 illa.
3009 1181 3158 1236 Tunc
3186 1185 3328 1239 enim
3360 1188 3602 1256 perfecte

1998 1266 2160 1322 homo
2208 1282 2300 1321 eas
2346 1268 2532 1335 habet,
2579 1284 2703 1343 cum
2757 1282 3034 1338 nusquam
3107 1273 3355 1328 amittere
3426 1276 3599 1333 timet.

2000 1354 2197 1409 Verum
2228 1355 2289 1383 ⁵³⁸
2320 1356 2375 1411 in
2393 1358 2496 1413 hac
2527 1357 2636 1412 vita
2666 1356 2934 1426 nihilquia
2962 1358 3155 1428 [potest
3192 1361 3410 1431 habere,
3460 1366 3602 1421 unde

1998 1459 2223 1498 securus
2255 1444 2431 1501 valeat
2458 1462 2608 1501 esse.
2641 1445 2755 1501 Sub
2784 1445 2979 1500 eodem
3010 1447 3154 1501 enim
3184 1460 3460 1507 momento
3476 1469 3604 1523 pau-

1997 1548 2097 1601 per
2125 1548 2194 1587 ex
2211 1533 2401 1602 divite,
2436 1542 2678 1589 mortuus
2707 1549 2779 1588 ex
2801 1533 2925 1589 vivo
2953 1542 3133 1604 potest
3162 1537 3421 1594 existere.
3454 1542 3598 1614 Ergo

287 1649 526 1718 quiores,
558 1653 610 1700 et
642 1645 713 1699 ob
743 1646 846 1700 hoc
874 1644 994 1698 aliis
1040 1641 1461 1715 praestantiores,
1522 1639 1595 1694 dii
1644 1639 1891 1692 dicentur
1994 1637 2093 1718 {me
2119 1621 2616 1718 aliasbeatitudinis
2655 1629 2859 1692 partes.
2908 1638 3007 1677 nec
3059 1626 3409 1684 securitatem
3467 1646 3596 1699 per-

286 1737 363 1791 ita
394 1744 444 1790 et
464 1734 553 1805 qui
584 1734 690 1788 illis
706 1732 1151 1799 suntinferiores,
1169 1729 1453 1801 (quoniam
1478 1743 1586 1782 una
1604 1726 1884 1793 eteadem,

286 1840 398 1897 qua
427 1838 481 1879 et
507 1823 632 1893 ipsi,
657 1837 884 1876 summae
907 1819 1091 1875 deitati
1122 1835 1218 1890 pro
1236 1833 1332 1872 sua
1354 1816 1654 1887 capacitate
1674 1815 1890 1885 partici-

287 1920 444 1985 pant)
470 1912 630 1966 simili
662 1910 882 1965 nomine
913 1910 1048 1963 deos
1079 1906 1338 1962 dicendos
1367 1920 1586 1961 necesse
1617 1912 1721 1958 est.
1747 1903 1893 1958 Talis

288 2006 489 2071 honor,
522 2009 579 2055 ut
607 1997 1030 2070 praelibavimus,
1056 1996 1217 2065 justis
1246 2011 1344 2066 pro
1376 1993 1537 2048 modo
1570 1993 1889 2048 meritorum

290 2090 675 2146 exhibebitur.
712 2087 967 2157 Quisquis
1010 2101 1142 2141 vero
1199 2083 1377 2138 malus
1426 2100 1456 2138 e
1509 2090 1695 2137 contra
1723 2079 1789 2108 “'
1817 2081 1894 2133 sic

292 2178 725 2236 exhonorabitur
752 2184 829 2241 ut,
863 2174 916 2228 in
950 2174 1096 2229 omni
1119 2172 1290 2227 fetore
1322 2172 1582 2241 dejectus,
1629 2169 1891 2225 vermium

293 2269 463 2324 etiam
484 2265 727 2323 dominio
757 2263 1105 2334 subjiciatur.

844 2352 1068 2407 CAPUT
1102 2351 1319 2406 LXVIII
1336 2392 1349 2405 .

660 2445 734 2499 De
761 2442 1017 2514 potentia
1039 2445 1094 2495 ct
1121 2439 1488 2511 impotentia.

366 2552 699 2608 Duodecima
726 2564 851 2619 pars
872 2545 1213 2601 beatitudinis
1242 2552 1325 2600 est
1356 2543 1602 2613 potentia
1625 2557 1639 2609 ;
1662 2542 1894 2597 miseriae

296 2658 427 2698 vero
458 2638 794 2709 impotentia.
826 2636 1018 2690 Veram
1062 2635 1152 2689 ille
1203 2633 1504 2702 potentiam
1561 2631 1769 2685 obtinet
1805 2619 1896 2700 qui

296 2744 631 2801 quaecunque
663 2725 892 2781 voluerit
914 2724 1093 2779 facere
1122 2729 1319 2791 potest.
1356 2718 1513 2788 Quod
1545 2720 1674 2790 quia
1717 2718 1897 2772 nullus

293 2820 381 2874 hic
410 2818 550 2873 valet
582 2815 779 2881 facere,
813 2828 912 2867 nec
945 2827 1126 2866 veram
1160 2810 1247 2864 hic
1275 2808 1568 2880 potentiam
1621 2814 1799 2877 potest
1834 2804 1893 2832 ⁶²⁹

220 2902 225 2905 Α
294 2908 521 2962 habere.
561 2903 703 2972 Quia
721 2911 898 2956 tamen
931 2898 1257 2970 quandoque
1283 2897 1427 2966 quod
1456 2896 1569 2950 vult
1587 2895 1763 2949 facere
1793 2909 1896 2964 po-

292 3004 415 3063 test,
461 3009 559 3048 nec
616 2991 838 3046 omnino
882 2986 1219 3057 impotentia“:
1252 2984 1528 3053 subjacet.
1593 2983 1793 3038 Verum
1841 2983 1895 3035 in

2000 1708 2195 1764 fectam
2221 1710 2310 1765 hic
2339 1711 2521 1765 habet.
2558 1710 2701 1779 Quia
2726 1719 2911 1765 tamen
2942 1728 3050 1767 non
3079 1729 3295 1784 semper
3323 1717 3467 1786 quod
3496 1734 3598 1788 pa-

2002 1796 2127 1852 titur
2157 1796 2316 1852 timet
2341 1796 2426 1863 “‘,
2460 1799 2556 1854 sed
2587 1798 2914 1870 quandoque
2971 1799 3212 1872 effugere
3253 1813 3450 1874 potest,
3498 1822 3600 1863 nec

2003 1902 2280 1940 summum
2315 1887 2560 1941 timorem
2589 1888 2679 1941 hic
2708 1888 2888 1942 habet.
2948 1889 3009 1941 In
3040 1888 3216 1945 futuro
3253 1901 3455 1959 autem,
3515 1902 3606 1950 aut

2001 1974 2349 2029 securitatem
2379 1975 2698 2046 perfectam,
2730 1984 2822 2031 aut
2849 1985 3069 2031 econtra
3098 1994 3370 2034 summum
3424 1972 3599 2039 habe-

1999 2061 2081 2116 bit
2114 2062 2384 2118 timorem.
2419 2067 2596 2120 Bonus
2627 2072 2807 2120 autem
2824 2065 3093 2136 quidquid
3111 2068 3341 2124 voluerit
3359 2070 3599 2141 habebit,

2000 2159 2052 2203 et
2082 2150 2217 2204 nihil
2246 2167 2314 2207 ex
2346 2167 2413 2208 eo
2442 2168 2501 2206 se
2529 2152 2849 2207 amissurum
2874 2153 3113 2210 timebit.

2571 2241 2795 2297 CAPUT
2824 2242 2999 2297 LXX.

2147 2337 2296 2405 Quod
2324 2337 2521 2393 nullus
2553 2337 2785 2392 amittat
2822 2337 2966 2392 bona
2994 2341 3167 2396 semel
3187 2343 3415 2415 adepta.

2071 2431 2206 2487 Dico
2228 2434 2372 2487 enim
2421 2434 2567 2502 quod
2624 2433 2669 2487 si
2714 2448 2779 2488 ea
2831 2434 3140 2504 perditurus
3195 2447 3294 2507 est,
3332 2449 3425 2496 aut
3476 2443 3600 2514 ipse

2002 2522 2226 2577 voletea
2246 2522 2472 2592 perdere
2512 2539 2611 2576 sua
2639 2529 2849 2592 Sponte,
2899 2530 2987 2577 aut
3011 2525 3153 2579 Deus
3207 2528 3351 2583 volet
3406 2533 3456 2586 ei
3499 2549 3601 2590 vo-

2002 2609 2133 2663 lenti
2154 2609 2247 2663 illa
2276 2611 2512 2678 auferre,
2535 2618 2629 2665 aut
2656 2611 2851 2680 aliquis
2869 2610 3007 2665 alius
3038 2614 3152 2668 Deo
3184 2614 3375 2672 fortior
3403 2636 3598 2692 super—

2001 2698 2245 2765 veniens,
2265 2713 2331 2752 ea
2362 2698 2513 2753 tollet
2544 2699 2613 2752 ab
2642 2699 2757 2767 illo,
2790 2700 2906 2754 Deo
2936 2709 2988 2754 et
3015 2700 3133 2770 ipso
3180 2719 3288 2758 non
3348 2709 3589 2766 volente.

2003 2785 2111 2841 Sed
2142 2795 2285 2841 certe
2315 2803 2417 2841 nec
2445 2787 2581 2858 ipse,
2606 2788 2820 2857 abjecto
2850 2796 2999 2843 tanto
3030 2788 3195 2858 bono,
3263 2794 3316 2847 in
3359 2798 3605 2855 miserias

2001 2890 2136 2944 quas
2165 2890 2222 2929 se
2250 2875 2490 2931 evasisse
2518 2878 2793 2947 gratiosus
2824 2877 3112 2931 exsultabit
3137 2881 3377 2938 recidere
3428 2888 3593 2958 volet,

2001 2979 2104 3017 nec
2136 2965 2301 3029 Deus,
2330 2964 2418 3034 qui
2449 2964 2584 3019 illud
2612 2972 2720 3019 tam
2750 2965 2908 3037 larga
2938 2974 2992 3020 et
3047 2966 3304 3025 clementi
3363 2973 3600 3034 bonitate

290 3085 489 3150 futuro,
523 3090 613 3136 aut
642 3095 768 3135 vere
801 3085 1123 3147 praepotens,
1153 3082 1251 3128 aut
1298 3072 1519 3128 omnino
1571 3086 1891 3142 semperque
1922 3095 1973 3160 Ο
2001 3050 2243 3160 dgna“?
2363 3053 2725 3160 eifliquando
2749 3052 3045 3152 bsﬁéuferre.
3100 3057 3264 3126 volet,
3308 3076 3405 3116 nec
3462 3065 3604 3121 ullus

290 3174 569 3241 impotens
597 3169 721 3223 erit.
774 3167 953 3221 Bonus
995 3173 1177 3218 autem
1226 3161 1491 3234 quidquid
1547 3159 1608 3186 ⁸⁸⁰
1664 3159 1893 3213 voluerit

295 3262 474 3315 facere
502 3256 716 3329 poterit,
745 3253 1002 3327 quoniam
1026 3252 1200 3323 ipsum
1223 3250 1666 3318 Omnipotentem
1686 3246 1738 3300 in
1772 3262 1894 3300 om-

290 3348 577 3403 nibussuae
621 3341 882 3400 voluntati
940 3339 1355 3395 concordantem
1413 3336 1659 3391 habebit.
1720 3334 1894 3390 Malus

294 3452 422 3492 vero
453 3434 586 3489 nihil
616 3432 759 3503 quod
814 3429 946 3485 velit
1002 3444 1166 3500 agere
1212 3427 1408 3496 quibit.
1477 3424 1709 3493 Quando
1764 3437 1894 3495 ergo

292 3542 419 3580 cum
440 3532 583 3577 tanto
612 3524 817 3576 honore
860 3526 911 3572 ct
955 3534 1074 3572 cum
1122 3516 1332 3571 caeteris
1391 3511 1702 3584 praetaxatis
1756 3512 1899 3566 hanc

292 3614 525 3683 adeptus
543 3610 709 3665 fueris
737 3600 1204 3677 om'nipotentiam,
1237 3619 1345 3658 non
1377 3603 1543 3657 video
1569 3615 1673 3670 qua
1689 3600 1899 3654 ratione

291 3702 474 3773 possis
504 3715 700 3769 cupere
733 3697 1076 3765 ampliorem.
1119 3692 1304 3763 Igitur,
1366 3691 1493 3745 dum
1553 3688 1901 3759 possessione

292 3793 487 3845 barum
520 3786 907 3843 beatitudinum
960 3799 1095 3852 quas
1138 3780 1470 3852 digessimus
1520 3777 1651 3832 felix
1708 3775 1897 3837 fueris,

298 3894 481 3933 nonne
513 3874 782 3930 sufficiens
813 3872 907 3926 tibi
939 3869 1213 3925 videberis
1237 3870 1264 3921 ἱ)
1294 3868 1366 3921 Et
1396 3867 1654 3932 maxime,
1702 3864 1899 3933 inquis.

298 3970 415 4037 Age
446 3965 634 4036 igitur.
672 3962 729 4017 Si
758 3961 814 4015 in
844 3958 1096 4015 omnibus
1118 3957 1237 4011 istis
1286 3955 1372 4010 vel
1427 3969 1534 4007 una
1591 3953 1700 4021 die,
1761 3955 1906 4007 sicut

300 4054 551 4127 exposita
580 4059 723 4119 sunt,
750 4064 971 4105 securus
997 4046 1236 4112 viveres,
1269 4044 1543 4117 gauderes
1572 4042 1687 4095 sine
1715 4041 1900 4096 dubio.

302 4145 358 4202 Si
392 4151 571 4199 autem
608 4154 814 4205 mense,
848 4137 938 4193 vel
968 4150 1075 4190 uno
1106 4149 1250 4190 anno
1281 4131 1670 4197 latificaveris,
1704 4130 1748 4184 si
1793 4138 1905 4185 toto

302 4244 554 4304 tempore
586 4230 849 4297 vitaetuae,
885 4225 1016 4295 quid
1050 4224 1253 4278 faceres
1284 4222 1311 4274 ‘I
1348 4222 1463 4276 Nec
1518 4219 1623 4273 dici
1685 4218 1907 4288 quidem

301 4329 497 4395 potest,
518 4328 575 4374 ut
613 4326 855 4381 autumo,
908 4314 1108 4369 laetitiae
1164 4310 1379 4366 modus.
1417 4310 1617 4363 Darem
1674 4307 1908 4378 pretium

299 4410 360 4440 ⁸³³
393 4408 576 4481 utique
604 4405 785 4460 libens
814 4402 1080 4474 quidquid
1124 4400 1402 4463 haberem,
1434 4406 1486 4451 et
1528 4395 1907 4466 memetipsum

299 4502 538 4571 insuper,
571 4495 614 4551 si
648 4495 744 4557 sic,
778 4500 830 4548 et
870 4506 977 4547 non
1030 4490 1200 4555 aliter,
1234 4504 1299 4543 ea
1354 4485 1578 4556 adipisci
1636 4484 1898 4540 valerem.

2004 3140 2167 3195 etiam
2198 3140 2386 3195 fortior
2414 3142 2529 3197 Deo
2556 3142 2924 3213 superveniet,
2957 3142 3069 3213 qui,
3104 3144 3219 3199 Deo
3242 3146 3443 3214 justum
3467 3168 3600 3222 pro-

2004 3236 2239 3299 tegente,
2273 3229 2374 3283 hoc
2402 3228 2494 3283 illo
2524 3229 2866 3299 aliquatenus
2905 3229 3078 3283 tollet.
3138 3233 3311 3287 Malus
3363 3254 3489 3294 vero
3544 3252 3597 3298 et

2002 3331 2216 3386 semper
2244 3323 2510 3371 tormenta
2540 3332 2659 3386 quae
2675 3317 2914 3386 patietur
2942 3318 3177 3388 pavebit,
3223 3330 3273 3375 et
3313 3338 3595 3395 nunquam

2005 3421 2073 3461 ex
2096 3405 2176 3460 eis
2213 3405 2449 3460 evadere
2477 3406 2697 3474 poterit.

2530 3492 2755 3548 CAPUT
2808 3492 3001 3547 LXXI.

2461 3581 2536 3636 Dc
2551 3580 2756 3652 gaudio
2786 3586 2840 3635 et
2874 3582 3141 3638 tristitia.

2080 3669 2285 3739 Quarta
2328 3669 2546 3725 decima
2600 3669 2955 3724 beatitudinis
2983 3667 3044 3697 “‘
3094 3688 3239 3743 pars,
3286 3681 3595 3751 gaudium;

2008 3759 2238 3813 miseriae
2269 3774 2395 3813 vero
2428 3758 2751 3813 tristitiaest.
2784 3757 3054 3813 Gaudium
3112 3766 3407 3833 perfectum
3455 3775 3604 3832 solus

2009 3848 2098 3901 ille
2128 3854 2306 3917 potest
2351 3845 2550 3900 habere
2573 3845 2664 3915 qui
2688 3846 2977 3915 praedictas
3007 3864 3201 3905 omnes
3257 3854 3605 3918 beatitudinis

2012 3943 2193 4007 partes
2216 3941 2395 4005 potest
2422 3934 2694 3988 obtinere.
2719 3932 2955 4001 Quarum
2988 3939 3112 4005 quia
3141 3940 3304 3996 ullam
3335 3962 3494 4004 nemo
3517 3951 3603 4007 hic

2012 4026 2214 4080 habere
2263 4030 2460 4093 potest,
2518 4026 2666 4093 patet
2733 4022 2859 4090 quia
2924 4038 3027 4079 nec
3105 4031 3369 4099 gaudium
3451 4053 3605 4092 sum-

2013 4128 2162 4168 mum
2211 4111 2305 4166 hic
2356 4109 2597 4165 retinere
2653 4111 2794 4166 valet
2813 4108 2890 4170 ⁸⁸⁷.
2948 4116 3040 4173 Sic
3078 4130 3132 4173 et
3158 4120 3247 4174 ille
3272 4122 3421 4178 solus
3474 4142 3600 4183 vere

2017 4201 2285 4256 tristitiam
2302 4199 2498 4269 patitur
2517 4214 2785 4255 summam
2811 4202 2871 4231 ⁵⁸⁸
2895 4222 3057 4277 quem
3102 4209 3379 4277 praedicta:
3421 4227 3610 4270 omnes

2018 4288 2249 4346 miseriae
2263 4295 2445 4359 partes
2467 4288 2694 4344 omnino
2710 4302 3002 4350 coarctant.
3026 4296 3223 4352 Verum
3269 4299 3395 4370 quia
3429 4301 3607 4358 nullus

2018 4396 2083 4436 ex
2115 4386 2225 4434 toto
2256 4376 2344 4432 hic
2373 4391 2464 4432 eas
2483 4376 2701 4447 patitur,
2723 4379 3022 4455 liquetquia
3051 4400 3152 4441 nec
3179 4387 3236 4440 in
3262 4403 3472 4443 summa
3496 4392 3611 4447 tris-

1936 4452 1989 4512 D
2018 4469 2133 4527 titia
2143 4467 2229 4522 hic
2244 4464 2508 4521 habeatur
2523 4464 2606 4520 ⁸⁸⁸.
2626 4468 2688 4522 In
2705 4470 2903 4528 saeculo
2915 4452 3093 4529 autem
3106 4474 3281 4532 futuro
3300 4486 3389 4532 aut
3417 4479 3608 4535 laetitia

1578 4636 1666 4690 VA
1675 4633 1809 4690 RBE
1841 4623 2253 4687 LECTIONES.

373 4764 979 4840 “‘Summe-.maiestati
999 4780 1105 4820 ms-
1138 4762 1289 4819 νέοι·
1315 4765 1370 4817 ει
1393 4760 1540 4840 Eat:
1562 4759 1921 4840 Coi-seems
1936 4747 2203 4840 Paeti.--
2224 4742 2511 4840 “19:93.8
2526 4741 2910 4840 assitme-
2930 4746 3166 4840 .i‘.Ed"‘-
3196 4747 3323 4840 (ἔοιο
3378 4752 3446 4809 de
3497 4774 3602 4829 qua

305 4819 1011 4913 loquim’iirZ-VB’Walussig
1046 4819 1267 4890 econtra
1295 4832 1650 4913 ms..Vict.‘ct
1674 4827 1831 4883 Edit.
1868 4822 1985 4913 ‘Col‘.
2274 4822 2521 4913 ςξρηιξῐΐίὲῖ

308 4908 335 4960 1
375 4891 625 4975 isiussi,
656 4917 850 4980 potest.
912 4891 1167 4980 '“Bonus
1192 4920 1320 4980 vero
1350 4900 1605 4980 quicquid
1632 4914 1780 4980 “ms.
1850 4898 1914 4951 Α.
1961 4892 2007 4972 1.
2050 4891 2228 4980 Bonus
2273 4891 2416 4980 enim

2633 4814 2906 4889 Volnera,
2928 4814 3110 4889 facere
3138 4827 3338 4889 potest.
3392 4842 3496 4882 ms.
3513 4814 3598 4885 Ἀ.

2465 4883 2613 4954 quid.
2741 4882 2946 4952 lmQuid
3004 4882 3212 4944 faceres
3242 4893 3270 4944 ‘?
3323 4894 3438 4951 Nec
3494 4882 3602 4955 dici

310 4954 850 5050 ἆυίεἶὲῖὶὲὀιὲξίῗῐὶ
879 4954 1598 5050 autirh'éi'laéfidaﬁda“:
1625 4960 2109 5050 Pexemmre‘EiW
2132 4957 2505 5050 ’ῐὶδεξξέξε
2538 4954 3031 5050 ἔξξίὲἒοέφέεεξιυῖεί
3090 4960 3294 5050 “teres
3350 4966 3379 5017 ‘?
3444 4954 3605 5026 dares

309 5024 1766 5121 SiéEiﬁih‘12""53’oi15ui5'éégifaigvagasita.
1806 5024 1918 5121 ςόι.
1940 5042 2118 5121 utrum
2147 5039 2200 5121 et
2217 5024 3300 5121 cogitarehf'fossu‘ntfirmiter‘atq‘ue‘
3335 5024 3602 5121 perfecte,

309 5097 570 5179 ab";
596 5097 939 5176 Verum-nis.
974 5097 1557 5176 Ῑὶἷῖίνε-ιτὲὶίἱὶίϐοί.
1592 5116 1828 5166 Possunt
1856 5106 2092 5179 perfecte
2124 5102 2241 5156 sine
2268 5097 2378 5153 illa.
2452 5097 2648 5151 Verum
2685 5112 2840 5179 mss.
2886 5099 3007 5179 Bac.
3034 5178 3039 5179 γ
3066 5097 3241 5179 et__}i.
3281 5097 3354 5158 1.’
3377 5097 3602 5165 Possunt

308 5194 570 5266 perfecte,
599 5192 847 5266 sineilla.
880 5191 1030 5266 Tunc
1057 5189 1200 5244 enim
1235 5185 1475 5258 perfecte
1503 5185 1666 5239 homo
1724 5197 1816 5236 eas

307 5239 775 5337 sempervpatilur,
808 5239 1481 5337 quod-timeturmassinon
1506 5268 1719 5337 semper
1733 5250 1879 5337 quod
1893 5239 2114 5337 patitur
2132 5239 2581 5337 ti‘me‘t.D:':ldpea
2617 5239 2765 5337 alri‘qun

1007 5309 1517 5398 ιῖορυέιιῐιῖξῖροίίιηα
1544 5309 2017 5398 beatitudinisme
2049 5315 2202 5398 Vict.
2222 5313 2449 5398 gradu.
2474 5310 2621 5398 c371.“
2655 5309 2863 5398 ouans
2890 5310 3105 5398 decima
3141 5314 3319 5398 igitur
3364 5309 3602 5398 beatitué

315 5338 408 5395 Col
421 5333 447 5391 ,⁷
473 5336 526 5389 id
552 5336 610 5405 ei
641 5333 954 5405 aliquando.

1864 5170 2046 5241 habet,
2098 5189 2218 5227 cum
2268 5183 2532 5241 nusquam
2590 5170 3065 5241 amittereAtimet.
3127 5172 3344 5230 Verum.
3412 5179 3604 5237 “‘Non

2769 5238 2910 5294 ando
2968 5257 3074 5297 ms.
3137 5244 3279 5301 Vict.
3344 5254 3402 5304 et
3447 5253 3599 5310 Edit.

309 5382 995 5462 ciiiisfiniie'uhéiﬁaia
1305 5398 1511 5474 habere
1540 5395 1710 5463 valet,
1740 5391 1967 5474 f’fSolus
1984 5384 2407 5474 ‘velze‘lfiﬁtitja‘m
2424 5382 3103 5474 ρδξίιιξΐξιιιξξξηξιιξιηῖηξοη
3218 5389 3285 5474 in
3298 5389 3447 5474 solus
3487 5395 3601 5464 pati

309 5451 487 5552 ὖὸῖἔὲι
517 5451 1105 5552 agragianas;
1120 5451 1129 5455 ⁷
1145 5451 1506 5527 “Bassam
1522 5451 1965 5524 summatt'lstitia
1984 5460 2072 5516 hic
2083 5457 2313 5513 habetur
2328 5451 2460 5511 nm“.
2491 5454 2554 5508 Α.
2577 5456 2596 5507 1
2629 5455 2688 5509 et
2737 5451 2873 5510 Vict.
2893 5454 2955 5508 13
2977 5458 3035 5510 et
3057 5454 3209 5527 Edit,
3245 5457 3360 5515 σοι.
3391 5451 3505 5521 ιιοὸ
3545 5464 3605 5527 in

304 5544 521 5607 summa
541 5548 758 5607 tristitia
774 5546 861 5604 hic
884 5544 1163 5603 habeatur.
1436 5580 1475 5590 η
