4046 6076
475 264 576 319 643

1486 253 1798 311 EADMERI
1828 250 2156 309 MONACHI
2186 252 2322 309 CAN
2327 251 2632 309 TUARIEN
2636 244 2744 309 SIS

3669 252 3776 310 διδ

468 400 560 449 aut
590 386 804 445 tristitia
833 384 1060 457 quisque
1090 380 1393 452 replebitur
1410 396 1649 435 summa.
1690 380 1868 434 Bonus
1913 378 2059 433 enim
2089 377 2302 439 Ailluc
2353 377 2584 432 latenter
2638 386 2689 432 et
2746 372 2975 432 multum
3030 375 3248 444 callide,
3304 384 3366 432 ut
3418 377 3569 447 quasi
3621 376 3773 433 nullo

468 480 699 551 quisque
727 475 949 531 omnino
976 481 1100 528 tunc
1127 469 1324 541 poterit
1352 468 1413 498 “°
1443 470 1702 542 gaudere,
1729 468 1855 538 quia
1908 484 2061 538 prae-

467 570 640 625 dictas
659 579 850 622 omnes
882 560 1223 616 beatitudinis
1252 567 1438 631 partes
1485 556 1750 612 obtinebit
1804 556 2060 626 perfecte.

467 656 609 725 Quid
629 669 762 725 ergo
792 649 1003 705 beatius
1032 648 1154 713 isto,
1186 647 1275 716 qui
1308 654 1458 701 tanto
1517 644 1810 715 replebitur
1862 644 2065 714 gaudio

462 749 544 798 ⁶⁴¹.
575 743 768 798 Adhuc
798 748 975 794 tamen
1006 737 1077 792 ad
1106 736 1375 791 cumulum
1408 733 1762 790 beatitudinis
1781 749 1898 788 sua:
1920 732 2064 787 aliud

463 830 705 897 habebit,
735 828 878 883 uude
908 827 1087 897 magis
1117 824 1543 896 possitgaudere
1566 840 1580 885 ;
1600 822 1728 893 quia
1755 822 1899 876 enim
1912 821 2066 891 quis—

463 936 585 991 que,
618 919 753 973 sicut
781 932 858 983 se,
891 916 1115 970 alterum
1147 913 1374 979 amabit,
1407 920 1552 982 patet
1585 912 1712 981 quia
1744 910 1822 965 sic
1836 910 1905 966 de
1921 910 2066 964 illius

461 1009 739 1074 felicitate,
772 1012 831 1059 ut
862 1005 930 1059 de
960 1019 1077 1069 sua,
1104 1001 1388 1074 gaudebit.
1421 1000 1566 1069 Quot
1594 1000 1763 1071 igitur
1782 1006 1837 1054 et
1865 1006 2067 1068 quanta

461 1098 662 1171 gaudia
692 1094 919 1165 quisque
950 1091 1217 1147 obtinebit
1248 1090 1337 1160 qui
1366 1090 1433 1144 de
1466 1097 1541 1144 tot
1569 1097 1622 1143 et
1675 1088 1836 1142 tantis
1890 1087 2065 1141 beati-

463 1185 742 1240 tudinibus
771 1189 1077 1237 sanctorum
1106 1177 1362 1248 jubilabit
1388 1178 1418 1230 ‘I
1448 1176 1607 1245 Quod
1638 1176 1683 1231 si
1729 1184 1940 1231 tantum
1997 1176 2066 1230 de

465 1275 605 1342 aliis,
631 1287 768 1343 quos
798 1278 856 1323 ut
886 1284 945 1323 se
976 1268 1192 1340 diliget,
1223 1265 1507 1337 gaudebit,
1540 1272 1798 1335 quantum
1830 1264 1898 1319 de
1926 1265 2062 1331 Deo,

461 1378 620 1435 quem
644 1374 811 1429 supra
840 1373 897 1412 se
924 1355 1133 1428 diliget,
1180 1354 1471 1409 exsultabit
1500 1354 1528 1406 ‘l
1588 1353 1863 1408 Gaudium
1919 1352 2064 1407 enim

461 1452 561 1506 erit
583 1451 786 1505 etintus
806 1455 856 1502 et
875 1454 1024 1500 extra
1053 1443 1312 1516 gaudium
1344 1458 1559 1497 sursum
1577 1450 1738 1512 atque
1785 1442 2061 1507 deorsum,

459 1538 720 1610 gaudium
752 1535 952 1589 circum
984 1534 1132 1588 circa
1160 1531 1361 1601 ubique
1389 1531 1648 1603 gaudium
1681 1531 1924 1599 plenum.
1945 1531 2064 1583 Ma-

458 1629 542 1682 lus
570 1640 698 1681 vero
727 1641 757 1679 e
787 1631 974 1678 contra
1026 1620 1243 1675 tristitia
1297 1620 1597 1689 replebitur
1650 1635 1881 1685 summa,
1940 1618 2067 1689 quia

2172 464 2370 521 sciente
2401 465 2612 521 valeant
2633 481 2727 521 eos
2747 465 2994 521 obtinere
3022 483 3034 528 ;
3056 474 3108 520 et
3124 480 3230 537 quo
3250 464 3379 520 dum
3393 465 3767 537 appropriant,

2172 556 2524 610 vehementer
2549 553 2791 627 gaudent
2819 562 2872 610 et
2900 553 3189 609 exsultant.
3223 554 3331 609 Sed
3361 569 3485 609 cum
3514 555 3769 625 proprius

2173 643 2497 698 accesserint
2526 658 2731 714 eosque
2758 660 2816 699 se
2845 658 3006 713 posse
3028 643 3149 714 jam
3169 642 3575 714 apprehendere
3602 651 3768 713 puta-

2176 732 2369 800 verint,
2393 733 2629 788 honores
2657 732 2727 788 de
2758 731 3009 787 manibus
3039 746 3228 788 eorum
3273 747 3333 787 se
3377 732 3672 797 excutiunt,
3716 741 3772 787 et

2173 820 2353 890 aliqua
2383 821 2453 875 de
2482 835 2648 876 causa
2677 822 2747 875 ad
2768 820 2892 876 illos
2907 821 3124 891 aliquos
3150 836 3208 876 se
3238 820 3585 876 transferunt.
3620 818 3770 890 Quos

2173 908 2218 963 si
2245 909 2569 979 quandoque
2596 909 2779 979 adepti
2812 908 3032 978 fuerint,
3060 908 3421 981 gratulantur,
3454 908 3608 979 quasi
3665 909 3770 964 ali-

2175 1013 2336 1068 quem
2375 1013 2561 1053 verum
2591 998 2851 1053 honorem
2892 998 3094 1053 fuerint
3125 1000 3374 1063 assecuti,
3406 1013 3530 1054 cum
3559 998 3630 1053 ad
3660 998 3773 1054 veri

2175 1086 2397 1141 honoris
2447 1087 2663 1142 culmen
2728 1087 3013 1158 pervenire
3069 1102 3178 1142 non
3233 1088 3460 1159 possint,
3534 1089 3581 1140 si
3662 1103 3774 1142 non

2176 1177 2293 1245 hos,
2346 1191 2442 1246 pro
2498 1190 2718 1232 suorum
2783 1174 2842 1204 “‘
2898 1175 3270 1233 satisfactione
3337 1175 3774 1245 commissorum,

2172 1261 2509 1332 reliquerint.

2710 1350 2945 1408 CAPUT
2993 1351 3242 1407 LXXIII.

2247 1440 2587 1497 Similitudo
2616 1441 2773 1496 inter
2804 1442 2980 1496 Deum
3002 1444 3059 1497 et
3102 1441 3352 1514 aliquem
3386 1440 3708 1498 dominum.

2246 1529 2327 1583 Ita
2355 1528 2494 1584 inter
2522 1527 2582 1557 “’
2631 1529 2804 1585 Deum
2862 1529 2912 1584 ei
2979 1529 3225 1585 homines
3270 1529 3451 1603 agitur
3498 1531 3773 1600 quomodo

2172 1615 2314 1671 inter
2341 1617 2620 1672 dominum
2650 1617 2885 1688 aliquem
2916 1625 2973 1673 et
3010 1633 3195 1673 servos
3237 1617 3401 1683 illius,
3460 1619 3550 1688 qui
3608 1617 3772 1691 vulgo

459 1731 648 1772 omnes
676 1712 910 1768 miseriae
938 1719 1136 1781 partes,
1185 1709 1377 1779 quibus
1431 1707 1779 1763 nihilominus
1846 1722 1905 1761 se
1960 1706 2063 1761 cir-
2089 1733 2145 1794 B
2174 1705 2450 1759 naturales
2478 1710 2767 1761 vocantur.
2801 1705 2856 1761 Si
2896 1706 3041 1760 enim
3072 1706 3326 1761 dominus
3356 1706 3585 1761 naturali
3610 1721 3769 1762 servo

459 1811 805 1873 cumseptum
845 1800 1061 1867 sentiet,
1096 1798 1481 1853 inevitabililer
1508 1796 1572 1825 “’
1600 1798 1717 1852 sine
1746 1795 1852 1852 ﬁne
1884 1796 2063 1866 patie-

458 1898 547 1948 tur
585 1899 636 1947 et
666 1890 1051 1945 indesinenter.

1030 1976 1253 2033 CAPUT
1280 1976 1499 2031 LXXII.

749 2069 820 2123 De
849 2064 1166 2139 cupiditate
1184 2065 1469 2120 mundani
1497 2065 1748 2121 honoris.

532 2162 622 2217 Sic
651 2154 894 2231 aguntm
924 2154 1001 2209 illi
1033 2155 1120 2224 qui
1151 2153 1336 2208 mundi
1387 2154 1547 2223 hujus
1601 2152 1840 2207 honoros
1894 2165 2060 2222 appe-

462 2260 597 2317 tunt,
654 2244 927 2319 quomodo
982 2242 1134 2314 pueri
1203 2241 1292 2311 qui
1358 2248 1659 2313 sequuntur
1731 2238 2057 2310 papiliones.

467 2337 772 2408 Papiliones
800 2333 943 2388 enim
972 2346 1101 2385 cum
1133 2332 1335 2395 volant,
1371 2329 1638 2384 tramitem
1665 2331 1873 2383 rectum
1915 2343 2059 2381 nun-

463 2442 623 2499 quam
656 2427 858 2492 tenent,
891 2420 985 2476 sed
1017 2421 1122 2473 huc
1172 2418 1407 2489 illucque
1458 2434 1515 2472 se
1564 2418 1789 2488 agitant,
1828 2431 2062 2487 cumque

460 2513 656 2571 alicubi
688 2510 924 2567 residere
956 2508 1209 2562 videntur
1240 2506 1323 2576 “‘,
1355 2522 1456 2562 nec
1485 2506 1562 2560 ibi
1622 2506 1713 2559 diu
1760 2512 2061 2574 morantur,

462 2606 574 2658 Hos
602 2607 780 2655 autem
813 2614 933 2653 cum
963 2595 1117 2666 pueri
1147 2611 1346 2665 capere
1370 2595 1576 2661 volunt,
1626 2593 1736 2649 cito
1790 2601 1912 2663 post
1966 2609 2062 2649 eos

463 2704 679 2747 currere
709 2692 978 2756 satagunt,
1010 2689 1064 2739 et
1092 2683 1215 2752 quia
1237 2697 1343 2737 non
1365 2683 1433 2735 ad
1471 2697 1597 2736 suos
1625 2681 1814 2749 pedes,
1877 2681 1975 2736 sed
2031 2696 2064 2734 a

462 2777 766 2848 papiliones
797 2771 1099 2833 intendunt,
1130 2770 1419 2839 aliquando
1456 2770 1514 2822 in
1569 2768 1781 2824 foveam
1838 2769 2058 2835 cadunt,

463 2879 636 2935 seque
666 2861 973 2916 immaniter
1000 2858 1224 2912 laedunt.
1282 2859 1603 2928 Plerumque
1631 2871 1778 2921 vero,
1814 2871 1936 2910 cum
1967 2871 2061 2911 eos

460 2954 647 3008 vident
712 2946 908 3003 alicubi
966 2946 1226 3000 insedisse
1282 2944 1361 3013 “°,
1421 2945 1678 2999 incedunt
1731 2944 1972 2998 suaviter
2008 2952 2061 2999 et

464 3049 640 3107 caute,
672 3045 733 3093 ut
766 3052 862 3092 cos
910 3034 1131 3090 valeant
1187 3034 1670 3104 comprehendere.
1726 3031 1883 3100 Quod
1932 3033 2059 3092 dum

461 3131 685 3195 faciunt,
719 3124 969 3180 manibus
994 3138 1208 3195 quoque
1263 3122 1651 3193 plaudunt,’et
1697 3122 1766 3176 ad
1822 3121 2053 3176 invicem

460 3220 563 3274 levi
583 3231 717 3272 voce
743 3214 929 3269 dicunt
963 3229 975 3267 :
1018 3213 1157 3266 Ecce
1182 3211 1296 3280 jam
1324 3226 1420 3266 eos
1453 3210 1799 3276 habebimus,
1817 3226 1943 3264 ecce
1963 3226 2056 3265 eos

450 3309 562 3377 jam
595 3303 941 3359 habebimus.
974 3300 1083 3356 Sed
1108 3298 1168 3327 ⁸⁴⁶
1200 3316 1320 3355 cum
1348 3299 1602 3370 proprius
1620 3299 1943 3354 accedentes
1961 3315 2057 3354 eos

452 3387 868 3463 apprehendere
909 3393 1131 3453 tentant,
1164 3384 1471 3455 papiliones
1493 3383 1732 3439 avolant.
1766 3383 2056 3455 Siquando

451 3496 581 3536 vero
611 3494 706 3533 eos
737 3474 1214 3547 apprehenderint,
1250 3474 1520 3527 exsultant
1551 3473 1619 3526 de
1649 3472 1839 3537 nihilo,
1901 3473 2056 3541 quasi

451 3582 712 3640 magnum
743 3564 875 3635 quid
908 3562 1105 3617 iuerint
1133 3563 1338 3631 adepti.
1371 3559 1634 3616 Similiter
1659 3568 1837 3615 autem
1856 3560 2059 3614 faciunt

455 3657 547 3728 qui
576 3653 765 3709 mundi
794 3651 953 3719 hujus
982 3652 1223 3705 honores
1274 3656 1549 3719 appetunt.
1609 3648 1854 3703 Honores
1907 3650 2055 3703 enim

448 3745 609 3813 hujus
649 3739 836 3793 mundi
860 3752 1136 3806 nunquam
1181 3744 1383 3791 certam
1415 3742 1596 3790 tenent
1612 3734 1779 3801 viam,
1813 3735 1909 3790 sed
1966 3736 2054 3789 in-

446 3831 608 3886 certis
654 3826 989 3882 diverticulis
1049 3824 1117 3879 de
1167 3839 1277 3878 uno
1335 3824 1407 3878 ad
1472 3824 1639 3877 alium
1698 3824 2051 3880 transvolant.

444 3921 686 3988 Cumque
712 3915 812 3970 sub
842 3914 1078 3981 alicuius
1110 3912 1462 3967 substiterent
1490 3919 1766 3983 potestate
1821 3929 1931 3968 non
1980 3902 2056 3969 ibi

444 4009 537 4063 diu
564 4010 789 4076 possunt
818 4016 1115 4058 remanere.
1150 4001 1260 4056 Hos
1289 4015 1422 4072 ergo
1451 4001 1582 4055 dum
1611 3999 1760 4055 stulti
1806 4001 2054 4057 homines

437 4094 656 4165 assequi
692 4092 936 4164 cupiunt,
986 4091 1243 4145 festinant
1309 4096 1435 4159 post
1492 4104 1585 4144 eos
1640 4090 2055 4160 quibuscunque

434 4185 615 4243 modis
644 4188 888 4254 possunt.
922 4180 986 4235 Et
1010 4179 1143 4251 quia
1201 4193 1310 4233 non
1365 4177 1718 4233 considerant
1793 4194 1899 4249 quo
1956 4196 2053 4235 eos

439 4274 606 4332 modo
617 4277 979 4342 assequentur,
998 4269 1094 4323 sed
1109 4275 1391 4339 utquoquo
1408 4266 1573 4322 modo
1588 4264 1648 4293 “"
1661 4266 2047 4337 adipiscantur,

436 4362 635 4434 saepius
663 4361 719 4415 in
746 4358 936 4431 gravia
966 4357 1197 4412 crimina
1221 4355 1497 4422 decidunt,
1533 4355 1728 4427 quibus
1754 4371 1879 4410 suas
1917 4357 2043 4411 ani-

2172 1794 2375 1863 aliquid
2398 1793 2616 1862 jusserit
2643 1802 2697 1848 et
2724 1809 2912 1849 servus
2944 1793 3167 1849 domino
3199 1794 3431 1850 libenter
3485 1794 3772 1862 obedierit,

2170 1883 2287 1954 agit
2323 1898 2513 1937 servus
2544 1882 2688 1953 quod
2718 1882 2881 1937 debet
2909 1890 2961 1937 et
2995 1883 3139 1952 quod
3169 1883 3392 1938 domino
3421 1881 3688 1953 ”°placet.
3710 1884 3773 1938 Si

2165 1977 2354 2034 autem
2385 1971 2593 2025 domini
2624 1970 2703 2025 sui
2727 1971 3011 2042 praeceptis
3047 1970 3320 2040 restiterit,
3351 1972 3584 2043 gratiam
3605 1971 3776 2041 ipsius

2168 2058 2346 2112 statim
2378 2058 2597 2113 amittit.
2620 2057 2796 2126 Quam
2834 2058 2877 2113 si
2916 2058 3498 2129 volueritrecuperare,
3521 2060 3591 2114 ad
3612 2061 3773 2115 dein-

2168 2163 2303 2217 ceps
2333 2146 2553 2202 domino
2573 2163 2672 2202 suo
2700 2147 2934 2202 fideliter
2960 2148 3183 2216 servire,
3217 2149 3358 2202 sicut
3384 2150 3535 2218 prius
3562 2148 3773 2204 debue-

2168 2239 2256 2285 rat
2292 2232 2605 2286 naturaliter
2634 2230 2855 2296 fecisse,
2887 2231 2937 2285 si
2968 2230 3018 2286 ei
3047 2231 3298 2287 dominus
3357 2239 3479 2288 tunc
3530 2235 3772 2304 jusserit.

2164 2320 2308 2389 jurat
2336 2319 2483 2390 quod
2512 2319 2635 2388 ejus
2666 2319 2886 2374 obediet
2914 2320 3224 2390 praeceptis,
3258 2321 3417 2389 eique
3450 2319 3663 2376 ﬁdelius
3713 2320 3772 2350 “¹

2171 2410 2367 2464 serviet
2388 2409 2630 2478 quandiu
2662 2408 2871 2462 vixerit.
2907 2406 3027 2476 Quo
3059 2408 3216 2473 facto,
3253 2408 3501 2463 dominus
3531 2410 3581 2464 ei
3633 2425 3772 2466 con-

2171 2498 2333 2553 donat
2372 2497 2517 2567 quod
2547 2496 2790 2566 deliquit,
2832 2504 2883 2550 et
2912 2497 2956 2549 si
2986 2496 3061 2550 ita
3091 2496 3312 2550 domino
3368 2494 3431 2522 ⁸⁸²
3484 2498 3771 2566 placuerit,

2169 2585 2374 2655 aliquid
2403 2585 2768 2656 proprietatis,
2800 2584 2942 2639 unde
2964 2584 3129 2653 vivat,
3154 2584 3356 2639 habere
3373 2586 3645 2641 concedit.
3670 2587 3773 2641 Ve-

2168 2690 2308 2741 rum,
2336 2674 2613 2743 aliquanto
2646 2672 2903 2741 temporis
2935 2680 3221 2738 transacto,
3281 2689 3468 2728 servus
3514 2676 3774 2743 paulatim

2168 2761 2357 2831 incipit
2384 2778 2508 2834 qua:
2539 2761 2821 2831 juraverat
2850 2760 3117 2825 oblivisci,
3149 2768 3203 2815 et
3230 2761 3300 2815 ab
3325 2777 3510 2817 amore
3564 2764 3774 2818 domini

2167 2850 2249 2903 sui
2282 2850 2534 2920 tepescit.
2571 2850 2642 2904 Et
2668 2852 2795 2922 quia
2826 2865 2891 2903 ea
2930 2865 3049 2918 qua:
3080 2849 3611 2919 dominusjubetsibi
3634 2853 3775 2907 dura

2163 2937 2435 3005 videntur,
2469 2938 2619 3008 prius
2640 2939 2914 3009 quaedam,
2936 2937 3280 3008 postmodum
3303 2940 3460 3008 plura
3490 2947 3776 3012 transgre-

2165 3025 2327 3094 ditur,
2360 3027 2532 3081 donec
2559 3027 2616 3080 in
2662 3028 2914 3081 omnibus
2968 3043 3108 3097 pene
3165 3026 3413 3098 perjurus
3469 3028 3763 3085 habeatur.

2086 3081 2137 3144 Ο
2166 3115 2364 3186 Sicque
2388 3131 2573 3169 rursus
2602 3115 2805 3170 domini
2835 3116 2917 3169 sui
2947 3081 3180 3186 gratiam.
3212 3081 3388 3186 perdit
3416 3132 3579 3186 quam
3622 3118 3776 3189 prius

2161 3212 2583 3273 recuperaverat
2654 3204 2950 3273 sponsione
3006 3205 3381 3260 correctionis.
3440 3206 3584 3272 Quid
3634 3222 3774 3279 ergo

2163 3294 2396 3363 amplius
2420 3291 2481 3319 ⁸⁵⁸
2512 3293 2672 3349 faciet
2698 3294 2726 3345 εἰ
2757 3292 2900 3361 Quid
2930 3292 3079 3348 aliud
3134 3293 3449 3362 promittere
3504 3305 3683 3365 potest
3740 3297 3774 3349 ἢ

2164 3383 2415 3437 Naturale
2460 3380 2552 3451 jus
2616 3389 2876 3452 corrupit,
2931 3382 3310 3451 jusjurandum
3366 3382 3615 3439 violavit.
3674 3383 3771 3439 Est

2166 3479 2345 3527 tamen
2372 3470 2518 3525 aliud
2540 3469 2686 3541 quod
2716 3469 2896 3525 adhuc
2941 3470 3252 3525 faciendum
3289 3472 3501 3526 invenit
3557 3489 3768 3529 servus.

2166 3559 2401 3614 Licentia
2431 3561 2573 3613 enim
2606 3558 2811 3615 domini
2844 3558 2926 3613 sui
2957 3559 3161 3630 aliquid
3192 3559 3483 3616 retinuerat
3519 3562 3573 3615 in
3633 3578 3769 3633 pro-

2163 3648 2393 3717 prietate
2413 3646 2493 3716 ‘“,
2525 3647 2667 3702 unde
2699 3663 2758 3702 se
2787 3656 2982 3719 potest,
3046 3652 3103 3701 ut
3149 3654 3330 3714 antea,
3392 3651 3766 3707 reconciliare.

2164 3736 2453 3807 Postquam
2479 3752 2611 3808 ergo
2641 3752 2701 3791 se
2726 3752 2938 3791 errasse
2955 3737 3248 3809 cognoscit
3278 3735 3365 3805 "',
3387 3738 3455 3792 ad
3485 3738 3770 3795 dominum

2164 3841 2319 3880 suum
2349 3825 2505 3893 redit,
2546 3841 2670 3881 eum
2700 3841 2935 3881 exorans
2960 3825 3022 3853 “°
3052 3825 3361 3895 hujusmodi
3385 3828 3568 3882 verbis
3608 3845 3621 3881 :
3662 3830 3769 3885 Do-

2162 3914 2332 3983 mine,
2361 3912 2553 3985 inquit,
2587 3913 2846 3970 confiteor
2873 3930 3050 3969 meam
3084 3914 3440 3985 iniquitatem,
3473 3916 3595 3987 quia
3620 3918 3771 3989 quod

2166 4002 2258 4056 tibi
2297 4004 2619 4058 naturaliter
2647 4003 2968 4072 debueram,
3001 4004 3254 4076 quodque
3280 4006 3629 4075 postmodum
3679 4006 3768 4077 ju-

2163 4091 2450 4160 rejurando
2478 4091 2866 4163 promiseram.
2901 4099 3071 4147 totum
3102 4092 3171 4147 ad
3202 4108 3379 4148 meam
3393 4101 3769 4167 transgressus

2159 4195 2280 4233 sum
2320 4180 2612 4235 miseriam.
2646 4180 2757 4236 Sed
2786 4180 2966 4236 adhuc
2995 4179 3167 4236 semel
3196 4181 3419 4255 indulge
3450 4183 3604 4250 mihi,
3635 4184 3680 4238 si
3702 4181 3770 4214 “"

2154 4268 2355 4337 placet,
2388 4268 2644 4339 quidquid
2665 4268 2889 4341 deliqui,
2926 4276 2978 4323 et
3006 4284 3109 4339 ego
3139 4269 3233 4323 tibi
3258 4270 3479 4325 reddam
3496 4272 3763 4343 quidquid

2154 4356 2502 4427 proprietatis
2530 4372 2632 4426 per
2662 4365 2803 4412 tuam
2833 4358 3105 4413 licentiam
3155 4358 3418 4414 hactenus
3459 4361 3657 4415 retinui
3677 4359 3760 4419 "'.

435 4424 554 4509 mas
582 4424 930 4507 vehementer
961 4445 1186 4501 laedunt.
1218 4442 1522 4512 Aliquando
1551 4424 1700 4510 vero,
1729 4459 1851 4499 eum
1880 4445 2039 4501 vide-
2069 4424 2121 4485 D
2148 4424 2233 4500 Me
2261 4424 2440 4501 autem
2472 4424 2649 4517 ipsum
2680 4447 2756 4500 ita
2777 4447 2832 4500 in
2861 4454 2950 4501 tuo
2980 4446 3198 4501 servitio
3239 4447 3541 4520 astringam
3611 4450 3757 4522 quod

435 4541 543 4598 rint
573 4554 669 4594 eos
699 4536 898 4594 alicubi
957 4533 1109 4605 quasi
1160 4541 1380 4604 paratos
1438 4530 1544 4585 sibi
1599 4547 1715 4587 esse
1778 4534 2042 4590 accedunt

2152 4549 2335 4588 meam
2365 4550 2431 4589 ex
2462 4542 2574 4591 toto
2605 4535 2934 4590 voluntatem
2964 4535 3252 4603 dimittam,
3286 4544 3433 4592 tuam
3491 4554 3644 4607 vero,
3704 4541 3763 4594 in

1743 4683 1977 4741 VARIE
2026 4682 2427 4742 LECTIONES
2440 4723 2454 4738 .

505 4811 803 4889 “_°Qt_nnin0
833 4818 959 4889 tun}?
988 4808 1319 4889 ΡοίθΞίῙλΜξ
1452 4807 1473 4860 ¹
1514 4805 2002 4889 Ρθτίθθίβέρῖθτίέ

432 4883 741 4956 replebitur
753 4950 760 4956 _
774 4882 991 4956 gaudio
1002 4919 1017 4933 .

542 4962 620 5009 nt.
726 4949 1051 5006 “‘Desidere
1081 4949 1370 5006 videantur
1387 4964 1492 5003 ms.
1517 4949 1580 5003 Α.
1618 4951 1640 5002 1
1676 4949 1995 5006 resederunt
2024 4952 2082 5005 L.
2114 4953 2353 5009 residere
2383 4954 2689 5009 videantur.

1108 4877 1488 4933 “’Mentaliter
1518 4894 1650 4933 mss.
1684 4882 1739 4933 et
1761 4879 1906 4934 Edit.
1957 4881 2072 4938 Col.
2117 4877 2520 4938 inevitabiliter.

2102 4808 2288 4883 ΨΩυο
2324 4818 2454 4883 tunc
2474 4810 2778 4883 replebitur
2802 4810 2988 4880 justus
3012 4810 3215 4883 gaudio
3234 4810 3263 4865 ?
3288 4826 3425 4868 mss.
3480 4811 3571 4883 qui
3614 4819 3763 4869 tanto

2583 4880 2644 4909 “'
2707 4883 2798 4938 Sic
2854 4880 3040 4939 ammt—
3077 4898 3183 4938 ms.
3258 4885 3322 4936 Α.
3384 4886 3409 4937 1
3472 4880 3559 4939 sic
3612 4884 3759 4939 enim

2785 4951 3063 5009 '“Alicubi
3105 4952 3365 5008 insedisse
3412 4971 3548 5009 mss.
3609 4958 3686 5009 A.
3727 4959 3752 5009 1

492 5017 592 5081 iet.
662 5027 719 5079 et
764 5022 897 5078 Edit
943 5020 1057 5095 Col.
1116 5018 1317 5074 alicubi
1374 5018 1658 5095 ζ’θεςθᾴἱξεθ-
1727 5017 1932 5095 “‘15ch
1982 5021 2101 5095 iam
2156 5040 2269 5095 eos
2343 5023 2687 5079 habebimus.
2740 5023 2862 5095 Sed
2916 5041 3020 5079 ms.
3065 5023 3144 5078 Α.
3209 5027 3235 5079 1
3298 5024 3437 5080 Ecce
3487 5027 3607 5095 jam
3662 5040 3757 5081 eos

430 5095 781 5160 habebimus,
836 5106 965 5147 ecce
1008 5091 1123 5159 jam
1200 5105 1296 5144 eos
1378 5090 1727 5160 habebimus.
1787 5090 1915 5147 Sed.

431 5166 628 5223 “‘Cum
658 5179 880 5219 suorum
899 5177 1003 5217 ms.
1038 5168 1108 5230 4,.
1148 5160 1171 5213 1
1199 5175 1578 5230 ριόᾼευοινυω.

430 5245 503 5293 Α.
537 5242 563 5293 1
605 5243 659 5291 et
689 5234 941 5290 Domino.

425 5325 530 5366 ms.
550 5312 625 5362 Δ.
667 5310 688 5361 1
725 5313 780 5361 et
806 5305 851 5359 si
881 5304 953 5357 ita
981 5300 1107 5355 sibi.

423 5379 485 5435 in
512 5377 842 5450 proprietate
874 5373 1020 5428 Edit.
1043 5372 1159 5429 Col.
1183 5372 1479 5429 retinuerat
1501 5372 1571 5429 de
1599 5372 2063 5445 proprietate’ms.
2109 5372 2253 5434 Vict.
2288 5382 2352 5433 13
2381 5379 2679 5435 retinuerat
2719 5379 2776 5433 in
2827 5372 3234 5450 proprietatem.
3347 5376 3482 5435 “’Se
3536 5394 3745 5437 errasse

423 5449 707 5508 canescit
725 5463 830 5504 ms.
865 5444 1080 5501 Victor.
1124 5447 1188 5498 13
1220 5460 1279 5498 se
1309 5459 1567 5508 peccasse
1593 5448 1891 5508 cognoscit.
2038 5446 2099 5476 ⁸⁸⁸
2130 5447 2271 5505 Eum
2298 5464 2459 5507 orans
2486 5467 2622 5506 mss.
2642 5452 2705 5506 Α.
2740 5453 2765 5505 1
2808 5446 2960 5505 Vict.
3003 5451 3065 5504 t3
3096 5453 3153 5507 et
3185 5447 3337 5506 Edit.
3370 5451 3568 5508 Colon.
3620 5465 3745 5507 eum

423 5444 707 5525 cognoscit
725 5444 1080 5525 nisti/"ictam
1107 5447 1193 5525 _l3_
1220 5460 1279 5525 se
1306 5459 1567 5525 peccasse
1593 5444 1891 5525 cognoscit.

423 5537 678 5603 0X9l‘ans.
821 5537 1074 5573 "'AUUUC
1102 5537 1349 5643 multis,
1381 5537 1427 5570 81
1458 5537 1592 5571 mu.
1626 5537 1679 5571 ει
1707 5537 1857 5573 nan.
1900 5537 2039 5601 μοιρτ

424 5609 519 5649 nui
540 5609 675 5652 mss.
697 5590 768 5650 Δ.
800 5592 825 5648 1
865 5586 1020 5646 Vict.
1055 5589 1121 5646 13
1151 5589 1211 5645 ει
1273 5588 1359 5645 dit
1381 5588 1496 5645 Col.
1532 5588 1793 5645 hactenus
1813 5597 2039 5647 retinui.

1985 5089 2173 5149 “"Sed
2239 5103 2585 5173 utquoquo
2619 5094 2789 5173 modo
2845 5109 2951 5151 ms.
2980 5099 3070 5173 ’ἐξ

1656 5159 1801 5217 “’lta
1854 5162 1993 5218 inter
2042 5180 2149 5219 ms.
2208 5171 2281 5220 Δ.
2322 5170 2346 5220 1

1033 5228 1507 5307 f‘}Eiqi_i_eAﬁde_lius
1538 5248 1669 5287 mss.
1703 5236 1819 5287 Δ.1
1867 5230 2116 5307 νεριηιδ
2149 5239 2206 5292 et
2222 5238 2350 5292 Edit
2373 5235 2486 5292 Col.
2521 5238 2682 5307 eique
2738 5235 2987 5291 ﬁdeliter.

1203 5300 1413 5376 “'Quid
1446 5318 1577 5376 ergo
1597 5320 1702 5359 ms.
1723 5307 1789 5358 Δ.
1824 5308 1849 5359 1
1913 5304 2056 5373 Ωιιίά
2082 5308 2334 5376 amplius-

821 5513 1077 5595 “:édhuc
1094 5513 1358 5595 indulge,
1381 5516 1427 5595 si
1458 5530 1592 5595 mss.
1626 5513 1689 5571 ef
1707 5518 1857 5573 Edit.
1900 5520 2089 5595 Colon.
2110 5521 2293 5579 adhuc
2317 5522 2493 5579 semel
2517 5521 2743 5595 indulge
2788 5520 2947 5590 mihi,
2995 5520 3065 5578 si.

3131 5099 3151 5149 1
3219 5095 3314 5167 sed
3345 5102 3402 5150 ut
3441 5095 3744 5167 quomodo.

2979 5161 3109 5219 ”°Et
3126 5234 3133 5235 ί
3148 5166 3304 5235 quod
3360 5161 3599 5221 Domino
3642 5184 3747 5223 ms.

3099 5234 3258 5291 "’Et
3310 5236 3354 5291 si
3385 5238 3459 5291 ita
3513 5237 3749 5293 Domino

2451 5306 2830 5363 "‘De’tinuerat
2858 5306 3207 5378 proprietatis
3249 5323 3387 5363 mss.
3447 5308 3745 5364 retinuerat

2451 5379 2679 5435 tinuerat
2719 5379 2776 5433 in
2827 5379 3234 5435 nronrietatem.
3347 5376 3482 5435 “’Se
3536 5394 3745 5435 errasse

3536 5394 3749 5437 emsse

2410 5165 2509 5221 sic'
2546 5165 2689 5221 enim
2736 5166 2897 5220 inter.

3210 5518 3548 5579 “’ﬂactenus
3610 5521 3745 5579 deti-
