4046 6076
364 252 468 305 645

1320 247 1446 304 LIB.
1488 246 1582 303 DE
1621 248 1684 305 S.
1730 248 2035 305 ANSELMI
2072 249 2681 309 SIMILITUDINIBUS.

3575 264 3680 317 646

363 382 622 445 quantum
650 382 862 445 potero,
896 372 1112 429 faciam.
1166 372 1251 440 Et,
1284 380 1341 427 ut
1388 387 1508 426 eam
1549 387 1708 442 seper
1752 374 1963 430 valeam
1991 375 2047 435 A
2074 376 2232 431 dum.
2266 375 2356 431 Sic
2384 376 2528 431 enim
2558 376 2675 431 sine
2703 376 2894 433 labore
2924 392 3143 449 semper
3163 379 3232 435 ab
3252 381 3475 438 inimico
3500 400 3597 440 suo
3613 400 3672 440 se

362 462 609 534 implere,
669 478 871 533 ponam
893 477 982 517 me
1027 462 1081 516 in
1107 459 1320 515 illorum
1350 460 1681 529 subjectione
1730 462 1822 531 qui
1880 478 1967 517 me

362 551 515 607 illam
546 552 717 607 sciant
740 555 802 606 et
833 550 1000 607 velint
1029 550 1227 606 docere
1256 547 1340 615 “’,
1365 557 1417 603 et
1446 550 1811 619 admonendo,
1840 565 1966 606 cor-

364 640 642 711 ripiendo,
683 639 1001 712 castigando
1057 638 1257 693 faciant
1303 636 1597 693 custodire.
1666 639 1746 692 De
1778 638 1970 708 quibus

362 728 622 784 omnibus
670 727 867 782 faciam
910 727 1003 781 tibi
1024 724 1426 797 jusjurandum,
1446 725 1488 780 si
1520 725 1651 780 mihi
1680 725 1970 780 indulseris

362 816 627 889 quidquid
651 817 908 871 hactenus
944 814 1163 885 deliqui.
1197 815 1352 869 Tunc
1407 813 1661 869 dominus
1696 831 1706 866 :
1741 814 1810 868 Et
1864 830 1969 885 ego

369 906 572 972 adhuc,
621 904 816 976 inquit,
874 902 1134 974 indulgeo
1164 901 1259 957 tibi
1290 901 1474 956 omnia
1495 917 1615 971 quae
1644 902 1804 973 petis,
1835 901 1880 956 si
1909 910 1969 956 tu

360 994 546 1050 omnia
574 992 767 1048 feceris
796 1008 919 1062 quae
949 990 1239 1062 promittis.
1274 990 1382 1045 Sed
1415 991 1519 1046 hoc
1547 990 1688 1044 scias
1710 989 1839 1061 quia
1869 989 1968 1043 nisi

357 1084 502 1139 hanc
528 1081 947 1138 conventionem
969 1077 1317 1143 custodieris,
1349 1078 1435 1132 vel
1495 1078 1541 1131 si
1587 1093 1709 1133 eam
1739 1093 1865 1133 casu
1915 1077 1970 1132 in

362 1171 553 1240 aliquo
588 1168 651 1199 ’“
681 1168 990 1234 violaveris,
1035 1167 1137 1222 nisi
1167 1166 1237 1220 ad
1273 1165 1522 1221 eamdem
1543 1167 1854 1236 paenitendo
1908 1164 1968 1195 ‘”

362 1259 610 1327 redieris,
668 1273 772 1329 per
800 1257 966 1312 aliam
1023 1257 1440 1312 conventionem
1470 1271 1559 1310 me
1585 1256 1803 1325 placare
1858 1271 1970 1312 non

361 1348 587 1421 poteris.
613 1347 825 1401 Eodem
853 1345 1033 1417 itaque
1061 1345 1228 1400 modo
1258 1346 1403 1401 inter
1439 1345 1612 1400 Deum
1642 1352 1695 1399 et
1723 1344 1969 1400 homines

359 1436 561 1509 agitur.
595 1435 740 1490 Deus
767 1435 912 1489 enim
944 1434 1121 1504 primo
1143 1433 1351 1488 homini
1404 1432 1660 1503 quiddam
1686 1434 1964 1503 precepit,

357 1525 445 1579 cui
498 1524 543 1579 si
598 1522 688 1578 ille
720 1522 1018 1591 obedisset,
1065 1522 1116 1576 ei
1150 1520 1389 1589 profecto
1420 1521 1710 1592 placuisset
1739 1518 1822 1576 δ”.
1856 1521 1968 1577 Sed

356 1612 490 1683 quia
511 1610 655 1666 illius
685 1618 1015 1682 praceptum
1045 1609 1326 1679 praeteriit.
1352 1609 1586 1680 gratiam
1633 1610 1752 1679 ejus
1780 1610 1967 1665 statim

2074 463 2270 534 poterit
2300 462 2557 519 liberare.
2590 464 2852 520 Similiter
2891 474 3076 521 autem
3132 466 3381 523 diabolus
3408 468 3467 498 ⁸⁷¹
3497 471 3673 539 plac.-

2077 559 2153 606 tat
2181 559 2367 607 contra
2396 552 2667 608 hominem
2705 570 2718 607 :
2754 553 2906 609 locus
2936 562 3115 611 autem
3164 555 3347 626 placiti
3400 557 3567 628 hujus
3596 567 3678 615 est

2076 654 2171 694 cor
2225 640 2458 695 hominis
2488 641 2659 710 ipsius
2690 638 2778 696 ‘7’.
2816 642 2899 697 Ad
2920 644 3065 699 hunc
3124 643 3303 714 itaque
3335 646 3512 700 locum
3548 647 3669 702 dia-

2076 726 2237 782 bolus
2262 729 2407 783 venit
2429 729 2499 783 ad
2525 728 2811 800 placitum.
2848 731 2913 784 Et
2945 731 3076 787 licet
3106 732 3241 787 sciat
3269 733 3410 803 quod
3468 743 3674 791 rectum

2076 828 2186 868 non
2209 813 2426 882 habeat,
2461 821 2641 870 tamen
2669 816 2743 869 ibi
2770 817 2971 871 asserit
3001 834 3189 872 verum
3239 835 3361 875 esse
3387 822 3533 892 quod
3566 822 3674 877 fal-

2076 918 2193 955 sum
2233 909 2333 959 est.
2376 910 2429 959 et
2457 901 2649 957 falsum
2697 905 2845 974 quod
2874 921 3059 959 verum
3092 910 3173 960 est
3200 904 3280 960 ⁸⁷³.
3318 908 3396 963 lbi
3449 926 3680 981 namque

2079 990 2209 1044 dicit
2240 989 2647 1062 cogitationem,
2683 1008 2843 1060 quam
2875 992 3129 1061 immittit,
3158 1011 3345 1051 veram
3390 1013 3526 1061 esse,
3563 1000 3676 1054 sci-

2078 1077 2202 1133 licet
2230 1079 2377 1149 quod
2404 1076 2465 1106 "‘
2495 1080 2660 1134 homo
2683 1079 2881 1135 debeat
2920 1083 3183 1137 mundum
3205 1084 3677 1157 diligere,divitias

2078 1174 2130 1221 et
2159 1166 2397 1221 honores
2426 1176 2699 1237 appetere,
2734 1168 3002 1223 desideria
3018 1171 3195 1225 carnis
3226 1174 3543 1244 adimplere,
3562 1176 3677 1231 haec

2077 1262 2131 1309 et
2180 1254 2265 1309 his
2312 1255 2512 1310 similia
2542 1256 2720 1310 facere
2755 1273 2768 1309 :
2805 1258 2947 1326 quod
2978 1258 3199 1327 quidem
3230 1261 3425 1316 falsum
3459 1271 3556 1317 est.
3592 1263 3671 1318 Ex

2077 1342 2185 1397 alia
2237 1358 2365 1399 vero
2396 1350 2547 1413 parte
2602 1344 2732 1399 dicit
2785 1359 2905 1399 esse
2938 1345 3136 1401 falsum
3167 1350 3314 1418 quod
3369 1351 3530 1405 homo
3573 1351 3676 1407 de-

2075 1432 2205 1487 beat
2231 1432 2494 1486 mundum
2524 1432 2856 1502 relinquere,
2883 1433 3101 1488 divitias
3150 1443 3204 1491 et
3258 1437 3489 1492 honores
3533 1454 3670 1493 con-

2076 1526 2346 1586 temnere,
2392 1520 2661 1576 desideria
2710 1521 2886 1576 carnis
2942 1522 3277 1593 abscindere,
3310 1525 3671 1597 eleeiiiosynis

2075 1616 2298 1679 peccata
2324 1624 2421 1664 sua
2444 1610 2708 1665 redimere
2734 1609 2818 1678 ⁸⁷⁸,
2852 1612 3235 1666 monachatum
3287 1612 3505 1667 demum
3527 1615 3673 1669 acci-

354 1699 617 1771 perdidit.
674 1699 825 1753 Hanc
868 1712 1006 1770 ergo
1062 1699 1111 1752 si
1168 1697 1399 1753 voluerit
1431 1699 1593 1753 homo
1617 1713 1959 1768 recuperare,
1991 1727 2046 1787 B
2074 1694 2303 1767 pere"",
2336 1699 2454 1752 hac
2486 1705 2539 1752 et
2572 1697 2679 1752 alia
2719 1698 2889 1753 multa
2920 1698 3096 1755 facere
3128 1717 3140 1753 :
3174 1700 3320 1770 quod
3378 1708 3544 1756 totum
3575 1720 3675 1759 ve-

359 1789 502 1844 sicut
529 1784 1030 1857 Deusjubet,jurat
1060 1785 1115 1841 in
1145 1785 1468 1856 baptismate
1498 1785 1642 1857 quod
1657 1786 1966 1842 audivimus

362 1877 521 1932 illum
551 1890 765 1931 servum
791 1875 1020 1944 jurasse.
1047 1873 1153 1929 Sed
1170 1875 1296 1946 quia
1331 1882 1385 1930 et
1413 1875 1515 1930 hoc
1536 1874 1712 1945 ipsum
1765 1874 1968 1945 saepius

366 1963 757 2037 transgreditur
775 1961 836 1990 ⁸⁸⁸
865 1963 1072 2018 relictis
1119 1963 1371 2018 omnibus
1422 1978 1546 2019 eum
1603 1962 1827 2033 propria
1872 1979 1967 2017 vo-

370 2056 592 2122 luntate,
616 2052 915 2108 monachus
943 2048 1003 2079 ⁸⁸⁴
1032 2049 1283 2107 edicitur.
1348 2054 1452 2107 Aut
1479 2066 1612 2125 ergo
1669 2049 1968 2106 monachus

368 2142 686 2210 salvabitur,
719 2148 812 2196 aut
838 2140 999 2195 aliter
1025 2140 1369 2195 damnabitur
1405 2140 1490 2194 ⁸⁸⁸.

910 2230 1131 2285 CAPUT
1170 2229 1410 2284 LXXIV.

358 2322 419 2377 Si
424 2321 546 2378 mili
554 2320 686 2376 tudo
700 2320 858 2375 inter
866 2318 1150 2375 diabolum
1162 2322 1217 2373 ct
1232 2319 1307 2373 im
1313 2317 1963 2389 probumplacitatorem-

437 2408 641 2465 Verum
672 2407 952 2463 sciendum
973 2414 1053 2462 est
1091 2409 1217 2476 quia
1246 2404 1307 2434 “‘
1339 2408 1418 2462 sic
1464 2406 1688 2476 placitat
1716 2404 1964 2460 diabolus

366 2504 559 2555 contra
587 2496 869 2551 hominem
893 2494 1170 2565 quomodo
1198 2493 1482 2565 improbus
1508 2493 1794 2565 placitator
1821 2509 1960 2549 con-

363 2594 447 2641 tra
485 2585 647 2641 alium
678 2584 933 2654 aliquem.
993 2583 1279 2654 Improbus
1314 2582 1462 2638 enim
1520 2582 1806 2653 placitator
1832 2582 1960 2637 licet

361 2690 472 2729 non
502 2673 703 2728 habeat
733 2680 936 2727 rectum
957 2668 1039 2740 ⁸⁸⁷,
1073 2680 1250 2726 tamen
1300 2674 1523 2742 propter
1551 2670 1959 2740 improbitatem

359 2778 512 2818 suam
544 2760 767 2817 veniens
796 2761 865 2815 ad
921 2761 1199 2830 placitum,
1231 2762 1334 2816 hoc
1363 2760 1511 2830 quod
1543 2766 1626 2815 est
1680 2758 1956 2828 injustum,

349 2851 580 2920 justum,
613 2858 665 2905 et
705 2849 846 2918 quod
879 2856 961 2903 est
976 2849 1182 2917 justum
1205 2847 1321 2903 vult
1347 2847 1632 2903 ostendere
1655 2846 1947 2917 injustam.

357 2939 466 2996 Sed
496 2955 618 2995 cum
649 2953 773 2992 eum
800 2936 997 3005 aliquis
1030 2935 1374 3005 jurisperitus
1391 2935 1562 3000 audit,
1612 2943 1665 2990 et
1694 2935 1821 3006 quia
1849 2952 1958 2991 non

358 3034 569 3085 rectam
628 3026 827 3081 habeat
880 3040 1098 3081 causam
1129 3024 1394 3096 agnoscit,
1420 3023 1629 3092 judicat
1656 3037 1778 3077 esse
1806 3023 1955 3093 inju-

351 3126 495 3172 stum
526 3116 669 3186 quod
692 3114 782 3170 ille
797 3113 1012 3169 dicebat
1021 3114 1243 3182 justum,
1268 3120 1319 3167 et
1338 3127 1457 3168 esse
1479 3112 1685 3180 justum
1701 3112 1847 3181 quod
1862 3113 1955 3167 ille

349 3204 624 3261 asserebat
644 3200 1138 3273 injustum.Sicque
1158 3201 1250 3255 ille
1266 3200 1550 3256 convictus
1566 3214 1599 3254 a
1618 3199 1818 3269 placito
1833 3200 1953 3253 dis-

350 3293 495 3348 cedit
518 3293 731 3359 dolens,
756 3291 900 3362 quod
936 3290 1141 3362 aliquid
1173 3289 1352 3344 facere
1374 3304 1482 3344 non
1506 3288 1701 3359 poterit
1721 3285 1806 3343 ⁸⁸⁸.
1845 3287 1958 3344 Sed

348 3382 627 3454 aliquanto
657 3387 903 3448 tempore
932 3386 1220 3443 transacto,
1253 3386 1540 3448 postquam
1565 3377 1951 3445 hocjudicium

345 3477 503 3541 putat
557 3467 818 3524 oblivioni
846 3483 963 3522 esse
1018 3466 1298 3534 traditum,
1330 3480 1487 3520 suam
1522 3481 1711 3520 rursus
1762 3465 1956 3534 incipit

345 3573 590 3621 causam,
621 3557 809 3612 dicens
837 3555 940 3610 sibi
985 3554 1104 3609 ﬁeri
1166 3553 1439 3624 injuriam.
1473 3552 1634 3622 Quod
1690 3553 1736 3609 si
1763 3552 1959 3623 aliquis

344 3647 451 3702 sibi
472 3645 673 3701 dixerit
701 3646 805 3699 hoc
856 3645 971 3714 jam
1001 3658 1121 3699 esse
1154 3641 1458 3708 deﬁnitum,
1494 3642 1627 3698 dicit
1670 3658 1779 3697 non
1810 3649 1958 3697 recte

345 3750 466 3790 esse
489 3734 796 3803 judicatum
816 3730 898 3786 “'.
933 3732 1040 3787 Sed
1065 3732 1155 3787 ille
1185 3732 1315 3801 Quid
1345 3730 1516 3786 semel
1539 3731 1653 3799 jam
1688 3731 1830 3795 vicit,
1850 3745 1960 3785 non

1981 3075 2030 3140 C

2076 1801 2198 1839 rum
2227 1785 2491 1855 probatur
2537 1801 2674 1841 esse.
2704 1786 2809 1841 Sed
2837 1803 2960 1841 cum
3016 1788 3230 1858 aliquis,
3279 1788 3372 1860 qui
3401 1788 3540 1846 inter
3583 1808 3674 1846 re-

2074 1881 2197 1928 ctos
2254 1881 2307 1928 et
2360 1888 2471 1929 non
2519 1881 2694 1929 rectos
2723 1874 2989 1946 cogitatus
3016 1876 3467 1946 scitdiscernere,
3527 1879 3675 1936 audit

2075 1961 2350 2016 diabolum
2373 1962 2427 2016 in
2458 1961 2621 2019 corde
2653 1978 2757 2018 suo
2788 1964 2903 2019 hac
2932 1963 3132 2028 dicere,
3160 1964 3373 2033 jiidicat
3416 1965 3672 2035 injustam

2074 2065 2192 2105 esse
2218 2050 2511 2122 cogitatum
2530 2066 2693 2120 quem
2723 2050 2814 2105 ille
2844 2066 2959 2107 esse
2982 2051 3184 2119 justum
3216 2052 3448 2118 dicebat,
3482 2063 3534 2110 et
3555 2071 3672 2111 esse

2064 2137 2275 2207 justum
2304 2154 2467 2208 quem
2496 2137 2585 2193 ille
2613 2138 2869 2207 injustum
2929 2155 3049 2195 esse
3089 2138 3411 2196 aﬂirmabat.
3443 2143 3512 2196 Et
3566 2145 3671 2199 hoc

2067 2225 2276 2296 judicio
2333 2226 2494 2292 facto,
2553 2226 2739 2297 abjicit
2794 2226 3055 2297 injustum
3084 2238 3137 2283 et
3174 2229 3418 2301 sequitur
3440 2231 3668 2301 justum,

2072 2324 2534 2386 contemnensque
2588 2315 2850 2371 saeculum
2889 2313 2950 2343 ⁵⁷⁷
2998 2318 3202 2372 accedit
3256 2318 3325 2372 ad
3369 2321 3671 2376 monacha-

2071 2410 2184 2457 tum
2203 2393 2283 2457 ⁵⁷⁸.
2341 2403 2545 2473 Sicque
2601 2403 2850 2459 diabolus
2879 2406 3155 2461 convictus
3180 2423 3211 2460 a
3238 2406 3419 2461 cordis
3470 2408 3670 2479 placito

2069 2490 2293 2560 recedit,
2318 2493 2772 2563 contristaturque
2803 2493 2925 2563 quia
2956 2494 3175 2550 vincere
3199 2510 3305 2549 non
3336 2497 3528 2565 potuit.
3563 2497 3671 2554 Sed

2067 2587 2356 2650 postquam
2414 2588 2594 2649 sperat
2645 2580 2897 2636 diabolus
2926 2582 3052 2649 quia
3083 2583 3246 2638 homo
3276 2582 3476 2638 oblitus
3516 2584 3675 2640 fuerit

2066 2667 2216 2738 quod
2245 2676 2405 2724 antea
2432 2670 2509 2723 sic
2532 2668 2883 2740 judicaverat
2908 2666 2989 2736 ⁸⁸⁷⁸,
3020 2679 3217 2740 putans
3246 2688 3370 2726 eum
3400 2672 3454 2726 in
3486 2672 3668 2743 aliqua

2064 2764 2218 2827 parte
2273 2771 2431 2828 posse
2476 2756 2722 2813 invenire
2751 2756 3099 2813 immunitum
3145 2757 3226 2827 “°,
3286 2760 3357 2814 ad
3413 2760 3665 2814 eumdem

2065 2845 2246 2900 locum
2277 2844 2456 2900 cordis
2483 2844 2791 2912 revertitur,
2836 2852 3204 2918 renovatoque
3250 2847 3472 2917 placito,
3507 2849 3658 2919 quasi

2060 2948 2171 2988 non
2218 2940 2363 2987 recte
2418 2931 2660 3000 deﬁnito,
2720 2935 3087 3006 conqueritur.
3150 2933 3309 3004 Quod
3358 2936 3401 2990 si
3442 2936 3533 2991 ille
3563 2951 3663 3006 pro

2062 3028 2208 3076 certo
2224 3021 2544 3092 cognoverit
2571 3020 2699 3093 quia
2717 3020 2775 3049 ⁶⁸¹
2805 3030 3011 3078 rectum
3036 3023 3308 3093 judicavit
3337 3025 3393 3078 in
3422 3039 3488 3079 eo
3522 3024 3668 3096 quod

2062 3108 2317 3163 seculum
2347 3107 2765 3179 relinquendum
2794 3125 2911 3166 esse
2939 3111 3420 3177 censuit,diabolus
3475 3112 3657 3167 statim

2063 3211 2171 3252 non
2225 3211 2344 3251 esse
2370 3204 2578 3251 rectum
2628 3199 2923 3268 respondet
2946 3207 3005 3253 ut
3033 3216 3158 3254 eum
3186 3204 3296 3254 tam
3328 3201 3433 3256 cito
3465 3201 3548 3255 vel
3592 3199 3671 3254 ita

2066 3284 2288 3340 omnino
2308 3284 2605 3352 desereret,
2630 3286 2808 3341 adhuc
2828 3301 2988 3356 posse
3018 3287 3128 3341 sibi
3159 3287 3284 3357 ipsi,
3335 3288 3666 3343 remanendo

2063 3374 2119 3427 in
2148 3372 2364 3439 saeculo,
2399 3373 2703 3444 iudulgere,
2751 3374 3087 3445 pauperibus
3132 3376 3220 3432 vel
3288 3377 3400 3431 suis
3428 3376 3497 3432 ad
3545 3392 3668 3431 eum

2066 3460 2482 3532 respicientibus
2539 3461 2824 3518 subvenire
2884 3461 2964 3516 ⁸⁸⁸.
3034 3462 3143 3518 Sed
3199 3464 3291 3519 ille
3346 3465 3436 3535 qui
3494 3464 3670 3520 semel

2068 3550 2333 3605 mundum
2398 3549 2691 3620 ipsumque
2718 3551 2996 3606 diabolum
3035 3563 3182 3607 recte
3234 3561 3511 3624 superavit
3561 3568 3670 3607 non

2070 3647 2218 3696 curet
2247 3654 2314 3695 ea
2336 3636 2398 3666 ⁸⁸³
2426 3655 2549 3711 qua:
2598 3640 2971 3696 fraudulenter
3021 3641 3070 3697 ei
3102 3642 3254 3711 dicit,
3305 3642 3398 3698 sed
3456 3641 3669 3696 ﬁrmum

2070 3733 2251 3783 teneat
2269 3726 2329 3754 “‘
2385 3728 2512 3797 quia
2568 3728 2715 3799 quod
2772 3729 2940 3785 semel
2963 3730 3112 3799 juste
3142 3738 3193 3786 et
3224 3730 3527 3787 stabilitum
3557 3746 3667 3785 non

2071 3825 2149 3872 est
2176 3814 2438 3873 denuo‘“
2468 3816 2872 3885 destruendum,
2934 3827 2986 3873 et
3040 3820 3188 3890 quod
3245 3820 3479 3892 denique
3521 3822 3671 3875 recte

2072 3905 2314 3962 definivit
2369 3906 2781 3977 relinquendum
2812 3922 2922 3963 non
2951 3916 3035 3962 est
3062 3908 3261 3965 iterum
3292 3907 3349 3937 ⁸⁸⁸
3405 3914 3672 3981 appeten-

345 3824 590 3880 attendat
616 3822 684 3876 ad
712 3837 777 3875 ea
807 3836 930 3892 quae
960 3820 1108 3887 dicit,
1141 3820 1239 3876 sed
1287 3826 1496 3873 tantum
1556 3820 1702 3874 dicat
1731 3837 1747 3874 :
1808 3817 1960 3886 Quod

343 3912 615 3968 semelest
634 3909 770 3965 bene
785 3909 1109 3977 deﬁnitum,
1127 3923 1243 3965 non
1265 3911 1353 3964 est
1375 3909 1591 3964 iterum
1608 3904 1669 3935 ⁸⁷⁰
1682 3907 1958 3979 ἱησίρίεηο

1660 4075 1890 4134 VARIE
1926 4072 2338 4131 LECTIONES.

423 4218 673 4295 “’Sciaiit
699 4227 751 4295 et
778 4220 946 4295 velint
975 4218 1170 4295 docere
1197 4234 1305 4295 ms,
1344 4221 1405 4276 Α.
1437 4219 1608 4274 sciant
1628 4218 1845 4295 docere.
1876 4217 2028 4295 A“_°In
2060 4234 2193 4295 casu
2251 4223 2432 4295 aliquo
2461 4240 2593 4281 mss.
2626 4228 2734 4283 Α.1
2773 4226 2921 4283 Vict.
2952 4231 3015 4282 13
3034 4229 3182 4286 Edit.
3220 4229 3414 4289 Colon.
3454 4247 3583 4289 casu
3614 4236 3672 4290 in

352 4293 553 4371 aliquo.
585 4291 999 4371 “‘Adeandem
1027 4291 1401 4371 paenitentiam
1431 4292 1825 4371 71-188..et5dit.
1861 4290 1983 4371 cel.
2011 4290 2090 4371 ad
2107 4290 2358 4371 eamdem
2384 4297 2722 4371 paenitendo.
2743 4295 3128 4371 _‘“Obed_isset,
3184 4301 3425 4371 profecto
3460 4305 3676 4363 fecisset

350 4360 495 4434 quod
520 4363 699 4446 facere
725 4362 1008 4446 debuisset
1028 4360 1248 4442 etquod
1271 4362 1707 4446 Dgonplacuisset
1739 4360 2250 4446 mss.obedisset,‘ei
2306 4360 2549 4446 profecto
2578 4368 2892 4446 placuisset.
2959 4360 3234 4446 “fsiepiiis
3280 4360 3673 4446 transgreditur

347 4430 560 4508 ihs._A.
621 4438 670 4508 t_
699 4434 951 4508 emittit,
1008 4430 1231 4508 saepius.
1320 4430 1835 4508 f“0mrii_bus,_cum
1862 4434 2081 4508 propria
2108 4430 2403 4508 voluntate,
2435 4430 2754 4504 Monachus,
2795 4457 2902 4495 ms.
2961 4430 3528 4508 A.it'omnibus.v°“
3547 4430 3668 4501 Ali-1

347 4513 431 4580 ter
457 4504 802 4580 damnabitur
821 4503 1108 4580 Edit:__C'_01.
1141 4504 1278 4580 alter
1304 4502 1654 4580 damnabitur
1680 4503 1798 4571 (sed
1823 4504 2023 4580 inple.)
2057 4575 2085 4580 Α
2105 4504 2370 4580 l’f‘Vcrum
2391 4502 2683 4580 sciendum
2716 4502 2818 4576 est,
2851 4510 2977 4580 quia
3006 4502 3114 4566 nis.
3150 4518 3209 4568 A.
3270 4517 3290 4566 1
3366 4516 3562 4570 Verum
3618 4518 3667 4573 ei

344 4574 840 4653 sciendum,_quia.
900 4570 1107 4653 β’ᾞοη
1150 4573 1575 4653 habeatjiistum
1607 4570 1739 4627 mis.
1767 4580 1824 4653 et
1855 4570 2242 4653 [fidit-gown.
2281 4580 2401 4633 Non
2426 4579 2641 4653 habeat
2669 4570 2897 4635 rectum.
2984 4580 3207 4650 “'Quod
3236 4584 3438 4653 aliquid
3484 4570 3671 4643 facere

346 4660 459 4700 non
498 4642 844 4725 poterit—ms.
883 4645 1007 4725 Αζ
1042 4643 1188 4725 quod
1203 4644 1365 4725 aliud
1396 4643 1567 4725 facere
1598 4660 1704 4697 non
1732 4644 1959 4725 potuit.”
2015 4642 2244 4703 “'Recte
2274 4664 2393 4703 esse
2415 4648 2857 4725 judicatumms.
2888 4652 2931 4725 Α
2944 4653 3015 4725 .-1
3050 4642 3196 4709 rccte
3216 4642 3344 4709 esse
3394 4642 3669 4725 dijudica;

350 4712 518 4770 tum.’
570 4712 755 4769 "‘Non
776 4714 1005 4769 attendit
1034 4712 1169 4768 ad...
1200 4722 1400 4768 tantum
1432 4713 1560 4783 dicit
1592 4732 1606 4768 :
1636 4712 1744 4768 non
1774 4730 1894 4769 esse
1923 4713 2121 4769 iterum
2144 4734 2277 4774 mss.
2309 4727 2374 4773 Α,
2412 4712 2437 4774 ἰ
2492 4719 2629 4776 Vict.
2674 4722 2740 4775 13
2770 4726 2826 4777 et
2892 4721 3039 4777 Edit,
3101 4725 3213 4779 Col,
3263 4741 3374 4780 non
3431 4712 3670 4783 ahenam

349 4786 443 4863 ad.
465 4825 510 4843 ..
543 4785 986 4863 tiintii_m_d_icat.1
1010 4791 1217 4863 nonest
1255 4785 1476 4840 iterum.
1514 4781 1786 4863 “Labore
1815 4788 1884 4863 ab
1920 4783 2140 4841 inimico
2170 4804 2268 4843 suo
2297 4788 2641 4863 se__liberare
2689 4792 2904 4862 poterit.
2962 4792 3197 4863 Semper
3231 4805 3413 4851 autem
3438 4781 3443 4782 ί
3469 4781 3667 4855 diside

345 4859 430 4929 lus
457 4872 591 4929 mu.
633 4859 691 4911 et
743 4857 897 4913 Edil.
936 4855 1077 4929 _Col._
1119 4855 1305 4929 labore
1332 4854 1648 4929 semperab
1677 4855 1901 4911 inimico
1931 4870 2029 4911 suo
2058 4873 2115 4912 se
2144 4859 2337 4929 poterit
2362 4859 2610 4915 liberare.
2670 4854 2932 4918 Similiter
2975 4854 3246 4920 diabolus.
3356 4854 3669 4926 "’Hominis

346 4927 578 5009 alicujus
595 4932 843 5012 τηεμ-Α.
875 4929 898 4981 1
934 4926 1169 4982 hominis
1200 4925 1412 5012 ipsius:
1450 4922 1470 4927 ⁷
1498 4922 1624 5012 “Et
1652 4934 1872 5012 econtra
1898 4940 2018 5012 ρης.
2248 4937 2301 4984 et
2330 4929 2526 4985 falsum
2555 4933 2700 5012 quod
2742 4949 2934 5012 verum
2982 4943 3084 4989 est.
3184 4922 3669 5012 "‘Cogitatiione'm‘,

342 4996 505 5068 quam
536 4997 798 5071 immittit,
828 5011 1010 5052 veram
1041 5011 1180 5071 esse,
1214 4996 1438 5064 scilicet,
1462 4996 1616 5071 quod
1644 5012 1750 5071 nis.
1777 5005 1849 5071 ΔΔ.
1892 4998 2303 5071 Lcogitatione,
2337 5015 2499 5071 quam
2551 4996 2809 5070 immittit,
2844 5021 3032 5060 verum
3071 5021 3192 5062 esse
3221 4996 3390 5071 quod.
3440 4996 3669 5068 “‘Eleel

338 5063 583 5146 mosypis
613 5063 840 5146 peccata
869 5083 969 5122 sua
998 5063 1262 5122 redimere
1291 5083 1395 5123 ms.
1426 5063 1504 5146 'A_.'
1533 5070 1556 5121 1
1592 5068 1832 5146 omittit.
1878 5063 2329 5146 _""_._\l6nachatuii_i
2354 5063 2583 5146 :demum
2609 5063 2860 5146 accipere
2881 5091 2985 5131 ms.
3018 5077 3093 5132 Α.
3128 5079 3151 5131 1
3188 5063 3261 5133 ad
3290 5063 3670 5139 Monach—alain

339 5135 636 5217 ερρέιξςτθῖ
687 5136 1263 5217 ,⁵⁷⁷οοοιεωυεηεςῐυθ
1310 5135 1572 5217 mendam
1619 5153 1754 5217 τηεκ
1781 5141 1893 5217 A-i
1939 5140 2257 5217 Vagae;
2285 5141 2440 5217 aut.
2492 5135 3103 5217 001.contemnensque
3150 5135 3429 5207 saeculum.
3460 5135 3668 5211 ’θέλε

337 5211 469 5282 cipit
491 5209 871 5287 Monacliatum
898 5226 1005 5265 ms.
1030 5217 1097 5264 Α.
1146 5207 1416 5287 {accedit
1444 5207 1513 5287 ad
1544 5210 1943 5287 monachatum.
2030 5208 2186 5287 "’Sic
2222 5212 2561 5287 judicaverat
2589 5232 2698 5287 riis.
2726 5219 2793 5271 Α.
2839 5218 2970 5273 tsic
3006 5207 3374 5287 'judicaverit.
3493 5207 3667 5280 misu-

342 5279 460 5338 tahs
490 5295 609 5365 eum
631 5280 688 5365 in
717 5280 895 5351 aliqua
920 5288 1109 5365 “parte
1134 5294 1300 5365 posse
1328 5280 1574 5365 invenire
1610 5279 1954 5365 immunitum
1984 5297 2088 5365 his.
2121 5286 2183 5337 Α.
2219 5279 2240 5338 1
2277 5283 2519 5365 omittit.
2580 5283 2771 5365 .mllle
2812 5303 2914 5365 pro
2958 5279 3107 5365 certo
3168 5293 3486 5365 cognoverit
3542 5279 3670 5365 quia

335 5354 592 5430 ωειλ-,ἕ
627 5350 721 5406 ί¹¹θ
762 5348 831 5430 ei
886 5348 995 5430 alia
1030 5348 1184 5430 Ρθνίθ
1240 5349 1580 5430 cogitaveris.
1633 5350 1779 5430 quia:
1861 5348 2119 5430 ".‘Adhuc
2174 5370 2334 5430 posse
2361 5348 2954 5430 SiblipsiremanEndo
2984 5358 3039 5412 in
3066 5348 3287 5428 saecula,
3333 5348 3664 5430 ίηειιιιαρῖ-ξξ

336 5368 446 5409 ms.
470 5367 592 5407 4.1
627 5367 721 5406 iiie
762 5367 831 5406 ex
886 5367 1184 5477 aiianiarie
1240 5367 1580 5423 cogitaverit,
1633 5367 1779 5422 quia.
1861 5367 2119 5408 "'Aanuc
2174 5370 2334 5425 posse
2361 5367 2461 5410 sum
2491 5372 2595 5428 ipsi
2624 5367 2954 5414 remanendo
2984 5367 3039 5412 in
3066 5367 3287 5428 saeculo,
3333 5367 3483 5418 indul
3527 5382 3617 5421 ere
3650 5387 3655 5430 ς

336 5421 691 5553 pauperibus,
721 5421 810 5478 vel
840 5420 953 5478 suis
982 5490 1043 5522 ω
1078 5436 1200 5477 eum
1228 5420 1664 5491 respicientibus,
1695 5422 1980 5480 subvenire
2006 5440 2114 5510 nis.
2136 5430 2196 5479 Α.
2222 5428 2245 5481 1
2284 5427 2516 5483 omittit.
2577 5426 2762 5485 "'Non
2790 5444 2918 5487 cura
2977 5445 3043 5485 ea
3072 5446 3206 5487 mu.
3238 5436 3308 5488 Α.
3346 5438 3369 5489 1
3404 5439 3462 5490 et
3488 5381 3655 5493 ἥίὶει.

378 5497 409 5549 3
468 5509 577 5549 non
632 5501 784 5550 curet
837 5507 923 5549 ea.
1046 5492 1155 5549 Sed
1184 5491 1397 5547 tinuum
1423 5499 1566 5547 tenet
1592 5509 1728 5549 mss.
1754 5497 1820 5548 Α.
1856 5496 1962 5551 iet
2001 5492 2142 5553 Vict.
2177 5498 2241 5552 13
2271 5498 2365 5553 sed
2388 5496 2601 5553 ﬁrmum
2634 5508 2825 5553 teneat.
2912 5494 3097 5553 “‘Non
3155 5515 3271 5553 esse
3312 5504 3494 5553 denuo
3524 5523 3655 5553 ηω.

378 5497 409 5549 3
449 5490 784 5566 inonucuret
837 5507 923 5549 ea.
982 5490 1155 5566 “‘Sed
1184 5490 1566 5566 tinnunitenet
1592 5509 1728 5566 mss.
1754 5497 1820 5548 Α.
1856 5496 1962 5551 tet
2001 5492 2142 5553 Vict.
2177 5498 2241 5552 13
2271 5498 2365 5553 sed
2388 5496 2601 5553 ﬁrmum
2634 5508 2825 5559 teneat.
2912 5494 3097 5558 "‘Non
3155 5515 3271 5558 esse
3312 5504 3494 5563 denuo

335 5570 409 5621 Α.
437 5563 462 5621 1
498 5568 557 5623 ct
595 5562 748 5624 Vict.
784 5565 978 5624 t3non
997 5563 1300 5623 estdenuo.
1352 5560 1539 5623 "‘Non
1565 5578 1686 5623 esse
1713 5564 1909 5622 iterum
1936 5581 2045 5626 mi.
2074 5570 2145 5621 Α.
2174 5570 2199 5624 1
2234 5583 2342 5625 non
2368 5576 2449 5627 est
2476 5569 2690 5628 iterum.
