4046 6076
352 234 402 249 “’
459 268 559 327 et?

1454 253 1767 315 EADMERI
1805 257 2121 314 MONACHI
2160 253 2734 318 CANTUARIENSIS.

3635 261 3738 322 648

430 399 579 453 dum.
640 393 735 449 Sic
791 392 943 447 enim
975 388 1152 453 facile,
1184 390 1298 443 Deo
1337 383 1704 450 subveniente,
1749 382 2025 437 diabolum
2053 382 2109 441 A
2140 384 2448 439 versatione
2468 385 2724 456 gaudium
2752 394 2835 443 est
2860 389 3165 447 securitatis
3194 399 3354 449 tantae
3382 402 3441 450 ut
3497 398 3739 469 quisquis

430 500 650 554 semper
670 480 873 554 poterit
901 478 962 510 ⁸⁸⁷
991 492 1267 546 superare.

985 566 1203 621 CAPUT
1242 564 1462 619 LXXV.
1872 647 1930 676 ω.

506 658 829 719 Similitudo
859 656 1016 710 inter
1046 655 1220 710 Deum
1250 657 1305 707 et
1335 652 1635 724 quemlibet
1657 665 1839 721 regem
1872 652 1952 703 "'.

494 754 636 806 Deus
666 751 789 819 ipse
821 744 882 773 "'
913 744 990 797 sic
1048 741 1360 795 inimicitias
1402 747 1618 795 exercet
1638 739 1896 793 adversus
1911 737 2024 790 dia-

422 843 605 896 bolum
642 834 917 909 quomodo
947 848 1041 886 rex
1064 829 1290 901 quidam
1318 836 1508 883 contra
1525 827 1830 897 principem
1843 840 2026 895 quem-

433 933 565 986 dam
598 924 876 982 inimicum
933 936 1109 976 suum.
1143 919 1242 973 Hic
1272 925 1449 972 autem
1480 933 1570 972 rex
1593 915 1757 970 habet
1775 915 1829 969 in
1855 928 2025 984 regno

426 1037 524 1076 suo
558 1017 745 1073 villam
771 1011 1065 1068 admodum
1096 1007 1349 1078 amplam.

960 1097 1180 1152 CAPUT
1245 1095 1494 1150 LXXVI.

528 1200 603 1253 De
628 1206 819 1264 regno,
841 1189 1069 1253 etvitla,
1093 1190 1146 1239 et
1169 1182 1423 1251 cartello,
1447 1187 1502 1239 et
1524 1183 1814 1252 dungeone
1837 1178 1916 1234 "°.

487 1290 547 1341 In
583 1284 713 1338 villa
755 1294 883 1334 vero
911 1291 1001 1331 rex
1029 1274 1194 1328 habet
1222 1272 1503 1326 castellum
1535 1270 1830 1340 quoddam,
1864 1283 2027 1336 supra

417 1373 713 1432 castellum
771 1375 950 1422 autem
1007 1377 1173 1416 unum
1233 1361 1587 1432 dungeonem
1644 1355 1726 1413 “‘.
1781 1359 1843 1411 In
1874 1356 2022 1415 villa,

418 1463 672 1535 quaedam
732 1457 933 1511 domus
987 1459 1111 1505 sunt
1147 1449 1364 1514 validm,
1426 1447 1609 1519 plures
1630 1445 2026 1535 invalidaelln

415 1532 644 1607 castello
696 1549 879 1600 autem
924 1540 1153 1594 firmitas
1206 1546 1285 1592 est
1342 1545 1491 1591 tanta
1538 1543 1614 1602 ut,
1645 1534 1688 1588 si
1728 1534 1848 1603 quis
1896 1532 2023 1587 illuc

421 1635 749 1709 confugerit,
788 1631 890 1686 nisi
940 1629 1065 1683 inde
1112 1626 1348 1694 redierit,
1409 1625 1477 1680 ab
1516 1623 1697 1693 aliquo
1728 1622 1879 1709 laedi
1911 1638 2022 1676 non

421 1729 607 1799 possit.
665 1723 837 1776 Tanta
865 1733 996 1773 vero
1044 1713 1309 1770 securitas
1339 1721 1420 1769 est
1448 1714 1503 1766 in
1539 1708 1911 1783 dungeone‘“

422 1818 465 1869 si
495 1814 618 1885 quis
652 1811 779 1864 illuc
799 1807 961 1862 semel
992 1805 1189 1875 poterit
1218 1801 1533 1866 ascendere,
1593 1814 1867 1869 nunquam
1897 1815 2020 1854 eum

427 1904 554 1957 inde
584 1900 749 1955 libeat
779 1896 973 1951 redire.
1009 1894 1135 1947 Haec
1163 1899 1344 1945 autem
1373 1888 1553 1944 omnia
1583 1889 1674 1942 ille
1711 1905 1802 1942 rex
1861 1887 2023 1942 habet

424 1993 479 2046 in
509 1994 777 2062 potestate
810 2000 925 2039 sua.
956 1982 1217 2035 Inimicus
1244 1994 1375 2034 vero
1404 1977 1523 2047 ejus
1547 1985 1628 2031 est
1656 1977 1760 2030 ista
1790 1975 1943 2030 fortis
1965 1983 2021 2030 ut

426 2058 688 2152 quidquid
716 2058 899 2129 ‘extra
953 2070 1137 2124 villam
1198 2068 1421 2132 invenit,
1454 2066 1575 2120 sine
1604 2065 1715 2120 ullo
1735 2063 2018 2119 obstaculo

415 2167 871 2236 comprehensum
902 2159 1136 2214 abducat
1162 2155 1251 2209 "’.
1289 2157 1349 2209 In
1382 2156 1552 2225 ipsam
1586 2169 1801 2225 quoque
1830 2152 2017 2208 villam

418 2256 615 2327 saepius
644 2254 830 2317 intrat,
864 2256 918 2303 et
946 2248 1139 2302 domos
1168 2260 1302 2315 quas
1331 2244 1532 2297 invenit
1589 2241 1860 2296 invalidos
1889 2241 2016 2296 vio-

422 2348 515 2413 lat,
550 2357 751 2413 eosque
778 2338 868 2409 qui
898 2335 1197 2390 inhabitant
1242 2332 1488 2403 captivos
1517 2347 1639 2385 cum
1668 2329 1779 2384 suis
1830 2346 2019 2400 aspor-

418 2443 489 2489 [αἱ
520 2432 601 2486 ⁸⁸⁸.
633 2431 762 2485 Illas
791 2442 919 2482 vero
974 2440 1108 2495 quas
1139 2421 1323 2476 ﬁrmas
1354 2420 1576 2485 invenit,
1610 2427 1892 2489 postquam
1924 2435 2017 2474 eas

418 2525 727 2591 irrumpere
760 2516 963 2585 nequit,
996 2513 1064 2567 ad
1098 2519 1401 2567 extremum
1434 2509 1631 2563 invitus
1662 2508 1902 2562 dimittit.
1956 2506 2016 2562 In

415 2609 699 2669 castellum
751 2618 966 2676 quoque
1018 2615 1129 2654 non
1179 2603 1355 2669 potest
1385 2597 1696 2662 ascendere,
1760 2611 1859 2650 nec
1888 2596 2017 2651 illuc

418 2694 860 2767 confugientibus
889 2690 1182 2759 quidquam
1205 2686 1332 2740 mali
1364 2686 1564 2753 facere,
1597 2685 1702 2737 nisi
1760 2684 2015 2739 redierint

418 2789 484 2841 ad
518 2784 761 2855 praelium
794 2779 958 2832 villae.
996 2778 1102 2830 Sed
1135 2775 1179 2828 si
1212 2790 1393 2828 amore
1452 2788 1669 2827 suorum
1730 2781 2012 2841 parentum

415 2872 688 2936 redierint,
738 2868 865 2938 quia
909 2881 1005 2919 eos
1056 2862 1282 2916 audiunt
1312 2860 1485 2916 occidi
1519 2868 1567 2913 et
1598 2859 1742 2913 male
1801 2860 2013 2913 tractari

410 2961 493 3031 °°",
526 2970 577 3015 et
608 2975 709 3030 per
740 2957 983 3010 foramen
1014 2951 1100 3007 vel
1148 2949 1439 3005 fenestram
1494 2948 1703 3003 curiose
1760 2963 2014 3016 respexe-

410 3053 540 3119 rint,
592 3055 716 3103 tunc
763 3060 857 3099 eos
881 3040 1037 3096 facile
1065 3038 1314 3095 occidere
1345 3045 1432 3091 aut
1470 3036 1760 3091 vulnerare
1790 3035 2006 3106 poterit.

412 3139 757 3208 Quapropter
784 3146 1007 3187 necesse
1026 3136 1109 3182 est
1137 3127 1214 3181 eis
1244 3134 1299 3179 ut
1327 3140 1602 3195 nunquam
1617 3124 1683 3177 ad
1716 3124 2007 3177 clamorem

409 3235 704 3299 parentum
759 3221 1053 3286 attendant,
1100 3230 1201 3271 nec
1232 3214 1298 3269 ad
1332 3213 1535 3268 bellum
1565 3209 1625 3239 °"
1650 3220 2002 3279 revertantur,

409 3325 498 3372 aut
556 3313 864 3383 respiciant,
924 3308 1019 3362 sed
1068 3320 1299 3373 semper,
1332 3310 1392 3357 ut
1435 3310 1734 3370 creperum,
1796 3300 2007 3372 fugiant

410 3405 583 3459 donec
635 3401 703 3456 ad
745 3397 1113 3454 summitatem
1162 3391 1468 3463 dungeonis
1523 3388 1585 3417 ⁶⁹⁷
1640 3389 2000 3463 pervenerint.

410 3495 698 3562 Postquam
755 3487 898 3543 enim
956 3484 1083 3538 illuc
1139 3481 1501 3551 pervenerint,
1561 3482 1716 3534 erunt
1780 3478 2003 3533 omnino

405 3581 601 3636 securi.
671 3579 857 3646 Itaque
915 3588 1009 3627 rex
1065 3570 1155 3623 ille
1206 3571 1354 3624 Deus
1402 3576 1486 3623 est
1531 3568 1762 3639 quicum
1785 3566 2003 3622 diabolo

405 3668 609 3722 bellum
675 3664 859 3718 habet.
919 3660 1020 3714 Hic
1075 3659 1129 3711 in
1186 3673 1282 3711 suo
1341 3671 1508 3728 regno
1566 3655 1725 3710 habet
1752 3655 2002 3710 Christia-

399 3759 636 3811 nismum
666 3752 748 3816 ;in
768 3747 1175 3805 Christianismo
1222 3760 1369 3813 vero,
1403 3746 2000 3813 monachatumzsupra

394 3844 798 3907 monachatum,
832 3835 1299 3893 conversationem
1331 3831 1711 3887 tantummodo
1733 3829 1792 3859 "'
1822 3848 1999 3903 ange-

395 3935 593 3988 lorum.
625 3930 687 3983 In
718 3925 1157 3990 Christianismo,
1210 3921 1431 3992 quidam
1466 3919 1519 3973 in
1547 3920 1830 3975 virtutibus
1877 3936 2001 3991 sunt

396 4020 580 4089 validi,
632 4018 813 4089 plures
877 4029 1008 4070 vero
1072 4010 1312 4065 invalidi.
1346 4010 1405 4063 In
1451 4010 1777 4063 monachatu
1820 4016 1998 4064 autem

403 4110 624 4164 firmitas
653 4114 732 4162 est
760 4113 905 4161 tanta
936 4111 991 4157 ut
1024 4101 1231 4172 siquis,
1291 4098 1419 4153 illuc
1473 4098 1814 4170 confugiens,
1872 4112 1996 4153 mo-

398 4200 601 4253 nachus
630 4194 855 4252 effectus
905 4190 1085 4258 fuerit,
1119 4189 1221 4243 nisi
1256 4188 1384 4241 inde
1415 4186 1731 4256 paenitendo
1755 4185 1992 4253 redierit,

397 4304 429 4343 a
458 4286 675 4343 diabolo
732 4281 855 4338 laedi
887 4295 992 4335 non
1023 4277 1221 4347 possit.
1258 4277 1316 4329 ln
1345 4275 1663 4346 angelorum
1697 4290 1829 4331 vero
1859 4290 1996 4331 cou-

2036 3081 2086 3146 C

2139 470 2268 526 illuc
2314 474 2637 541 ascenderit,
2698 475 2833 532 nolit
2891 478 3017 534 inde
3072 497 3307 551 unquam
3368 484 3562 541 redire.
3610 487 3740 544 Haec

2138 569 2319 614 autem
2375 561 2557 617 omnia
2607 576 2698 618 rex
2756 565 2901 620 idem
2958 568 3108 623 Deus
3155 569 3316 625 habet
3364 572 3419 625 in
3470 582 3739 643 potestate

2138 664 2236 703 sua
2266 666 2278 710 ;
2316 649 2568 706 inimicus
2615 667 2745 708 vero
2774 655 2911 724 ejus,
2940 655 2993 709 id
3028 665 3111 712 est
3141 658 3407 727 diabolus,
3442 670 3601 719 tanta:
3633 681 3739 735 po-

2140 737 2339 791 testatis
2395 747 2475 794 est
2506 741 2657 810 quod
2707 757 2895 799 omnes
2921 742 3225 819 “’Judaeos
3255 756 3413 820 atque
3466 767 3733 823 paganos,

2138 841 2278 895 quos
2302 835 2453 882 extra
2482 827 2950 887 Christianismum
2984 835 3202 904 reperit,
3235 837 3384 893 nullo
3432 840 3732 898 obsistente

2138 913 2328 983 rapiat,
2361 923 2412 970 et
2432 916 2485 970 in
2514 916 2787 974 infernum
2818 921 3100 995 demerget
3124 923 3204 979 ⁸⁰⁰.
3240 926 3301 979 In
3318 926 3731 1004 ipsumquoque

2139 1001 2609 1060 Christianismum
2658 1008 2859 1077 saepius
2914 1010 3097 1081 intrat,
3131 1021 3182 1068 et
3210 1030 3305 1069 eos
3342 1033 3477 1086 quos
3520 1001 3731 1077 debiles

2134 1090 2334 1146 invenit
2391 1096 2649 1151 tentando
2706 1096 2892 1167 violat,
2936 1100 3252 1173 animasque
3307 1102 3369 1135 ⁶⁰¹
3415 1113 3735 1181 corporibus

2134 1178 2501 1237 inhabitantes
2530 1186 2772 1254 captivas
2802 1196 3063 1257 asportat.
3107 1191 3233 1246 Illos
3262 1210 3409 1263 vero,
3444 1178 3535 1269 qui
3564 1202 3733 1259 fortes

2136 1278 2265 1324 sunt
2294 1278 2347 1325 et
2375 1270 2515 1326 bene
2557 1273 2767 1338 muniti,
2801 1284 3087 1346 postquam
3110 1277 3174 1307 ‘°’
3203 1297 3296 1337 eos
3327 1301 3583 1355 superare
3632 1308 3729 1346 ne-

2135 1358 2267 1427 quit,
2304 1358 2539 1429 tandem,
2570 1360 2692 1416 licet
2724 1363 2910 1432 tristis,
2945 1366 3185 1423 dimittit.
3235 1371 3293 1425 In
3347 1377 3729 1436 monachatum

2133 1462 2347 1518 quoque
2394 1465 2501 1504 non
2533 1450 2676 1506 valet
2724 1451 3039 1523 irrumpere,
3066 1473 3168 1513 nec
3214 1459 3300 1513 his
3330 1463 3419 1531 qui
3476 1470 3727 1525 monachi

2132 1534 2308 1591 eﬁ‘ecti
2330 1546 2455 1593 sunt
2484 1539 2781 1610 quidquam
2811 1541 2986 1598 facere
3009 1546 3158 1610 mali,
3211 1547 3312 1602 nisi
3341 1551 3407 1605 ad
3466 1557 3727 1612 saeculum

2128 1624 2387 1680 redierint
2444 1643 2697 1697 corpore,
2747 1630 2832 1685 vel
2863 1631 3044 1701 corde,
3079 1635 3161 1689 vel
3218 1637 3394 1707 aliqua
3444 1653 3727 1708 parentum

1940 1718 2016 1776 ut,
2046 1731 2100 1790 Β
2130 1711 2414 1770 affectione
2433 1714 2516 1769 °°'.

2662 1807 2884 1863 CAPUT
2922 1810 3188 1866 LXXVII.

2128 1891 2454 1950 Similitudo
2476 1896 2631 1951 inter
2646 1898 2985 1973 monachum
2997 1904 3053 1953 et
3072 1903 3377 1973 potionem,
3393 1912 3450 1961 et
3466 1908 3723 1969 abbatem

2732 1970 2789 2022 et
2816 1970 3117 2026 medicum.

2200 2052 2334 2121 Sed,
2392 2053 2517 2123 quia
2546 2054 2649 2110 hoc
2674 2056 2876 2127 saepius
2905 2059 3044 2114 solet
3080 2063 3295 2118 evenire
3345 2067 3582 2139 novitiis,
3637 2078 3722 2128 at-

2127 2142 2347 2197 tendant
2377 2142 2507 2214 quia
2529 2141 2591 2170 ‘°‘
2612 2143 2686 2198 sic
2717 2145 2830 2215 agit
2858 2147 2947 2215 qui
2970 2151 3325 2207 monachatus
3354 2157 3539 2228 arripit
3569 2160 3718 2214 ditii-

2126 2231 2379 2286 cultatem
2426 2230 2506 2298 “5,
2535 2232 2809 2302 quomodo
2834 2233 3076 2291 inﬁrmus
3104 2239 3195 2308 qui
3248 2258 3470 2313 gravem
3526 2249 3724 2320 accipit

2124 2319 2426 2389 potionem.
2460 2322 2781 2394 Plerumque
2824 2325 3026 2379 etenim
3080 2330 3346 2402 contingit
3417 2341 3472 2387 ut
3502 2337 3591 2405 qui
3620 2319 3723 2391 ali-

2125 2424 2287 2479 quam
2317 2409 2519 2480 patitur
2555 2409 2916 2467 infirmitatem
2947 2417 3210 2485 corporis,
3243 2422 3519 2488 potionem
3564 2443 3727 2497 qua-

2123 2506 2206 2551 rat
2262 2514 2367 2567 qua
2415 2498 2482 2552 ab
2536 2499 2628 2554 illa
2666 2498 2979 2556 infirmitate
3009 2505 3181 2559 curari
3237 2509 3432 2565 valeat.
3478 2512 3723 2587 Cumque

2125 2586 2370 2641 medicus
2389 2587 2451 2631 ⁸ου
2481 2588 2531 2642 ei
2561 2587 2763 2644 dicitut
2794 2589 2945 2644 illam
2974 2592 3060 2646 vel
3090 2593 3235 2648 illam
3265 2596 3539 2666 potionem
3571 2604 3723 2659 acci-

2124 2674 2255 2743 piat,
2318 2683 2371 2729 et
2427 2676 2511 2730 sic
2539 2677 2716 2731 sanari
2746 2678 2965 2747 poterit,
2997 2682 3128 2735 emit
3156 2698 3296 2746 eam,
3329 2686 3413 2740 vel
3445 2690 3614 2759 gratis
3634 2707 3723 2747 ac-

2122 2762 2252 2831 cipit
2308 2762 2493 2817 datam
2547 2762 2629 2818 ‘°".
2663 2766 2773 2820 Sed
2812 2783 2934 2822 cum
2991 2769 3140 2838 potio
3172 2770 3325 2826 fortis
3343 2775 3459 2842 ejus
3515 2779 3722 2835 viscera

2121 2852 2369 2915 rimatur,
2431 2853 2676 2908 membra
2702 2856 2884 2909 omnia
2932 2860 3224 2927 percurrit,
3258 2863 3432 2918 malos
3458 2864 3715 2925 humores

2122 2940 2408 3003 contrahit,
2432 2941 2577 2995 vires
2608 2942 2765 3009 tollit,
2817 2960 3013 3014 corpus
3055 2946 3322 3019 dissolvit,
3367 2959 3526 3008 terrae
3580 2973 3716 3026 pro-

2119 3028 2311 3082 sternit
2336 3026 2420 3097 °°',
2453 3030 2779 3086 desiderium
2820 3033 3117 3088 maximum
3175 3036 3395 3093 bibendi
3428 3041 3482 3095 in
3511 3059 3576 3098 eo
3631 3062 3717 3101 ac-

2117 3117 2315 3184 cendit,
2348 3118 2431 3173 vel
2460 3120 2783 3188 dormiendi,
2817 3121 2901 3175 vel
2934 3121 3074 3177 foras
3095 3124 3161 3177 ad
3186 3135 3402 3181 ventum
3458 3135 3689 3190 exeundi

2116 3207 2270 3277 eique
2328 3207 2568 3264 medicus
2622 3209 3133 3282 haecinterdicit‘”,
3192 3217 3529 3273 comminans
3578 3223 3707 3291 quia

2118 3297 2389 3362 morietur,
2447 3296 2491 3351 si
2520 3298 2635 3352 haec
2670 3298 2878 3354 fecerit.
2926 3300 3043 3355 Heu
3068 3317 3174 3371 me,
3230 3303 3480 3361 inﬁrmus
3509 3309 3704 3380 inquit,

2115 3402 2212 3440 cur
2255 3385 2533 3454 potionem
2586 3388 2723 3441 hanc
2775 3388 2958 3459 accepi
2987 3389 3015 3442 7
3041 3390 3179 3445 Male
3208 3392 3337 3446 mihi
3394 3396 3541 3465 prius
3570 3409 3705 3467 erat,

2115 3482 2167 3528 et
2188 3474 2331 3529 molo
2357 3482 2439 3528 est
2463 3475 2639 3544 pejus.
2671 3476 2792 3529 Heu
2829 3477 2840 3529 l
2873 3485 3075 3547 quanto
3105 3495 3233 3535 meo
3260 3482 3405 3537 malo
3435 3484 3558 3541 illos
3588 3488 3702 3544 vidi

2111 3563 2201 3633 qui
2234 3563 2335 3617 hoc
2364 3562 2646 3618 consilium
2678 3563 2811 3618 mihi
2840 3565 3124 3634 dederunt,
3157 3583 3256 3623 nec
3294 3572 3426 3625 mihi
3456 3576 3583 3644 quia
3604 3578 3706 3633 hoc

2110 3658 2161 3704 et
2187 3652 2292 3706 hoc
2348 3667 2435 3707 me
2455 3660 2726 3722 Oporteret
2755 3653 2846 3722 qui
2874 3655 3268 3724 praedixerunt.
3303 3659 3362 3715 Si
3400 3663 3542 3717 enim
3600 3666 3703 3722 hoc

2109 3738 2411 3809 scivissem,
2461 3756 2738 3811 nunquam
2794 3743 3072 3811 potionem
3133 3748 3494 3817 accepissem.
3545 3753 3704 3810 Sicet

2110 3827 2190 3883 sic
2218 3828 2315 3883 iste
2346 3830 2709 3899 conqueritur,
2737 3829 2867 3884 dum
2899 3833 3171 3902 potionem
3209 3846 3533 3894 coarctatur.
3559 3841 3695 3898 Cum

2107 3932 2237 3999 vero
2288 3918 2419 3973 mali
2474 3920 2727 3974 humores
2780 3919 3019 3975 deﬂuere
3083 3924 3362 3994 c'ceperint,
3424 3936 3701 4000 totumque

2107 3995 2302 4077 corpus
2355 4006 2611 4077 paulatim
2669 4007 2884 4073 leviari,
2943 4010 3143 4080 gaudet
3189 4021 3243 4067 et
3283 4016 3515 4071 exsultat
3572 3995 3700 4090 quia

2108 4094 2270 4149 talem
2297 4094 2572 4165 potionem
2603 4096 2812 4166 accepit
2839 4112 2938 4167 per
2966 4114 3126 4169 quam
3146 4100 3214 4154 ad
3257 4103 3545 4173 pristinam
3603 4124 3701 4163 sa-

2105 4183 2327 4238 nitatem
2381 4183 2562 4239 redire
2608 4200 2664 4238 se
2707 4186 2890 4252 sentit,
2950 4194 3003 4240 et
3056 4188 3305 4245 homines
3349 4193 3440 4264 qui
3482 4191 3546 4222 “°
3593 4199 3697 4255 hoc

2106 4273 2385 4329 consilium
2453 4273 2500 4326 ei
2576 4272 2841 4328 dederunt
2910 4274 3206 4333 benedicit.
3246 4279 3509 4338 Similiter
3562 4301 3693 4343 vero

1706 4449 1936 4509 VABIE
1964 4448 2352 4506 LECTIONES
2366 4488 2379 4503 .

461 4606 1173 4686 ssvDiaboluanglel‘it.m8.
1206 4609 1267 4660 Α.
1301 4605 1325 4657 1
1352 4601 1641 4686 Αὰἰᾳὺπριυηι
1663 4598 2268 4686 semperpotenrlitJ."fEt
2299 4601 2998 4686 aliquepnlnteg’emmss‘..et
3019 4607 3164 4686 Edit.
3195 4609 3451 4686 Cglqp.et
3481 4628 3678 4686 quem-

390 4687 521 4742 libet
536 4686 764 4750 Regem.
805 4669 1013 4735 “‘Deus
1040 4678 1158 4750 ipse
1184 4691 1292 4750 ms,
1324 4680 1389 4728 Δ.
1423 4677 1449 4726 1
1486 4672 1630 4750 gens
1661 4672 1803 4750 enim
1826 4672 1966 4740 ipse.
2157 4669 2614 4750 dongeoneﬁdit.
2650 4669 2777 4729 ’σοι
2802 4683 2855 4729 et
2883 4675 3180 4750 divigione.
3230 4679 3471 4737 "‘Unum
3500 4669 3674 4740 'don-

923 4728 1658 4828 upiumvdungionem‘liditq
1677 4740 1799 4828 Colla;
1812 4728 1979 4828 Linum
2003 4728 2356 4822 divigione‘m.
2397 4742 2839 4828 t"f’lnld-onfgmorie
2858 4728 2963 4828 ms.
2979 4728 3200 4828 fit}:
3228 4728 3504 4824 dungioh-e

397 4811 513 4882 ῗέοι.
537 4828 591 4879 in
621 4822 917 4893 divigione.
960 4811 1406 4893 “‘Abducit'rnss.
1429 4811 2065 4893 abducatzumcaptivos
2086 4811 2600 4893 cumsuisasportat
2620 4811 2725 4893 ut}:
2862 4822 2881 4870 1
2908 4818 3159 4893 eaptivos
3207 4811 3463 4892 aspoFtat.
3542 4825 3677 4881 “’Et

396 4898 533 4951 male
566 4882 903 4965 tractariims.
926 4895 996 4965 Αἐ
1034 4894 1056 4965 1
1085 4890 1170 4965 vel
1199 4888 1341 4965 male
1364 4885 1611 4965 tractari.“
1631 4882 1806 4939 "‘Nee
1827 4884 1894 4965 ab
1924 4884 2120 4965 bellum
2153 4883 2306 4965 Edit.
2342 4885 2454 4965 Col.
2490 4884 2603 4939 Nec
2621 4886 2689 4965 ad
2711 4882 3038 4965 bellandum.
3072 4882 3437 4965 “"Dongionis
3470 4911 3572 4951 ms.
3594 4900 3666 4951 Δ.

398 4972 423 5023 1
458 4965 751 5035 dungionis
782 4964 927 5016 Edit.
955 4961 1073 5015 Col.
1121 4954 2053 5035 (11νὶςὶοηὶξῷθ’ᾯοηηςθῐιεωίορεηι
2103 4955 2476 5035 tantummodo
2495 4971 2600 5009 ms.
2634 4964 2691 5011 Α.
2720 4961 2743 5010 1
2778 4958 2938 5035 omit.
2978 4954 3378 5035 tantummodo.
3447 4964 3672 5034 “’Quod

396 5054 586 5094 omnes
621 5053 725 5090 ms.
784 5035 845 5084 A.
908 5036 929 5085 1
978 5040 1034 5085 ut
1094 5045 1302 5083 omnes.

394 5110 733 5176 animasque.

1389 5025 1656 5096 °°°Ilapit..
1691 5026 1960 5096 demergit
1996 5042 2137 5081 mss.
2175 5027 2395 5094 rapiat..
2427 5026 2733 5096 demerget.

2826 5024 3111 5105 fffitnimas
3141 5051 3356 5105 quoque
3377 5052 3482 5091 ms.
3516 5024 3597 5091 Ἇ.
3640 5041 3665 5093 1

810 5101 1002 5175 ⁶⁰²Ιιῑρε
1050 5115 1194 5175 vero,
1237 5098 1325 5168 qui
1365 5096 1529 5152 fortes
1566 5104 1711 5175 sunt,
1736 5105 1788 5175 e_t
1817 5096 1954 5150 bene
1985 5096 2194 5175 muniti,
2217 5105 2505 5175 postquam
2534 5113 2638 5151 ms.
2663 5102 2733 5152 Δ.
2768 5100 2799 5175 1.
2827 5098 3137 5175 illos__vero,
3161 5096 3307 5175 'quo's
3330 5106 3498 5162 fortes
3518 5107 3675 5164 inve-

391 5180 488 5243 nit,
522 5166 830 5247 postquam.
856 5244 865 5254 .
896 5166 1885 5262 ‘°’Vqlma‘liqua‘parentum.affectione
1914 5179 2118 5262 me}.
2215 5167 2299 5262 vel
2330 5167 2492 5248 corde
2514 5170 2884 5262 manuscript.
2949 5166 3288 5262 Vel-"corde,
3345 5177 3431 5262 vel
3489 5178 3674 5262 aliqua

385 5237 995 5319 pafehtumﬁﬂeclione.
1027 5237 1390 5322 ooiAttenda‘nt
1418 5239 1627 5322 novitii,
1653 5239 1943 5322 qiiialnss:
1972 5237 2065 5322 sed
2089 5238 2558 5322 quifihocnszepius
2578 5237 2919 5322 solet_venire
2937 5244 3171 5322 novitiis;
3207 5237 3488 5322 attendant
3515 5237 3661 5322 quia.

385 5308 659 5390 “‘Accipit
711 5315 1082 5390 difficultatem
1102 5327 1243 5390 _n_zs.
1300 5313 1369 5363 Α.
1432 5311 1457 5364 1
1519 5311 1706 5390 arripit
1741 5308 2303 5390 difficultatem__Edit.
2332 5309 2445 5390 Col.
2478 5309 2743 5390 _arriperit
2787 5310 3174 5390 difﬁcultatem.

3268 5316 3476 5374 "‘Cum
3527 5316 3674 5376 enim

385 5378 631 5449 medicas
659 5404 793 5444 mss.
827 5390 883 5443 et
916 5384 1064 5440 Ed“.
1091 5382 1457 5476 Colacumqu?
1488 5382 1748 5476 [Elegicus-
1824 5378 1987 5476 sWYel
2008 5378 2441 5476 gratiaslpcfipit
2461 5378 2779 5476 distarent}.
2819 5384 2885 5438 Δ.
2917 5387 2937 5439 1
2969 5384 3337 5476 v‘el'dat‘urlei,
3364 5398 3417 5446 et
3432 5390 3657 5476 accipit.

388 5446 633 5520 “'Terrae
664 5446 1476 5529 infernumprosternitmsf4.
1512 5456 1537 5506 1
1573 5452 1753 5529 Terrae
1771 5446 2085 5521 prosternit.
2140 5446 2447 5529 f”Mediéus
2465 5449 2731 5510 interdicit
2759 5468 2894 5511 mss.
2952 5459 3012 5512 et
3054 5456 3201 5515 Edit.
3241 5446 3354 5518 Coi.

916 5524 1050 5584 mEt
1077 5524 1325 5582 homines
1354 5524 1445 5596 qui
1467 5538 1576 5580 ms.
1606 5524 1676 5578 Δ.
1702 5526 1727 5577 1
1759 5530 1815 5579 et
1833 5537 2044 5590 omnes,
2064 5524 2175 5594 qui.

394 5535 515 5593 haec
535 5531 830 5592 interdicit.

3431 5460 3674 5522 Medicus
