4046 6076
283 315 388 371 649

1249 309 1370 372 LIB.
1413 310 1506 373 DE
1545 320 1606 376 S.
1657 311 1958 376 ANSELMI
1999 314 2610 382 SIMILITUDINIBUS.

3486 337 3587 392 650

281 441 561 498 multoties
590 441 786 498 accidit
808 449 862 497 ut
891 441 1107 511 aliquis,
1141 442 1230 513 qui
1279 443 1476 499 animae
1507 461 1625 500 suae
1656 444 1889 499 inﬁrmi-
1915 448 1978 510 Α
2004 450 2172 505 sancti
2205 466 2340 506 vero
2372 452 2617 507 homines
2639 454 2791 522 quasi
2823 457 3094 514 conversi.
3135 458 3241 514 Sed
3282 476 3382 517 nec
3411 464 3590 535 angeli

291 541 457 588 tatem
511 532 839 598 considerat,
901 531 1225 586 medicinam
1257 531 1383 587 inde
1412 532 1711 602 spiritalem
1742 551 1888 605 quae-

286 629 394 690 rat,
428 637 533 690 qua
563 620 632 674 ab
661 620 757 674 illa.
787 620 1039 675 vitiorum
1065 635 1283 675 suorum
1303 621 1608 676 inﬁrmitate
1638 622 1886 677 mundari

281 711 486 765 valeat.
548 710 788 779 Cumque
839 709 887 764 ei
945 709 1138 779 aliquis
1185 711 1480 780 spiritualis
1536 712 1700 765 homo
1758 711 1888 766 dicit

285 798 432 870 quod
464 815 563 870 per
590 799 976 853 monachatum
1004 807 1192 868 posset
1222 799 1442 867 salvari,
1474 799 1566 854 dat
1620 799 1883 870 quidquid

285 888 452 943 habet
481 895 538 940 ut
604 887 658 940 in
715 887 1044 941 monasterio
1093 886 1273 957 aliquo
1319 887 1656 953 suscipiatur,
1717 889 1801 942 vel
1834 888 1884 941 ei

285 979 459 1052 gratis
489 975 781 1046 aliquando
811 975 1142 1041 conceditur,
1177 984 1229 1030 et
1287 977 1597 1046 suscipitur.
1658 977 1765 1032 Sed
1822 974 1883 1004 ⁶¹¹

275 1084 404 1124 cum
437 1065 639 1122 ordinis
668 1063 957 1120 diﬂicultas
982 1064 1125 1136 cogit
1157 1080 1278 1118 eum
1311 1065 1700 1136 vigilare,dum
1723 1066 1886 1122 vellet

276 1157 519 1212 dormire
554 1174 566 1217 ;
600 1154 823 1219 esurire,
879 1153 1009 1207 dum
1063 1153 1227 1208 vellet
1283 1155 1489 1217 edere;
1523 1154 1691 1221 sitire,
1750 1155 1878 1209 dum

277 1246 447 1302 vellet
488 1245 676 1299 bibere
711 1259 724 1311 ;
761 1251 952 1309 tacere,
989 1243 1116 1296 dum
1159 1243 1322 1299 vellet
1349 1243 1526 1314 loqui;
1557 1244 1738 1316 legere
1793 1245 1878 1300 vel

278 1344 528 1399 cantare,
590 1333 718 1386 dum
751 1331 916 1386 vellet
947 1331 1226 1400 quiescere
1261 1349 1274 1394 ;
1307 1332 1521 1400 sedere,
1573 1349 1697 1386 cum
1718 1331 1882 1388 vellet

280 1432 429 1480 stare
481 1423 566 1478 vel
625 1421 910 1476 ambulare
943 1438 955 1482 ;
990 1428 1079 1474 aut
1109 1429 1250 1474 stare
1278 1420 1366 1475 vel
1393 1420 1694 1488 ambulare,
1755 1438 1878 1476 cum

277 1514 444 1571 vellet
490 1511 679 1566 sedere
713 1526 728 1578 ;
760 1509 991 1578 injurias
1020 1509 1282 1563 sustinere
1331 1509 1553 1578 multas,
1603 1510 1879 1581 propriam

279 1602 619 1658 voluntatem
659 1614 727 1653 ex
751 1602 864 1652 toto
897 1597 1143 1652 deserere
1178 1617 1190 1651 :
1223 1599 1307 1652 Me
1349 1598 1630 1667 miserum,
1687 1599 1877 1669 inquit,

276 1693 426 1746 hunc
456 1689 703 1743 habitum
736 1703 902 1758 quare
930 1686 1143 1756 suscepi
1173 1686 1201 1739 ἲ)
1232 1689 1404 1741 Antea
1433 1687 1576 1742 male
1623 1687 1877 1759 agebam,

1992 545 2209 593 sanctos
2279 539 2600 610 despiciunt,
2665 542 2791 612 quia
2849 545 3235 604 tentationibus
3293 550 3587 622 aliquando

1995 627 2122 681 victi
2169 634 2311 696 sunt,
2372 645 2472 684 nec
2516 631 2684 686 sancti
2715 633 2956 705 angelos,
2991 634 3120 706 quia
3149 637 3374 706 nullam,
3431 658 3589 712 quam

1994 713 2288 784 vincerent,
2340 718 2483 787 passi
2519 727 2642 774 sunt
2697 722 3073 778 tentationem.
3096 724 3157 780 Si
3187 727 3328 781 enim
3357 729 3589 786 Michael

1992 801 2200 858 diceret
2231 806 2385 861 Petro
2420 825 2431 859 :
2469 807 2545 861 Tu
2578 809 2868 864 Dominum
2900 813 3135 883 negasti,
3169 824 3351 884 posset
3397 819 3586 874 Petrus

1989 892 2320 962 respondere
2360 912 2371 948 :
2407 895 2606 950 Verum
2650 897 2868 968 quidem
2923 907 3005 956 est
3037 903 3182 971 quod
3213 904 3376 975 dicis,
3409 907 3502 962 sed
3531 916 3585 964 tu

1989 996 2086 1051 pro
2118 982 2350 1036 Domino
2367 1000 2641 1055 nunquam
2661 1001 2690 1040 v
2703 986 2750 1040 el
2771 1003 2935 1041 unum
2953 991 3244 1059 colaphum
3261 994 3579 1052 sustinuisti.

1991 1067 2152 1136 Quod
2182 1071 2402 1126 omnino
2433 1088 2540 1127 non
2571 1074 2794 1142 faciunt,
2829 1077 2928 1131 sed
2976 1077 3046 1132 ita
3073 1080 3307 1136 existunt
3348 1099 3578 1140 concor-

1991 1155 2085 1208 des
2115 1169 2180 1209 ac
2210 1157 2256 1208 si
2289 1171 2478 1211 omnes
2509 1167 2687 1213 essent
2717 1160 2915 1231 angeli,
2948 1162 3031 1216 vel
3046 1163 3310 1220 homines.
3333 1168 3427 1224 Sic
3447 1185 3580 1242 ergo

1989 1250 2109 1297 sunt
2140 1241 2201 1271 ⁸³³
2231 1243 2314 1298 isti
2337 1259 2402 1300 ac
2431 1246 2474 1300 si
2495 1247 2679 1301 nutriti
2711 1248 2818 1302 sint
2848 1265 3035 1304 omnes
3064 1261 3155 1307 aut
3193 1257 3465 1313 conversi.

2527 1355 2750 1410 CAPUT
2777 1356 3032 1412 LXXIX.

1989 1438 2315 1497 Similitudo
2336 1443 2491 1498 inter
2519 1444 2840 1511 monachos,
2875 1451 2932 1502 et
2947 1449 3194 1519 angelos,
3214 1456 3271 1507 et
3307 1454 3579 1515 Deum'”.

2061 1525 2152 1579 Sic
2206 1532 2290 1579 est
2360 1526 2498 1582 inter
2555 1530 2940 1586 monachorum
3017 1539 3500 1607 congregationem
3530 1543 3586 1598 in

1989 1613 2144 1668 terris
2177 1617 2729 1688 etcongregationem
2761 1620 3078 1691 angelorum
3101 1623 3156 1678 in
3212 1627 3384 1696 caelis,
3444 1647 3585 1702 quo-

1989 1703 2152 1758 modo
2193 1703 2334 1759 inter
2379 1721 2471 1761 eos
2526 1707 2618 1778 qui
2678 1716 2799 1763 sunt
2856 1709 3033 1766 adhuc
3078 1715 3313 1770 exterius
3356 1717 3408 1772 in
3449 1721 3589 1777 cella

278 1780 376 1835 sed
437 1778 603 1832 modo
661 1775 821 1846 Pejus
869 1790 994 1846 ago,
1047 1775 1170 1868 quia
1221 1783 1295 1830 ιοι
1325 1783 1378 1829 el
1407 1785 1720 1868 laméiflllw
1746 1777 1876 1868 mihi
1905 1799 1958 1859 Β
1989 1793 2336 1860 novitiorum,
2374 1803 2429 1849 et
2485 1775 2605 1851 illos
2661 1798 2751 1868 qui
2794 1799 2908 1867 jam
2950 1808 3073 1854 sunt
3125 1801 3348 1860 interius
3378 1806 3432 1862 in
3456 1775 3587 1866 con:

272 1869 553 1939 jubentur,
578 1864 882 1934 adimplere
915 1879 1026 1917 non
1056 1864 1247 1924 valeo;
1273 1871 1325 1918 et
1372 1863 1462 1918 vix
1508 1863 1610 1918 nisi
1654 1865 1876 1934 invitus,

278 1955 487 2028 aliquid
545 1954 671 2010 boni
727 1952 985 2024 perﬁcere
1033 1951 1209 2006 valeo.
1245 1951 1386 2019 Quid
1444 1953 1612 2023 igitur
1635 1951 1699 1981 ω
1727 1955 1754 2007 εἰ
1786 1955 1880 2009 Vae

279 2045 438 2111 mihi,
486 2060 566 2098 vm
611 2042 740 2096 mihi
778 2044 787 2094 !
828 2043 891 2098 Ut
922 2041 1050 2110 quid
1091 2041 1174 2094 his
1216 2041 1420 2095 credidi
1453 2043 1542 2112 qui
1593 2043 1726 2096 mihi
1779 2044 1881 2099 hoc

279 2133 727 2191 consuluerunt?
781 2130 1038 2184 Putabam
1069 2130 1214 2198 quod
1260 2145 1449 2184 omnes
1496 2131 1579 2184 isti
1638 2131 1883 2187 homines

280 2231 463 2278 essent
492 2221 688 2276 sancti.
729 2220 857 2274 Haec
892 2226 944 2272 et
975 2219 1056 2272 his
1087 2218 1284 2272 similia
1315 2219 1548 2273 novitius
1575 2219 1724 2286 dicit,
1751 2221 1879 2274 dum

280 2313 418 2368 ordo
456 2311 534 2365 illi
564 2308 834 2379 imprimis
862 2306 923 2335 “'
953 2307 1166 2362 videtur
1220 2309 1398 2378 gravis
1428 2327 1440 2368 ;
1466 2309 1560 2362 sed
1589 2318 1879 2382 postquam

280 2400 454 2457 sensit
483 2408 535 2454 et
565 2414 747 2454 secum
780 2397 1088 2452 considerat
1113 2395 1174 2424 ‘“
1203 2397 1350 2467 quia,
1406 2399 1523 2453 haec
1557 2398 1883 2454 unanimiter

273 2489 554 2561 patiendo,
597 2487 674 2542 sic
692 2486 872 2542 omnia
902 2501 1000 2539 sua
1031 2501 1187 2556 posse
1217 2485 1421 2539 aboleri
1451 2494 1679 2556 peccata
1694 2488 1880 2559 sicque

270 2579 556 2634 sanitatem
612 2576 808 2630 animae
864 2575 1021 2628 citius
1096 2589 1438 2643 recuperare,
1506 2583 1674 2630 totum
1735 2576 1879 2646 quod

272 2675 434 2722 antea
475 2680 644 2737 grave
699 2662 999 2727 videbatur,
1051 2661 1309 2733 paulatim
1356 2663 1473 2718 leve
1535 2663 1794 2734 efﬁcitur,
1826 2672 1881 2720 et

270 2757 422 2826 quasi
466 2755 582 2824 jam
621 2753 754 2807 nihil
808 2751 954 2806 male
999 2751 1228 2816 habens,
1267 2751 1441 2805 laetari
1491 2753 1701 2823 incipit,
1763 2753 1876 2809 Deo

266 2844 475 2917 gratias
495 2843 626 2915 agit,
661 2841 785 2911 quia
815 2842 1203 2896 monachatum
1257 2840 1538 2910 suscipere
1595 2842 1874 2904 meruerit,

271 2943 323 2988 et
363 2948 557 2988 omnes
605 2931 698 3003 qui
747 2930 849 2984 tale
907 2929 1191 2984 consilium
1251 2929 1353 2983 sibi
1408 2929 1676 2985 dederunt
1714 2929 1876 2986 bene-

265 3021 418 3078 dicit.

793 3107 1014 3163 CAPUT
1046 3107 1344 3161 LXXVIII.

273 3201 574 3258 Contentio
604 3199 769 3253 inter
786 3196 1087 3251 monachos
1105 3211 1417 3264 conversos,
1438 3200 1494 3251 et
1512 3197 1764 3253 nutritas
1783 3196 1865 3250 ‘“.

335 3307 540 3360 Verum
564 3304 690 3376 quia
713 3303 780 3357 de
810 3301 1091 3358 conversis
1148 3310 1200 3356 et
1255 3302 1465 3357 nutritis
1509 3312 1873 3376 congregatur

261 3396 401 3452 ordo
430 3393 849 3459 monachorum,
901 3390 1191 3446 dicendum
1249 3394 1328 3445 est
1385 3391 1528 3460 quod
1576 3392 1712 3447 solet
1740 3408 1869 3448 esse

266 3483 544 3543 contentio
601 3481 851 3551 quaedam
883 3480 1026 3534 inter
1054 3478 1289 3533 nutritos
1317 3480 1612 3536 monachos
1641 3488 1692 3534 et
1729 3496 1866 3536 con-

253 3588 477 3628 versos.
530 3571 793 3624 Asserunt
836 3568 980 3623 enim
1005 3565 1068 3595 ⁶¹⁶
1100 3569 1285 3622 nutriti
1328 3584 1386 3622 se
1443 3568 1594 3622 nulla
1637 3569 1863 3626 crimina

259 3661 624 3724 commisisse,
657 3675 757 3713 nec
778 3673 835 3712 se
857 3657 911 3711 in
944 3657 1126 3712 saeculi
1160 3656 1410 3711 sordibus
1453 3657 1858 3728 coinquinasse,

254 3751 353 3805 sed
380 3750 508 3819 quia
537 3748 796 3817 mundam
820 3745 890 3800 ab
921 3745 1145 3800 infantia
1192 3745 1358 3800 vitam
1391 3745 1676 3817 duxerunt,
1727 3755 1778 3802 et
1805 3748 1860 3802 in

248 3840 350 3894 Dei
383 3838 599 3893 servitio
643 3851 864 3905 semper
918 3835 1324 3900 laboraverunt,
1349 3834 1471 3889 illos
1509 3851 1640 3891 vero
1691 3852 1858 3892 econ-

243 3927 418 3983 trario
438 3942 659 3996 semper
674 3924 874 3980 vixisse
894 3921 959 3951 "7
987 3922 1348 3991 considerant,
1392 3930 1445 3978 et
1477 3922 1602 3978 ideo
1655 3925 1855 3980 merito

243 4016 528 4072 inferiores
584 4029 701 4069 esse
748 4011 1014 4082 judicent.
1062 4014 1128 4065 At
1166 4019 1351 4066 contra
1405 4012 1668 4078 conversi,
1729 4013 1854 4084 quia

245 4105 531 4161 scientiam
588 4102 920 4157 exteriorum
953 4099 1154 4155 habent
1183 4109 1236 4155 et
1282 4115 1367 4155 res
1420 4098 1482 4127 “'
1539 4102 1851 4156 monasterii

250 4195 533 4266 sapienter
591 4198 838 4257 tractant,
899 4189 1110 4243 nutritis
1151 4190 1286 4260 ipsis
1333 4189 1636 4244 necessaria
1693 4189 1847 4245 inve-

242 4284 414 4350 niunt,
451 4281 700 4336 ordinem
733 4292 950 4349 quoque
979 4293 1135 4331 suum
1193 4277 1494 4332 ferventius
1525 4278 1846 4350 plerumque

237 4370 570 4435 custodiunt,
619 4368 742 4423 illos
772 4381 902 4422 vero
951 4381 1145 4437 parum
1178 4365 1231 4420 in
1279 4365 1366 4419 his
1395 4367 1573 4421 valere
1603 4367 1846 4423 conside-

236 4469 382 4528 rant,
414 4459 537 4514 ideo
586 4474 643 4512 se
695 4456 949 4510 meliores
999 4454 1106 4508 illis
1156 4454 1442 4521 aestimant,
1483 4456 1666 4524 sicque
1723 4456 1842 4510 aliis

236 4550 331 4606 alii
375 4565 432 4603 se
462 4547 775 4617 prmferunt,
836 4543 965 4598 dum
1022 4559 1129 4598 non
1187 4558 1357 4611 suam,
1389 4543 1485 4597 sed
1512 4543 1840 4599 aliorumin-

235 4637 551 4693 ﬁrmitatem
607 4634 918 4690 attendunt.
971 4632 1076 4689 Sed
1101 4632 1144 4686 si
1176 4648 1306 4688 vere
1337 4632 1590 4688 monachi
1639 4642 1834 4703 essent,

237 4729 319 4783 sic
374 4730 516 4782 esset
573 4725 718 4779 inter
749 4738 842 4778 eos
888 4721 1160 4792 quomodo
1198 4721 1338 4776 inter
1357 4722 1581 4794 angelos
1608 4722 1662 4778 in
1691 4724 1845 4780 caelis

237 4825 290 4872 et
317 4814 568 4870 homines
609 4819 842 4869 sanctos.
910 4810 1105 4882 Angeli
1134 4811 1276 4865 enim
1307 4817 1428 4867 sunt
1468 4811 1620 4881 quasi
1637 4813 1839 4883 nutriti,

1868 4503 1920 4563 D

1988 1883 2310 1953 gregatione
2370 1887 2780 1952 monachorum,
2837 1888 2948 1956 qui,
2982 1897 3039 1943 ut
3069 1893 3363 1961 praevalent
3417 1896 3502 1962 ⁸³η,
3535 1900 3588 1954 in

1987 1971 2241 2025 omnibus
2288 1988 2347 2027 se
2403 1973 2652 2042 perfecte
2707 1976 3038 2032 custodiunt.
3089 1980 3202 2034 Hos
3232 1983 3377 2038 enim
3413 1986 3585 2042 abbas

1987 2075 2084 2129 per
2111 2061 2461 2130 semetipsum
2487 2063 2600 2132 jam
2631 2063 2812 2118 omnia
2841 2065 3027 2120 docuit
3047 2084 3167 2138 quae
3212 2071 3326 2124 vult
3368 2089 3462 2129 eos
3477 2076 3582 2131 ob-

1987 2163 2198 2204 servare
2231 2167 2245 2214 ;
2300 2150 2410 2205 illis
2449 2167 2576 2206 vero
2619 2153 2910 2223 magistros
2941 2171 3005 2208 ex
3037 2155 3153 2210 istis
3181 2163 3444 2231 praeponit
3495 2167 3583 2236 qui

1987 2251 2082 2290 eos
2112 2237 2342 2293 doceant
2371 2256 2490 2310 qum
2514 2240 2747 2295 debeant
2767 2243 3059 2299 custodire.
3094 2246 3184 2300 Isti
3211 2248 3322 2318 jam
3373 2252 3583 2320 probati

1989 2333 2112 2378 sunt
2140 2325 2192 2378 in
2224 2328 2369 2381 omni
2400 2329 2721 2397 humilitate,
2755 2338 2808 2384 et
2835 2329 3166 2402 obedientia,
3199 2344 3252 2391 et
3305 2339 3584 2409 patientia,

1988 2421 2040 2467 et
2060 2413 2433 2471 observatione
2463 2417 2709 2472 omnium
2741 2435 2862 2488 quae
2895 2420 3030 2475 ordo
3053 2427 3318 2492 exposcit.
3339 2426 3424 2480 Illi
3455 2445 3585 2485 vero

1985 2502 2160 2557 adhuc
2189 2503 2542 2572 probandi‘”
2580 2515 2722 2571 sunt,
2746 2517 2930 2564 utrum
2981 2509 3148 2566 velint
3176 2528 3294 2569 esse
3325 2513 3584 2586 humiles,

1985 2589 2317 2660 obedientes,
2351 2594 2638 2664 patientes,
2660 2604 2712 2651 et
2731 2597 3034 2654 observare
3065 2601 3248 2656 omnia
3301 2620 3423 2675 qum
3453 2607 3587 2662 ordo

1984 2679 2223 2749 requirit.
2291 2681 2744 2756 Unumquemque
2807 2702 2938 2758 ergo
2995 2687 3214 2744 illorum
3272 2691 3318 2746 is
3365 2695 3454 2764 qui
3507 2695 3586 2751 eis

1984 2767 2242 2838 magister
2298 2770 2586 2839 deputatus
2633 2781 2712 2828 est
2754 2773 2970 2844 probat,
3006 2785 3059 2831 et
3101 2779 3382 2850 arguendo
3413 2790 3466 2837 et
3497 2783 3583 2838 in-

1982 2857 2274 2926 crepando.
2337 2860 2656 2930 Plerumque
2705 2861 2868 2916 etiam
2901 2862 3238 2936 ﬂagellando
3298 2875 3466 2925 tentat
3512 2889 3580 2927 an

1979 2953 2139 3014 aptus
2169 2945 2236 3000 ad
2264 2947 2667 3017 suscipiendum
2688 2947 2751 2977 "‘
2782 2950 2836 3004 in
2868 2954 3301 3026 congregatione
3356 2958 3579 3016 aliorum

1981 3034 2200 3088 existat.
2232 3035 2408 3103 Quem
2459 3037 2501 3090 si
2532 3037 2946 3095 videritcuncta
3001 3043 3269 3111 patienter
3319 3047 3582 3106 sustinere

1783 3195 1844 3224 ω
1899 3153 1950 3217 C
1980 3130 2030 3176 et
2049 3121 2274 3177 aliorum
2306 3124 2579 3180 consortio
2604 3142 2706 3198 per
2753 3129 2937 3182 omnia
2997 3129 3222 3202 dignum
3266 3149 3402 3204 esse,
3428 3138 3577 3194 venit

1979 3211 2049 3265 ad
2068 3210 2325 3266 abbatem
2356 3214 2610 3268 nuntians
2632 3215 2680 3270 ei
2713 3230 2898 3271 coram
2927 3220 3081 3272 omni
3111 3225 3534 3296 congregatione
3562 3244 3573 3279 :

1977 3299 2228 3367 Domine,
2263 3300 2456 3372 inquit,
2491 3302 2724 3357 novitius
2753 3303 2864 3375 ille,
2898 3321 3059 3376 quem
3075 3307 3204 3362 mihi
3226 3313 3573 3383 commisisti,

1974 3386 2056 3454 ⁶²⁴,
2089 3387 2161 3442 ita
2191 3389 2434 3458 perfecte
2478 3406 2537 3444 se
2566 3391 2728 3445 habet
2753 3393 3004 3448 omnibus
3033 3395 3229 3459 modis.
3260 3401 3404 3467 quod
3455 3402 3570 3470 jam

1974 3485 2057 3531 est
2084 3477 2282 3549 dignus
2310 3478 2448 3532 inter
2476 3494 2577 3534 nos
2597 3495 2740 3548 esse,
2786 3481 2831 3535 si
2857 3481 3076 3551 jubetis.
3105 3482 3316 3552 Quibus
3344 3489 3567 3558 auditis,

1972 3565 2140 3620 abbas
2195 3575 2287 3622 aut
2333 3583 2456 3622 eum
2505 3567 2714 3638 recipit,
2746 3571 3020 3626 communi
3049 3573 3280 3630 consilio
3323 3575 3564 3650 fratrum,

1967 3659 2060 3709 aut
2115 3655 2252 3710 aduc
2297 3655 2535 3719 dimittit,
2595 3657 2665 3712 ad
2714 3658 3022 3730 exemplum
3080 3662 3305 3718 aliorum
3327 3667 3564 3723 novitio-

1969 3760 2114 3798 rum.
2166 3743 2366 3815 Sicque
2412 3745 2479 3800 de
2536 3746 2642 3801 isto
2689 3748 2894 3804 novitio
2937 3750 3210 3823 condigne
3236 3754 3438 3827 agitur,
3472 3757 3567 3829 qui

1967 3848 2250 3888 servorum
2308 3833 2409 3888 Dei
2439 3834 2711 3890 consortio
2737 3836 2853 3906 jam
2897 3837 3096 3905 dignus
3127 3842 3373 3901 habetur.
3405 3845 3563 3902 Illum

1965 3930 2143 3976 autem
2170 3922 2456 3990 uovitium,
2476 3938 2634 3992 quem
2665 3925 2931 3995 magister
2951 3938 3078 3984 suus
3109 3930 3302 3988 viderit
3359 3935 3558 3992 inobe-

1963 4011 2221 4076 dientem,
2245 4010 2637 4082 impatientem,
2671 4013 2988 4083 superbum,
3022 4021 3374 4090 susceptione
3410 4023 3557 4078 indi-

1960 4116 2148 4170 gnum,
2203 4107 2494 4168 postquam
2539 4115 2662 4154 eum
2711 4101 2803 4156 diu
2878 4104 3202 4173 toleraverit,
3267 4109 3556 4181 multisque

1959 4188 2137 4243 modis
2185 4188 2482 4242 emendare
2522 4190 2805 4244 tentaverit
2831 4189 2915 4256 m,
2942 4193 3155 4248 tandem
3177 4194 3220 4248 si
3248 4196 3380 4252 nihil
3428 4215 3554 4269 pro-

1955 4275 2114 4332 ﬁcere
2142 4283 2344 4346 potest,
2375 4277 2523 4332 venit
2561 4277 2628 4331 ad
2678 4277 2949 4348 abbatem,
2972 4289 3026 4336 et
3056 4281 3180 4337 talia
3236 4284 3284 4339 ei
3340 4288 3505 4342 refert
3539 4307 3551 4343 :

1954 4365 2204 4432 Domine,
2264 4364 2457 4435 inquit,
2503 4365 2741 4421 novitius
2786 4367 2878 4422 ille
2900 4385 3057 4438 quem
3088 4371 3252 4427 habui
3279 4374 3336 4428 in
3366 4373 3427 4402 ⁸⁸⁸
3458 4393 3547 4432 cu-

1951 4454 2147 4522 stodia,
2180 4464 2235 4509 ut
2264 4470 2387 4509 eum
2417 4453 2670 4510 docerem
2693 4458 2966 4526 quomodo
2995 4468 3181 4528 posset
3197 4476 3319 4517 esse
3347 4463 3549 4536 dignus

1949 4543 2355 4600 conversatione
2385 4548 2586 4610 nostra,
2619 4545 2689 4598 ita
2721 4561 2978 4615 perverse
3009 4564 3068 4604 se
3089 4549 3252 4604 habet
3278 4551 3333 4604 in
3362 4554 3546 4607 omni-

1948 4633 2050 4687 bus
2107 4648 2226 4702 qum
2253 4631 2363 4703 agit
2409 4639 2464 4686 ut
2497 4647 2600 4688 nec
2645 4633 2784 4688 inter
2810 4635 3048 4706 reliquos
3074 4638 3312 4695 novitios
3343 4640 3540 4713 dignus

1954 4721 2023 4776 sit
2041 4719 2372 4776 conversari.
2403 4721 2695 4777 Providere
2715 4723 2898 4795 itaque
2931 4724 3087 4780 vobis
3117 4727 3368 4783 convenit
3415 4732 3543 4802 quid

1953 4812 2134 4883 potius
2163 4811 2231 4865 de
2259 4825 2326 4866 eo
2357 4809 2664 4866 faciendum
2689 4812 2780 4867 sit.
2811 4813 2893 4869 Ad
2925 4815 3028 4870 hoc
3053 4815 3148 4871 ille
3182 4819 3540 4889 respondens,

1553 4937 1780 4992 VARIE
1836 4934 2243 4993 LECTIONES.

298 5032 703 5106 tuconcediiur
722 5042 774 5088 et
804 5030 1121 5106 suscipitur.
1145 5031 1264 5106 Sed
1278 5048 1382 5086 ms.
1406 5035 1476 5106 7A.
1499 5032 1910 5106 I._conceditur.
1931 5031 2140 5106 Sed.“
2150 5034 2217 5087 Et
2236 5031 2328 5088 vix
2345 5031 2447 5106 nisi
2470 5030 2898 5106 invitu_s,aliquid
2916 5035 3048 5090 boni
3067 5035 3326 5106 perﬁcere
3354 5041 3528 5098 valeo.

230 5108 378 5178 Quid
410 5108 578 5178 igitur
604 5104 631 5159 ἢ
660 5107 873 5181 ms._A_.
911 5101 1130 5181 leniit.
1178 5101 1605 5181 f"In.principio
1634 5105 2024 5181 mmetﬁdit.
2048 5107 2247 5181 ‘Colon.
2272 5104 2562 5181 imprimis.
2607 5101 2866 5181 °‘:§entit,
2897 5101 3163 5181 etnsec'um
3203 5111 3530 5181 considerat,

230 5171 360 5251 quia
393 5171 499 5234 εἷο.
529 5193 644 5251 ms.
685 5179 745 5229 A.
783 5179 806 5228 1
844 5174 960 5230 haec
978 5175 1280 5251 abbrgyiat.
1307 5171 1516 5251 "flnter
1541 5177 2236 5251 conversongonachosmt
2258 5171 2865 5251 nutri‘tosmizfictet
2888 5177 3033 5251 Edit.
3065 5171 3533 5251 ColJnterlona;

230 5241 364 5306 chos
397 5248 630 5303 nutritos
661 5254 712 5301 et
729 5260 1042 5302 conversos.
1100 5241 1460 5298 “‘Attendunt
1486 5245 1625 5299 enim
1648 5262 1754 5301 ms.
1783 5249 1928 5302 Vict.
1953 5251 2016 5301 t3
2049 5241 2296 5301 asserunt
2326 5245 2489 5300 enim.
2555 5243 2942 5302 ""Econtrario
2973 5249 3178 5304 vixisse
3233 5268 3378 5309 mas.
3403 5271 3532 5309 con-

229 5322 401 5376 trario
431 5335 648 5390 semper
672 5319 893 5373 vixisse.
951 5314 1229 5390 “'_H_aben_t
1255 5321 1308 5390 et
1340 5330 1426 5369 res
1457 5331 1566 5390 ms.
1597 5322 1661 5370 Α.
1697 5318 1970 5390 l_l_1_abent,
2004 5334 2114 5390 res.
2147 5315 2302 5372 mSic
2332 5331 2464 5388 ergo
2494 5325 2762 5390 suntms.
2792 5323 2902 5390 4_._t
2938 5320 3015 5374 sic
3044 5336 3178 5390 ergo
3224 5324 3349 5377 sint.
3402 5323 3535 5380 "°Et

229 5394 401 5447 Deum
431 5386 716 5445 mstict.
758 5394 817 5443 Α.
856 5393 875 5441 t
915 5392 968 5443 et
991 5387 1136 5458 Edit.
1174 5386 1670 5458 Colonromittunt.
1733 5387 1866 5444 "‘Ut
1889 5389 2208 5458 praevaleant
2227 5404 2362 5442 mss.
2384 5386 2439 5440 ut
2453 5388 2769 5454 praevalent.
2806 5386 3064 5446 “’Adhuc

3106 5392 3371 5461 probandi
3420 5413 3529 5452 ms.

241 5464 390 5520 Vict.
415 5465 478 5516 13
513 5462 581 5516 ad
603 5461 718 5515 haec
748 5458 1035 5532 probandi.
1054 5455 1116 5482 '"
1144 5457 1748 5532 Adrecipiendumrms.
1774 5465 1843 5514 Α.
1866 5455 1898 5514 1’
1919 5461 2137 5532 σελεάξι.
2163 5459 2282 5532 Qui.
2321 5462 2375 5512 et
2395 5473 2501 5532 ms.
2532 5461 2678 5514 Vict.
2702 5460 2850 5514 13ad
2881 5455 3311 5532 suscipiendum.
3331 5463 3530 5521 “‘Mihi

225 5533 552 5592 commisisti
567 5548 697 5587 mss.
717 5527 778 5586 Α.
802 5534 822 5583 1
851 5531 991 5585 Vict.
1011 5531 1073 5582 I3
1097 5531 1152 5583 et
1170 5529 1315 5583 Edit.
1338 5529 1523 5586 Colon.
1541 5529 1670 5582 mihi
1693 5530 2135 5586 commendastis.
2158 5527 2548 5597 "'Tentaverit,
2568 5545 2700 5585 mu.
2719 5534 2827 5585 ΔΑ
2870 5534 3013 5589 Vict.
3032 5527 3114 5589 ’13
3159 5538 3216 5592 et
3245 5535 3393 5592 Edit.
3414 5539 3529 5593 Col.

224 5605 481 5665 tentavit.

515 5729 761 5783 Pnaoa.
793 5723 975 5780 CLIX.

562 5601 804 5671 "‘Quem
823 5599 986 5655 habui
1008 5600 1059 5653 in
1076 5615 1209 5655 mss.
1277 5603 1328 5654 .t
1370 5603 1425 5656 et
1465 5602 1611 5657 Vict.
1646 5604 1712 5656 13
1743 5609 1798 5658 et
1827 5603 1981 5660 Edit.
2017 5601 2130 5660 Col.
2166 5615 2328 5672 quem
2359 5599 2632 5657 habebam
2662 5601 2736 5657 in.

3251 5733 3315 5792 21
