4046 6076
482 370 578 426 651

1521 340 1831 406 EADMERI
1861 333 2413 400 CANTUARIENSIS
2443 325 2775 404 MONACHI]

3685 314 3793 385 σει

491 494 810 566 magistrum
870 490 1110 543 hortatur
1149 489 1206 538 ut
1241 495 1361 537 eum
1401 476 1580 534 adhuc
1621 471 1876 530 omnibus
1906 466 2087 523 modis
2115 464 2172 526 A
2202 461 2255 517 in
2306 470 2560 534 quantum
2590 466 2836 530 possunt,
2867 474 2978 513 suae
3006 454 3264 514 voluntati
3295 455 3572 522 obediunt,
3603 456 3790 527 sicque

1947 557 1957 566 .
2008 564 2014 566 .
2241 551 2256 566 ε
2901 546 3071 566 ῃιμε,
3108 545 3187 566 ,με
3235 546 3347 566 ,λη
3417 545 3560 566 ,ηιμ
3599 547 3746 566 ___..:

488 557 779 640 amandare
825 585 1070 642 conetur,
1120 572 1310 627 dicens
1356 568 1550 622 melius
1604 579 1724 619 esse
1773 557 2084 646 illuminter

493 673 727 742 reliquos
760 669 988 724 tolerare
1010 679 1168 734 quam
1191 661 1461 716 dimittere
1491 654 1561 710 ad
1590 651 1846 709 saeculum
1888 653 2084 702 reverti

487 758 570 818 "".
610 735 816 828 Sicque
855 753 1092 810 novitius
1122 751 1223 804 iste
1240 763 1340 804 nec
1370 747 1422 800 in
1468 739 1896 814 congregatione
1939 735 2082 789 reci-

487 851 649 923 pitur,
682 823 782 902 nec
828 861 860 898 a
913 842 1051 898 cella
1107 837 1437 894 novitiorum
1478 830 1780 923 expellitur.
1830 823 2086 923 §imiliter

486 915 642 1010 ergo
675 943 762 990 est
811 928 1256 988 considerandum
1303 941 1401 994 per
1444 919 1627 978 omnia
1664 917 1802 971 inter
1830 915 2001 1010 l).eum
2030 919 2083 966 et

483 1001 727 1098 angelos,
753 1031 805 1079 et
827 1018 1142 1084 monachos,
1175 1012 1449 1084 quomodo
1468 1010 1608 1064 inter
1628 1005 1780 1061 illum
1799 1001 2077 1068 abbatem,

486 1126 538 1173 et
566 1113 908 1186 magistrum,
932 1117 1095 1178 atque
1124 1103 1356 1159 novitios
1373 1098 1686 1154 monachos.

1046 1265 1266 1322 CAPUT
1297 1261 1517 1318 LXXX.

481 1398 808 1460 Similitudo
821 1399 977 1453 inter
987 1392 1246 1460 Deum,et
1259 1383 1565 1461 quemlibet
1577 1382 1980 1453 imperatorem
1995 1374 2078 1429 ⁸³⁸.

556 1521 861 1580 Videndum
917 1517 1077 1572 etiam
1111 1521 1189 1568 est
1232 1512 1307 1566 sic
1333 1511 1397 1540 ⁶²⁸
1426 1523 1545 1564 esse
1573 1507 1712 1561 inter
1757 1505 1952 1570 Deum,
1983 1515 2084 1555 an-

486 1616 642 1688 gelos
697 1620 749 1666 et
801 1606 1047 1663 homines
1100 1603 1183 1669 "°,
1215 1598 1492 1672 quomodo
1534 1592 2082 1688 inter‘imperatorem

490 1681 765 1759 terrenum
796 1705 849 1752 et
878 1695 979 1749 sibi
1034 1693 1410 1761 obsequentes.
1441 1685 1569 1740 Tria
1599 1681 1800 1753 quippe
1841 1685 1962 1734 sunt
1990 1693 2084 1749 ge-

487 1808 622 1848 nera
652 1787 928 1844 hominum
961 1798 1081 1853 quae
1104 1786 1324 1835 terreno
1346 1771 1656 1846 imperatori
1687 1767 1940 1824 serviunt.
1975 1765 2082 1818 Alii
2113 1813 2164 1874 Β

486 1882 631 1938 enim
677 1875 918 1932 serviunt
961 1871 1010 1925 ei
1039 1884 1138 1940 pro
1169 1867 1324 1922 terris
1367 1879 1501 1934 quas
1528 1861 1748 1925 habent,
1780 1855 1912 1910 nihil
1940 1853 2085 1907 aliud

487 1973 794 2042 quaerentes
823 1961 922 2016 nisi
955 1957 1100 2028 quod
1132 1963 1354 2022 tenent;
1388 1952 1499 2018 alii,
1533 1949 1661 2020 quia
1717 1955 1887 2001 terras
1912 1943 1975 1972 °"
2003 1957 2084 1996 re-

484 2033 745 2129 cuperare
788 2050 980 2106 volunt
1033 2061 1166 2116 quas
1220 2057 1407 2098 eorum
1452 2044 1706 2109 parentes
1757 2033 1938 2129 aliqua
1990 2046 2084 2084 sua

484 2121 643 2218 culpa
670 2139 1054 2215 perdiderunt;
1078 2134 1168 2188 alii
1193 2147 1320 2187 vero
1347 2145 1448 2199 pro
1479 2125 1726 2182 solidatis
1755 2121 1820 2203 ‘_”
1851 2129 2082 2218 tantum:

489 2206 616 2292 Illos
669 2206 852 2301 itaque
879 2224 945 2254 "'
976 2223 1236 2280 Dominus
1281 2216 1562 2274 honestius
1593 2219 1787 2268 tractat
1814 2211 1904 2281 qui
1953 2206 2086 2262 nihil

486 2339 724 2396 unquam
756 2299 1121 2387 deliquerunt,
1171 2325 1270 2364 nec
1322 2305 1466 2362 aliud
1523 2319 1682 2374 quam
1714 2300 1861 2372 quod
1891 2299 2089 2396 habent

482 2387 756 2486 quierunt.
796 2407 861 2460 Hi
891 2401 1121 2458 radicati
1154 2406 1274 2454 sunt
1303 2405 1354 2452 et
1401 2392 1630 2459 fundati,
1661 2407 1760 2445 nec
1791 2388 1950 2444 evelli
1982 2387 2088 2441 for-

479 2481 705 2564 midant,
733 2499 858 2553 dum
894 2509 953 2548 se
982 2492 1037 2544 in
1063 2489 1348 2546 voluntate
1390 2482 1593 2538 domini
1625 2481 1706 2535 sui
1764 2482 2089 2533 conservant

477 2592 572 2643 "‘.
607 2588 735 2642 Illos
793 2597 941 2647 vero,
1001 2591 1236 2649 quorum
1293 2579 1547 2643 parentes
1593 2568 1695 2623 sibi
1727 2565 2088 2636 peccaverunt

484 2680 682 2751 quique
739 2687 844 2742 pro
903 2669 1119 2722 illorum
1147 2663 1214 2691 ⁸⁸⁵
1248 2660 1564 2716 haereditate
1593 2657 1692 2712 sibi
1727 2654 1968 2710 serviunt
2001 2649 2084 2718 '“,

479 2745 752 2838 aliquanto
783 2759 944 2814 vilius
972 2752 1037 2782 “"
1069 2759 1276 2818 tractat,
1312 2749 1598 2816 modisque
1629 2745 1854 2799 diversis
1897 2749 2084 2838 tentet,

483 2829 738 2912 videlicet
768 2843 1148 2904 conviciando,
1184 2836 1588 2901 comminando,
1611 2832 1861 2903 quaedam
1891 2829 2088 2901 gravia

479 2940 746 3016 jubendo,
805 2934 1126 3004 quandoque
1184 2927 1348 2982 etiam
1382 2923 1729 2996 tlagellando.
1755 2920 1860 2984 Qui
1891 2919 1939 3016 si
1970 2921 2088 3016 haec

486 3008 670 3093 omnia
697 3024 976 3082 humiliter
1003 3016 1348 3074 sustinuerint
1383 3022 1436 3070 et
1482 3010 1696 3067 Domini
1728 3010 1808 3063 sui
1866 3008 2086 3062 miseri-

486 3121 730 3181 cordiam
762 3114 1026 3186 patienter
1054 3103 1510 3176 exspectaverint,
1567 3100 1785 3154 tandem
1844 3097 1923 3151 eis
1980 3096 2084 3150 do-

2192 551 2259 606 ad
2291 566 2520 622 regnum
2569 548 2855 613 caelorum,
2901 546 3074 616 patris
3104 545 3191 601 sui
3222 546 3353 600 Adae
3411 545 3569 616 culpa
3599 547 3787 615 perdi-

2193 649 2326 708 tum,
2387 637 2727 694 haereditario
2780 637 2900 706 jure
2958 635 3241 706 pervenire
3273 634 3615 689 contendunt.
3646 635 3784 690 Ter-

2193 732 2323 785 tium
2373 737 2554 783 autem
2604 727 2680 794 hi,
2739 725 2830 797 qui
2865 734 3069 780 tantum
3127 739 3223 795 pro
3276 725 3500 779 terrenis
3553 724 3792 778 serviunt

2191 817 2514 886 commodis,
2566 815 2717 886 quasi
2765 813 2964 868 milites
2993 812 3354 883 stipendiarii.
3416 812 3506 868 Sic
3535 827 3671 884 ergo
3691 828 3792 882 per

2191 909 2373 964 omnia
2401 914 2483 962 est
2523 903 2980 960 considerandum
3013 901 3153 956 inter
3196 902 3311 956 haec
3349 901 3454 955 tria
3479 917 3681 973 genera
3736 909 3791 956 et

2189 999 2386 1066 Deum,
2427 992 2700 1065 quomodo
2745 990 2886 1046 inter
2914 990 3020 1046 alia
3043 992 3143 1046 tria
3163 989 3471 1060 supradicta
3501 998 3552 1045 et
3607 990 3790 1060 impe-

2190 1094 2423 1140 ratorem
2447 1099 2623 1139 suum.

2733 1257 2956 1314 CAPUT
2974 1256 3225 1312 LXXXI.

2198 1385 2349 1457 Quod
2406 1384 2682 1440 monacho
2721 1383 2924 1524 prosi/t,
2970 1383 3051 1508 fit
3067 1379 3292 1454 aliquod
3326 1381 3533 1438 bonum
3569 1381 3790 1437 invitus

2897 1469 3022 1509 acia
3057 1493 3069 1506 .

2897 1469 3069 1509 acuat.

2261 1598 2545 1670 Contingit
2601 1593 2892 1666 aliquando
2939 1594 3248 1664 quempiam
3277 1592 3342 1622 ⁸⁴¹
3380 1593 3458 1648 sic
3514 1594 3790 1649 abundare

2193 1687 2506 1742 humoribus
2527 1685 2686 1739 malis
2714 1692 2792 1748 ut,
2827 1683 2927 1738 nisi
2959 1690 3187 1750 secetur,
3245 1682 3400 1737 aliter
3454 1682 3632 1737 sanari
3687 1697 3794 1738 non

2196 1776 2386 1848 possit.
2420 1775 2488 1830 Ut
2515 1787 2649 1844 ergo
2680 1772 2747 1827 ab
2775 1772 2854 1827 eis
2892 1770 3064 1840 possit
3092 1786 3158 1825 ex
3191 1778 3303 1825 toto
3335 1770 3792 1840 mundari,spon-

2195 1873 2245 1920 te
2291 1879 2386 1919 sua
2440 1863 2591 1932 prius
2629 1876 2691 1916 se
2741 1860 2902 1915 faciat
2932 1859 3109 1930 ligari,
3143 1874 3340 1929 rogans
3385 1859 3546 1914 etiam
3578 1874 3673 1914 eos
3704 1860 3792 1930 qui

2193 1969 2316 2008 eum
2365 1950 2562 2006 secturi
2620 1957 2763 2016 sunt,
2809 1956 2864 2002 ut
2909 1962 3016 2003 non
3047 1963 3170 2002 eum
3202 1947 3496 2015 dimittant,
3530 1947 3793 2019 quidquid

2193 2036 2311 2112 ipSe
2340 2039 2504 2105 dicat,
2536 2037 2708 2092 donec
2737 2053 2857 2091 eum
2889 2035 3123 2106 perfecte
3153 2035 3439 2090 secuerint.
3473 2034 3609 2090 Cum
3655 2051 3791 2108 ergo

2193 2128 2538 2199 putredinem
2595 2141 2840 2196 pungere
2868 2124 3130 2194 cmperint
3160 2132 3214 2178 et
3241 2139 3514 2192 resecare,
3573 2125 3789 2190 clamat,

2197 2224 2249 2271 et
2272 2216 2401 2270 dicit
2429 2231 2485 2269 se
2514 2215 2664 2284 prius
2688 2212 2821 2268 nihil
2841 2211 2903 2240 “‘
2933 2211 3061 2266 mali
3118 2212 3343 2280 habere,
3400 2213 3790 2267 comminatur-

2196 2322 2301 2376 que
2331 2320 2446 2369 eos,
2480 2303 2585 2358 nisi
2615 2319 2738 2357 eum
2771 2301 3093 2365 dimiserint,
3118 2301 3397 2356 occidere.
3428 2300 3538 2355 Sed
3569 2301 3670 2369 illi,
3701 2301 3792 2371 qui

2197 2410 2318 2448 eum
2349 2394 2452 2448 hoc
2498 2392 2681 2446 dicere
2726 2399 2949 2462 propter
2986 2389 3230 2444 dolorem
3263 2389 3456 2452 sciunt,
3489 2404 3595 2444 non
3626 2389 3796 2444 verba

2195 2482 2342 2536 illius
2398 2480 2697 2547 attendunt,
2729 2479 2847 2545 sed,
2883 2487 2938 2533 ut
2967 2485 3266 2548 cmperant,
3298 2477 3645 2547 putredinem
3674 2493 3797 2546 per-

2199 2570 2338 2627 fecte
2369 2568 2710 2625 abscindunt.
2759 2567 2892 2622 Cum
2940 2575 3121 2622 autem
3153 2567 3222 2622 ad
3252 2567 3467 2637 plenum
3500 2566 3797 2622 mundatus

2197 2658 2391 2712 melius
2431 2657 2699 2723 habuerit,
2751 2655 2983 2720 eisdem,
3045 2670 3179 2724 quos
3208 2664 3366 2710 antea
3392 2654 3457 2682 ⁶⁴⁴
3489 2654 3798 2709 minabatur

2198 2747 2446 2802 occidere
2477 2744 2558 2812 “‘,
2592 2744 2801 2816 gratias
2859 2744 2991 2815 agit,
3026 2744 3171 2814 quod
3192 2759 3298 2798 non
3330 2759 3452 2797 cum
3506 2743 3578 2796 ad
3607 2742 3798 2797 volun-

2198 2843 2357 2889 tatem
2417 2850 2568 2888 suam
2624 2833 2953 2888 dimiserint.
3015 2831 3155 2899 Quid
3187 2847 3316 2903 ergo
3344 2832 3372 2883 ‘2
3402 2831 3656 2900 Nunquid
3689 2847 3798 2885 non

2197 2924 2322 2978 ideo
2351 2923 2571 2993 prodest
2598 2922 2641 2975 si
2672 2920 2861 2989 sectio,
2891 2920 2980 2990 qui
3011 2935 3130 2975 eam
3170 2919 3793 2984 toleravitinvitus,cum

2199 3012 2265 3066 ad
2315 3027 2432 3067 eam
2479 3011 2811 3066 tolerandum
2868 3025 2925 3063 se
2964 3009 3090 3063 fecit
3123 3009 3278 3080 ligari
3308 3015 3645 3077 spontaneus
3671 3006 3736 3035 “‘
3768 3010 3796 3061 ?

2200 3101 2427 3154 Prodest
2456 3116 2662 3167 revera,
2699 3099 2819 3170 quia
2854 3114 2952 3168 per
2979 3113 3101 3152 eam
3124 3096 3358 3151 abscissa
3387 3104 3472 3151 est
3505 3095 3796 3152 inﬁrmitas

489 3213 664 3270 minus
694 3165 1063 3262 hairreditatem
1094 3203 1312 3266 patrum
1356 3206 1575 3246 suorum
1607 3187 1810 3242 reddit.
1869 3187 1925 3242 Si
1955 3199 2084 3239 vero
2116 3165 2166 3227 Ο
2200 3194 2254 3244 et
2281 3197 2532 3259 reparata
2576 3196 2656 3242 est
2677 3165 2881 3240 sanitas
2898 3183 2985 3238 ⁸⁸⁷.
3028 3183 3291 3241 Similiter
3337 3193 3517 3239 autem
3549 3185 3798 3254 plerum-

488 3297 758 3358 noluerint
789 3296 905 3348 haec
934 3289 1183 3352 tolerare,
1215 3298 1318 3337 nec
1349 3297 1511 3335 suam
1565 3278 1747 3334 valent
1800 3275 2091 3332 haeredita-

488 3401 595 3448 tem
654 3393 996 3455 recuperare,
1047 3391 1148 3431 nec
1204 3372 1350 3427 aliud
1381 3370 1494 3425 vult
1523 3368 1599 3423 eis
1655 3367 1907 3421 dominus
1939 3366 2086 3420 dare-

488 3480 571 3537 Illi
603 3454 794 3532 autem
820 3469 912 3542 qui
934 3465 1075 3522 nihil
1105 3462 1250 3517 aliud
1308 3466 1560 3531 quaerunt
1614 3471 1777 3526 quam
1834 3454 2091 3512 solidatas

486 3567 548 3597 '“
572 3575 624 3622 et
656 3572 712 3618 ut
754 3561 900 3615 bene
946 3559 1255 3624 pascuntur,
1317 3547 1499 3602 tandiu
1556 3544 1868 3615 imperatori
1926 3543 2089 3597 obse-

495 3658 732 3728 quuntur
759 3643 992 3716 quandiu
1015 3644 1130 3696 haec
1146 3640 1223 3693 eis
1252 3636 1497 3707 largitur.
1533 3633 1671 3696 Quae
1729 3635 1773 3686 si
1803 3633 1882 3686 eis
1913 3632 2089 3687 abun-

497 3719 693 3799 danter
719 3731 1017 3794 donaverit,
1050 3726 1270 3781 laudant
1299 3739 1444 3790 eum,
1475 3730 1528 3776 et
1557 3722 1740 3776 dicunt
1797 3719 1925 3788 quia
1967 3735 2092 3776 vere

496 3831 559 3861 “'
591 3825 812 3883 domino
844 3819 938 3874 tali
968 3812 1316 3871 serviendum
1344 3819 1442 3875 est,
1467 3809 1559 3882 qui
1617 3809 1741 3863 talia
1769 3807 1830 3834 “°
1857 3809 2094 3864 servien-

501 3920 642 3976 tibus
694 3912 797 3968 sibi
844 3906 1075 3964 confert.
1116 3903 1170 3957 Si
1201 3916 1334 3956 vero
1365 3901 1481 3953 haec
1511 3898 1616 3952 illis
1647 3899 1776 3952 dare
1807 3898 2090 3966 destiterit,

495 4006 672 4065 statim
704 3999 982 4061 recedunt,
1013 3995 1128 4062 ipso
1155 3990 1473 4059 vituperata,
1504 3994 1557 4040 et
1577 3987 1840 4057 incipiunt
1886 3987 2095 4042 servire

497 4097 664 4168 ipsius
691 4087 929 4145 inimico.
963 4083 1087 4136 Tria
1115 4079 1278 4152 igitur
1305 4079 1419 4132 haec
1447 4084 1566 4130 sunt
1611 4073 1673 4103 °“
1727 4093 1932 4147 genera
1987 4079 2095 4132 ho-

500 4164 704 4241 minum
762 4175 921 4232 alicui
981 4179 1196 4226 terreno
1253 4164 1564 4236 imperatori
1595 4165 1958 4222 militantium.
2003 4167 2095 4223 Si-

505 4273 702 4331 militer
756 4273 934 4321 autem
996 4260 1096 4315 tria
1125 4263 1249 4312 sunt
1276 4269 1481 4327 genera
1527 4269 1714 4308 eorum
1749 4255 1837 4326 qui
1864 4272 2098 4326 superno

504 4359 646 4433 Regi
675 4353 1009 4413 deserviunt.
1072 4347 1315 4400 Primum
1362 4357 1534 4414 genus
1585 4351 1708 4397 sunt
1752 4345 1952 4416 angeli,
1985 4347 2098 4416 qui,

508 4430 705 4510 aeterna
735 4439 1070 4500 beatitudine
1098 4432 1340 4499 stabiles,
1359 4430 1462 4484 sibi
1491 4430 1608 4485 sine
1636 4431 1784 4486 omni
1822 4433 2098 4489 intermis-

2197 3295 2300 3349 que
2331 3277 2592 3349 contingit
2621 3285 2678 3330 ut
2698 3276 2895 3346 aliquis
2924 3275 3193 3328 redundet
3219 3273 3390 3341 vitiis,
3413 3282 3464 3328 et
3520 3273 3798 3344 intelligat

2199 3367 2345 3436 quod
2377 3366 2532 3420 aliter
2549 3364 2745 3419 salvari
2776 3379 2882 3417 non
2913 3363 3114 3434 valeat,
3142 3362 3243 3416 nisi
3288 3378 3321 3414 a
3351 3377 3408 3416 se
3439 3363 3579 3416 ferro
3609 3361 3799 3415 distri-

2198 3454 2381 3510 ctioris
2430 3452 2759 3522 poenitentiae
2787 3451 2847 3479 "'
2877 3451 3074 3506 fuerint
3103 3457 3358 3506 resecata.
3394 3451 3461 3505 Ut
3489 3465 3622 3520 ergo
3672 3450 3804 3505 inde

2196 3543 2415 3614 purgari
2445 3542 2694 3611 perfecte
2723 3548 2904 3612 queat,
2934 3539 3092 3594 alicui
3116 3539 3170 3592 in
3225 3537 3559 3592 monasterio
3605 3546 3802 3608 sponte

2199 3648 2297 3686 sua
2327 3647 2386 3686 se
2414 3631 2603 3703 aligat.
2638 3628 3034 3684 Professionem
3065 3627 3263 3682 etenim
3297 3627 3518 3688 faciens,
3553 3626 3626 3680 ibi
3683 3634 3802 3682 sta-

2198 3720 2460 3775 bilitatem
2520 3734 2836 3788 morumque
2890 3731 3118 3772 suorum
3138 3716 3547 3798 conversionem
3574 3716 3800 3786 promit-

2200 3810 2280 3876 tit,
2313 3824 2476 3877 seque
2504 3809 2643 3862 intra
2672 3805 2990 3861 monasterii
3035 3805 3269 3860 claustra
3301 3819 3364 3857 eo
3404 3811 3590 3858 tenore
3619 3804 3802 3858 reclu-

2201 3897 2278 3951 dit
2305 3904 2362 3950 ut
2394 3896 2589 3951 medici
2640 3893 2976 3965 spirituales,
3037 3890 3290 3946 videlicet
3325 3891 3408 3946 sui
3439 3901 3681 3962 pastores
3709 3891 3805 3960 qui

2202 4001 2326 4040 eum
2383 3983 2652 4054 corrigere
2682 3981 2900 4048 debent,
2950 3979 3212 4051 quidquid
3251 3980 3368 4050 ipsa
3413 3987 3602 4050 postea
3633 3981 3800 4043 dicat,

2201 4090 2309 4129 non
2341 4089 2464 4129 eum
2497 4071 2785 4138 dimittant,
2819 4069 2913 4124 sed
2944 4069 3058 4137 ejus
3085 4068 3214 4122 vitia
3243 4074 3485 4122 resecent
3529 4076 3580 4122 et
3609 4083 3805 4122 emen-

2206 4165 2360 4218 dent.
2421 4165 2491 4215 At
2518 4161 2834 4232 pleramque
2866 4174 2988 4213 cum
3015 4173 3137 4212 eum
3168 4156 3431 4226 coeperint
3457 4155 3524 4210 ad
3584 4156 3810 4211 meliora

2208 4250 2512 4317 stimulare,
2567 4255 2621 4303 et
2651 4247 2770 4316 ejus
2799 4246 2925 4302 vitia
2947 4245 3288 4314 corripiendo
3336 4260 3606 4307 resecare,
3639 4243 3812 4299 recal-

2207 4342 2364 4397 citrat
2390 4345 2551 4408 atque
2581 4335 2849 4400 irascitur,
2882 4335 3068 4390 dicens
3097 4349 3156 4388 se
3185 4349 3290 4388 non
3321 4332 3807 4403 esseculpabilem,

2209 4429 2352 4484 unde
2377 4425 2805 4498 reprehenditur,
2838 4425 3091 4495 ipsosque
3147 4422 3237 4494 qui
3267 4437 3390 4477 eum
3449 4428 3680 4493 arguunt
3709 4419 3813 4474 ali-

511 4508 666 4598 sione
695 4532 1017 4590 servientes.
1039 4523 1197 4581 Aliud
1211 4535 1357 4590 vero,
1379 4518 1629 4574 homines
1658 4519 1786 4574 boni
1807 4529 1953 4588 sunt,
1987 4523 2098 4594 qui,
2129 4514 2182 4574 D
2213 4516 2429 4589 quando
2485 4513 2645 4570 etiam
2694 4513 2960 4584 perimere
2991 4511 3241 4566 minatur.
3302 4511 3367 4565 Hi
3396 4525 3544 4576 vero,
3578 4508 3666 4581 qui
3704 4509 3814 4564 hoc

1790 4617 2016 4675 VARLE
2075 4613 2502 4675 LECTIONES.

586 4725 868 4787 “Reverti
924 4738 1064 4778 mss.
1090 4721 1150 4775 Α.
1187 4722 1210 4773 1
1254 4717 1389 4773 Vict.
1425 4719 1490 4769 13
1521 4718 1577 4772 et
1598 4716 1744 4771 Edit.
1782 4717 1895 4772 Col.
1930 4716 2133 4787 reverti
2189 4710 2513 4787 dimittitur._
2555 4708 2694 4763 “Et
2724 4708 2960 4787 aliquem
2992 4709 3377 4787 Imperatorem
3434 4722 3569 4787 ms.”
3607 4706 3812 4783 Victor.

521 4811 587 4862 13
618 4808 673 4860 et
703 4800 852 4855 Edit.
880 4794 998 4850 Col.
1038 4797 1090 4846 ct
1119 4787 1412 4862 quemlibet
1443 4787 1850 4862 Imperatorem.

1936 4786 2306 4843 “Videndum
2337 4780 2550 4851 esttsic
2580 4775 2963 4851 manuscript.
3005 4783 3040 4834 Α
3060 4775 3136 4833 .“1
3174 4777 3469 4833 videndum
3498 4775 3806 4851 etiam_s_i_c_.

520 4845 587 4906 δέ
699 4845 1025 4925 EJﬁinéé'et
1049 4845 1288 4931 Angelos
1315 4845 1717 4931 manuscript.»
1753 4861 1989 4929 Angelos
2017 4868 2069 4914 et
2098 4855 2364 4931 homines.
2649 4851 2738 4931 qui
2763 4845 2930 4931 terras
2959 4866 3092 4904 mss.
3130 4855 3195 4902 Δ.
3235 4850 3443 4931 ίχὶει.
3485 4850 3548 4931 13_
3581 4850 3636 4931 et
3657 4845 3812 4931 (ﬁdit.

526 4927 715 5004 Colon.
750 4940 863 5006 alii,
893 4936 1019 5005 quia
1049 4927 1236 5006 terras.
1310 4927 1752 5006 "fl’er‘solidatis
1774 4927 1876 5006 ms.
1903 4939 1964 4984 Α.
1993 4934 2016 4984 1

2051 4945 2150 4999 pro
2177 4925 2386 4999 solidis.
2445 4915 2643 4999 “’Illos
2665 4915 2974 4999 itaqueetc.
2998 4935 3176 4999 asque
3211 4919 3284 4999 ad
3306 4920 3420 4999 htec
3454 4937 3470 4999 ς
3503 4926 3552 4999 et
3583 4925 3638 4999 ut
3667 4915 3817 4996 bene

524 4985 1210 5091 5;;Zi'ritii',"¢§‘ansposua
1239 5003 1392 5055 sunt.
1434 4997 1564 5051 "‘Hi
1596 4999 1981 5091 radica‘tains‘unt
2009 4985 2068 5056 ei
2092 4996 2322 5091 funda‘t'i,
2356 5009 2455 5046 nec
2485 4993 2642 5047 evelli
2663 4985 3269 5091 Γοξιξξᾱῗηιιᾱὲιλῐιιιιλὶῐξ
3293 4985 3811 5091 νοιξωιδίθθοῐηὶηἱ

597 5090 603 5091 ,
953 5085 962 5091 .
1031 5076 1066 5091 η
1165 5075 1346 5091 nu“.-.
1388 5073 1547 5091 .-_---__
1611 5075 1625 5091 ι
1901 5071 2089 5091 ηπ-
2123 5068 2250 5091 -,μ-ε
2303 5080 2447 5091 Mm...
2475 5080 2587 5091 η..-
2647 5072 2664 5091 ι
2816 5065 2862 5091 ιι.
2933 5079 2956 5091 ι.
3082 5062 3098 5091 .‘
3217 5077 3242 5091 η
3316 5074 3580 5091 ηηιηηηαὶ
3631 5073 3784 5091 mvnm

526 5058 988 5143 E'Sivééiiééiviidt.
1023 5058 1116 5128 tlte
1141 5075 1347 5129 desunt
1383 5073 1446 5125 in
1460 5075 1625 5143 mea}
1645 5069 2094 5143 .__]._‘_"Quinque
2123 5067 2449 5143 proillorum
2473 5080 2608 5143 mss.
2627 5072 2692 5118 Α.
2718 5065 2738 5115 1
2767 5065 2984 5143 Ῡὶσιλρι
2999 5061 3290 5143 Εὰέρῂροι.
3315 5058 3811 5143 quinqueillorum.

523 5129 966 5214 ῗίῗὲὶὶῖὲέἷγίὖδῐ
991 5147 1199 5214 "1.37.7.4.
1235 5148 1253 5194 1
1293 5143 1456 5197 omit.
1495 5140 1620 5194 sibi.
1651 5129 2218 5214 mAliquuandoivil‘ius
2246 5154 2360 5214 ms.
2385 5138 2452 5190 Α.
2481 5139 2504 5190 1
2542 5135 2816 5214 aliquanto
2847 5134 3035 5214 vilius“.
3075 5129 3314 5214 ‘f'Quam
3343 5129 3714 5214 solidata‘mf'.’

525 5235 548 5283 1
589 5241 751 5298 quam
773 5219 996 5298 soliti??-

527 5289 681 5357 13'et
710 5295 859 5350 Edit.
895 5289 1008 5344 Col.
1042 5302 1074 5354 q

1051 5213 1308 5267 “’Dicunt
1343 5230 1353 5265 :
1387 5227 1516 5265 vere
1546 5228 1674 5266 mss.
1709 5199 1852 5267 Vict.
1883 5218 1940 5268 et
1969 5213 2125 5268 Edit.
2171 5213 2282 5266 Cat.
2307 5207 2515 5269 dieunt,
2550 5199 2680 5274 quia
2722 5220 2870 5258 vere.
2931 5201 3134 5271 “°Quia
3165 5199 3457 5274 taliagjmss.
3487 5215 3550 5274 4.
3581 5203 3602 5254 1
3650 5199 3808 5252 Vict.

1080 5288 1131 5338 ui
1156 5283 1295 5338 talia.
1377 5280 1760 5352 “‘Triaigitur
1789 5285 1905 5340 haec
1947 5292 2064 5338 sunt
2095 5285 2292 5352 1218.4.
2331 5279 2353 5331 1
2388 5278 2512 5332 Tria
2537 5270 2820 5352 limosum.
2880 5270 3221 5352 ‘ffContingit
3254 5270 3556 5352 [aliquando

3613 5283 3815 5339 quem—

523 5335 679 5444 piam
939 5364 959 5412 1
1000 5335 1107 5444 ξέά
1138 5353 1473 5444 αάιῂοοβιιιίε
1504 5335 2102 5444 ἀίοᾷἶὲιίὴίιέξξοιίὲὦρ
2123 5335 2386 5444 prodesse
2407 5346 2764 5444 quqdi'mgtus
2796 5335 3227 5444 cogiluroa‘gere.
3248 5335 3817 5444 Cui'responden‘durr‘i

526 5424 763 5512 estquia
791 5424 1713 5512 aliquandg‘contingitiquempiam
1727 5465 1739 5478 .

521 5511 718 5585 quibus
753 5515 932 5585 antea.

517 5594 711 5640 ιιῑιοιιῧ
721 5619 739 5642 ρ

519 5655 684 5722 omit.

1802 5423 1939 5482 “‘Se
1993 5417 2146 5494 prius
2175 5421 2307 5477 nihil
2339 5417 2443 5494 ius.
2476 5425 2540 5473 Δ.
2577 5417 2707 5494 ίίυξξξ
2752 5417 2925 5494 -ηίὶιὶιι

1022 5491 1397 5550 “Minabatur
1419 5491 1675 5550 occidere
1703 5499 1808 5551 mt.
1833 5502 1899 5553 Α.
1934 5501 1958 5552 1
1991 5491 2209 5553 omittit
2240 5491 2509 5546 occidere.

852 5569 1188 5646 “"tteparata
1214 5574 1302 5623 est
1329 5565 1535 5623 sanitas
1562 5582 1668 5624 ms.
1702 5571 1762 5624 Α.
1797 5569 1821 5622 1
1886 5575 2134 5640 reparata
2160 5563 2384 5623 sanitas.

3011 5412 3225 5482 “‘Quos
3260 5422 3418 5468 antea
3488 5429 3599 5467 ms.
3659 5416 3720 5465 Α.
3785 5413 3814 5464 1

2597 5487 3011 5544 “‘Voluntarius
3037 5503 3178 5542 mss.
3217 5489 3276 5541 et
3304 5485 3454 5540 Edit.
3491 5483 3605 5540 Col.
3639 5494 3820 5551 spon-

2525 5557 2756 5616 “'Ferro
2799 5557 3137 5616 districtioris
3172 5554 3506 5631 pmnitentite
3536 5569 3643 5611 ms.
3680 5562 3748 5609 Δ.
3781 5557 3811 5611 ι
