4046 6076
253 347 355 403 653

264 570 446 628 scunt,
489 576 597 615 non
638 575 760 614 eum
802 559 928 614 ideo
966 557 1260 625 dimittunt,
1289 557 1384 612 sed
1415 557 1486 610 ab
1515 572 1581 612 eo
1629 556 1872 612 districte

257 649 575 714 stultitiam,
609 656 666 702 ut
695 648 1012 718 praevalent,
1044 661 1185 702 nunc
1214 648 1318 702 hoc
1374 661 1518 700 nunc
1569 645 1661 700 illo
1708 646 1874 700 modo

271 737 596 793 abscindunt
617 735 700 789 “'.
734 738 865 792 Cum
899 736 1080 806 itaque
1117 735 1276 790 fuerit
1305 733 1619 789 emendatus
1647 750 1677 787 a
1712 733 1873 800 vitiis,

275 835 331 882 et
360 827 546 881 mitior
573 825 772 890 factus,
799 825 870 879 ad
901 841 958 879 se
988 839 1236 880 reversus
1262 822 1468 878 eisdem
1497 823 1698 894 gratias
1743 823 1878 876 red-

273 916 376 982 dit,
411 915 605 985 quibus
630 913 983 982 irascebatur,
1016 914 1165 985 quod
1208 927 1335 968 eum
1384 913 1774 981 reprehensum
1818 909 1880 937 ⁶⁵⁰

271 1004 636 1060 correxerint.
676 1001 817 1071 Quid
873 1003 1036 1074 igitur
1063 1002 1091 1054 ‘?
1136 1000 1394 1071 Nunquid
1440 1015 1548 1055 non
1598 999 1721 1055 ideo
1777 999 1880 1054 sibi

275 1092 528 1162 proderit
554 1091 648 1144 illa
682 1098 829 1145 tanta
870 1089 1158 1156 districtio,
1219 1089 1348 1160 quia
1403 1104 1518 1142 eam
1577 1087 1885 1142 inﬁrmitate

268 1180 449 1237 carnis
467 1177 532 1207 ⁸⁶¹
564 1179 766 1232 invitus
797 1179 865 1232 ad
898 1178 1084 1234 horam
1117 1175 1470 1242 sustinuit“,
1509 1191 1630 1232 cum
1659 1177 1728 1230 ad
1763 1191 1884 1231 eam

273 1268 642 1324 suﬂ'erendam
671 1275 863 1337 sponte
892 1283 987 1321 sua
1018 1266 1070 1320 in
1100 1266 1429 1320 monasterio
1454 1281 1512 1320 se
1533 1264 1889 1333 alligaverit?

277 1357 534 1413 Proderit
561 1357 766 1426 utique,
802 1355 929 1426 quia
957 1362 1037 1410 est
1064 1371 1163 1426 per
1185 1370 1305 1409 eam
1337 1354 1600 1408 liberatur
1628 1353 1699 1408 ab
1741 1352 1889 1408 omni

279 1446 596 1502 inﬁrmitate
625 1446 904 1512 vitiorum,
937 1453 992 1500 et
1043 1443 1184 1498 redit
1237 1443 1307 1498 ad
1364 1458 1548 1498 veram
1604 1442 1890 1498 sanitatem

283 1536 564 1592 virtutum.
601 1535 709 1590 Sed
739 1534 883 1590 dicet
913 1533 1112 1603 aliquis
1137 1531 1198 1560 ⁸⁵³
1228 1546 1240 1586 :
1266 1531 1471 1586 Melius
1500 1539 1646 1586 esset
1692 1540 1751 1586 ut
1775 1532 1892 1588 Deo

294 1626 413 1680 sine
442 1623 783 1694 professione
811 1623 1038 1678 serviret
1065 1630 1401 1692 spontaneus
1441 1635 1604 1690 quam
1661 1620 1715 1674 in
1769 1635 1894 1676 mo—

295 1713 536 1768 nasterio
575 1712 919 1786 professione
972 1727 1032 1767 se
1086 1710 1324 1783 alligans
1382 1709 1586 1766 servire
1613 1717 1900 1781 cogeretur

292 1802 510 1856 invitus.

829 1889 1050 1945 CAPUT
1089 1890 1361 1944 LXXXII.

429 1981 605 2048 Quam
634 1996 845 2051 magna
869 1977 932 2005 ⁶⁶⁴
959 1979 1037 2034 sit
1055 1994 1178 2049 spes
1207 1979 1479 2034 monachi
1508 1980 1768 2050 professi.

363 2069 464 2122 Hic
493 2077 671 2123 autem
703 2076 783 2122 est
813 2067 1247 2134 respondendum
1284 2068 1413 2138 quia
1445 2075 1591 2121 tanta
1645 2065 1899 2120 distantia

290 2165 373 2212 est
401 2157 539 2210 inter
563 2157 716 2210 illum
745 2156 836 2226 qui
867 2171 974 2210 non
1006 2156 1120 2210 vult
1171 2155 1350 2211 facere
1407 2156 1520 2211 Deo
1574 2155 1897 2224 promissio-

294 2262 420 2301 nem
459 2245 732 2301 servtendi
764 2245 866 2298 sibi
895 2243 977 2312 ⁸⁵⁵,
1011 2253 1064 2299 et
1093 2261 1216 2299 eum
1245 2244 1334 2313 qui
1365 2243 1592 2299 libenter
1633 2259 1754 2299 eam
1811 2244 1899 2298 fa-

291 2336 386 2401 cit,
421 2342 622 2404 quanta
652 2335 790 2388 inter
823 2335 1068 2389 homines
1097 2333 1236 2388 duos
1266 2333 1355 2403 qui
1387 2333 1547 2388 ambo
1595 2347 1658 2387 ex
1712 2332 1900 2388 debito

294 2424 497 2478 debent
526 2424 731 2477 servire
762 2423 982 2478 domino
1012 2423 1124 2478 uni.
1156 2421 1263 2477 Sed
1306 2438 1443 2476 unus
1496 2437 1679 2476 eorum
1737 2437 1900 2477 acce-

292 2512 374 2567 dit
405 2513 473 2568 ad
499 2512 800 2579 dominum,
835 2521 886 2566 et
916 2511 1048 2566 dicit
1081 2528 1094 2564 ε
1147 2511 1396 2578 Domine,
1446 2526 1516 2564 ex
1562 2518 1675 2566 toto
1731 2510 1901 2565 corde

296 2601 396 2656 tibi
429 2602 631 2656 servire
660 2600 806 2668 volo,
839 2601 935 2654 sed
995 2615 1116 2654 esse
1170 2600 1265 2654 tibi
1319 2598 1532 2655 ﬁdelem
1583 2599 1900 2669 promittere

296 2690 446 2746 nolo.
473 2689 610 2757 Quia
627 2690 670 2744 si
695 2691 797 2744 hoc
814 2689 908 2742 tibi
942 2688 1236 2758 promisso,
1271 2696 1460 2758 postea
1506 2686 1896 2759 peccarem‘“,

296 2779 516 2852 gravius
545 2779 871 2847 delinquens
900 2777 1143 2849 graviori
1172 2777 1410 2834 vindicta
1438 2777 1640 2844 dignus
1693 2777 1898 2832 existe-

288 2884 424 2923 rem.
477 2867 692 2936 Quanto
741 2874 917 2921 tamen
976 2865 1167 2920 melius
1223 2874 1434 2936 potero,
1493 2866 1719 2920 serviam
1778 2865 1896 2935 tibi,

291 2956 408 3023 sed,
441 2956 483 3010 si
517 2956 731 3024 quando
761 2969 1059 3023 peccavero
1092 2953 1208 3019 tibi,
1237 2953 1438 3021 judica,
1491 2969 1579 3008 me
1635 2961 1692 3008 ut
1743 2954 1895 3008 illum

290 3046 380 3115 qui
413 3059 470 3098 se
493 3043 586 3098 tibi
617 3059 736 3098 esse
767 3042 980 3097 ﬁdelem
1011 3043 1234 3097 minime
1265 3041 1525 3112 promisit.
1557 3042 1705 3097 Alter
1761 3058 1894 3098 vero

291 3134 455 3198 venit,
492 3141 544 3187 et
576 3132 703 3187 dicit
738 3151 749 3186 :
786 3132 1034 3198 Domine,
1058 3147 1124 3186 ex
1154 3140 1264 3187 toto
1296 3131 1458 3186 corde
1491 3147 1610 3186 meo
1633 3139 1682 3187 te
1700 3131 1888 3203 diligo,

289 3223 495 3293 tibique
527 3221 837 3277 ﬁdelitatem
870 3230 919 3275 et
950 3221 1344 3289 subjectionem
1372 3221 1648 3290 promitto,
1709 3228 1784 3287 ut,
1848 3221 1891 3274 si

290 3312 584 3380 aliquando
618 3313 795 3365 fecero
826 3318 1012 3365 contra
1041 3319 1376 3379 prmeeptum
1417 3318 1591 3377 tuum,
1649 3325 1757 3363 non
1805 3324 1889 3363 me

284 3401 502 3471 judices
531 3409 585 3454 ut
615 3401 870 3463 alienum,
903 3399 1000 3453 sed
1024 3398 1278 3452 emendes
1316 3406 1374 3452 ut
1431 3398 1710 3468 proprium
1768 3414 1885 3452 ser-

291 3506 448 3544 vum.
489 3489 583 3543 His
615 3489 791 3559 itaque
822 3488 1000 3555 dictis,
1035 3486 1216 3541 evenit
1243 3494 1300 3540 ut
1328 3487 1489 3541 ambo
1537 3486 1682 3540 idem
1747 3502 1882 3554 pec-

292 3589 472 3634 catum
503 3587 687 3647 postea
722 3577 942 3640 faciant,
974 3590 1037 3631 ac
1075 3576 1270 3630 deinde
1321 3576 1644 3646 poenitentes
1697 3573 1760 3602 ⁸³⁷
1815 3576 1883 3629 ad

284 3667 713 3722 misericordiam
745 3665 952 3720 domini
981 3665 1059 3717 sui
1094 3665 1328 3718 veniant.
1364 3664 1503 3718 Dicit
1543 3663 1723 3734 itaque
1776 3664 1881 3718 do-

277 3757 456 3810 minus
486 3755 561 3809 illi
606 3755 700 3825 qui
757 3754 860 3807 sibi
919 3751 1228 3808 ﬁdelitatem
1283 3753 1604 3822 promittere
1659 3753 1876 3808 noluit:

273 3845 457 3914 Quare
489 3846 593 3898 hoc
625 3842 800 3896 fecisti
829 3843 856 3896 ?
886 3845 951 3895 At
980 3842 1105 3896 ille:
1140 3841 1390 3909 Domine,
1449 3842 1641 3912 inquit,
1701 3840 1875 3898 conﬁ-

277 3943 396 3990 teor
425 3933 551 4002 quia
580 3929 804 4001 deliqui,
837 3930 933 3984 sed
966 3937 1141 3984 tamen
1173 3945 1260 3984 me
1291 3930 1386 3984 tibi
1417 3945 1525 3984 non
1555 3947 1679 3986 esse
1735 3931 1875 3986 deli-

269 4030 484 4078 cturum
516 4035 624 4076 non
655 4018 904 4089 promisi.
936 4018 1044 4073 Sed
1075 4018 1165 4073 ille
1201 4037 1211 4072 :
1247 4019 1466 4089 Ideone,
1525 4019 1711 4090 inquit,
1772 4036 1874 4075 no-

270 4110 415 4164 luisti
442 4109 573 4163 mibi
613 4107 926 4162 ﬁdelitatem
959 4107 1293 4177 promittere,
1326 4115 1383 4162 ut
1440 4124 1637 4178 posses
1693 4119 1878 4164 contra

266 4213 354 4252 me
383 4197 606 4252 liberius
628 4212 857 4266 peccare
885 4194 913 4248 εν
945 4196 1088 4268 Ergo
1120 4203 1172 4249 et
1231 4211 1334 4268 ego
1367 4206 1557 4252 contra
1591 4206 1659 4266 te,
1692 4214 1797 4253 non
1820 4209 1877 4254 ut

269 4303 405 4359 erga
434 4301 637 4352 meum,
671 4285 768 4340 sed
801 4292 856 4338 ut
886 4284 1150 4339 adversus
1182 4284 1418 4340 alienum
1443 4302 1633 4358 agam,
1667 4295 1872 4342 totum-

1234 338 1358 397 [ΑΒ.
1391 341 1483 397 DE
1511 341 1568 396 S.
1606 338 1907 397 ANSELMI
1947 339 2560 399 SIMILITUDINIBUS.

257 489 384 530 eum
411 471 653 543 proferre
682 477 902 540 propter
947 468 1153 525 ordinis
1208 468 1594 524 districtionem
1650 481 1862 540 cogno-
1890 467 1948 530 Α
1975 467 2224 522 drantem
2254 468 2497 539 exigam.
2528 469 2642 524 Hoc
2677 468 2751 524 ita
2802 469 3048 540 judicato
3100 470 3182 540 '°’,

1922 3176 1973 3243 C

3460 351 3564 409 654

3239 476 3575 533 convertitur

1981 556 2048 610 ad
2078 556 2243 611 alium
2275 565 2323 610 et
2355 557 2484 611 dicit
2521 555 2630 611 “°:
2685 558 2752 612 Et
2807 567 2879 628 tu,
2937 559 3082 617 male
3137 578 3290 619 serve
3340 562 3423 634 ⁸⁸³,
3483 566 3578 636 qui

1985 644 2113 698 mihi
2144 644 2458 700 ﬁdelitatem
2487 646 2839 716 promiseras,
2872 655 2922 704 et
2953 650 3076 706 ideo
3103 651 3199 705 tibi
3245 654 3424 724 magis
3479 670 3578 709 ca-

1985 748 2110 788 vere
2138 733 2422 798 debueras,
2449 750 2613 805 quare
2631 735 2737 791 hoc
2767 736 2939 790 fecisti
2968 737 2996 790 ?
3022 741 3089 791 At
3128 738 3219 794 ille
3253 758 3264 794 :
3323 742 3578 811 Domine,

1986 821 2079 885 ait,
2111 821 2372 876 conﬁteor
2397 838 2588 878 revera
2618 840 2703 878 me
2737 824 3029 895 deliquisse
3084 826 3293 898 tibique
3347 828 3583 886 ﬁdelita-

1988 918 2094 964 tem
2126 911 2460 980 promisisse.
2495 912 2602 966 Sed
2626 920 2916 984 postquam
2947 931 3034 970 me
3069 917 3299 985 pmnitet
3325 934 3413 974 me
3441 918 3585 975 deli-

1989 999 2172 1070 quisse
2199 997 2282 1067 ⁸⁸⁸,
2314 999 2490 1055 debeo
2519 1017 2627 1072 ego
2659 1002 2814 1071 pejus
2840 1003 2973 1072 pati,
3007 1005 3134 1075 quia
3194 1006 3286 1061 tibi
3345 1007 3580 1064 ﬁdelita-

1992 1097 2120 1158 tem,
2149 1097 2437 1161 antequam
2470 1089 2839 1160 deliquissem,
2862 1093 3110 1162 promisi,
3136 1111 3296 1164 quam
3345 1096 3435 1152 ille
3490 1098 3583 1170 qui

1994 1179 2132 1232 hanc
2162 1178 2256 1231 tibi
2286 1178 2401 1233 vult
2427 1179 2760 1246 promittere,
2789 1181 2948 1235 etiam
2978 1191 3264 1253 postquam
3293 1188 3587 1254 peccavit?

1994 1267 2123 1322 Ideo
2153 1267 2355 1337 quippe
2382 1267 2528 1320 volui
2560 1283 2646 1322 me
2675 1284 2795 1323 esse
2825 1277 2972 1323 tuum
3005 1278 3082 1338 ut,
3116 1271 3161 1326 si
3192 1274 3412 1342 quando
3452 1291 3588 1345 pec-

1996 1370 2195 1421 carem,
2229 1370 2335 1410 non
2364 1371 2451 1409 me
2475 1355 2744 1422 iudicares
2768 1365 2824 1412 ut
2844 1357 3098 1423 alienum,
3128 1361 3224 1414 sed
3272 1363 3593 1419 emendares

1997 1451 2056 1498 ut
2084 1443 2383 1512 proprium.
2420 1446 2488 1498 At
2515 1444 2764 1500 dominus
2797 1463 2810 1500 :
2843 1448 2922 1500 Ita
2950 1455 3047 1512 est,
3071 1447 3261 1518 inquit,
3321 1459 3379 1505 ut
3433 1450 3591 1508 dicis.

2001 1533 2133 1587 Cum
2164 1547 2296 1603 ergo
2327 1531 2566 1598 voluero,
2600 1533 2666 1588 de
2699 1541 2749 1589 te
2781 1534 3068 1590 vindictam
3099 1537 3386 1608 accipiam,
3417 1548 3474 1594 ut
3529 1541 3600 1596 de

2005 1636 2147 1677 meo.
2181 1621 2270 1676 Sic
2298 1629 2482 1676 autem
2512 1629 2565 1676 et
2590 1622 2733 1676 Deus
2761 1623 2901 1678 inter
2926 1624 3234 1692 professum
3268 1629 3599 1684 monachum

2008 1717 2060 1764 et
2093 1709 2365 1764 nolentem
2422 1708 2656 1780 profiteri
2699 1710 2926 1780 judicat,
2985 1712 3026 1766 si
3087 1729 3180 1768 eos
3233 1723 3420 1770 contra
3473 1732 3598 1772 eum

1920 1818 1976 1881 Β
2006 1814 2264 1868 peccasse
2320 1799 2598 1868 paeniteat.
2649 1799 2771 1854 Non
2835 1800 3008 1855 solum
3071 1810 3252 1858 autem
3297 1805 3604 1875 professum

2007 1887 2188 1942 mitius
2211 1887 2423 1956 judicat
2448 1885 2510 1914 ‘”
2540 1903 2648 1943 non
2686 1888 2951 1957 professo,
2989 1890 3083 1944 sed
3134 1891 3299 1946 etiam
3365 1893 3607 1965 quolibet

2005 1977 2145 2032 laico
2175 1977 2356 2032 adhuc
2385 1976 2440 2030 in
2470 1976 2672 2032 saeculo
2702 1979 3009 2033 constituto.
3044 1979 3191 2035 Licet
3211 1981 3357 2035 enim
3375 1989 3608 2052 uterque

2006 2066 2149 2121 idem
2177 2073 2456 2135 peccatum
2489 2065 2804 2129 committat,
2841 2075 3018 2122 tamen
3065 2068 3107 2122 si
3166 2076 3280 2124 toto
3319 2085 3390 2125 ex
3447 2071 3612 2126 corde

2007 2156 2329 2209 monachum
2361 2155 2618 2224 paeniteat
2673 2155 2992 2226 deliquisse,
3047 2172 3282 2227 eumque
3338 2158 3604 2229 ordinem,

2008 2243 2093 2298 cui
2123 2259 2182 2298 se
2211 2243 2470 2312 subdidit,
2501 2243 2728 2298 ferventi
2774 2243 2836 2272 ⁶⁸⁴
2894 2262 3078 2301 amore
3133 2246 3415 2315 custodiat,
3485 2265 3608 2304 ma-

2003 2332 2182 2400 jorem
2235 2348 2398 2404 quam
2463 2331 2632 2388 laicus
2717 2334 3143 2390 misericordiam
3225 2347 3609 2408 consequetur,

2008 2421 2404 2494 quantumlibet
2442 2421 2532 2476 ille
2572 2423 2833 2492 pceniteat
2889 2423 3241 2480 saecularibus
3289 2426 3468 2481 adhuc
3505 2426 3609 2482 de-

2009 2518 2202 2566 tentus.
2239 2510 2296 2565 Si
2326 2525 2458 2565 vero
2489 2510 2752 2580 poenitere
2777 2512 3030 2580 noluerit,
3064 2513 3254 2584 majori
3286 2529 3446 2584 quam
3503 2514 3611 2570 lai-

2007 2613 2099 2653 cus
2127 2598 2463 2653 damnationi
2493 2597 2824 2667 subjacebit.

2526 2686 2610 2743 CA
2623 2687 2752 2742 PUT
2792 2688 3093 2743 LXXXIII.

2046 2773 2381 2832 Similitudo
2394 2777 2549 2831 inter
2576 2776 2918 2832 monachum
2940 2781 3230 2848 peccatem
3251 2784 3306 2835 et
3340 2781 3568 2838 (nicum.

2080 2863 2239 2932 Quod
2298 2872 2354 2918 ut
2411 2865 2645 2934 apertius
2699 2881 2730 2918 a
2786 2864 2946 2918 simili
3001 2865 3302 2937 videamus,
3363 2869 3610 2927 homines

2006 2953 2142 3008 duos
2170 2954 2328 3007 unius
2357 2953 2562 3007 domini
2589 2969 2772 3008 servos
2827 2953 3143 3009 intueamur.
3201 2956 3374 3012 Ambo
3429 2959 3610 3030 itaque

2005 3060 2036 3098 a
2065 3043 2284 3098 domino
2314 3042 2407 3096 illo
2437 3043 2806 3113 possessiones
2836 3043 3085 3112 prOprias
3143 3045 3423 3102 obtineant
3479 3048 3602 3117 sibi,

2006 3132 2105 3185 sub
2131 3131 2488 3201 jurejurando
2516 3127 2578 3157 ⁸⁸⁸
2606 3131 2875 3199 promisso
2927 3132 3072 3202 quod
3130 3133 3178 3186 ei
3234 3132 3426 3189 ﬁdeles
3483 3137 3606 3190 exi-

2003 3229 2166 3274 stant.
2220 3222 2368 3276 Unus
2432 3228 2610 3273 tamen
2669 3219 2889 3273 illorum
2967 3221 3276 3277 conditione
3333 3223 3428 3279 tali
3503 3227 3605 3282 hoc

2003 3310 2191 3375 faciat,
2233 3308 2401 3377 quod,
2437 3307 2479 3360 si
2520 3306 2649 3376 quid
2677 3305 2738 3334 ⁸⁸⁸
2783 3305 2835 3360 in
2890 3322 3017 3361 eum
3061 3309 3386 3381 quandoque
3423 3311 3600 3368 delin-

2004 3407 2130 3469 quat
2158 3395 2239 3460 ⁸⁸⁷,
2274 3397 2340 3451 de
2376 3397 2593 3466 proprio
2641 3411 2759 3461 suo,
2819 3403 2980 3465 prout
3038 3395 3195 3448 fuerit
3229 3399 3456 3467 justum,
3498 3401 3599 3456 sibi

2002 3488 2288 3552 emendet;
2358 3485 2492 3538 alter
2528 3499 2654 3539 vero
2709 3484 2993 3538 dominum
3032 3500 3191 3538 suum
3229 3487 3368 3542 adeo
3407 3487 3599 3562 diligat

1999 3585 2053 3631 ut
2083 3575 2215 3630 nihil
2277 3574 2554 3645 proprium
2611 3573 2863 3640 retinere,
2916 3573 3169 3627 omnibus
3226 3575 3274 3629 ei
3331 3575 3594 3646 dimissis,

1997 3665 2318 3720 familiarius
2349 3662 2448 3716 sibi
2483 3663 2638 3716 malit
2664 3659 2725 3689 “'
2755 3661 2974 3718 servire.
3008 3663 3124 3717 Hoc
3165 3663 3326 3718 etiam
3383 3674 3596 3736 pactum

1997 3769 2120 3810 cum
2150 3770 2215 3809 eo
2247 3753 2400 3809 faciat
2429 3749 2490 3779 °°'
2522 3751 2686 3824 quod,
2718 3751 2760 3805 si
2789 3750 3078 3821 aliquando
3121 3748 3183 3779 "'°
3231 3754 3362 3824 quid
3410 3765 3596 3812 contra

1995 3860 2117 3897 eum
2143 3843 2466 3908 committat,
2498 3841 2566 3896 de
2594 3840 2799 3910 seipso,
2832 3855 2940 3896 non
2968 3839 3037 3896 de
3069 3857 3130 3896 re
3157 3838 3218 3872 ⁶⁷¹
3247 3843 3439 3912 aliena,
3498 3845 3594 3902 sed

1995 3942 2052 3987 ut
2081 3933 2148 3988 de
2178 3932 2416 4002 proprio,
2467 3945 2630 4000 quam
2683 3929 2918 3995 voluerit
2967 3927 3258 3986 vindictam
3315 3943 3578 3990 assumat.

1994 4021 2087 4075 His
2115 4020 2278 4092 igitur
2306 4019 2457 4086 actis,
2488 4018 2530 4071 si
2563 4017 2778 4087 culpam
2809 4016 3057 4072 eamdem
3104 4019 3392 4074 committit
3433 4029 3587 4077 uter»

1987 4125 2112 4180 que,
2144 4124 2211 4163 ac
2239 4106 2440 4162 deinde
2495 4104 2807 4176 poenitentia
2837 4104 2985 4159 ducti
3041 4105 3214 4159 velint
3269 4108 3577 4180 emendare,

1987 4197 2081 4253 sed
2108 4197 2200 4251 ille
2229 4195 2298 4250 de
2327 4193 2567 4266 proprio,
2599 4192 2742 4263 quod
2772 4208 2872 4247 nec
2902 4191 3078 4247 adhuc
3106 4199 3277 4247 totum
3308 4194 3423 4250 vult
3450 4195 3582 4253 dare

1986 4302 2088 4360 pro
2117 4285 2261 4339 illius
2289 4284 2466 4353 culpa
2494 4280 2879 4349 satisfactione,
2939 4280 3037 4335 iste
3093 4295 3223 4337 vero
3279 4282 3347 4337 de
3402 4284 3580 4355 seipso

269 4391 375 4447 que
406 4373 549 4447 quod
582 4373 679 4428 erit
704 4373 810 4429 mei
825 4372 968 4442 juris
994 4370 1078 4443 ⁸⁸⁸,
1112 4389 1280 4444 usque
1308 4373 1376 4429 ad
1423 4375 1670 4430 ultimum
1729 4391 1866 4446 qua-
1898 4369 1958 4434 D
1987 4391 2145 4448 quem
2176 4373 2337 4430 etiam
2368 4379 2534 4428 totum
2566 4369 2785 4426 domino
2814 4368 3213 4440 mancipaverat
3268 4370 3435 4442 prius,
3493 4375 3582 4431 vi-

1575 4519 1806 4575 VARUE
1857 4518 2247 4577 LECTIONES
2260 4559 2272 4572 .

337 4641 400 4670 “’
430 4642 501 4697 Ut
527 4640 838 4711 pravalent,
868 4656 1009 4696 nunc
1035 4642 1139 4697 boc
1169 4641 1259 4698 illo
1291 4643 1454 4698 modo
1484 4644 1804 4700 abscindunt
1832 4661 1936 4702 ms.
1997 4646 2071 4700 A.
2141 4648 2165 4699 1
2236 4639 2556 4712 praevalent,
2615 4637 2967 4712 abscindunt.
3021 4636 3098 4712 _“°
3162 4639 3331 4712 Eum;
3376 4657 3565 4712 repre-

268 4709 567 4786 [tendendo
590 4728 725 4786 mss.
767 4714 842 4766 A.
886 4713 910 4766 1
942 4717 1001 4786 et
1040 4714 1174 4786 Vict.
1211 4715 1272 4768 13
1306 4719 1362 4786 et
1396 4714 1549 4770 Edit.
1583 4715 1693 4772 Col.
1727 4733 1850 4772 eum
1877 4709 2292 4786 reprehensum.
2331 4711 2392 4740 ⁶⁵¹
2427 4710 2854 4786 Inﬁrmitatatem
2883 4709 3065 4786 carnis
3094 4709 3562 4786 mssinﬁrmitate

265 4785 467 4839 carnis.
505 4781 569 4811 ⁶⁸²
598 4785 803 4838 Invitus
823 4783 1074 4838 sustinuit
1097 4800 1230 4840 mss.
1262 4785 1327 4838 ad
1360 4786 1543 4839 horam
1577 4788 1825 4841 sustinuit
1853 4779 1957 4843 ms:
1992 4790 2054 4842 Α.
2092 4791 2115 4840 1
2176 4785 2374 4840 invitus
2402 4783 2472 4838 ad
2535 4783 2721 4835 horam
2787 4780 3060 4834 sustinuit.
3133 4779 3194 4810 °”
3261 4783 3369 4839 Sed
3425 4784 3572 4842 dicet

266 4855 464 4937 aliquis
495 4855 558 4908 In
590 4855 1113 4937 mssuitichincipit:
1141 4855 1337 4937 Cal-mi;
1364 4854 1975 4937 .82..”“1Quodmagna
2004 4874 2136 4937 mss.
2169 4863 2227 4937 et
2255 4857 2402 4937 Edit,
2435 4849 2755 4937 Col.._Q_uam
2785 4865 3004 4922 magna.
3028 4847 3090 4879 ⁸⁸⁸
3115 4852 3195 4906 Ad
3226 4855 3570 4937 serviendum

269 4923 372 4981 sibi
403 4942 537 4982 mss.
571 4930 626 4982 et
657 4927 804 4980 Edit.
841 4926 952 4981 Col.
977 4923 1410 4998 serviendisibi.
1431 4925 1491 4954 ⁸⁵⁸
1523 4927 1578 4982 Si
1609 4923 1709 4982 boc
1738 4930 1834 4983 tibi
1867 4923 2151 4998 promitto.
2183 4935 2236 4980 et
2280 4935 2469 4995 postea
2497 4923 2641 4998 _sibi_
2683 4937 2967 4998 peccat-em
3023 4939 3190 4998 mss_.__
3217 4924 3265 4998 si_
3280 4996 3295 4998 _
3319 4927 3420 4998 hoc
3473 4927 3573 4984 tibi

269 4999 555 5068 promisso,
588 5006 776 5066 postea
806 5013 1105 5067 peccarem.
1153 4993 1215 5024 ⁸⁸⁷
1245 4997 1450 5051 Deinde
1481 4999 1805 5068 pmnitenter
1837 4991 1964 5054 niss.
1998 5005 2054 5055 et
2101 4998 2248 5052 Edit.
2280 4991 2422 5052 Ὀοῑ.
2481 4993 2680 5068 deinde
2732 4991 3074 5068 paenitentes.
3130 4991 3190 5068 ’ξ’
3231 4996 3378 5068 _Meri
3430 4998 3572 5066 juris

267 5062 404 5141 'mss.
440 5069 532 5122 BA
565 5062 625 5141 cf;
665 5062 896 5141 [’ictClB
921 5072 976 5122 et
998 5069 1147 5141 Edit.
1180 5069 1375 5141 Colon.
1397 5062 1557 5136 juris.
1593 5067 1654 5096 ⁸⁸⁹
1686 5071 1798 5124 Hoc
1827 5071 2007 5141 itaque
2030 5070 2270 5141 judicato
2298 5068 2528 5141 mssa.
2576 5062 2718 5118 Vict.
2753 5067 2816 5141 13
2849 5067 2906 5119 et
2933 5064 3108 5141 E_dit.__
3146 5063 3268 5122 Col.
3336 5062 3449 5141 hoc
3495 5071 3573 5126 ita

263 5139 532 5206 judicato.
562 5136 624 5165 “°
656 5139 956 5193 Conversus
981 5142 1046 5192 ad
1079 5138 1243 5192 alium
1274 5134 1412 5193 dicit
1431 5155 1563 5193 mss.
1598 5141 1657 5195 A.
1693 5143 1716 5193 1
1762 5134 2098 5196 νηιᾙωῑι
2154 5139 2301 5193 Edit.
2363 5138 2480 5193 Col.
2538 5134 2865 5190 convertitur
2919 5135 2986 5190 ad
3028 5135 3226 5206 alium,
3284 5146 3338 5191 et
3388 5138 3519 5195 dicit
3551 5160 3563 5196 :

269 5208 428 5282 f'FEt
459 5215 514 5263 tu
539 5224 697 5264 serve
723 5225 857 5282 mss.
893 5218 945 5262 et
974 5219 1028 5282 tu
1061 5208 1203 5263 male
1257 5224 1451 5282 serve,
1489 5207 1554 5282 “ff
1611 5211 1853 5282 Paenitet,
1913 5213 2040 5282 quia
2096 5209 2296 5282 deliqui
2341 5224 2474 5282 mss.
2538 5206 2757 5282 pmnitet
2783 5220 2902 5282 _me
2954 5205 3265 5282 deliquisse,
3297 5206 3360 5235 “'
3390 5209 3566 5267 Ninus

261 5279 472 5353 judicat
502 5295 632 5353 mss.
658 5282 736 5336 A.
769 5281 892 5353 icti
927 5281 1058 5353 Vict.
1096 5284 1158 5333 13
1192 5279 1384 5353 melius
1435 5279 1752 5353 judicat,m
1809 5276 1946 5336 Cum
1998 5297 2080 5353 ex_
2121 5276 2285 5353 corde
2341 5279 2606 5353 Monaclio
2653 5276 2911 5353 paeniteat
2940 5277 3273 5353 _deliquisse,
3332 5295 3568 5353 eumque

265 5346 513 5405 ordinem
543 5351 627 5405 cui
660 5367 716 5405 se
742 5350 979 5404 subdidit
1011 5351 1234 5404 ferventi
1265 5366 1397 5405 mss.
1430 5359 1611 5405 tamen
1642 5352 1689 5405 si
1718 5359 1828 5407 toto
1859 5369 1922 5406 ex
1955 5351 2117 5407 corde
2149 5352 2468 5404 Monachum
2497 5347 2782 5416 deliquisse
2809 5346 3353 5418 poeniteatfeumque
3391 5346 3567 5406 cui'se

264 5420 506 5474 subdidit
535 5421 783 5476 ordinem
813 5421 1064 5476 ferventi.
1093 5419 1156 5448 ‘“
1189 5422 1297 5475 Sub
1321 5421 1678 5490 jurejurando
1708 5439 1814 5478 ms.
1850 5424 1910 5479 Α.
1947 5426 1969 5476 1
2023 5421 2164 5477 Vict.
2199 5425 2262 5474 13
2294 5425 2350 5476 et
2381 5419 2528 5476 Edit.
2574 5419 2703 5490 col.
2735 5417 2878 5490 sibi;
2929 5419 3311 5490 jurejurando.
3376 5417 3440 5448 ⁸⁸⁸
3496 5424 3566 5477 Ut

266 5493 311 5545 si
345 5491 476 5561 quid
505 5508 609 5546 ms.
650 5491 793 5546 Vict.
827 5497 883 5547 et
912 5493 1068 5547 Edit.
1122 5491 1240 5547 Col.

1298 5493 1442 5564 quod
1487 5494 1529 5547 si
1561 5493 1709 5564 quid.
1766 5492 1829 5522 ⁸⁸⁷
1877 5494 2169 5563 Delinquat
2224 5507 2328 5546 ms.
2390 5496 2452 5546 Α.

2514 5490 2540 5543 1
2601 5489 2913 5552 deliquerit.
2970 5487 3060 5518 “"
3091 5490 3435 5544 Familiarius
3462 5491 3566 5546 sibi

266 5557 394 5616 mali
423 5580 530 5618 ms.
564 5565 628 5617 A.
664 5565 688 5615 1
725 5563 1043 5618 familiarius
1071 5564 1218 5618 velit.
1249 5557 1474 5618 “"Cum
1504 5557 1763 5620 eo'faciat
1789 5581 1895 5621 ms.
1930 5567 1998 5620 A.
2032 5557 2074 5617 1’
2092 5579 2213 5619 cum
2239 5578 2305 5618 eo
2335 5567 2651 5630 componat.
2723 5557 2787 5588 "°
2815 5561 2883 5615 Ut
2909 5558 2953 5613 si
2981 5557 3274 5630 aliquando
3341 5577 3448 5618 ms.
3497 5564 3564 5622 Α.

275 5635 410 5690 Vict.
447 5637 510 5689 t3
545 5638 600 5691 et
633 5632 780 5690 Edit.
815 5634 924 5692 Col.
961 5635 1106 5706 quod
1135 5634 1180 5690 si
1209 5633 1527 5710 aliquando.
1564 5633 1626 5665 ’τι
1652 5637 1777 5694 Non
1806 5644 1863 5693 ut
1881 5637 1953 5695 de
1979 5650 2037 5692 re
2066 5652 2173 5693 ms.
2205 5634 2328 5691 Α.1
2373 5629 2509 5691 Vict.
2545 5635 2608 5688 13
2638 5640 2696 5690 ει
2723 5632 2876 5689 Εάἰι.
2912 5631 3024 5689 σοι.
3055 5644 3165 5688 non
3194 5629 3261 5688 de
3287 5646 3365 5689 re.
