3970 6088
482 240 584 298 659

1478 241 1792 298 EADMERI
1842 239 2398 297 CANTUARIENSIS
2451 238 2780 296 MONACHI

3675 239 3788 291 660

481 365 536 422 in
561 366 666 424 hoc
695 366 974 438 amplexus
1030 377 1128 436 est,
1167 368 1347 438 ipsum
1376 367 1580 424 factum
1633 365 1944 431 excusabit,
1974 365 2070 421 sed
2099 365 2153 424 A
2184 380 2342 420 sauro
2369 363 2431 393 "“
2461 364 2662 420 scelesti
2710 379 2982 434 nunquam
3014 362 3242 433 reponit,
3288 361 3426 418 sicut
3454 359 3654 415 multus
3677 361 3788 415 de-

481 454 624 510 velle
652 455 799 527 quod
828 463 1014 512 contra
1051 456 1420 512 obedientiam
1446 455 1654 518 habuit,
1686 454 2072 525 periculosum,

486 542 586 598 nisi
619 543 950 614 paenituerit,
987 544 1063 600 illi
1089 544 1210 602 erit.
1240 544 1398 613 Quod
1453 543 1719 607 nonnulli,
1777 543 1957 598 minus
1987 550 2074 596 at-

485 631 784 698 tendentes,
837 633 1050 688 licentia
1105 650 1267 705 quam
1322 650 1421 704 pro
1475 632 1750 704 implenda
1806 631 2078 686 voluntate

485 737 581 775 sua
635 729 890 792 expetunt
947 737 1093 793 saepe
1123 721 1395 777 falluntur.
1437 723 1504 778 Ut
1541 722 1705 794 igitur
1727 720 1968 776 breviter
1994 720 2074 775 lo-

482 823 618 878 quar
642 816 696 864 et
724 809 1015 876 succincte,
1047 810 1147 865 sub
1177 810 1299 880 ipsa
1328 809 1636 866 obedientia
1679 809 1925 864 viventes
1953 817 2075 863 sunt

477 903 743 953 matronae
774 898 973 969 regalis
1000 897 1152 954 filias.
1188 896 1248 926 ’³³
1278 898 1605 954 Ancillarum
1658 912 1785 952 vero
1832 897 2069 965 nomine,

473 983 704 1040 licentiae
733 986 1074 1042 adhaerentes
1101 988 1313 1056 accipe.
1353 985 1729 1042 Inobedientia
1765 1002 1917 1049 vero,
1950 1001 2069 1055 quae

473 1073 668 1129 dicitur
696 1083 750 1130 et
800 1074 922 1144 ipsa
950 1076 1108 1141 latro,
1152 1075 1387 1132 rebelles
1417 1076 1774 1147 designantur
1797 1071 1859 1103 ⁷⁸⁸
1888 1073 1943 1128 in
1972 1090 2068 1130 or-

469 1161 598 1218 dine
636 1163 956 1219 monastico.

1122 1260 1345 1316 CAPUT
1384 1261 1500 1316 XC.

581 1346 920 1404 Similitudo
961 1348 1118 1403 inter
1149 1348 1491 1404 monachum
1539 1351 1595 1403 et
1623 1348 1949 1403 denarium.

541 1437 748 1490 Rursus
778 1452 810 1489 a
865 1436 1027 1490 simili
1065 1451 1355 1506 possumus
1409 1435 1594 1491 videre
1651 1443 1780 1504 quot
1807 1436 1862 1490 in
1891 1435 2067 1506 perfe-

469 1532 556 1579 cto
586 1520 648 1551 7"
680 1524 953 1578 monacho
980 1523 1212 1578 debeant
1251 1540 1396 1579 esse.
1435 1524 1562 1578 Tria
1591 1525 1786 1592 cuique
1815 1524 1958 1578 bono
1988 1523 2068 1576 in-

471 1620 595 1667 sunt
634 1613 876 1677 denario,
937 1628 1058 1682 quae
1115 1613 1309 1684 cuique
1365 1613 1514 1667 bono
1571 1612 1773 1667 debent
1801 1609 1862 1640 ⁷⁸⁸
1887 1612 2066 1668 inesse

2187 453 2394 508 narium
2415 453 2630 519 falsum,
2664 453 2786 509 licet
2808 461 2930 524 apte
2953 459 3303 518 monetatum,
3326 468 3422 507 suo
3440 447 3504 480 ’⁷⁸⁵
3528 451 3789 504 thesauro

2185 559 2448 614 reponere
2495 544 2707 613 quaerit.
2770 542 2945 611 Quem
3002 557 3135 598 vero
3188 541 3379 598 viderit
3436 538 3790 596 obedientem

2183 648 2322 697 esse,
2356 632 2456 687 etsi
2482 632 2774 704 aliquando
2805 631 3091 703 fragilitate
3121 638 3307 700 peccet
3361 630 3618 694 humana,
3675 642 3792 681 non

2184 721 2327 776 hunc
2385 728 2562 775 tamen
2607 720 2839 791 repellit,
2899 719 2941 774 si
2971 735 3099 774 vere
3132 719 3388 789 paeniteat
3413 715 3497 770 "“.
3533 718 3601 774 Ut
3637 715 3792 770 enim

2181 810 2249 864 ab
2278 810 2513 866 invalido
2543 809 2790 877 denario,
2827 809 3083 865 denarius
3110 805 3175 836 ⁷⁸⁷
3203 811 3388 876 falsus,
3440 808 3521 863 sic
3547 822 3582 859 a
3616 803 3792 859 debili

2182 898 2366 954 diﬂert
2395 901 2696 955 monachus
2722 898 2894 953 falsus
2909 893 2998 954 ⁷⁸⁸.
3054 897 3327 953 Invalidus
3357 896 3560 966 quippe
3586 891 3653 921 ἠ’
3678 892 3787 946 de-

2181 990 2364 1043 narius
2395 989 2572 1042 minus
2600 988 2764 1043 habet
2792 989 3006 1058 pondus
3049 1003 3209 1058 quam
3240 986 3436 1041 debeat
3464 984 3667 1038 habere
3693 978 3783 1045 π’,

2177 1077 2270 1132 sed
2301 1077 2431 1132 illud
2461 1077 2602 1148 quod
2653 1077 2819 1133 habet
2848 1092 2983 1148 puro
3011 1091 3084 1133 ex
3115 1093 3223 1132 aere
3245 1074 3308 1105 ἠπ
3337 1079 3565 1131 constat.
3589 1072 3786 1127 Falsus

2177 1182 2309 1222 vero
2339 1167 2586 1222 eamdem
2636 1183 2793 1236 quam
2826 1166 3000 1221 bonus
3045 1173 3315 1221 monetam
3348 1161 3650 1236 praetendit,
3682 1159 3784 1216 sed

2177 1256 2402 1312 interius
2469 1259 2596 1312 latet
2641 1255 2856 1311 falsitas
2911 1255 3052 1310 aeris.
3113 1254 3203 1310 Sic
3252 1254 3424 1308 falsus
3480 1252 3784 1306 monachus

2176 1347 2425 1403 eumdem
2479 1363 2641 1418 quem
2695 1341 2932 1400 bonus”
2961 1343 3199 1399 habitum
3241 1343 3418 1403 habet,
3454 1341 3553 1395 sed
3581 1339 3783 1394 inobe-

2176 1436 2392 1491 dientiaa
2448 1437 2656 1490 falsitas
2713 1434 2936 1489 interius
2999 1434 3149 1488 latet.
3210 1432 3418 1487 Dehilis
3475 1445 3626 1494 vero,
3681 1428 3779 1482 sed

2175 1525 2456 1593 obediens,
2519 1525 2645 1580 licet
2673 1539 2780 1578 non
2812 1532 3037 1593 tantam,
3095 1523 3224 1592 quin
3267 1519 3563 1592 aliquando
3593 1518 3774 1582 cadat,

2175 1614 2376 1669 habeat
2419 1612 2785 1670 stabilitatem.
2819 1612 3144 1666 obedientiae
3189 1619 3367 1665 tamen
3399 1609 3590 1664 retinet
3621 1608 3774 1678 puri-

470 1701 762 1758 monacho.
787 1701 1057 1755 Denarius
1078 1701 1278 1771 quippe
1299 1701 1474 1756 bonus
1495 1717 1630 1771 puro
1665 1716 1729 1755 ex
1751 1717 1880 1767 aere,
1913 1705 2063 1757 recto
2090 1717 2145 1776 Β
2178 1711 2365 1757 tatem.
2401 1703 2525 1757 Mox
2555 1702 2754 1758 etenim
2775 1701 3001 1771 paenitet
3027 1717 3150 1756 eum
3181 1703 3307 1770 quia
3328 1698 3573 1770 deliquit,
3607 1697 3778 1767 quod-

468 1789 710 1861 pondere
739 1797 1061 1860 monetaque
1092 1789 1339 1862 legitima
1360 1788 1521 1844 debet
1544 1798 1817 1855 constare,
1848 1791 1892 1843 si
1915 1791 2063 1845 enim

465 1894 634 1933 unum
666 1894 733 1932 ex
781 1877 869 1932 his
915 1877 1168 1944 defuerit,
1218 1878 1428 1933 venalis
1459 1895 1577 1932 esse
1609 1895 1717 1933 non
1746 1878 1961 1949 poterit.
1997 1881 2064 1934 Ut

465 1983 597 2039 ergo
626 1965 839 2021 venalis
868 1967 1044 2021 valeat
1072 1981 1209 2031 esse,
1243 1967 1358 2021 haec
1389 1967 1487 2020 tria
1515 1968 1722 2037 pariter
1767 1966 1929 2022 debet
1959 1969 2061 2022 ha-

466 2056 617 2112 bere.
651 2057 777 2111 Haec
826 2071 1042 2126 quoque
1073 2055 1236 2111 debet
1292 2056 1494 2111 habere
1549 2064 1601 2110 et
1638 2058 1956 2121 monachus,
2005 2063 2064 2112 ut

465 2158 595 2200 vere
624 2145 921 2199 monachus
950 2159 1071 2198 esse
1102 2151 1401 2214 reputetur.
1438 2144 1576 2213 Ejus
1623 2145 1822 2215 quippe
1853 2144 2062 2198 metalli

461 2234 687 2304 paritas,
721 2250 854 2304 pura
882 2241 962 2288 est
989 2233 1106 2302 ejus
1149 2231 1456 2288 obedientia
1479 2251 1491 2294 ;
1518 2232 1665 2288 nulla
1692 2234 1836 2288 enim
1866 2233 2061 2288 inobe-

468 2321 686 2378 dientim
717 2322 1020 2392 impuritas,
1046 2321 1143 2377 sed
1169 2322 1286 2376 sola
1306 2322 1362 2376 in
1383 2337 1448 2376 eo
1479 2321 1641 2377 debet
1663 2338 1786 2377 esse
1805 2322 2062 2378 obedien-

465 2411 562 2466 tia.
596 2413 821 2466 Rectum
853 2426 980 2466 vero
1024 2410 1169 2466 illius
1200 2411 1435 2481 pondus,
1495 2411 1766 2465 stabilitas
1824 2420 1905 2467 est
1933 2426 2064 2481 pro-

461 2499 624 2570 positi
654 2501 794 2570 ejus.
827 2500 950 2556 Non
979 2500 1125 2556 enim
1165 2499 1359 2554 leviter
1385 2495 1449 2528 ’³⁷
1472 2498 1738 2554 exsuﬂlari
1798 2499 1960 2555 debet
1997 2500 2067 2554 ab

459 2603 527 2644 eo
585 2589 730 2660 quod
776 2588 1021 2658 eruperit,
1078 2587 1174 2643 sed
1198 2603 1369 2657 usque
1401 2588 1457 2643 in
1513 2587 1676 2643 finem
1716 2603 2066 2660 perseverare

461 2677 692 2730 stabilis.
725 2675 876 2730 Illius
897 2684 1077 2731 autem
1109 2684 1346 2743 moneta,
1373 2676 1586 2731 habitus
1606 2684 1689 2730 est
1711 2677 2063 2743 monachalis,

459 2773 620 2834 atque
648 2771 887 2828 tonsura,
923 2773 1046 2819 ante
1075 2771 1127 2818 et
1155 2773 1316 2830 retro,
1351 2771 1404 2818 et
1445 2765 1531 2818 his
1561 2763 1887 2819 consimilia.
1923 2765 2071 2825 Sicut

458 2850 604 2908 enim
633 2852 890 2907 denarius
929 2867 967 2906 a
1013 2861 1230 2906 moneta
1284 2852 1638 2923 dignoscitur,
1689 2852 1840 2921 cujus
1872 2854 1941 2907 sit
1969 2871 2065 2909 re-

463 2939 646 3013 gionis
675 2939 757 3007 7",
792 2941 868 2995 sic
897 2940 966 2994 ab
996 2940 1112 2994 istis
1142 2941 1440 2994 monachus
1469 2941 1623 3010 cujus
1665 2941 1735 2995 sit
1763 2941 1984 2996 ordinis.
2018 2945 2069 2998 Is

460 3035 639 3084 autem
669 3028 964 3083 monachus
993 3028 1091 3100 qui
1123 3028 1256 3082 adeo
1286 3036 1368 3083 est
1405 3044 1568 3083 senex
1600 3037 1656 3082 ut
1685 3040 1808 3086 ante
1838 3034 1890 3084 et
1920 3038 2066 3087 retro

454 3119 573 3188 jam
605 3126 835 3188 nequeat
865 3116 1144 3185 inclinare,
1189 3116 1416 3171 denario
1447 3116 1527 3170 illi
1577 3126 1654 3171 est
1686 3117 1877 3172 similis
1908 3121 2064 3188 cujus

457 3213 734 3260 monetam
766 3206 1024 3276 temporis
1054 3205 1346 3276 antiquitas
1368 3205 1483 3274 jam
1523 3205 1761 3261 develat.
1795 3205 1904 3261 Iste
1933 3223 2062 3263 vero

458 3295 548 3367 qui
576 3291 638 3321 7”
687 3294 927 3349 habitum
978 3293 1357 3350 monachalem
1405 3309 1512 3349 non
1543 3294 1740 3360 adhuc,
1772 3295 1868 3349 sed
1902 3297 2062 3349 vitam

459 3385 720 3454 suscepit,
771 3391 825 3439 et
869 3382 994 3438 ideo
1024 3397 1220 3438 nomen
1269 3398 1377 3437 non
1420 3383 1584 3438 habet
1613 3383 1888 3451 monachi,
1921 3385 2065 3438 assi-

459 3473 682 3529 milatur
737 3487 960 3526 nummo
1015 3471 1345 3541 ponderoso,
1406 3479 1679 3526 monetam
1734 3479 1913 3527 tamen
1961 3489 2069 3526 non

459 3561 700 3627 habenti,
759 3569 808 3614 et
864 3560 991 3615 ideo
1023 3575 1130 3615 non
1186 3575 1342 3630 aeque
1371 3559 1569 3614 venali.
1617 3560 1815 3615 Verum
1845 3562 1981 3617 sicut
2007 3558 2069 3588 ’⁷⁸⁸

460 3650 562 3720 qui
623 3649 935 3703 thesaurum
991 3661 1328 3718 congregare
1404 3647 1698 3714 desiderat,
1763 3649 2074 3718 hujusmodi

469 3751 782 3800 nummum,
833 3749 986 3804 aeque
1034 3741 1093 3788 ut
1147 3733 1439 3789 habentem
1475 3732 1535 3762 ⁷⁸¹
1568 3744 1862 3806 monetam,
1909 3747 2072 3807 amat,

465 3824 540 3879 sic
573 3824 718 3878 Deus
748 3823 839 3893 qui
872 3823 1127 3877 thesauro
1179 3822 1387 3878 caelesti
1433 3838 1532 3876 nos
1582 3839 1776 3878 omnes
1805 3841 2070 3895 reponere

469 3913 618 3984 cupit
635 3908 701 3939 ⁷³³
727 3929 739 3973 ;
766 3910 1080 3979 hujusmodi
1100 3910 1394 3976 hominem,
1418 3927 1572 3981 aeque
1599 3920 1655 3966 ut
1689 3913 1929 3969 habitum
1953 3931 2075 3970 mo-

468 3999 622 4057 rachi
666 3999 987 4064 habentem,
1038 3999 1112 4052 ibi
1177 3999 1408 4069 reponit.
1463 3999 1639 4067 Quem
1692 4008 1877 4056 autem
1927 4003 2076 4058 vide-

470 4089 549 4144 nit
575 4089 825 4143 habitum
875 4087 1090 4158 quidem
1121 4088 1502 4142 monachicum
1531 4087 1733 4144 habere
1760 4086 1850 4157 ⁷³⁸,
1884 4092 1981 4148 sed
2012 4109 2079 4148 ex

474 4193 583 4234 aere
635 4177 869 4247 impuro,
929 4176 983 4229 id
1036 4184 1116 4231 est
1169 4176 1574 4232 inobedientem
1613 4193 1750 4244 esse,
1785 4180 1928 4236 hunc
1955 4183 2078 4237 the-

2175 1807 2280 1863 que
2311 1791 2360 1846 ei
2389 1790 2734 1861 praecipitur,
2764 1806 2900 1860 pura
2944 1788 3255 1844 obedientia
3284 1789 3430 1844 facit.
3482 1788 3577 1842 Ille
3617 1802 3773 1858 ergo,

2175 1890 2232 1936 ut
2287 1880 2544 1935 denarius
2597 1879 2790 1947 falsus,
2822 1896 2854 1934 a
2917 1879 3126 1934 caelesti
3179 1879 3431 1933 thesauro
3476 1876 3774 1947 repellitur.

2176 1969 2300 2024 huic
2334 1984 2483 2034 vero,
2533 1983 2636 2038 pro
2667 1968 2748 2022 sui
2784 1967 3006 2023 modulo
3054 1967 3285 2038 vigoris,
3342 1967 3417 2020 ibi
3477 1967 3773 2036 reponitur.

2174 2057 2320 2114 Nihil
2346 2058 2511 2128 igitur
2538 2057 2790 2127 cuiquam
2820 2055 3039 2126 prodest
3070 2055 3312 2110 habitum
3343 2055 3592 2110 monachi
3624 2062 3773 2109 exte-

2173 2147 2370 2202 riorem
2402 2146 2622 2212 habere,
2671 2146 2716 2199 si
2747 2161 2859 2200 non
2909 2145 3175 2199 studuerit
3202 2153 3256 2200 et
3289 2144 3600 2198 interiorem
3644 2142 3777 2197 reti-

2173 2251 2301 2290 nere
2329 2231 2416 2287 7“.
2458 2235 2576 2289 Duo
2607 2233 2808 2304 quippe
2857 2241 2982 2287 sunt
3012 2232 3224 2288 ordinis
3253 2247 3462 2304 genera
3494 2231 3607 2286 viro
3638 2231 3776 2286 reli—

2180 2324 2335 2395 gioso
2364 2322 2759 2378 convenientia.
2804 2323 2979 2378 Unum
3041 2321 3293 2387 exterius,
3355 2337 3463 2392 quo
3491 2320 3782 2391 religiosus

2175 2412 2385 2468 videtur
2411 2410 2472 2440 7“
2497 2430 2508 2474 ;
2544 2410 2692 2466 aliud
2724 2427 2857 2466 vero
2884 2411 3126 2472 interius,
3160 2425 3268 2481 quo
3288 2411 3582 2480 religiosus
3610 2408 3780 2464 habe-

2179 2509 2262 2556 tur
2313 2498 2396 2556 ⁷⁸⁵.
2430 2501 2497 2556 Ει
2553 2499 2685 2554 illud
2744 2499 2962 2571 quidem
2995 2502 3232 2556 exterius
3278 2498 3488 2565 factitii,
3521 2500 3623 2554 hoc
3648 2513 3781 2553 vero

2176 2590 2418 2657 interius,
2477 2588 2734 2644 naturalis
2794 2598 2872 2644 est
2929 2589 3135 2644 ordinis
3189 2585 3272 2643 ⁸⁷⁸⁸.
3332 2587 3540 2644 Factitii
3579 2587 3783 2658 quippe

2177 2679 2387 2734 ordinis
2447 2678 2670 2733 factitiaa
2726 2687 2850 2732 sunt
2907 2677 3339 2746 consuetudines,
3394 2685 3450 2731 ut
3506 2677 3561 2730 in
3589 2676 3782 2732 ordine

2178 2767 2565 2823 monachorum
2593 2767 2946 2821 inveniuntur
2976 2767 3184 2837 plures.
3224 2767 3335 2820 Has
3367 2766 3571 2821 etenim
3600 2767 3778 2822 homi-

2179 2873 2273 2910 nes
2303 2856 2717 2920 adinvenerunt,
2751 2855 3074 2926 quibusdam
3104 2855 3171 2909 de
3217 2855 3401 2910 causis
3432 2855 3777 2910 rationabili-

2179 2946 2281 2999 bus
2319 2942 2380 2972 ⁷⁸⁷
2437 2944 2735 2999 servandas
2791 2943 3152 2999 instituerunt.
3203 2943 3473 2998 Naturalis
3530 2961 3659 2999 vero
3713 2943 3778 2972 ⁷⁴⁸

2180 3033 2386 3088 ordinis
2417 3033 2690 3088 naturales
2723 3042 2847 3087 sunt
2889 3033 3132 3098 virtutes,
3180 3042 3239 3087 ut
3268 3033 3562 3100 humilitas,
3595 3035 3777 3090 chari-

2177 3138 2277 3188 gas,
2311 3131 2362 3175 et
2384 3121 2505 3176 aliae
2525 3120 2733 3191 plures.
2767 3123 2871 3176 Has
2893 3123 3033 3176 enim
3061 3124 3200 3178 Deus
3230 3123 3346 3194 ipse
3365 3120 3428 3150 ’⁷⁸⁸
3461 3125 3784 3181 naturaliter

2172 3205 2366 3260 indidit
2416 3205 2641 3272 homini,
2699 3222 2918 3275 suasque
2977 3221 3140 3261 causa
3216 3208 3413 3264 salutis
3482 3212 3783 3265 servandas

2176 3293 2477 3348 mandavit.
2544 3293 2639 3348 Ille
2695 3293 2876 3364 itaque
2909 3295 3147 3350 factitius
3179 3299 3315 3353 ordo
3347 3299 3460 3355 sine
3512 3301 3619 3355 isto
3652 3301 3786 3354 nihil

2176 3381 2384 3438 homini
2435 3382 2678 3452 prodest,
2739 3382 2836 3438 iste
2889 3398 3018 3438 vero
3072 3385 3192 3440 sine
3230 3385 3322 3443 illo
3356 3388 3521 3444 etiam
3571 3389 3786 3444 salvnre

2177 3471 2451 3526 hominem
2482 3478 2659 3541 potest
2687 3486 2699 3540 ;
2735 3479 2792 3525 ut
2820 3479 3001 3527 tamen
3035 3475 3238 3529 servari
3268 3474 3449 3532 valeat
3475 3477 3592 3547 iste,
3625 3478 3788 3534 valde

2179 3558 2512 3616 necessarius
2553 3559 2656 3614 sibi
2686 3568 2767 3615 est
2797 3570 2850 3615 et
2880 3559 2974 3616 ille
3001 3560 3086 3614 ⁷⁵⁸.

2771 3702 3006 3759 CAPUT
3055 3703 3196 3758 XCI.

2183 3809 2258 3863 De
2269 3807 2652 3863 similitudine
2666 3808 2822 3864 inter
2833 3810 3133 3882 corrigiam
3148 3816 3204 3867 et
3219 3814 3618 3884 sotularem,et
3631 3816 3790 3872 inter

2456 3897 2710 3952 ordinem
2740 3899 3036 3967 factitium
3067 3903 3123 3954 et
3151 3902 3492 3959 naturalem.

2257 4009 2344 4064 Sic
2375 4009 2520 4064 enim
2550 4015 2632 4065 est
2663 4009 2804 4066 inter
2832 4012 3079 4067 ordinem
3111 4011 3375 4069 factitium
3397 4023 3449 4069 et
3483 4019 3788 4073 naturalem

2187 4099 2462 4168 quomodo
2518 4098 2657 4153 inter
2703 4100 2990 4171 corrigiam
3055 4110 3108 4155 et
3164 4103 3479 4159 sotularem.
3535 4106 3792 4178 Corrigia

2188 4201 2423 4257 namque
2447 4187 2564 4241 sola
2593 4187 2850 4259 colligata
2875 4189 3021 4259 pedi,
3066 4189 3214 4245 nullo
3245 4200 3329 4246 est
3360 4192 3698 4250 munimento
3726 4193 3792 4225 πῖ

1780 4321 2007 4378 VARLE
2047 4325 2133 4380 LE
2144 4325 2354 4381 CTION
2361 4327 2462 4382 ES.

545 4414 608 4444 ""
625 4414 850 4496 Regalis
874 4411 1004 4496 filim
1033 4429 1143 4494 nis.
1186 4411 1333 4496 Vict.
1370 4417 1432 4467 13
1456 4413 1670 4485 regales
1687 4415 1833 4496 ﬁlim.
1867 4421 2207 4496 "“Rebelle‘s
2226 4423 2543 4496 designatur
2569 4440 2675 4496 ms.
2717 4426 2851 4481 Vict.
2869 4426 2932 4480 13
2965 4430 3020 4481 et
3045 4426 3195 4482 Edit.
3234 4427 3685 4487 Col.rebelliones
3705 4437 3788 4489 si-

479 4484 734 4556 gnantur}
792 4484 853 4556 ἐξ

884 4483 1017 4565 Quae
1047 4485 1375 4565 inperfecto
1407 4483 1541 4539 mss;
1572 4493 1700 4555 quot
1729 4487 1782 4540 in
1821 4490 2072 4565 perfecto
2109 4483 2377 4565 .""7Bon6'
2426 4502 2476 4549 et
2511 4495 2756 4565 perfecto
2816 4497 3017 4551 debent
3064 4515 3198 4553 mss.
3242 4483 3410 4554 bono,
3440 4483 3681 4556 debent:-
3707 4483 3794 4535 ἶν’

479 4553 604 4638 Non
632 4556 775 4640 enim
828 4553 1021 4640 levi-ter
1046 4553 1195 4610 Edit.
1250 4553 1605 4640 Calannnon‘
1631 4572 1764 4640 ergo
1821 4553 2028 4640 leviter.
2084 4567 2146 4598 ’⁷³⁸
2177 4564 2255 4618 Sit
2280 4553 2531 4640 regionis
2545 4581 2670 4640 _t_ns.
2730 4568 2806 4622 A.
2877 4571 2900 4622 1
2935 4567 3002 4621 sit
3032 4569 3330 4640 regiminis.
3366 4553 3452 4600 7"”
3483 4553 3789 4640 Iste-"vero,

483 4627 574 4710 qui
603 4643 706 4710 nis.
743 4630 800 4681 Α.
833 4627 885 4680 1.
920 4629 971 4680 Is
993 4642 1140 4710 vero,
1174 4628 1284 4697 qui.
1343 4623 1404 4652 ⁷³⁸
1430 4625 1554 4710 Non
1582 4623 1800 4710 adhuc:
1835 4632 1929 4684 sed
1970 4635 2136 4710 vitam
2170 4623 2413 4710 suscepit
2436 4638 2512 4706 (et
2542 4636 2665 4692 ideo
2705 4653 2904 4692 nomen
2933 4654 3042 4710 non
3084 4623 3249 4694 habet
3297 4623 3583 4710 monac—hi;
3637 4623 3784 4699 ἐξέἰῖ

481 4697 708 4778 milatur
730 4713 950 4752 nummo
978 4699 1306 4778 ponderoso,
1340 4705 1613 4778 monetam
1641 4706 1823 4778 tamen
1854 4718 1959 4778 non
1992 4703 2228 4778 habenti,
2281 4697 2486 4761 et'ide'o
2515 4722 2622 4762 non
2653 4725 2808 4778 aeque
2839 4709 3042 4763 venali.
3084 4711 3288 4765 Verum
3332 4713 3469 4767 sicut
3498 4697 3610 4770 ms.
3643 4697 3722 4771 142
3760 4716 3781 4768 1

485 4785 594 4848 P9“
623 4769 801 4848 αάῠυρ
828 4768 1167 4848 δυδθθρίίινηθί
1191 4768 1316 4848 ideo
1348 4781 1468 4848 non.
1491 4766 1653 4848 hab-et
1681 4786 1877 4848 nomen
1909 4775 2178 4842 Monachi,
2215 4766 2546 4831 assimilatur
2576 4766 2816 4846 nummo,
2878 4783 3150 4834 monetam
3178 4766 3442 4836 nondum”
3461 4766 3790 4842 habent—iet

485 4839 612 4925 ideo_
637 4839 1143 4925 nondumﬂvenali.
1166 4840 1436 4925 .ntusicult.
1451 4837 1663 4925 [ξιιμ
1693 4843 2069 4925 ut_ha_bentem
2101 4837 2204 4925 ms2
2230 4849 2297 4925 A_.
2335 4850 2390 4925 1_
2401 4865 2574 4925 aeque
2603 4858 2669 4925 _ut
2725 4837 3032 4925 habentem'
3068 4837 3784 4925 _'A’”_I’teponerercupitvntsi

484 4912 554 4988 4.
591 4912 1002 4988 t‘recuperare
1057 4907 1731 4988 ctipit.H7A"_Monacha_lem
1765 4913 1967 4969 habere
2023 4931 2127 4969 ms.
2162 4917 2228 4970 Α.
2267 4921 2321 4972 1.
2370 4907 2744 4974 Monachinem
2795 4921 3015 4978 habere.
3068 4921 3130 4952 ’⁷⁸⁸
3162 4907 3323 4976 Hunc
3371 4907 3642 4982 thesauro

487 4982 557 5037 A.
583 4977 788 5066 Ihunc
816 4978 867 5066 in
902 4977 1174 5066 thesauro.
1210 4985 1294 5066 “7"
1326 4978 1721 5066 FalsumLIicﬁt
1747 4991 1871 5066 apte
1888 4993 2249 5066 monetamm,
2295 5005 2390 5066 suo
2419 5007 2529 5066 ins.
2569 4991 2636 5044 Α.
2696 4993 2717 5044 1
2757 4989 2950 5066 falsum
2980 4977 3112 5066 suo.
3180 4990 3242 5066 '_’“
3264 4994 3330 5066 _Si
3371 4977 3791 5066 v'é'ré‘iléniiéai

489 5049 872 5134 manuscript.
893 5049 1018 5134 ’Aat
1059 5049 1628 5134 εξὶῳιξω-Ρωυηεει..
1658 5053 1721 5084 ⁷⁸⁷
1751 5049 1997 5134 Α“)ὐιί(Ιο
2028 5049 2949 5134 denarioAdenariusintanuscript.
2982 5065 3048 5118 A.
3087 5067 3106 5116 1
3146 5063 3215 5117 ab
3260 5049 3499 5121 invalido
3529 5049 3791 5125 denarius

494 5121 566 5199 ff"
589 5118 678 5174 Sic
718 5134 751 5199 a
785 5118 1038 5199 perfecto
1072 5119 1249 5199 differt
1294 5119 1586 5199 Monachus
1617 5122 1967 5199 imperfectus
1995 5143 2118 5199 _m:.
2154 5129 2221 5181 A.
2259 5131 2308 5187 1.
2344 5133 2432 5186 Sic
2464 5148 2496 5185 a
2531 5132 2697 5186 debili
2731 5118 2906 5187 ditlert
2934 5135 3229 5189 Monachus
3289 5118 3491 5191 falsus.
3533 5118 3786 5196 rimi;

493 5185 982 5280 insessae:
1000 5193 1274 5280 sane;
1295 5193 1467 5280 giae:
1477 5188 1642 5280 Ed”:
1657 5185 1776 5280 εὸιο.
1804 5196 2075 5280 {naidas
2098 5185 2322 5280 .quippe'.
2445 5185 2620 5270 Quam
2638 5185 3778 5280 «δεδράκ-ἤειδε-τεᾷέέᾱηιᾱίιῑῑσῐνερι.’λῗι

495 5274 672 5345 quam.
689 5260 904 5345 debeat,
931 5261 1055 5345 sed.‘
1091 5261 1151 5294 7“
1188 5264 1315 5318 Puto
1346 5277 1405 5345 es
1424 5275 1533 5314 aere
1565 5270 1776 5345 Μελ-εί
1805 5267 1954 5345 Edit.
2015 5260 2137 5322 Col:
2176 5260 2306 5345 p'u'ro
2337 5288 2405 5326 ex
2447 5260 2578 5328 aere.
2645 5270 2710 5302 ’κ’
2739 5275 2987 5329 Eundem
3024 5260 3182 5345 quem
3242 5260 3785 5344 perlé'ci.i.'s";;.&;zal

494 5331 705 5419 script.
732 5333 802 5386 A.
837 5335 858 5385 1
901 5332 1150 5419 eundem
1197 5349 1362 5419 quem
1393 5331 1585 5419 boatu:
1650 5331 1713 5419 Τι’
1741 5337 2063 5419 Interior-em
2104 5331 2342 5419 retinere.
2362 5361 2468 5398 ms.
2527 5351 2598 5399 Α.
2657 5349 2684 5419 1
2714 5331 3301 5419 ίῃιθινὶρτθη]’11ειι)ειῖθ.
3372 5331 3786 5419 *viiiieligiiiéﬁs

492 5401 848 5482 videtuqms.
901 5403 1035 5486 Vict.
1082 5404 1142 5456 13
1175 5401 1458 5486 religiosus
1482 5402 1778 5486 thibnetur.“
1925 5408 2488 5486 Religiosusuhabetur
2517 5431 2620 5469 ms.
2657 5417 2729 5469 A.
2761 5419 2782 5470 1
2828 5417 3116 5486 religiosus
3167 5401 3784 5480 Ιιεῶραιυι-,Ἶῗλῖἶῖξξεῖξ

493 5473 839 5557 cius_quippe
868 5473 1006 5553 ordo
1035 5488 1175 5557 mss.
1216 5475 1365 5557 Bac...
1386 5474 1621 5557 Μελ-13
1648 5484 1706 5557 et
1735 5477 1884 5557 Είίἰρζ
1913 5479 2024 5537 σοι.
2043 5473 2266 5538 ’1⁸8011ιῆ
2295 5485 2498 5557 quippe
2523 5486 2750 5557 ordinis.
2790 5486 2852 5517 ⁷⁸⁷
2880 5473 2961 5544 Βὲ
2989 5473 3177 5543 causis
3216 5473 3780 5550 rationabilibu‘s—ins.

494 5543 569 5636 ’3-
595 5543 962 5636 }.‘isﬁaeis
992 5543 2216 5636 ‘.';£&.‘39."?P£1.ikus:__'“.Netursﬁ.xer°..ns.s-
2259 5543 2330 5636 ,θὶ
2366 5543 2512 5636 adu.
2551 5555 2678 5636 eo},
2703 5543 2960 5636 naturate
3003 5575 3152 5616 vero.
3222 5543 3638 5636 ntaé,‘"ip‘si

497 5613 558 5668 Α.
593 5615 618 5667 1
653 5613 796 5671 Deus
823 5615 967 5687 ipse.
1005 5612 1066 5644 "‘°
1095 5616 1265 5673 Estet
1301 5615 1391 5674 ille
1431 5631 1548 5680 me.
1590 5616 1658 5673 A.
1703 5622 1724 5676 1
1771 5627 1849 5676 est
1887 5622 2000 5683 ille.
2037 5619 2097 5653 7"
2126 5624 2457 5685 Munimento
2484 5612 2760 5688 marl’ict.
2796 5612 2870 5686 13
2885 5612 3226 5701 juvamento.
