4046 6076
303 282 407 341 665

302 504 453 555 tanto
483 498 660 556 lucem
709 499 952 556 veritatis
992 498 1171 553 minus
1217 499 1470 555 intuetur.
1501 501 1615 558 Nec
1641 503 1787 560 clare
1815 505 1908 575 ju-

305 597 447 643 stum
481 588 549 643 ab
575 588 794 658 injuste,
828 588 1064 658 quandiu
1094 587 1149 641 in
1179 587 1433 655 tenebris,
1467 589 1522 643 id
1552 599 1635 646 est
1662 592 1716 646 in
1746 594 1910 650 casei-

307 684 418 734 tate
449 677 628 732 cordis
657 677 739 732 sui
765 678 932 748 jacet,
964 676 1271 731 discernere
1300 678 1566 747 superbus
1608 689 1784 751 potest
1808 679 1868 709 7"
1894 700 1906 743 ;

303 766 405 822 sed
450 782 572 836 quae
602 773 726 821 sunt
753 765 982 821 distorta
1009 780 1164 834 aeque
1192 773 1428 822 sectatur
1454 776 1513 822 ut
1536 779 1710 826 recta.
1759 770 1911 828 Unde

304 853 366 910 fit
397 863 474 922 ut,
520 855 576 909 in
622 855 767 911 valle
814 854 914 910 ista
960 854 1253 910 tenebrosa
1297 855 1550 913 vitiorum
1577 900 1591 927 ,
1642 858 1711 913 sit
1756 860 1914 932 c0pia

303 943 462 1017 quasi
492 943 785 999 bestiarum
836 943 1135 999 crudelium
1176 944 1465 1001 multitudo
1508 962 1731 1019 magna.
1771 950 1913 1004 Nam

304 1034 490 1088 leones
518 1031 867 1100 crudelitatis,
891 1031 1084 1103 vulpes
1114 1032 1446 1100 calliditatis,
1470 1041 1753 1107 serpentes
1782 1055 1913 1108 quo-

304 1137 410 1192 que
440 1135 730 1176 venenosae
758 1120 1000 1185 invidia,
1031 1136 1179 1176 rana:
1216 1123 1549 1193 garrulitatis
1594 1132 1649 1180 et
1692 1125 1912 1183 iracun-

303 1209 431 1279 diae,
453 1216 650 1266 θεῖαι-ε
681 1208 846 1265 etiam
878 1208 1131 1264 vitiorum
1160 1209 1415 1266 animalia
1436 1213 1607 1268 solent
1638 1213 1711 1268 ibi
1742 1215 1912 1270 abun-

303 1300 459 1354 dare.
494 1296 630 1367 Quae
658 1306 864 1370 quanto
891 1298 1015 1368 plus
1062 1297 1257 1368 cuique
1304 1298 1600 1357 familiares
1625 1301 1909 1370 habentur,

304 1394 452 1443 tanto
477 1387 657 1441 minus
687 1403 852 1457 quam
901 1387 1005 1441 sint
1051 1386 1299 1443 crudeles
1347 1389 1623 1445 videntur.
1665 1392 1911 1448 Consue-

306 1476 436 1532 tudo
467 1476 612 1531 enim
643 1474 755 1531 vitii
784 1483 864 1531 est
893 1483 951 1529 ut
980 1491 1089 1531 non
1117 1475 1279 1532 facile
1311 1478 1558 1533 videatur
1586 1480 1655 1534 ab
1684 1479 1779 1535 illo
1821 1485 1909 1550 qui

303 1580 370 1619 eo
398 1565 687 1635 premitur,
721 1564 819 1619 sed
848 1579 977 1619 mox
1006 1572 1064 1618 ut
1086 1565 1383 1620 cessaverit
1411 1574 1467 1621 et
1494 1567 1563 1622 ab
1593 1583 1660 1623 eo
1690 1584 1750 1624 se
1775 1568 1910 1625 alie—

299 1653 531 1721 naverit,
586 1660 711 1707 tunc
759 1651 978 1707 demum
1007 1652 1318 1708 considerat
1345 1656 1400 1709 in
1429 1664 1628 1726 quanta
1670 1655 1912 1712 foeditate

300 1748 353 1797 et
379 1740 600 1796 miseria
623 1740 874 1809 jacuerat
901 1736 984 1809 7”,
1015 1747 1065 1795 et
1094 1756 1262 1812 quam
1294 1759 1495 1815 graves
1538 1759 1748 1801 morsus
1784 1761 1905 1800 ma-

320 1844 479 1886 arum
511 1828 806 1885 bestiarum
838 1829 1160 1885 toleraverat
1177 1827 1261 1885 πῖ.

951 1946 1177 2002 CAPUT
1199 1946 1260 2002 C.

362 2043 439 2099 De
468 2046 661 2099 monte
694 2041 1045 2100 humilitatis
1072 2048 1129 2100 et
1165 2048 1382 2118 septem
1412 2045 1679 2118 gradibus
1704 2049 1847 2120 ejus.

372 2140 659 2196 Humilitas
689 2148 865 2196 autem
896 2156 1054 2198 mons
1083 2156 1317 2215 magnus
1345 2150 1447 2210 est,
1480 2143 1533 2198 in
1562 2145 1715 2216 cujus
1756 2160 1908 2201 sum-

302 2229 492 2285 mitate
518 2228 607 2284 lux
639 2237 722 2285 est
750 2245 857 2286 non
888 2230 1121 2299 modica,
1173 2240 1226 2286 et
1267 2232 1616 2288 honestarum
1646 2249 1911 2304 persona-

300 2332 452 2388 rum,
501 2317 557 2372 id
605 2324 687 2371 est
715 2325 1024 2373 sanctarum
1070 2320 1324 2375 virtutum
1376 2320 1745 2392 pulcherrima
1791 2332 1907 2377 tur—

303 2406 402 2461 ba.
478 2405 588 2462 Sed
642 2405 949 2479 quicunque
1007 2408 1075 2463 ad
1130 2410 1273 2463 hunc
1309 2406 1374 2438 7”
1415 2411 1700 2481 pervenire
1755 2411 1907 2466 desi-

297 2494 475 2563 derat,
505 2509 730 2553 necesse
776 2503 869 2571 est
907 2503 962 2551 ut
1008 2512 1105 2567 per
1134 2498 1337 2569 gradus
1378 2499 1655 2569 quosdam
1713 2516 1906 2556 ascen-

300 2584 413 2651 dat,
445 2583 491 2638 si
525 2584 667 2639 hunc
708 2592 949 2640 montem
996 2599 1300 2656 agnoscam
1355 2594 1407 2642 et
1461 2586 1768 2644 inhabitare
1821 2588 1904 2645 af-

300 2671 480 2728 fectat.

926 2761 1146 2819 CAPUT
1185 2763 1271 2819 CI.

670 2850 897 2905 Primus
926 2851 1135 2921 gradus
1165 2850 1541 2910 humilitatis.

380 2938 591 2993 Primus
636 2938 820 3009 itaque
866 2939 1075 3011 gradus
1129 2940 1184 2993 in
1241 2945 1426 2997 monte
1454 2941 1791 3010 humilitatis,
1824 2951 1906 2997 est

304 3026 546 3100 cognitio
577 3026 679 3080 sui.
733 3027 888 3082 Hunc
917 3027 1283 3100 unusquisque
1312 3030 1393 3084 sic
1424 3030 1587 3086 debet
1617 3031 1820 3087 habere
1848 3039 1906 3085 ut

299 3132 357 3172 se
387 3113 699 3170 inferiorem
749 3115 1002 3170 omnibus
1045 3116 1273 3186 judicet,
1324 3118 1542 3174 imitans
1569 3116 1631 3147 ’⁷⁸⁸
1660 3123 1900 3190 Aposto-

298 3203 432 3273 lum,
456 3203 549 3275 qui
579 3220 637 3259 se
661 3204 906 3258 omnium
936 3220 1155 3260 suorum
1177 3206 1618 3276 coapostolorum
1636 3207 1772 3263 dixit
1791 3224 1908 3264 esse

300 3292 583 3347 minimum
616 3292 670 3361 (Ι
702 3291 829 3348 Cor.
854 3309 948 3358 xv,
976 3294 1053 3363 9).
1076 3295 1216 3349 Nam
1248 3295 1291 3348 si
1323 3303 1466 3351 esset
1494 3296 1691 3368 aliquis
1719 3297 1904 3363 homo,

300 3381 392 3452 qui
423 3382 497 3437 ita
526 3389 805 3453 peccasset
833 3388 892 3436 ut
922 3381 1176 3438 dominus
1204 3382 1328 3454 ejus
1365 3384 1467 3438 sibi
1512 3385 1658 3455 justo
1700 3385 1907 3453 judicio

296 3470 470 3540 pedes
499 3478 552 3524 et
580 3486 771 3525 manus
819 3479 1123 3542 amputare,
1176 3472 1364 3527 oculos
1410 3488 1622 3541 eruere,
1655 3480 1706 3529 et
1737 3481 1906 3529 totum

298 3573 496 3630 corpus
527 3558 788 3613 dilaniare
831 3566 1036 3629 posset,
1089 3575 1191 3615 nec
1221 3559 1421 3616 tamen
1465 3560 1683 3630 faceret,
1715 3562 1810 3618 sed
1839 3578 1907 3618 ex

299 3662 399 3701 sua
445 3646 815 3703 misericordia
842 3646 1000 3701 illum
1032 3648 1302 3718 toleraret,
1335 3651 1687 3706 vehementer
1713 3667 1772 3706 se
1800 3651 1908 3707 do-

300 3734 434 3789 mini
463 3737 543 3790 sui
575 3735 880 3791 debitorem
922 3752 1253 3809 cognoscere
1281 3738 1523 3806 deberet,
1555 3747 1607 3793 et
1635 3755 1699 3794 eo
1728 3738 1908 3810 magis

302 3822 574 3878 humiliari
605 3840 711 3896 quo
739 3841 797 3879 se
828 3824 1005 3880 minus
1035 3828 1403 3897 perpenderet
1448 3828 1712 3883 meruisse
1741 3844 1773 3882 a
1800 3826 1908 3883 do-

304 3913 455 3968 mino
484 3914 560 3968 sic
586 3914 831 3968 tolerari.
880 3916 993 3970 Nos
1021 3914 1186 3987 igitur
1213 3916 1504 3972 Dominum
1563 3923 1809 3972 nostrum
1852 3915 1908 3969 in

301 4000 486 4055 multis
517 4000 841 4056 offendimus
870 4018 1063 4057 omnes
1094 4004 1233 4071 (Jac.
1264 4019 1347 4071 nr,
1379 4004 1453 4071 2),
1499 4012 1553 4059 et
1599 4004 1653 4057 in
1702 4011 1905 4059 tantum

300 4096 359 4143 ut
387 4104 485 4144 nos
513 4104 580 4143 ex
611 4089 851 4146 vindicta
873 4090 1096 4161 justitiae
1152 4107 1266 4147 suae
1321 4091 1664 4147 membratim
1721 4099 1908 4162 posset

297 4175 583 4245 dilaniare,
618 4178 855 4249 autjugi
904 4178 1172 4251 languore
1221 4180 1277 4234 in
1326 4179 1582 4251 praesenti
1636 4179 1903 4251 afﬂigere,

297 4271 391 4319 aut
420 4264 592 4336 pcenis
622 4266 967 4336 postmodum
995 4266 1213 4324 aeternis
1244 4269 1470 4326 tradere.

1331 286 1458 343 LIB.
1491 287 1587 344 DE
1616 289 1674 348 S.
1707 291 2019 350 ANSELMI
2048 293 2656 359 SIMILITUDINIBUS.

306 408 466 465 sima.
499 410 638 466 Nam
669 416 873 485 quanto
901 406 1136 480 amplius
1164 407 1286 481 quis
1312 409 1570 479 superbia
1598 413 1912 485 involvitur,
1945 419 2001 483 Α

3514 313 3616 373 666

2635 426 2857 485 CAPUT
2902 430 3013 487 CII.

2027 529 2177 598 Quod
2195 535 2373 606 quiin
2396 537 2573 594 Deum
2592 543 2785 614 peccat
2808 556 3031 599 omnem
3051 548 3381 601 creaturam
3405 548 3615 610 contra

2658 630 2717 670 se
2743 618 2981 673 excitat.

2094 702 2173 756 Ex
2209 720 2314 775 qua
2339 707 2639 767 offensione
2664 728 2771 768 non
2800 714 2973 770 solum
3010 714 3145 769 iram
3174 714 3273 770 Dei
3303 714 3613 785 promerui-

2022 806 2166 860 mus,
2224 796 2322 849 sed
2379 797 2537 852 etiam
2598 808 2761 855 totam
2821 810 3114 858 creaturam
3171 803 3463 859 adversum
3519 819 3619 860 nos

2020 881 2395 939 excitavimus.
2420 887 2635 943 Etenim
2666 889 2714 943 si
2744 906 2930 946 servus
2947 890 3172 960 alicujus
3200 908 3233 946 a
3262 892 3485 948 domino
3513 908 3615 948 suo

2020 971 2291 1027 recederet
2347 980 2401 1029 et
2455 975 2674 1033 inimico
2730 980 2936 1034 domini
2994 981 3074 1035 sui
3135 983 3456 1048 adhaereret,
3504 996 3614 1036 non

2022 1059 2194 1115 solum
2251 1061 2428 1131 ipsum
2485 1065 2760 1122 dominum
2814 1070 3183 1137 exacerbaret,
3215 1071 3311 1125 sed
3352 1079 3406 1125 et
3444 1078 3609 1125 totam

2019 1148 2138 1218 ejus
2184 1149 2447 1206 familiam
2489 1154 2790 1223 justissime
2835 1156 3086 1213 irritaret.
3128 1158 3264 1213 Cum
3303 1160 3470 1230 igitur
3495 1160 3613 1215 Do—

2019 1238 2222 1293 minum
2269 1249 2569 1298 creatorem
2614 1253 2937 1301 cunctorum
2979 1247 3384 1316 offenderimus,
3417 1248 3612 1305 adver-

2019 1344 2138 1381 sum
2196 1344 2296 1384 nos
2350 1345 2567 1387 omnem
2624 1342 2945 1404 creaturam,
2980 1344 3244 1407 quantum
3290 1344 3501 1407 spectat
3545 1337 3614 1391 ad

2018 1417 2267 1472 meritum
2319 1427 2596 1490 nostrum,
2652 1424 2709 1477 in
2768 1423 2905 1478 iram
2962 1425 3383 1481 commovimus.
3436 1426 3617 1480 Potest

2018 1521 2153 1578 ergo
2184 1507 2341 1563 nobis
2373 1510 2519 1578 justa
2561 1512 2991 1569 consideratione
3040 1520 3183 1569 terra
3229 1515 3409 1570 dicere
3438 1530 3455 1568 :
3489 1515 3611 1570 Non

2017 1594 2191 1650 debeo
2223 1611 2321 1652 vos
2350 1599 2634 1665 sustinere,
2667 1601 2764 1656 sed
2796 1601 2972 1668 potius
3015 1602 3326 1670 absorbere,
3358 1602 3612 1673 quoniam

2017 1700 2050 1737 a
2078 1684 2336 1741 Creatore
2366 1702 2487 1742 meo
2513 1703 2621 1743 non
2653 1688 2902 1745 timuistis
2948 1692 3227 1762 peccando
3277 1691 3534 1747 recedere
3562 1696 3622 1745 et

1935 1776 1989 1836 Β
2019 1771 2240 1829 inimico
2286 1773 2422 1843 ejus,
2476 1776 2694 1833 diabolo
2742 1779 2967 1843 scilicet,
3019 1780 3296 1836 adhaerere
3322 1778 3403 1833 7".
3437 1781 3619 1836 Potest

2015 1861 2179 1916 etiam
2209 1862 2368 1918 cibus
2396 1864 2579 1921 dicere
2607 1874 2661 1922 et
2687 1874 2847 1936 potus
2878 1886 2892 1922 :
2923 1869 3047 1924 Non
3094 1869 3368 1923 meruistis
3412 1877 3471 1923 ut
3516 1883 3616 1925 vos

2016 1965 2241 2021 pascere
2271 1951 2592 2023 debeamus,
2643 1954 2752 2011 imo
2798 1957 2977 2028 potius
3031 1966 3089 2013 ut
3138 1958 3507 2014 confusionem
3562 1964 3616 2013 et

2016 2053 2206 2094 necem
2249 2040 2405 2096 vobis
2452 2059 2853 2114 praeparemus.
2890 2045 2973 2100 Ab
3016 2043 3112 2102 illo
3159 2047 3302 2102 enim
3334 2046 3613 2116 peccando

2016 2128 2340 2193 recessistis,
2373 2145 2475 2200 per
2503 2147 2664 2201 quem
2695 2148 2796 2188 nec
2825 2133 2940 2188 ales
2969 2133 3161 2189 esurit.
3211 2135 3303 2191 Sol
3348 2149 3563 2206 quoque
3595 2151 3609 2188 :

2018 2216 2186 2271 Vobis
2231 2218 2300 2273 ad
2348 2220 2571 2276 salutem
2603 2238 2711 2277 non
2741 2223 2917 2279 debeo
2954 2224 3158 2292 lucere,
3189 2223 3308 2290 sed,
3339 2223 3406 2278 ad
3437 2223 3613 2279 vindi-

2015 2313 2160 2362 ctam
2192 2307 2409 2363 Domini
2439 2309 2566 2377 mei,
2595 2311 2684 2380 qui
2715 2319 2796 2367 est
2822 2311 2915 2367 lux
2944 2312 3079 2368 lucis
3129 2320 3181 2368 et
3226 2312 3346 2367 fons
3372 2311 3611 2378 luminis,

2015 2396 2232 2467 penitus
2263 2412 2534 2453 coercere.
2579 2399 2669 2454 Sic
2710 2408 2763 2455 et
2808 2400 3023 2473 singula
3070 2418 3296 2473 quaeque
3333 2409 3513 2456 creata
3548 2398 3610 2429 ’⁷³⁵

2015 2493 2202 2541 contra
2258 2501 2358 2541 nos
2413 2496 2643 2558 possunt
2697 2505 2920 2561 surgere
2976 2490 3338 2563 irrefragabili
3380 2490 3609 2546 ratione.

2017 2573 2250 2629 Proinde
2298 2576 2519 2646 expedit
2547 2577 2705 2634 nobis
2732 2577 3032 2647 humiliari,
3065 2595 3152 2648 ne,
3183 2579 3274 2634 diu
3296 2579 3464 2634 dilata
3489 2578 3612 2635 vin-

2015 2663 2181 2729 dicta,
2216 2667 2366 2719 tanto
2396 2665 2570 2721 acrius
2616 2666 2961 2722 adveniendo
3006 2667 3149 2723 mala
3196 2676 3381 2724 nostra
3427 2668 3613 2737 puniat

2013 2759 2216 2823 quanto
2259 2753 2462 2808 diutius
2506 2755 2905 2812 toleraverit'm
2929 2756 3077 2828 quod
3134 2757 3327 2827 punire
3379 2762 3609 2824 poterat.

2014 2842 2082 2897 Ut
2128 2857 2262 2913 ergo
2308 2842 2674 2909 humiliemur,
2709 2844 2839 2915 quid
2870 2844 3060 2911 simus,
3093 2845 3224 2916 quid
3253 2844 3362 2899 nati
3390 2841 3454 2873 ⁷⁹⁷
3482 2845 3609 2900 fue-

2012 2928 2195 2998 rimus,
2229 2930 2316 2985 vel
2346 2931 2476 3002 quid
2522 2931 2832 3002 fecerimus,
2881 2941 3061 2988 mente
3109 2937 3516 3002 pertractemus,
3558 2940 3612 2989 et

2012 3034 2113 3072 nos
2141 3018 2274 3074 viles
2303 3029 2618 3089 peccatores
2646 3020 2923 3093 multoque
2951 3022 3220 3093 supplicio
3261 3020 3611 3093 dignissimos

2012 3104 2128 3161 fore
2159 3122 2579 3179 cognoscemus.
2629 3108 2735 3177 Qui
2781 3126 2840 3164 se
2885 3126 3016 3181 ergo
3047 3110 3207 3165 talem
3232 3110 3462 3178 judicat,
3489 3108 3605 3178 jam

2015 3196 2068 3249 in
2098 3195 2272 3266 primo
2304 3198 2481 3268 gradu
2510 3197 2829 3253 humilitatis
2860 3204 2985 3254 stat.

2632 3323 2856 3379 CAPUT
2884 3323 2958 3377 IlI
2971 3363 2984 3377 .

2329 3427 2630 3486 Secundus
2668 3431 2878 3502 gradus
2928 3428 3303 3486 humilitatis.

2086 3549 2369 3605 Secundus
2423 3550 2626 3622 gradus
2672 3558 2751 3605 est
2782 3549 2954 3606 dolor.
3005 3550 3142 3605 Nam
3192 3556 3316 3603 sunt
3365 3549 3607 3606 nonnulli

2013 3639 2106 3710 qui
2134 3654 2195 3695 se
2223 3646 2535 3709 peccatores
2591 3655 2710 3694 esse
2765 3646 3103 3712 cognoscunt
3158 3646 3211 3694 et
3265 3638 3499 3694 fatentur
3525 3634 3607 3708 7",

2014 3727 2108 3783 sed
2137 3727 2345 3782 nullum
2373 3728 2503 3784 inde
2530 3728 2779 3784 dolorem
2810 3728 3010 3783 habere
3041 3727 3460 3799 dignoscuntur;
3496 3727 3612 3796 qui-

2015 3816 2114 3871 bus
2142 3832 2364 3872 necesse
2395 3825 2474 3872 est
2502 3825 2559 3873 ut
2587 3817 2824 3884 doleant,
2857 3816 2902 3870 si
2933 3816 3149 3872 veniam
3180 3815 3372 3871 mereri
3402 3815 3614 3871 deside-

2012 3913 2152 3974 rant,
2187 3905 2313 3977 quia
2339 3921 2448 3961 non
2478 3905 2624 3961 valet
2653 3905 2721 3960 ad
2750 3905 2977 3959 salutem
3006 3912 3064 3959 ut
3093 3919 3151 3959 se
3179 3912 3476 3976 cognoscat
3495 3904 3615 3975 quis

2013 4003 2376 4065 peccatorem,
2408 3994 2513 4049 nisi
2560 3994 2687 4048 inde
2732 3993 2933 4048 habeat
2971 4000 3025 4046 et
3068 3992 3332 4048 dolorem.
3373 3993 3515 4046 Nam
3564 3992 3611 4046 si

2014 4083 2236 4138 domino
2263 4097 2360 4137 suo
2392 4082 2585 4152 aliquis
2614 4086 2893 4152 peccaret,
2944 4088 2996 4134 et
3040 4079 3169 4134 inde
3211 4079 3457 4135 dolorem
3502 4095 3612 4135 non

2015 4171 2258 4241 haberet,
2287 4170 2417 4243 quid
2460 4177 2616 4241 putas
2653 4168 2903 4224 dominus
2930 4169 3049 4238 ejus
3075 4168 3144 4222 de
3172 4183 3239 4222 eo
3266 4167 3475 4223 diceret
3498 4164 3560 4196 7”
3580 4170 3609 4220 εἰ

2013 4260 2301 4330 Quomodo
2359 4261 2413 4315 ei
2463 4257 2725 4315 oﬁ’ensam
2780 4265 2970 4328 posset
3024 4256 3319 4326 dimittere,
3369 4256 3611 4328 quandiu

1616 4445 1857 4503 VARle
1895 4443 2196 4501 LECTION
2200 4442 2305 4498 ES.

296 4565 615 4640 necessarii,
649 4566 788 4640 sicut
818 4583 849 4623 a
879 4566 1042 4640 simili
1071 4568 1355 4640 perspicue
1384 4577 1565 4640 potest
1593 4569 1786 4626 videri.
1829 4569 1885 4626 Si
1933 4569 2077 4625 enim
2125 4567 2378 4623 dominus
2422 4563 2689 4635 quispiam
2737 4560 3236 4640 servum_haberet
3291 4573 3458 4640 quem
3498 4573 3611 4640 ‘pro

296 4636 465 4719 culpa
492 4630 832 4693 sua'tradere
861 4638 1020 4694 morti
1038 4630 1292 4719 deberet,
1318 4630 1615 4719 positaque
1633 4642 1848 4719 ratione
1875 4656 1998 4695 cum
2029 4656 2116 4708 eo,
2133 4654 2332 4719 servus
2360 4630 2582 4719 culpmi).
2606 4630 3055 4719 occultare‘velut
3083 4630 3407 4719 intenebris
3424 4630 3608 4719 vellet,

297 4700 466 4787 vel'si
491 4717 867 4787 cognosceret,
901 4726 1011 4787 non
1036 4709 1162 4766 inde
1191 4700 1427 4787 dpleret,
1454 4700 1560 4787 aut
1573 4712 1619 4767 si
1651 4712 1856 4787 doleret
1885 4727 2068 4767 coram
2100 4700 2235 4787 aliis,
2269 4700 2493 4787 domino
2546 4707 2674 4787 licet
2723 4704 2946 4787 jube‘nte
3000 4701 3243 4787 confiteri
3299 4700 3611 4787 nolle‘t,.aut

299 4777 352 4856 si.
379 4771 742 4856 confiteretur,
773 4771 1111 4856 persuadere
1131 4781 1387 4856 nolletut
1406 4771 1519 4838 hoc
1548 4783 1622 4838 ita
1650 4783 1978 4856 crederetur,
2010 4789 2103 4836 aut
2131 4781 2177 4835 si
2207 4771 2368 4856 vellet
2411 4776 2695 4856 culpabilis
2726 4771 2915 4856 credi_,
2964 4774 3074 4856 pati
3124 4782 3303 4856 tamen
3345 4771 3513 4856 nollet
3553 4781 3613 4856 ut

300 4847 583 4926 diceretur
613 4845 918 4926 culpabilis,
952 4860 1045 4907 aut
1071 4853 1129 4926 si
1145 4855 1245 4909 hoc
1279 4854 1384 4908 sibi
1416 4860 1684 4926 pateretur
1711 4854 1839 4926 dici,
1870 4845 1981 4926 non
2006 4860 2190 4926 tamen
2221 4850 2327 4926 pati
2357 4845 2519 4905 vellet
2548 4856 2604 4926 ut
2633 4847 2778 4926 sicut
2818 4845 3101 4926 culpabilis
3147 4850 3611 4926 tractareturtaut

304 4915 786 4999 hpcpatiensnon
818 4923 887 4976 ita
908 4915 1133 4999 tractari
1164 4933 1388 4991 amaret,
1416 4915 1543 4979 licet
1572 4926 1675 4980 hoc
1703 4915 1843 4999 velle.
1872 4922 2153 4999 dominum
2183 4915 2367 4987 sciret,
2399 4920 2603 4999 non_ei
2652 4917 2897 4999 profecto
2925 4916 3137 4997 culpam
3166 4915 3318 4999 illam
3348 4915 3614 4999 Dominus

301 4987 626 5076 dimitteret,
659 4991 769 5075 imp
797 4994 975 5076 magis
1004 4994 1245 5076 iniquum
1277 4987 1492 5076 servum
1522 5011 1644 5076 eum
1676 4996 1892 5076 puniret
1924 5012 1935 5047 :
1969 4995 2048 5049 sic
2076 5008 2178 5048 nec
2207 5000 2419 5049 nostras
2449 4989 2609 5044 nobis
2638 4988 2826 5058 culpas
2856 4987 3117 5041 Dominus
3147 4987 3395 5051 dimittet,
3428 4987 3474 5040 si
3505 5002 3613 5042 non

298 5062 696 5159 no:”gmdibus
724 5062 917 5119 iisdem
949 5062 1417 5120 bumiliaverimus
1445 5065 1584 5120 sicut
1609 5062 1726 5135 ipse
1749 5066 1924 5135 jubet.
2441 5135 2453 5149 η
2506 5133 2515 5143 ,
3063 5101 3066 5104 ’
3285 5122 3347 5154 π,
3574 5128 3584 5137 .

442 5132 722 5208 §uperbts
749 5141 1087 5208 potestmss.
1134 5135 1280 5193 Vict.
1316 5140 1401 5205 13,
1434 5140 1503 5208 et
1525 5136 1681 5194 Corb.
1713 5138 1814 5193 307
1845 5137 2125 5208 superbus
2156 5142 2358 5205 potest.
2408 5131 2579 5208 Ldzt._
2613 5130 2745 5208 CetL
2751 5128 3015 5208 superbos
3057 5135 3268 5208 potest:
3300 5198 3335 5208 Α
3374 5128 3612 5208 .lacuertt

292 5217 403 5284 "'3:
442 5196 600 5259 νίέί·
643 5196 793 5284 υἱέι
816 5205 982 5284 ,δίίζθο
1017 5196 1409 5284 301161096?“-
1440 5203 1504 5284 ’Ψ
1535 5196 2034 5284 ΤεξῙθηνθΞέῑέη-ἳὲ·
2080 5196 2324 5284 wit-.43
2358 5208 2413 5259 εί
2449 5202 2608 5284 δοζίζτ
2645 5196 3158 5284 ἓοῖίῄιόὶθεεχεπέὶι.
3204 5196 3268 5281 Ὗ
3294 5198 3617 5284 ρυίίὲυηίιυθ

292 5272 533 5352 adhunc
556 5273 852 5352 Ἦξᾏιξίριε
883 5277 945 5329 13
977 5282 1032 5333 et
1053 5271 1208 5352 ΔΙίιίἷι.
1237 5277 1349 5352 col.
1375 5282 1469 5347 qui
1501 5279 1568 5334 ad
1599 5280 1760 5352 hunc.
1792 5275 2093 5352 ”'_Jndicet
2118 5276 2504 5352 _:imi_tans__m_s.
2527 5271 2777 5352 Vict-"13
2801 5276 2855 5328 ϐε
2878 5272 3029 5352 Eg!“-
3065 5271 3178 5325 (ιόι-
3224 5271 3459 5352 indiget,
3497 5286 3615 5352 9§§E

292 5343 535 5423 imitans.
666 5346 1125 5423 Diabolo_servire
1153 5340 1512 5423 etadhmrere
1535 5367 1639 5405 ms.
1684 5347 1830 5406 Vict.
1866 5349 1928 5403 l3
1960 5356 2017 5406 et
2050 5347 2339 5423 Edit._§ol.
2363 5343 2599 5423 diabolq,
2621 5342 2844 5423 scilicet,
2864 5343 3294 5423 adhaererems,
3335 5340 3489 5396 Corb.
3517 5342 3617 5393 307

293 5413 846 5496 diabolo_adbaerere.
887 5416 947 5496 "’_‘
980 5420 1082 5496 Sic
1103 5428 1156 5474 et
1184 5419 1419 5496 singulae
1450 5430 1972 5496 quaequeAcreatura:
1996 5436 2146 5496 _ms_s.
2196 5416 2336 5496 Vict.
2372 5420 2524 5496 ilict
2556 5415 2707 5496 Ερνζζ.
2890 5413 2979 5496 βία
3024 5421 3076 5496 0}
3122 5412 3336 5496 singula
3381 5426 3612 5496 (HNP,un

289 5492 518 5565 creata;
527 5484 602 5565 ’“_
620 5489 833 5565 Diutius
864 5477 1299 5565 toleravitlrtss.“
1314 5477 1556 5546 Vict.'t3
1588 5477 1645 5547 ἐι
1676 5493 1957 5565 Corb._307
1977 5487 2507 5565 diutius_toleravit._
2556 5481 2788 5565 ’f’AQuid
2821 5485 2905 5565 ve_l
2935 5484 3125 5565 quales
3156 5477 3264 5565 nati
3292 5477 3427 5536 mss.

292 5554 359 5634 Ἐξ
390 5559 446 5634 et
480 5558 633 5634 garb.
668 5562 770 5634 3_07
801 5560 930 5630 quid
960 5563 1091 5616 nati.
1121 5559 1184 5591 "”
1214 5563 1343 5618 Esse
1371 5569 1711 5634 cognoscunt
1740 5567 1795 5618 et
1826 5563 2078 5634 fatentur,
2111 5560 2209 5616 sed
2234 5550 2834 5634 ms._(;orb..3(_)7'_esse
2876 5550 3139 5634 fatentur,
3172 5552 3269 5617 sed
3298 5567 3405 5617 ms.
3462 5550 3607 5615 Vict.

293 5625 361 5682 18
390 5630 447 5683 et
478 5628 632 5685 Edit.
666 5631 785 5686 Col.
816 5625 938 5686 esse
967 5642 1323 5705 cognoscunt,
1357 5625 1483 5690 sed'.
1564 5630 1625 5662 ⁷⁹⁹
1654 5634 1735 5690 De
1765 5649 1831 5691 eo
1861 5633 2041 5690 dicere
2068 5625 2202 5690 mss.
2234 5635 2291 5689 et
2322 5628 2487 5688 Edit.
2525 5627 2648 5687 Col.
2682 5627 2750 5685 de
2779 5642 2847 5689 eo
2876 5625 3098 5683 diceret.
