4046 6076
429 214 532 271 667

425 350 548 392 eum
589 337 657 394 de
705 339 997 400 offensione
1041 363 1134 402 sua
1162 346 1223 376 ‘°'
1254 366 1587 424 nequaquam
1640 357 1801 413 sciret.
1853 359 2014 415 dolo-

421 442 536 482 rem
569 426 812 484 habere?
845 432 1146 490 Ridiculum
1176 439 1354 508 potius
1401 459 1562 513 quam
1612 445 1758 501 aliud
1806 447 2022 504 videre-

424 518 534 583 tur,
567 518 609 571 si
642 518 850 573 veniam
878 530 1082 590 peteret
1131 528 1199 581 de
1246 529 1348 584 hoc
1395 531 1538 586 unde
1587 549 1644 589 se
1686 551 1792 591 non
1841 539 2026 594 dolere

430 603 694 661 fateretur
723 605 808 660 ὀί.
863 611 1096 669 Necesse
1128 624 1206 669 est
1235 619 1384 672 enim
1433 629 1489 674 ut
1535 623 1781 680 dolorem
1830 627 2029 683 habeat

439 693 687 787 quisquis
715 697 784 751 de
809 704 1130 769 perpetratis
1159 705 1331 777 culpis
1351 710 1566 765 veniam
1595 715 1854 787 consequi
1880 716 2026 772 desi-

432 782 610 837 derat.

1027 880 1250 939 CAPUT
1297 886 1431 941 CIV.

789 964 1022 1024 Tertius
1050 973 1258 1040 gradus
1290 977 1670 1036 humilitatis.

493 1047 702 1105 Deinde
734 1055 976 1122 sequitur
1005 1061 1301 1132 confessio,
1335 1081 1439 1134 qua
1471 1070 1700 1137 qualiter
1729 1070 1790 1099 '°’
1821 1090 1878 1129 se
1906 1089 2030 1143 pec-

425 1143 574 1190 cator
625 1152 915 1211 cognoscat
963 1155 1016 1201 et
1064 1149 1245 1204 doleat
1289 1155 1528 1210 confiteri
1591 1161 1828 1216 studeat.
1877 1154 2031 1216 Multi

430 1224 576 1278 enim
607 1236 732 1319 sunt
760 1230 849 1300 qui
881 1248 940 1287 se
971 1250 1227 1304 peccasse
1267 1258 1600 1314 cognoscunt
1649 1257 1702 1303 et
1752 1251 1951 1319 dolent,
1981 1267 2035 1313 et

433 1321 612 1401 tamen
653 1317 851 1384 celant,
882 1325 1136 1390 quoniam
1188 1331 1408 1401 quidem
1462 1337 1561 1390 hoc
1607 1339 1846 1393 conﬁteri
1905 1317 2031 1396 eru-

438 1399 719 1490 bescentes
749 1423 856 1461 non
885 1413 1102 1467 audent.
1152 1419 1216 1472 Et
1245 1421 1373 1490 quia
1419 1424 1593 1480 sciunt
1639 1429 2034 1484 confessionem

442 1489 511 1542 ad
546 1490 766 1546 salutem
814 1503 1172 1557 necessariam
1203 1489 1338 1577 fore,
1372 1511 1444 1564 ita
1476 1513 1528 1566 in
1558 1515 1809 1571 cordibus
1836 1515 1895 1544 ⁸⁰⁸
1926 1520 2036 1574 suis

436 1593 618 1677 coram
668 1581 782 1638 Deo
831 1589 1127 1677 pmnitent,
1188 1605 1240 1649 et
1295 1597 1369 1652 illi
1431 1601 1671 1657 conﬁteri
1732 1616 2035 1677 proponunt

435 1667 711 1763 multoque
743 1675 1004 1763 majorem
1034 1683 1403 1749 paenitentiam
1435 1700 1602 1762 agunt
1633 1667 1794 1763 quam
1824 1667 1867 1750 si
1897 1712 2034 1751 con-

436 1753 714 1849 fiterentur
744 1760 928 1835 eisque
959 1767 1263 1842 injungeret
1294 1753 1499 1849 aliquis
1522 1753 1885 1839 sacerdotum.
1920 1787 2027 1841 Ve-
2059 1772 2114 1835 Β

439 1859 570 1943 rum.
591 1845 644 1899 in
677 1850 774 1903 hac
818 1858 1130 1943 reipenitus
1165 1863 1526 1935 decipiuntur,
1561 1871 1686 1940 quia
1717 1873 1893 1928 nullus
1920 1875 2036 1930 Deo

441 1933 738 2034 quidquam
770 1942 1007 2034 conﬁteri
1039 1957 1216 2018 potest
1247 1933 1389 2024 quod
1421 1933 1538 2028 ipse
1571 1933 1802 2032 ignoret.
1837 1963 2040 2020 Omnia

437 2027 592 2121 enim
637 2027 690 2121 ei
733 2033 882 2087 nuda
913 2042 1052 2092 sunt
1099 2045 1155 2095 et
1202 2051 1401 2115 aperta
1435 2027 1616 2115 (Ileer
1651 2066 1728 2116 ιν,
1763 2054 1875 2121 13).
1915 2051 2042 2107 Vult

443 2118 623 2212 itaque
655 2116 798 2212 Deus
829 2131 879 2175 et
909 2125 1221 2202 quicunque
1271 2135 1320 2187 ei
1368 2139 1696 2204 peccaverit,
1725 2155 1788 2194 ac
1829 2116 1882 2194 si
1922 2141 2041 2212 ipse

441 2207 702 2299 nesciret,
736 2207 810 2263 ita
839 2227 934 2268 suo
965 2215 1085 2271 loco
1116 2218 1206 2274 alii
1240 2225 1508 2280 nescienti
1534 2227 1774 2284 conﬁteri
1817 2246 1885 2285 ne
1923 2207 2040 2285 dis-

444 2293 683 2389 simulet,
718 2309 980 2389 quatenus
1020 2308 1122 2363 hoc
1163 2309 1369 2378 judicio
1410 2316 1695 2372 manifeste
1723 2320 2045 2389 comprobet

439 2383 552 2474 qui,
575 2383 619 2437 si
646 2385 790 2441 Deus
816 2387 875 2419 '°‘
898 2394 1004 2450 hoc
1034 2397 1328 2469 ignoraret,
1362 2403 1475 2474 ipse
1504 2407 1769 2462 veraciter
1796 2383 2044 2463 ei-mani-

439 2468 680 2572 festaret.
718 2477 954 2572 Ad-hoc,
986 2485 1027 2537 si
1057 2486 1100 2539 is
1139 2488 1230 2558 qui
1261 2468 1524 2562 majorem
1573 2497 1945 2566 paenitentiam
1978 2515 2044 2553 ex

441 2566 662 2658 proprio
698 2566 935 2658 arbitrio
966 2588 1072 2627 non
1103 2579 1380 2634 confessus
1408 2583 1521 2638 vult
1551 2601 1715 2656 agere
1745 2603 1908 2658 quam
1940 2588 2046 2641 ali-

449 2653 608 2747 quis,
668 2653 1136 2747 si-coniiteretur,
1217 2668 1380 2724 vellet
1440 2672 1486 2726 ei
1535 2653 1839 2744 imponere,
1897 2683 2047 2745 putat

449 2742 627 2834 majus
656 2742 746 2810 qui
779 2759 838 2798 se
870 2746 1068 2805 fecisse
1123 2769 1188 2807 ex
1239 2758 1464 2827 propria
1492 2742 1771 2816 voluntate
1809 2742 1973 2834 quam
2001 2759 2048 2818 si

449 2827 809 2924 conﬁteretur,
843 2846 1030 2924 penset
1060 2843 1202 2910 apud
1253 2861 1310 2899 se
1358 2847 1487 2917 quid
1525 2848 1626 2902 sibi
1675 2850 1796 2920 plus
1827 2827 2049 2906 consti-

450 2919 596 3011 terit,
630 2933 698 2972 an
727 2921 969 3011 confiteri
1001 2937 1052 2982 et
1081 2945 1306 2998 parvam
1351 2919 1720 3005 paenitentiam
1766 2956 1948 3011 agere,
1984 2958 2052 2995 an

456 3007 954 3100 sineAconfessione
984 3025 1283 3086 spontanea
1312 3024 1585 3080 voluntate
1615 3027 1778 3097 longo
1803 3007 2053 3100 tempore

1367 227 1681 288 EADMERI
1721 229 2274 302 CANTUARIENSIS
2313 244 2657 306 MONACHII

3620 257 3722 310 668

2042 362 2102 426 A
2131 370 2244 426 nim
2293 389 2426 444 pura
2454 383 2535 432 est
2564 377 2859 446 confessio,
2892 377 2936 432 si
2967 393 3090 434 eam
3135 376 3375 452 sequitur
3422 378 3725 436 voluntaria

2133 479 2436 534 persuasw.

2729 558 2948 615 CAPUT
2980 558 3115 614 CVI.

2496 665 2738 732 Quintus
2766 665 2973 734 gradus
3005 667 3375 722 humilitatis.

2206 753 2406 821 Quinto
2453 752 2616 824 igitur
2657 753 2829 826 gradu
2875 752 2935 782 '°‘
2975 755 3244 811 confessio
3287 763 3613 826 apponatur,
3668 762 3727 808 ut

2135 842 2339 897 scilicet
2363 842 2576 912 qualem
2614 859 2674 898 se
2721 845 2838 912 quis
2857 844 3136 915 cognoscit
3165 844 3328 904 dolet,
3361 842 3643 898 conﬁtetur
3672 851 3725 896 et

2136 930 2345 997 suadet,
2375 931 2533 986 talem
2566 947 2782 1005 quoque
2812 948 2870 986 se
2900 933 2969 987 ab
2999 933 3123 986 aliis
3170 933 3430 988 concedat
3468 930 3722 1001 judicari.

2139 1021 2273 1076 Sunt
2301 1021 2444 1076 enim
2477 1021 2720 1092 plerique
2749 1022 2879 1075 satis
2907 1023 3238 1091 semetipsos
3273 1021 3600 1092 judicantes,
3631 1018 3728 1073 sed

2140 1126 2482 1181 nequaquam
2503 1119 2726 1178 possunt
2755 1110 2826 1165 ab
2855 1111 2974 1166 aliis
2994 1111 3103 1181 pati
3129 1110 3384 1179 judicari,
3410 1108 3726 1179 vituperari.

2140 1198 2244 1268 Qui
2282 1208 2337 1253 ut
2377 1200 2446 1253 ad
2475 1197 2534 1226 '°’
2566 1207 2804 1254 montem
2855 1216 2995 1255 verae
3045 1199 3361 1254 humilitatis
3406 1199 3728 1262 ascendant,

2140 1289 2205 1342 iis
2235 1305 2463 1344 necesse
2492 1289 2553 1318 "°
2576 1299 2656 1343 est
2704 1297 2764 1342 ut
2810 1289 2947 1344 sicut
2988 1289 3308 1358 semetipsos
3352 1287 3731 1357 despiciendos

2136 1377 2405 1447 judicant,
2436 1379 2514 1432 sic
2544 1379 2705 1432 etiam
2747 1377 2898 1443 alios,
2933 1377 2977 1432 si
3024 1393 3081 1434 se
3119 1377 3416 1448 judicando
3461 1379 3730 1445 despexe-

2140 1467 2264 1533 rint,
2299 1467 2520 1522 tolerare
2550 1467 2737 1521 sciant.
2772 1465 2891 1536 Qua
2923 1469 2977 1520 in
3008 1483 3066 1522 re
3094 1465 3153 1496 ’τί
3183 1481 3318 1538 opus
3347 1474 3424 1520 est
3455 1463 3730 1536 patientia,

2141 1572 2262 1628 quae
2292 1565 2443 1612 sexto
2474 1557 2591 1612 loco
2620 1564 2695 1611 est
2727 1557 3054 1627 apponenda
3083 1555 3170 1610 '1’.

2725 1671 2944 1728 CAPUT
2975 1671 3138 1726 CVII.

2507 1771 2715 1826 Sextus
2742 1769 2950 1840 gradus
2983 1768 3358 1824 humilitatis.

2218 1860 2354 1915 Haec
2386 1859 2565 1929 itaque
2594 1859 2888 1928 unicuique
2921 1859 3200 1911 familiaris
3228 1859 3303 1912 sic
3333 1874 3451 1912 esse
3488 1857 3646 1912 debet
3687 1867 3741 1912 ut

2149 1949 2584 2020 quandocunque
2613 1945 2676 1975 '"
2709 1948 2754 2000 ei
2806 1946 2988 2017 aliqua
3031 1946 3225 2016 injuria
3257 1945 3332 2015 ﬁt,
3366 1947 3439 2000 ita
3468 1963 3586 2002 eam
3619 1963 3741 2000 sus-

2147 2038 2309 2109 cipiat
2373 2037 2637 2108 patienter
2693 2036 2840 2106 quasi
2904 2036 3249 2090 commodum
3312 2035 3412 2089 sibi
3488 2051 3742 2106 magnum

2149 2126 2325 2183 ﬁeret.
2377 2127 2622 2182 Profecto
2651 2126 2693 2179 si
2725 2125 2921 2194 aliquis
2953 2140 3233 2180 servorum
3267 2123 3498 2195 alicujus
3528 2123 3749 2178 discreti

2151 2217 2384 2272 hominis
2423 2222 2729 2284 peccasset,
2791 2222 2874 2281 et,
2935 2214 3062 2267 dum
3121 2212 3224 2266 sibi
3281 2213 3481 2268 exinde
3557 2212 3749 2266 ﬁerent

2152 2306 2334 2360 multas
2382 2305 2668 2369 molestiae,
2697 2319 2803 2358 non
2849 2303 3191 2368 reclamaret,
3243 2303 3340 2356 sed
3389 2303 3566 2372 potius
3605 2301 3746 2369 juste

2154 2394 2280 2449 talia
2309 2395 2418 2463 pati
2448 2409 2506 2447 se
2536 2393 2756 2457 (liceret,
2789 2392 2942 2445 citius
2997 2392 3141 2460 apud
3194 2391 3475 2446 dominum
3531 2390 3748 2443 miseri-

2153 2484 2394 2540 cordiam
2445 2482 2730 2536 inveniret.
2789 2481 2903 2535 Nos
2956 2480 3137 2550 itaque
3194 2479 3285 2549 qui
3346 2479 3513 2534 multa
3561 2487 3752 2533 contra

2154 2575 2463 2630 Creatorem
2519 2580 2760 2626 nostrum
2816 2561 3221 2633 commisimus,
3273 2577 3418 2622 tanto
3459 2568 3752 2622 studiosius

2156 2659 2424 2717 humiliari
2462 2659 2725 2714 debemus
2775 2667 2974 2728 quanto
3018 2657 3193 2729 magis
3245 2656 3585 2728 indulgentia
3628 2655 3752 2725 ejus

2156 2766 2255 2807 nos
2282 2749 2526 2820 indigere
2553 2747 2818 2802 videmus.

2719 2840 2951 2898 CAPUT
2982 2842 3166 2897 CVIII.

2483 2933 2778 3005 Septimus
2814 2930 3024 3002 gradus
3063 2930 3428 2986 humilitatis.

2233 3025 2348 3079 Nec
2374 3022 2550 3078 solum
2599 3021 2801 3089 absque
2848 3020 3274 3074 murmuratione
3330 3019 3439 3089 pati
3495 3018 3759 3074 debemus

454 3095 740 3192 ξξωηίιθτίξ.
773 3103 1014 3192 Cumque
1046 3109 1225 3179 magis
1250 3111 1404 3184 eligit
1433 3112 1494 3141 ⁸⁰⁸
1523 3095 1894 3186 paenitentiam
1919 3095 2049 3192 gra-
2081 3118 2131 3182 C.
2159 3113 2458 3179 molestias,
2488 3111 2582 3166 sed
2612 3117 2669 3163 ut
2697 3109 2860 3164 etiam
2903 3109 3142 3180 graviter
3186 3107 3472 3176 puniamur
3516 3107 3585 3161 ad
3628 3108 3754 3162 vin-

457 3183 520 3236 tis
543 3186 806 3254 protelare
835 3187 893 3217 ‘°'
918 3209 1076 3262 quam
1106 3205 1316 3254 reatum
1336 3183 1500 3257 suum
1524 3183 1630 3275 per
1651 3183 2047 3262 confessionem

453 3275 816 3364 manifestare,
849 3294 1106 3354 agnoscat
1135 3303 1236 3358 pro
1265 3299 1412 3347 certo
1461 3293 1586 3364 quia
1634 3295 1874 3350 nondum
1923 3313 2049 3352 vere

447 3363 780 3454 confessioni
828 3370 978 3425 illam
1033 3391 1184 3430 suam
1241 3363 1597 3450 spontaneum
1655 3385 2044 3454 pmnitentiam,

452 3450 750 3542 quamlibet
811 3456 994 3525 gravis
1038 3455 1099 3485 ⁸⁸⁷
1143 3461 1334 3530 fuerit,
1397 3450 1728 3536 adaequavit,
1790 3450 2044 3539 quoniam

451 3532 671 3628 quidem
701 3540 931 3593 necdum
963 3542 1066 3596 sibi
1099 3551 1299 3602 tantum
1345 3532 1579 3605 constitit
1625 3532 1864 3624 graviter
1905 3554 2045 3609 clam

448 3622 764 3686 paenituisse
795 3636 1054 3694 quantum
1085 3633 1510 3702 confessionem,
1561 3622 1648 3691 cui
1697 3653 1819 3692 eam
1863 3638 2044 3693 facere

445 3704 652 3797 debuit,
685 3710 901 3767 fecisse.
936 3714 1115 3782 Quare
1148 3721 1328 3774 minus
1359 3730 1442 3776 est
1486 3739 1712 3795 semper
1749 3727 2045 3797 quemlibet

448 3795 688 3884 graviter
730 3799 844 3853 sine
891 3803 1238 3862 confessione
1269 3810 1530 3878 poenitere
1578 3829 1744 3883 quam
1768 3795 1930 3884 ipuro
1978 3831 2043 3870 ex

449 3882 611 3938 corde
640 3887 1037 3945 confessionem
1069 3894 1268 3950 facere.

1063 4005 1287 4063 CAPUT
1327 4008 1436 4064 CV.

806 4091 1049 4158 Quartus
1079 4096 1290 4166 gradus
1323 4097 1696 4158 humilitatis.

518 4176 651 4231 Cum
681 4177 862 4250 itaque
888 4188 992 4236 tres
1021 4184 1222 4254 gradus
1251 4186 1306 4241 in
1340 4197 1520 4245 monte
1569 4191 1886 4247 humilitatis
1938 4195 2043 4250 ha-

445 4263 691 4334 beamus,
722 4269 970 4340 sequitur
1005 4274 1278 4342 persuasio
1307 4293 1430 4347 quae
1462 4279 1752 4350 unicuique
1796 4281 2047 4336 habenda

448 4360 549 4420 est,
575 4362 794 4424 quartus
823 4357 1075 4415 videlicet
1098 4362 1212 4432 jam
1238 4364 1533 4434 praelibata:
1564 4368 1768 4423 virtutis
1805 4369 2039 4442 gradus.

445 4443 580 4496 Cum
610 4443 751 4498 enim
803 4451 1167 4504 necessarium
1216 4453 1286 4506 sit
1334 4462 1388 4508 ut
1433 4455 1806 4524 conﬁteamur,
1858 4460 2039 4514 scien-

2157 3202 2357 3258 dictam
2389 3201 2487 3256 Dei
2518 3214 2786 3254 amemus.
2833 3200 2996 3252 Amor
3045 3197 3186 3251 enim
3238 3212 3526 3266 supremus
3555 3195 3759 3249 montis

2158 3289 2472 3345 humilitatis
2511 3288 2712 3359 gradus
2758 3301 2878 3341 esse
2918 3285 3152 3352 videtur,
3187 3284 3440 3354 quoniam
3473 3294 3597 3339 tunc
3624 3283 3752 3354 qui-

2156 3379 2280 3435 dem
2310 3387 2390 3433 est
2418 3379 2533 3433 Deo
2564 3384 2718 3447 grata
2755 3373 3067 3440 satisfactio,
3117 3389 3238 3429 cum
3287 3373 3338 3427 in
3387 3373 3506 3441 ejus
3546 3385 3750 3437 mente,

2155 3469 2245 3538 qui
2272 3467 2551 3533 satisfacit,
2583 3463 2728 3518 nulla
2777 3467 2958 3518 manet
3005 3463 3384 3526 murmuratio,
3417 3461 3510 3516 sed
3541 3462 3633 3532 pia
3657 3461 3748 3530 ju-

2153 3557 2294 3630 giter
2324 3557 2493 3611 fervet
2522 3552 2760 3609 dilectio.

2731 3658 2953 3714 CAPUT
3014 3658 3159 3712 CIX.

2370 3748 2782 3821 Recapitulatio
2835 3747 3116 3818 graduum
3164 3746 3533 3803 humilitatis.

2225 3839 2384 3908 Quod
2415 3845 2595 3892 autem
2637 3836 2886 3907 superius
2927 3834 3087 3889 dilate
3136 3851 3236 3905 per
3279 3843 3462 3906 partes
3507 3833 3753 3891 ostendi-

2155 3945 2294 3996 mus,
2327 3943 2468 3982 nunc
2497 3925 2688 3980 eadem
2728 3925 2969 3979 breviter
3005 3932 3058 3978 et
3094 3924 3400 3978 summatim
3432 3923 3532 3978 sub
3559 3939 3756 3979 exem-

2153 4017 2246 4088 plo
2277 4015 2614 4087 colligamus.
2671 4014 2724 4068 Si
2753 4012 2897 4067 enim
2929 4011 3177 4066 dominus
3225 4013 3490 4082 quispiam
3534 4029 3755 4067 servum

2155 4105 2399 4173 haberet,
2433 4119 2594 4174 quem
2623 4117 2722 4173 pro
2752 4103 2911 4172 culpa
2938 4117 3035 4155 sua
3062 4102 3272 4155 tradere
3321 4101 3479 4156 morti
3509 4101 3755 4168 deberet,

2155 4195 2440 4265 positaque
2496 4191 2704 4247 ratione
2754 4207 2877 4246 cum
2937 4205 3031 4259 eo,
3086 4206 3241 4244 suam
3299 4206 3484 4246 servus
3539 4191 3756 4260 culpam

2155 4283 2446 4348 occultare,
2475 4281 2622 4335 velut
2652 4280 2707 4333 in
2736 4279 2996 4345 tenebris,
3029 4278 3223 4342 vellet;
3277 4287 3366 4334 aut
3419 4279 3462 4332 si
3514 4294 3756 4350 cognos-

2156 4379 2298 4427 ceret
2328 4371 2498 4443 (quod
2530 4378 2609 4424 est
2633 4369 2840 4439 primus
2878 4367 3197 4422 humilitatis
3240 4367 3461 4440 gradus)
3494 4383 3598 4423 non
3628 4367 3757 4422 inde

2155 4461 2394 4519 doleret;
2429 4465 2519 4514 aut
2555 4459 2598 4512 si
2641 4457 2856 4512 doleret
2904 4455 3072 4529 (quod
3113 4464 3192 4510 est
3239 4457 3531 4529 secundus)
3560 4471 3748 4511 coram

443 4531 572 4586 dum
603 4540 686 4588 est
715 4537 857 4606 quod
907 4537 981 4592 ita
1028 4539 1268 4596 conﬁteri
1315 4541 1597 4610 debemus,
1631 4555 1688 4600 ut
1718 4511 1821 4601 hoc
1864 4547 2040 4618 ipsum
2069 4511 2121 4570 Β
2151 4549 2287 4616 aliis,
2321 4548 2543 4603 domino
2574 4546 2697 4602 licet
2734 4511 2977 4614 jubente,
3010 4542 3255 4600 conﬁteri
3303 4545 3474 4600 nollet
3495 4511 3526 4607 ;’
3560 4550 3649 4597 aut
3700 4542 3748 4596 si

447 4621 591 4689 quod
623 4623 962 4693 conﬁtemur,
998 4628 1072 4683 ita
1104 4645 1222 4685 esse
1252 4633 1696 4702 persuadeamus.
1739 4635 1889 4690 Tunc
1937 4645 2043 4691 ete-

2145 4637 2488 4692 conﬁteretur
2515 4634 2683 4707 (quod
2731 4642 2812 4690 est
2859 4633 3066 4705 tertius)
3094 4632 3426 4704 persuadere
3475 4633 3642 4687 nollet
3693 4641 3752 4720 ut

1759 4786 1982 4843 VARLE
2031 4785 2436 4841 LECTIONES.

513 4899 572 4926 '°°
605 4902 704 4957 Pro
761 4903 1060 4960 ofieusione
1117 4925 1213 4961 sua
1244 4926 1344 4964 ms.
1381 4909 1525 4964 Vict.
1556 4913 1616 4965 13
1649 4912 1718 4965 de
1738 4910 2035 4967 offensione
2067 4928 2184 4966 sua.
2215 4909 2275 4939 ὀί
2319 4911 2470 4968 Unde
2491 4927 2547 4966 se
2572 4927 2676 4966 non
2699 4909 2882 4965 dolere
2903 4910 3160 4964 fateretur
3184 4925 3287 4963 ms.
3323 4907 3468 4964 Vict.
3492 4912 3548 4963 et
3590 4907 3759 4962 Edit.

439 4971 565 5052 got;
595 4973 736 5052 unde
764 4991 822 5027 se
851 4976 1034 5052 dolere
1067 4993 1173 5032 non
1205 4978 1558 5052 fateretur.'°’
1589 4981 1651 5036 Ut
1681 4984 1889 5036 scilicet
1915 4983 2148 5052 qualiter
2186 4997 2321 5037 mss.
2352 4981 2498 5036 Vict.
2527 4985 2589 5035 13
2616 4980 2786 5052 Corb.
2823 4983 2925 5034 307
2943 4985 2999 5052 ct
3021 4980 3181 5052 Edit.
3212 4979 3330 5034 Col.
3353 4978 3491 5052 quia
3520 4978 3765 5052 qualiter

435 5041 494 5069 ⁹⁰³
529 5044 684 5108 Fore,
717 5045 770 5097 in
797 5047 1054 5100 cordibus
1083 5065 1186 5104 ms.
1238 5048 1378 5103 Vict.
1415 5054 1477 5103 13
1506 5056 1563 5107 et
1612 5052 1776 5107 Edit.
1832 5041 1954 5108 Col:
2014 5053 2160 5112 fore.
2201 5053 2274 5106 ita
2321 5053 2374 5106 in
2422 5053 2700 5108 cordibus.
2720 5051 2779 5080 ⁹⁰⁶

2827 5051 2981 5120 Quod
3015 5051 3057 5105 si
3109 5051 3255 5105 Deus
3284 5067 3418 5105 mss.
3455 5049 3615 5104 σοντι).
3640 5050 3760 5120 307

440 5113 789 5195 Vict.n13_ct_
808 5116 970 5195 fidit.
1015 5120 1134 5174 Col.
1169 5120 1321 5195 Quia
1339 5122 1380 5195 si
1417 5123 1577 5195 Deus.
1609 5121 1668 5149 ’θ’
1702 5124 1873 5195 Magis
1903 5125 2069 5194 elegit
2098 5140 2203 5178 ms.
2251 5123 2394 5178 Vict.
2432 5128 2494 5176 t3
2529 5125 2705 5195 magis
2744 5113 2922 5193 eligit.
2953 5121 3012 5150 ⁸⁰⁶
3051 5121 3423 5195 l’mnitentiam
3475 5119 3758 5195 protelare

433 5201 541 5265 ius;
768 5191 869 5265 307
913 5191 1060 5265 Vict.
1081 5195 1142 5244 13
1158 5185 1246 5265 Aet
1268 5192 1427 5246 Edit.
1466 5193 1584 5265 Col.
1618 5185 2194 5265 ptenitEntiamvgratis
2223 5195 2525 5263 protelare.
2554 5185 3133 5265 “Tquantumcunque
3165 5192 3356 5265 gra_vi_s
3418 5185 3550 5265 mss.
3588 5191 3759 5265 μρνὸ.

439 5255 742 5348 539327503;
862 5266 920 5339 ct
946 5261 1105 5341 Edit.
1125 5260 1266 5348 ‘Col.
1301 5264 1598 5348 quamlibet
1619 5255 2118 5348 'gravis._'°:lgitur
2146 5255 2345 5348 gradui
2377 5282 2522 5348 mss,
2555 5255 2700 5348 Vict:
2721 5266 2792 5348 13Δ
2821 5264 2980 5344 Corb.
3020 5255 3121 5316 3'07
3151 5255 3207 5318 εἰ
3587 5260 3760 5348 igitur

435 5327 608 5404 gradu
671 5325 1044 5404 _'_°’_‘Qui‘enim
1072 5332 1140 5385 ad
1173 5325 1488 5390 msstict.
1530 5338 1590 5388 13
1623 5325 1678 5390 Et
1713 5335 1874 5391 Corb.
1898 5325 2018 5389 307.
2055 5325 2244 5404 Quiut
2271 5335 2363 5389 ad.
2402 5335 2463 5364 "°
2497 5336 2800 5389 Ascendant
2830 5335 2892 5388 iis
2915 5349 3138 5389 necesse
3171 5349 3303 5404 mss.
3343 5333 3476 5404 Vict.
3507 5335 3566 5385 13
3591 5325 3761 5404 Corb.

434 5401 535 5454 307
566 5404 620 5454 et
654 5398 824 5456 Edit.
868 5401 995 5456 Col.
1035 5405 1344 5465 ascendant.
1379 5421 1616 5461 necesse.
1693 5405 1752 5435 ἰι

1784 5406 1965 5475 Quare
1996 5401 2132 5476 opus
2161 5423 2294 5462 mss.
2339 5408 2471 5462 Vict.
2510 5410 2572 5460 13
2607 5406 2770 5462 Corb.
2807 5408 2909 5461 307
2940 5409 2996 5460 ct
3027 5404 3182 5476 Edit
3211 5401 3412 5476 Colon.
3443 5402 3562 5476 Qua
3587 5402 3640 5454 in
3675 5417 3756 5456 re.

431 5467 492 5497 "'
521 5472 969 5548 Estexponeuda
1000 5484 1051 5528 et
1077 5476 1404 5544 apponeuda
1437 5495 1569 5532 mss.
1611 5477 1754 5532 Vict.
1793 5467 1852 5532 1⁷3
1892 5467 2054 5532 Οονὺῖ
2090 5479 2192 5532 507
2223 5481 2280 5533 et
2305 5476 2469 5532 Edit.
2501 5477 2614 5533 Col.
2639 5485 2718 5532 est
2747 5476 3089 5548 apponenda.
3122 5473 3186 5504 ’"
3220 5475 3287 5532 Ut
3315 5467 3759 5545 quandocunque

438 5559 547 5598 ms.
602 5543 743 5599 Vict.
783 5553 836 5599 ut
867 5543 1342 5620 quantuncunque.
