4046 6076
339 235 446 294 669

1329 244 1457 301 LIB.
1486 243 1582 300 DE
1609 243 1666 300 S.
1697 244 1999 301 ANSELMI
2043 244 2651 302 SIMILITUDINIBUS.

3530 245 3634 303 670

340 364 445 420 hoc
499 362 573 420 ita
622 365 961 431 crederetur;
1032 378 1124 425 aut
1164 367 1209 423 si
1256 368 1423 425 vellet
1475 367 1601 426 inde
1654 369 1939 441 culpabilis
1966 370 2278 443 Agenerat
2312 372 2482 427 mala.
2528 371 2709 427 Virtus
2737 385 2866 428 vero
2895 369 3038 426 illius
3089 385 3304 440 semper
3347 369 3509 427 debet
3555 379 3639 426 at-
3729 397 3733 401 ν

342 452 495 509 credi
527 453 695 525 (quod
726 463 805 510 est
835 458 1102 528 quartus),
1134 459 1249 528 pati
1285 465 1464 514 tamen
1491 458 1676 526 nollet,
1708 467 1766 513 ut
1793 458 1942 516 dice-

340 548 493 597 retur
519 542 840 613 culpabilis;
874 553 965 600 aut
994 545 1039 601 si
1069 546 1175 602 hoc
1204 545 1307 601 sibi
1336 545 1441 601 dici
1467 554 1741 618 pateretur
1769 548 1941 619 (quod

340 638 425 686 est
456 631 713 703 quintus),
738 649 849 689 non
879 642 1059 689 tamen
1091 635 1199 704 pati
1222 635 1389 691 vellet
1417 642 1474 690 ut
1501 635 1637 690 sicut
1660 636 1945 707 culpabilis

344 727 688 780 tractaretur:
723 730 816 777 aut
845 723 891 777 si
918 724 1025 779 hoc
1064 724 1275 795 patiens
1304 722 1365 753 ⁸³⁸
1396 725 1563 795 (quod
1610 732 1694 780 est
1736 726 1942 794 sextus)

342 826 455 865 non
501 809 575 866 ita
625 818 804 867 tamen
855 812 1073 868 tractari
1121 821 1328 869 amaret
1371 814 1544 886 (quod
1572 812 1632 842 ⁸³⁸
1662 821 1741 869 est
1770 814 1942 886 septi-

340 900 509 968 mus),
541 899 670 956 licet
700 902 803 956 hoc
826 902 968 957 velle
1011 902 1292 958 dominum
1342 917 1499 958 suum
1546 902 1725 969 sciret,
1758 919 1865 959 non
1894 902 1943 959 ei

342 987 593 1058 profecto
615 989 827 1060 culpam
850 989 997 1045 illam
1026 991 1278 1046 dominus
1301 989 1613 1060 dimitteret,
1635 990 1743 1047 imo
1765 991 1943 1064 magis

346 1084 403 1129 ut
432 1076 678 1147 iniquum
728 1093 947 1133 servum
994 1094 1118 1134 eum
1158 1078 1393 1149 puniret.
1445 1079 1536 1136 Sic
1583 1096 1681 1136 nec
1725 1088 1943 1136 nostras

344 1162 510 1220 nobis
537 1166 728 1237 culpas
747 1166 1012 1222 Dominus
1041 1167 1296 1236 dimittet,
1326 1168 1370 1223 si
1402 1184 1508 1223 non
1545 1184 1645 1225 nos
1684 1168 1943 1242 gradibus
1982 1169 1987 1173 ’

340 1250 538 1308 iisdem
559 1254 1047 1327 humiliaverimus,
1074 1256 1208 1311 sicut
1235 1257 1355 1327 ipse
1379 1257 1548 1327 jubet.

932 1362 1161 1420 CAPUT
1202 1364 1301 1419 ὈΧ
1316 1404 1328 1417 .

344 1450 622 1516 Quomodo
651 1453 1034 1525 unusquisque
1062 1469 1121 1509 se
1149 1454 1428 1510 minorem
1457 1454 1715 1510 omnibus
1743 1458 1930 1527 putet.

416 1538 613 1593 Verum
665 1542 791 1610 quia
847 1557 1232 1612 nonnunquam
1290 1542 1414 1597 ideo
1469 1542 1781 1598 extollimur
1816 1544 1943 1615 quia

344 1643 445 1683 nos
468 1626 586 1683 aliis
615 1644 724 1683 non
752 1636 901 1684 recte
931 1646 1327 1701 comparamus,
1352 1631 1643 1686 videndum
1676 1637 1759 1687 est
1786 1632 1941 1687 nobis

2051 461 2241 531 tendit,
2292 461 2418 531 quia
2463 461 2576 531 ejus
2623 460 2982 517 consideratio
3020 460 3351 516 contrarium
3380 459 3510 515 facit
3535 458 3635 523 ⁸²⁵;

2047 548 2165 620 ipsa
2192 566 2427 621 namque
2456 558 2797 621 peccatorem
2826 551 3093 619 converti,
3125 550 3470 621 pcenitentem
3516 564 3641 619 pm-

2049 639 2239 708 nitere,
2271 640 2447 709 magis
2480 647 2737 695 tentatum
2769 639 3049 695 tentationi
3080 639 3349 706 resistere,
3381 655 3488 694 non
3515 646 3637 693 ten-

2049 734 2219 782 tatum
2249 728 2331 783 sic
2359 744 2695 799 permanere,
2723 729 2923 799 justum
2970 728 3277 794 humiliari,
3327 726 3640 799 diligentem

2048 816 2228 888 magis
2256 814 2317 843 '”
2364 816 2592 890 diligere
2650 817 2806 872 facit.
2853 812 3092 872 Alterius
3148 816 3314 889 igitur
3365 816 3636 879 virtutem,

2049 921 2159 960 non
2188 904 2397 970 vitium,
2422 921 2685 977 suumque
2704 905 2912 970 vitium,
2938 920 3046 961 non
3070 904 3340 972 virtutem,
3364 903 3642 959 attendere

2050 994 2212 1049 debet
2268 994 2517 1066 quisquis
2573 994 2644 1049 ad
2700 994 2917 1050 culmen
2971 992 3288 1049 humilitatis
3344 991 3639 1049 ascendere

2048 1084 2247 1140 studet.

2588 1173 2807 1230 CAPUT
2837 1170 2982 1228 CXII
3010 1169 3091 1226 "".

2049 1267 2126 1323 De
2155 1266 2369 1322 duabus
2398 1264 2681 1322 sororibus
2712 1264 2862 1320 hunc
2890 1267 3143 1319 montem
3173 1260 3639 1319 custodientibus.

2120 1356 2293 1425 Hujus
2324 1363 2501 1410 autem
2532 1352 2850 1409 humilitatis
2895 1352 3240 1424 pulcherrimi
3279 1351 3477 1407 montis
3521 1351 3642 1406 dure

2050 1461 2269 1502 sorores
2296 1454 2414 1500 sunt
2444 1444 2721 1512 custodes,
2771 1441 3101 1499 verecundia
3148 1441 3352 1497 scilicet
3398 1457 3519 1511 qua:
3561 1447 3641 1495 est

2050 1535 2195 1604 apud
2224 1535 2419 1602 Deum,
2451 1543 2507 1588 et
2535 1534 2865 1589 verecundia
2894 1548 3016 1603 qua:
3053 1540 3130 1587 est
3178 1531 3324 1601 apud
3371 1530 3639 1585 homines.

2046 1626 2189 1680 Nam
2244 1640 2367 1680 cum
2423 1627 2660 1679 tentatur
2715 1622 2942 1693 aliquis,
3001 1624 3047 1677 si
3104 1631 3229 1678 ante
3281 1619 3475 1676 mentis
3529 1634 3643 1674 sua:

341 1732 452 1786 quo
498 1717 554 1772 id
602 1718 765 1773 modo
808 1718 992 1774 facere
1033 1719 1359 1775 debeamus.
1407 1721 1463 1776 Si
1510 1721 1652 1777 enim
1695 1737 1795 1776 nos
1822 1722 1942 1776 aliis
1968 1725 2022 1785 Β
2052 1716 2238 1772 oculos
2265 1716 2363 1771 has
2390 1714 2524 1771 duas
2552 1730 2771 1771 sorores
2800 1715 3025 1771 ﬁrmiter
3052 1712 3347 1777 reduxerit,
3380 1712 3521 1768 hanc
3552 1709 3641 1763 fa-

341 1805 593 1861 volumus
640 1823 976 1879 comparare,
1009 1825 1073 1864 ea
1104 1815 1312 1864 tantum
1360 1809 1625 1866 debemus
1677 1810 1937 1868 conside-

337 1910 463 1952 rare
491 1893 550 1925 ⁸³⁸
578 1912 700 1969 qum
743 1914 774 1952 a
820 1898 982 1952 nobis
1011 1902 1143 1953 sunt
1185 1897 1240 1953 in
1290 1898 1452 1955 nobis
1482 1898 1563 1967 "7,
1591 1915 1699 1955 non
1744 1917 1777 1955 a
1823 1902 1939 1958 Deo

339 1985 498 2057 quasi
544 1986 788 2057 praestita
816 1986 975 2043 nobis
1002 1986 1088 2042 ⁸¹⁸.
1139 1989 1231 2044 Sic
1277 2004 1511 2061 namque
1548 1989 1681 2063 agit,
1730 1991 1820 2061 qui
1869 1990 1938 2046 de

336 2073 499 2129 bonis
526 2089 560 2130 a
588 2076 705 2131 Deo
735 2075 842 2132 sibi
869 2077 1123 2148 prmstitis
1149 2074 1210 2107 ⁸³⁸
1240 2094 1403 2149 super
1439 2077 1605 2134 alium
1646 2079 1935 2148 extollitur,

336 2163 489 2219 velut
515 2165 606 2234 qui
636 2165 874 2221 vestibus
891 2165 1082 2222 alienis
1104 2166 1325 2223 indutus
1342 2168 1628 2240 gloriatur.
1659 2169 1778 2225 Non
1805 2184 1937 2242 ergo

334 2253 454 2308 haec
494 2253 727 2309 aliorum
771 2254 929 2310 bonis
973 2270 1289 2326 comparare
1334 2256 1620 2321 debemus,
1653 2257 1751 2313 sed
1794 2258 1939 2315 mala

335 2348 543 2397 tantum
575 2350 776 2409 nostra,
808 2360 934 2416 quae
981 2362 1014 2400 a
1061 2345 1222 2401 nobis
1268 2346 1323 2400 in
1372 2346 1529 2401 nobis
1550 2343 1612 2375 "°
1642 2348 1927 2403 habemus.

334 2430 496 2500 Quod
522 2431 568 2486 si
596 2431 888 2488 fecerimus
917 2434 1078 2497 (mala
1105 2434 1365 2490 videlicet
1392 2442 1584 2491 nostra
1611 2436 1769 2492 bonis
1794 2437 1937 2493 alio-

330 2536 459 2575 rum
486 2527 545 2575 ut
573 2521 943 2591 conferamus)
971 2523 1028 2577 in
1059 2539 1160 2579 nos
1187 2521 1248 2552 ⁸⁸³
1272 2523 1559 2580 inferiores
1606 2540 1725 2580 esse
1770 2534 1935 2582 caete-

333 2608 415 2663 ris
440 2610 694 2666 omnibus
719 2610 875 2665 nobis
903 2610 1035 2681 ipsis
1061 2612 1357 2667 videbitur.
1390 2612 1549 2681 Quod
1578 2621 1787 2678 contra,
1810 2614 1936 2687 quia

333 2698 555 2768 superbi
599 2698 823 2763 faciunt,
881 2701 1098 2755 etiamsi
1153 2700 1258 2755 sint
1309 2701 1559 2757 omnibus
1614 2703 1934 2771 deteriores,

330 2785 541 2843 cunctis
585 2794 770 2842 tamen
800 2804 855 2842 se
881 2787 1128 2859 judicent
1174 2806 1293 2845 esse
1340 2788 1618 2846 meliores.
1651 2790 1757 2847 Sua
1788 2792 1933 2846 enim

328 2875 478 2932 bona
509 2883 712 2931 tantum
742 2878 1105 2944 attendentes,
1141 2878 1369 2933 aliorum
1399 2879 1555 2933 malis
1591 2889 1929 2951 comparant,

329 2980 560 3036 quorum
591 2966 738 3020 mala
770 2964 1078 3021 nullatenus
1101 2967 1454 3022 considerare
1480 2967 1758 3025 deberent.

922 3074 1142 3129 CAPUT
1181 3074 1322 3130 CXI.

498 3160 657 3225 Quod
685 3162 829 3217 obsit
857 3162 1235 3218 consideratio
1265 3164 1507 3221 alterius
1534 3167 1776 3236 peccati.

406 3248 784 3305 Consideratio
814 3267 1070 3321 namque,
1101 3252 1187 3305 vel
1218 3253 1454 3324 cognitio
1492 3253 1653 3309 alieni
1704 3255 1933 3325 peccati,

334 3338 481 3393 mala
508 3338 678 3394 multa
707 3338 761 3392 in
789 3338 1030 3394 diversis
1057 3340 1215 3411 parit.
1264 3340 1327 3396 Si
1377 3342 1524 3397 enim
1567 3351 1827 3413 peccator
1857 3351 1940 3399 est

335 3427 427 3498 qui
456 3426 674 3483 alterius
702 3426 917 3497 culpam
948 3429 1276 3499 considerat,
1306 3430 1452 3486 malo
1498 3430 1643 3485 illius
1686 3432 1939 3501 exemplo

332 3517 395 3571 in
425 3532 523 3571 suo
552 3523 774 3586 peccato
806 3525 1144 3588 perseverat;
1174 3518 1220 3573 si
1249 3534 1378 3575 vero
1407 3520 1678 3589 paenitens
1724 3536 1755 3575 a
1804 3536 1939 3590 pec-

335 3609 484 3671 cato,
509 3621 541 3660 a
568 3605 891 3675 pmnitentia
920 3604 1160 3678 frigescit
1188 3608 1380 3663 eodem
1413 3609 1683 3678 exemplo.
1707 3608 1864 3678 Quod
1893 3609 1939 3663 si

338 3694 536 3750 eodem
588 3698 834 3764 peccato,
880 3694 968 3750 vel
1011 3695 1172 3751 etiam
1213 3696 1326 3751 alio
1353 3694 1418 3725 ⁸²³
1445 3697 1767 3764 tentabatur,
1799 3698 1939 3753 faci—

336 3782 445 3859 lius
477 3781 619 3837 illius
658 3783 915 3854 exemplo
965 3792 1266 3853 superatur.
1314 3785 1369 3841 Si
1415 3794 1595 3842 autem
1643 3786 1941 3842 tentatione

338 3871 579 3939 carebat,
613 3886 679 3926 eo
708 3870 829 3942 ipso
859 3879 1098 3927 tentatur
1142 3872 1288 3943 quod
1337 3873 1525 3929 vitium
1574 3874 1724 3929 illius
1752 3875 1942 3930 consi-

338 3959 507 4014 derat.
553 3958 610 4014 Si
638 3973 771 4013 vero
821 3966 899 4014 est
942 3960 1122 4029 justus
1148 3957 1242 4023 "';
1296 3960 1645 4029 praeferendo
1671 3977 1729 4017 se
1755 3961 1853 4026 illi,
1886 3962 1942 4017 in

338 4045 652 4119 superbiam
681 4047 982 4116 extollitur,
1015 4064 1177 4120 quem
1209 4048 1255 4104 si
1284 4048 1547 4123 diligebat
1571 4050 1625 4104 in
1656 4050 1775 4105 Deo
1800 4065 1943 4108 nunc

338 4152 466 4192 eum
495 4135 687 4208 incipit
715 4136 916 4191 habere
945 4136 1075 4193 odio
1104 4136 1184 4191 '“.
1224 4138 1347 4193 Non
1378 4153 1511 4208 ergo
1555 4138 1715 4195 facile
1758 4138 1941 4194 consi-

338 4224 584 4281 deranda
625 4231 706 4279 est
749 4224 970 4280 alterius
1016 4224 1197 4296 culpa,
1247 4226 1400 4296 cujus
1445 4225 1811 4283 consideratio
1866 4234 1942 4282 tot

2048 1805 2152 1862 cile
2209 1821 2472 1878 superare
2524 1806 2748 1878 poterit.
2817 1804 2911 1861 Sic
2957 1805 3105 1860 enim
3164 1801 3266 1858 sibi
3321 1801 3437 1871 ipse
3492 1798 3641 1869 loqui

2047 1895 2227 1953 debet.

2616 1987 2838 2044 CAPUT
2875 1985 3064 2041 CXIII.

2257 2082 2335 2137 De
2373 2080 2714 2137 verecundia
2747 2095 2869 2153 qua:
2911 2081 2997 2134 est
3034 2076 3185 2149 apud
3217 2076 3416 2130 Deum.

2118 2170 2175 2227 Si
2205 2187 2310 2243 ego
2341 2170 2444 2227 hoc
2484 2176 2772 2241 peccatum
2820 2166 2906 2224 vel
2953 2166 3087 2222 illud
3134 2166 3333 2229 facere,
3367 2162 3640 2235 quomodo

2046 2267 2171 2316 ante
2202 2260 2375 2315 Deum
2431 2267 2484 2317 et
2537 2266 2756 2314 sanctos
2814 2258 2933 2327 ejus
2987 2255 3234 2328 angelos,
3278 2254 3369 2324 qui
3414 2268 3502 2308 me
3549 2250 3638 2306 vi-

2045 2350 2175 2406 dent
2199 2348 2280 2419 “‘,
2311 2349 2499 2405 oculos
2545 2364 2697 2403 meos
2740 2348 2922 2403 levare
2966 2346 3205 2416 potero?
3254 2344 3396 2414 Quid
3435 2343 3636 2412 dicam,

2045 2455 2164 2494 cum
2196 2447 2403 2496 reatum
2435 2436 2495 2467 ”’
2527 2455 2705 2493 meum
2754 2436 2931 2493 omnis
2977 2434 3038 2464 ⁸³⁸
3081 2442 3336 2491 creatura
3382 2432 3638 2488 videbit?

2045 2528 2247 2601 Angeli
2298 2537 2350 2584 et
2406 2527 2611 2584 diaboli
2654 2525 2713 2555 ⁸³¹
2762 2544 2851 2582 me
2900 2525 3244 2581 accusabunt.
3286 2524 3638 2592 Nequaquam

2044 2618 2307 2688 peccabo,
2330 2618 2440 2673 imo
2472 2623 2696 2687 propter
2725 2624 2794 2685 te,
2824 2615 3076 2683 Domine,
3098 2620 3271 2669 morte
3297 2611 3503 2667 afﬁciar
3530 2618 3642 2664 tota

2043 2708 2133 2763 die
2163 2705 2571 2775 custodiamque
2613 2706 2729 2760 vias
2775 2720 2948 2770 meas,
2978 2708 3040 2759 ut
3066 2719 3175 2758 non
3213 2700 3523 2770 delinquam
3553 2696 3637 2750 ⁸³².

2042 2796 2132 2852 Sic
2179 2796 2285 2849 sibi
2312 2794 2375 2824 ⁸³⁸
2405 2795 2777 2864 unusquisque
2824 2800 3110 2864 proponat,
3162 2790 3239 2846 sic
3283 2787 3637 2858 semetipsum

2040 2884 2371 2951 consideret,
2421 2884 2502 2941 sic
2550 2900 2607 2939 se
2653 2884 2723 2937 ab
2770 2882 3098 2938 irruentibus
3141 2878 3333 2936 bestiis
3378 2885 3528 2933 eruet
3554 2874 3636 2930 '“.

2041 2974 2149 3030 Sed
2179 2972 2630 3030 considerandum
2688 2972 2815 3042 quia
2870 2969 3202 3027 verecundia
3251 2983 3373 3039 quae
3404 2970 3486 3021 est
3514 2967 3640 3021 ante

1959 3091 2008 3154 Ο
2038 3064 2214 3119 Deum
2244 3061 2325 3130 ⁸⁸⁵,
2356 3077 2573 3131 semper
2602 3068 2683 3116 est
2713 3061 2888 3115 libera
2919 3067 2972 3115 et
2999 3067 3179 3115 custos
3206 3055 3399 3120 ﬁdelis.

2608 3160 2832 3218 CAPUT
2869 3161 3064 3216 CXIV.

2252 3253 2328 3306 De
2355 3251 2694 3308 verecundia
2723 3266 2844 3323 qua:
2872 3254 2958 3305 est
2985 3248 3136 3320 apud
3166 3246 3438 3303 homines.

2117 3340 2491 3396 Verumtamen
2518 3338 2613 3393 illa
2643 3354 2763 3408 quae
2791 3346 2873 3393 est
2900 3337 3049 3407 apud
3094 3334 3342 3390 homines
3371 3349 3639 3389 verecun-

2047 3427 2136 3484 dia
2164 3443 2555 3498 nunnunquam
2588 3427 2759 3481 fallax
2807 3433 2862 3481 et
2903 3424 3040 3479 latro
3080 3423 3321 3494 pessima
3349 3429 3453 3476 est.
3493 3422 3641 3477 Solet

2047 3518 2191 3573 enim
2237 3516 2555 3589 contingere
2583 3522 2641 3570 ut
2669 3514 2965 3586 aliquando
2993 3519 3231 3568 mentem
3271 3510 3518 3579 alicujus,
3549 3509 3642 3564 ubi

2040 3605 2159 3677 jam
2190 3621 2332 3677 saepe
2362 3605 2535 3660 dictus
2565 3618 2722 3659 mons
2764 3601 3083 3657 humilitatis
3110 3608 3190 3657 est
3217 3597 3638 3660 constituendus,

2048 3695 2231 3752 hircus
2282 3694 2535 3759 luxuriae,
2567 3692 2729 3763 lupus
2760 3689 3089 3762 rapacitatis,
3119 3687 3204 3744 vel
3236 3688 3348 3743 alia
3377 3685 3643 3757 quaelibet

2048 3783 2298 3839 vitiorum
2330 3782 2522 3851 bestia,
2552 3788 2722 3837 tentet
2751 3780 3050 3851 irrumpere
3079 3777 3173 3841 ⁸³⁶;
3206 3792 3366 3849 quam
3398 3791 3523 3831 cum
3550 3790 3640 3830 ve-

2047 3872 2326 3941 recundia,
2356 3887 2476 3942 quae
2505 3871 2650 3943 apud
2680 3869 2932 3926 homines
2958 3877 3057 3937 est,
3090 3882 3159 3923 ne
3189 3867 3410 3921 intraret
3454 3864 3642 3935 prohi-

2048 3961 2181 4016 bere
2211 3960 2455 4028 deberet,
2488 3960 2565 4015 sic
2592 3957 2808 4014 sibimet
2830 3958 2938 4029 ipsi
2968 3955 3238 4011 interdum
3271 3954 3413 4008 male
3442 3966 3643 4008 consu-

2049 4049 2214 4103 lendo
2262 4048 2523 4118 loquitur.
2569 4047 2767 4118 Magna
2795 4046 2916 4112 erit,
2947 4044 3119 4115 inquit
3148 4042 3415 4109 confusio,
3449 4040 3496 4094 si
3520 4040 3647 4095 huic

2048 4137 2330 4192 tentationi
2365 4135 2613 4203 luxuriae,
2669 4142 2726 4189 ut
2783 4133 3127 4205 postmodum
3175 4129 3389 4197 sciatur,
3438 4128 3641 4183 aditum

2051 4225 2273 4282 dedero.
2299 4225 2407 4281 Sed
2435 4224 2612 4280 nullus
2630 4224 2912 4279 hominum
2933 4223 3036 4278 hoc
3055 4218 3281 4285 videbit,
3303 4225 3358 4274 et
3376 4232 3480 4289 ego
3502 4217 3644 4272 bene

1648 4349 1875 4406 VARIIE
1913 4348 2213 4406 LECTION
2217 4348 2323 4405 ES.

410 4470 470 4501 ⁸³⁸
492 4475 595 4527 Aut
649 4473 693 4527 si
749 4472 853 4527 hoc
907 4480 1179 4543 pateretur
1230 4491 1366 4530 mss.
1435 4477 1564 4532 Vict.
1619 4478 1683 4531 13
1721 4474 1879 4531 Corb.
1939 4477 2041 4529 307
2096 4477 2156 4531 et
2213 4473 2367 4529 Edit.
2426 4472 2539 4529 Col.
2599 4473 2702 4526 Aut
2732 4470 2776 4525 si
2832 4471 2937 4527 hoc
2962 4467 3191 4543 patiens.

3327 4463 3387 4493 ἰ’
3416 4463 3647 4518 Amaret

335 4550 432 4616 aut
458 4558 644 4599 amare
696 4558 806 4616 non
850 4535 1034 4614 pdsset
1081 4546 1247 4616 (quod
1278 4563 1412 4602 mss.
1470 4547 1607 4616 Vict.
1643 4549 1725 4616 ᾼ13
1763 4545 1917 4603 Corb.
1976 4546 2078 4599 307
2132 4548 2194 4616 et
2250 4544 2397 4616 Edit.
2463 4544 2585 4601 Col.
2651 4550 2882 4616 amaret,
2910 4535 3168 4616 qtiod._m
3200 4535 3483 4616 Debemus
3506 4549 3645 4616 con-

338 4613 581 4670 siderare
608 4630 716 4669 ms.
739 4613 809 4668 A.
834 4613 866 4668 1
908 4613 1194 4672 attendere
1223 4616 1486 4672 debemus
1506 4658 1516 4671 .
1536 4614 1598 4645 ’ν’

1627 4614 1763 4684 Qum
1793 4616 1948 4671 nobis
1976 4622 2101 4670 sunt
2128 4615 2180 4669 in
2211 4614 2368 4670 nobis
2391 4631 2526 4670 mss.
2551 4629 2673 4684 quas
2701 4629 2733 4666 a
2763 4606 3138 4684 nobis'suntin
3161 4606 3342 4684 nobis.

3424 4603 3484 4633 "'
3506 4606 3647 4660 Prae-

333 4684 651 4759 stitanobis
680 4701 814 4759 mss.
846 4687 1079 4759 praestita
1126 4696 1250 4742 sunt
1304 4687 1487 4759 nobis.
1512 4685 1572 4717 ἰ’
1594 4674 1709 4759 Sibi
1728 4687 2009 4759 collatiSjet
2026 4685 2279 4759 praestitis
2305 4702 2439 4740 mss.
2466 4689 2521 4759 et
2543 4674 2748 4759 Editio.
2771 4682 2959 4738 Colon.
2981 4679 3086 4734 sibi
3109 4679 3404 4759 _przestitis.
3428 4674 3491 4704 ⁸’⁸
3512 4675 3651 4759 Quae

340 4772 373 4809 a
400 4755 560 4828 nobis
589 4765 732 4825 sunt,
765 4757 820 4811 in
846 4750 1004 4812 nobis
1030 4774 1165 4812 mss.
1191 4775 1315 4828 quas
1345 4774 1374 4811 a
1404 4758 1584 4820 nobis,
1615 4758 1669 4812 in
1727 4757 1901 4812 nobis.
1935 4756 1999 4828 ’πῖ
2026 4750 2535 4828 Fecerimus,_mala
2580 4752 2838 4828 videlicet
2877 4759 3055 4828 nostra
3108 4750 3269 4828 hquis
3310 4750 3557 4828 aliorum,
3592 4756 3647 4819 ut

337 4819 838 4903 conferamus,'nos
867 4845 998 4903 mss.
1032 4819 1344 4903 fecerimus,
1377 4828 1589 4903 nos.__'_’_’
1620 4829 1716 4903 V_el
1745 4829 1909 4883 etiam
1936 4827 2276 4903 alienomgs.
2302 4819 2449 4903 Edit.
2478 4825 2587 4903 Coi.
2632 4824 2720 4879 vel
2772 4823 2931 4878 etiam
2962 4819 3272 4903 alio..“"uSi
3299 4834 3439 4903 vero.
3453 4820 3647 4903 justus,

338 4913 475 4974 mss.
496 4898 555 4974 _si
585 4891 729 4974 vero
742 4906 825 4974 est
874 4900 1074 4974 justus.
1106 4898 1167 4929 ἠ
1198 4891 1372 4968 Quem
1402 4900 1761 4974 si_di_lig_e_bat_,
1795 4915 1936 4974 nunc
1959 4914 2083 4974 eum
2114 4897 2301 4974 incipit
2325 4896 2454 4952 odio
2484 4896 2685 4950 habere
2714 4910 2851 4974 mss.
2877 4910 3039 4974 quem
3069 4893 3110 4974 si
3138 4892 3406 4974 diligebat.
3425 4893 3483 4946 in
3507 4891 3647 4974 yeo,

342 4967 535 5044 incipit
562 4984 686 5023 eum
716 4962 1074 5044 habereodio
1104 4962 1273 5044 mat].
1309 4974 1338 5044 t
1372 4970 1462 5044 qui
1491 4971 1533 5025 si
1564 4962 1829 5041 diligebat
1857 4969 2019 5044 etiam
2052 4962 2275 5044 in_Deo,
2308 4983 2449 5044 nunc
2478 4966 2793 5044 θυῖε-θρίω
2840 4962 3028 5044 incipit
3076 4964 3276 5044 habere
3292 5042 3296 5044 Α
3319 4962 3446 5018 odio
3495 4962 3645 5044 ﬁdit.

348 5034 549 5095 Colon.
581 5055 743 5112 quem
772 5043 816 5094 si
847 5041 1107 5112 diligebat
1135 5040 1297 5096 etiam
1327 5034 1542 5105 in'Deo,
1575 5034 1717 5112 nuric
1748 5056 1869 5094 eum
1897 5039 2105 5112 incipit
2118 5038 2326 5112 habere
2354 5038 2499 5095 odio.
2574 5034 2635 5064 "‘
2669 5037 2767 5112 Per
2794 5034 3129 5112 contrarium
3141 5034 3304 5112 _vadit
3331 5050 3438 5090 ms.
3467 5034 3542 5088 A.
3584 5034 3645 5112 _t.

345 5124 447 5178 per
474 5111 805 5166 contrarium
836 5110 969 5165 iacit
988 5128 1121 5167 mss.
1157 5113 1279 5167 Bec.
1312 5112 1643 5166 contrarium
1675 5110 1821 5165 facit.

1934 5103 2350 5177 ""Diligentem
2398 5124 2525 5163 vero
2546 5108 2723 5177 magis
2764 5125 2872 5163 ms.
2918 5107 2993 5164 A.
3029 5111 3049 5160 1
3099 5106 3416 5174 diligentem
3454 5103 3649 5177 magis.

345 5174 412 5263 δέ’
419 5180 511 5263 ,1η
534 5198 642 5237 ms.
766 5186 788 5236 1
826 5183 1117 5263 omittit-ur
1146 5184 1245 5263 hoc
1271 5180 1454 5263 Qaput
1482 5199 1613 5263 cum
1641 5180 2104 5263 subsequentibus
2132 5174 2306 5263 usque
2335 5181 2411 5261 ad.
2436 5180 2617 5263 Caput
2643 5174 2772 5263 1’1
2813 5179 2978 5249 cujus
3027 5177 3476 5263 similitudinem
3502 5174 3650 5263 [aliis

345 5252 525 5324 etiam
574 5252 757 5307 verbis
801 5254 1097 5324 exprimit.
1175 5250 1240 5280 "'

1266 5247 1369 5320 Qui
1400 5269 1488 5308 me
1514 5254 1699 5307 vident
1727 5247 1825 5306 m.’
1844 5253 1976 5308 Vict.
2012 5252 2080 5307 13
2108 5247 2335 5321 qui'hoc
2362 5247 2566 5304 vident.
2642 5247 2709 5321 "’_
2734 5249 2863 5304 Cum

2916 5259 3196 5318 peccatum
3235 5265 3367 5303 mss.
3402 5248 3534 5318 Vict.
3588 5249 3650 5298 13

348 5322 507 5393 Coro.
535 5324 640 5378 307
670 5327 727 5377 et
760 5317 907 5378 Edit.
946 5321 1069 5393 σοι,
1103 5338 1224 5378 cum
1254 5317 1478 5379 reatum.
1555 5322 1617 5353 ”°
1646 5324 1825 5377 Meum
1856 5323 1908 5377 in
1941 5323 2029 5378 die
2051 5317 2246 5393 judicii
2277 5322 2456 5393 omnis
2489 5337 2617 5375 mss.
2647 5319 2835 5393 ‘Corh.
2872 5320 2989 5393 7307
3054 5320 3201 5393 Vict.
3261 5323 3326 5393 13
3369 5317 3643 5393 ριηΕαὶίτ

353 5392 482 5450 σοι.
540 5408 722 5449 meum
780 5393 974 5448 omnis.
1007 5391 1070 5464 “3
1096 5393 1289 5464 Angeli
1320 5393 1372 5448 id
1406 5401 1489 5464 est
1518 5394 1720 5450 diaboli
1750 5409 1854 5449 ms.
1890 5396 2027 5451 Vict.
2051 5384 2126 5449 ’13
2163 5391 2329 5464 Coro.
2365 5393 2466 5446 307
2495 5397 2551 5447 et
2566 5390 2731 5464 Δζξιῐξι.
2785 5390 2899 5464 Col.
2936 5391 3133 5464 Angeli
3179 5398 3230 5446 et
3276 5387 3502 5464 diaboli.

346 5465 498 5520 Meas
527 5472 584 5519 ut
612 5465 667 5518 in
697 5464 879 5518 anima
904 5479 1009 5520 non
1043 5458 1210 5518 delin'
1230 5479 1354 5519 uam
1380 5463 1543 5521 Edit.
1579 5464 1690 5522 Col.
1726 5480 1875 5519 meas
1922 5473 1980 5519 ut
2018 5480 2126 5519 non
2171 5462 2503 5534 delinquam.
2564 5460 2624 5489 ⁸³³
2656 5462 2747 5518 Sic
2793 5462 2956 5533 igitur
3000 5458 3107 5517 sibi
3154 5477 3289 5518 mss.
3343 5458 3505 5514 Corb.
3552 5458 3655 5511 307

358 5532 505 5590 Vict.
540 5537 603 5589 13
636 5539 692 5590 et
717 5535 863 5590 Edit.
899 5534 1019 5590 Col.
1052 5534 1132 5589 sic
1161 5481 1286 5590 sibi.
1362 5534 1423 5565 ”‘
1447 5536 1635 5590 Bestiis
1663 5542 1815 5590 eruat
1841 5552 1946 5590 ms.
1997 5534 2136 5590 Vict.
2170 5536 2235 5588 13
2268 5533 2518 5589 hostibus
2547 5541 2702 5589 eruat
2745 5550 2852 5589 ms.
2890 5532 3054 5589 Corb.
3105 5534 3208 5587 307
3249 5529 3441 5585 bestiis
3485 5536 3651 5584 eruet.

358 5532 505 5590 Vict.
540 5537 603 5589 13
636 5539 692 5591 et
717 5535 863 5591 Edit.
899 5534 1019 5591 Col.
1052 5534 1132 5589 sic
1161 5551 1188 5589 s

350 5604 412 5634 “'
440 5608 575 5662 Ante
599 5607 775 5663 Deum
803 5622 910 5662 ms.
955 5607 1091 5663 Vict.
1127 5606 1191 5662 13
1223 5607 1368 5678 apud
1399 5608 1598 5664 Deum.

1249 5536 1286 5590 i.
1362 5534 1423 5565 ”‘
1447 5536 1635 5591 Bestiis
1663 5542 1815 5590 eruat
1841 5552 1946 5592 ms.
1997 5534 2136 5591 Vict.
2170 5536 2235 5588 13
2268 5529 2518 5589 hostibus
2547 5541 2702 5589 eruat
2745 5529 2852 5589 ms.
2890 5532 3054 5589 Corb.
3105 5534 3208 5587 307
3249 5529 3441 5585 bestiis
3485 5536 3651 5584 eruet.

1717 5603 1777 5633 ”'
1807 5607 1979 5663 Tenet
2005 5605 2308 5676 irrumpere
2336 5621 2442 5661 ms.
2477 5608 2536 5662 et
2562 5605 2725 5662 Edit.
2762 5603 2881 5661 Col.
2917 5612 3084 5660 tentet
3113 5603 3436 5674 irrumpere.
