4046 6076
437 265 532 320 671

1448 263 1763 321 EADMERI
1801 263 2358 326 CANTUABJENSIS
2396 267 2710 327 MONACHI

3637 282 3744 339 672

436 387 626 446 celabo
657 387 942 460 meipsum,
967 404 1068 446 nec
1097 387 1331 460 amplius
1361 389 1461 446 erit
1489 390 1796 462 cognitum.
1823 389 2036 446 Modice
2063 391 2120 453 A
2148 402 2476 462 exsecratur,
2528 413 2655 453 ecce
2698 398 2867 455 fallax
2925 418 3082 460 soror
3136 402 3399 460 fallaciter
3449 421 3570 461 eam
3616 406 3742 476 ple—

441 494 588 535 nunc
617 479 878 550 voluptati
911 479 1266 548 consentiam,
1318 487 1390 545 et,
1444 494 1566 534 cum
1617 479 1868 546 voluero,
1918 495 2038 534 me-

442 567 730 638 metipsum
762 568 1049 639 corrigam.
1087 571 1166 622 Ac
1196 568 1396 623 deinde
1429 567 1742 638 paenitendo
1767 568 1896 622 satis
1922 585 2038 624 me~

440 655 546 712 lior
568 673 726 728 quam
760 656 922 712 modo
951 673 1069 710 sum
1100 672 1218 712 ero.
1266 657 1426 711 Multi
1473 658 1616 711 enim
1663 666 1786 728 post
1830 658 2042 712 ruinam

443 753 810 812 surrexerunt,
871 753 924 800 et
978 746 1326 815 postmodum
1379 746 1632 801 meliores
1664 746 1908 801 fuerunt.
1956 747 2045 802 Sic

442 832 692 887 nimirum
726 833 1057 890 verecundia
1106 852 1225 906 quae
1269 843 1350 889 est
1405 835 1549 905 apud
1597 835 1864 903 homines,
1897 836 2044 889 malo

438 937 539 976 suo
577 923 801 978 consilio
831 939 1221 993 nonnunquam
1271 923 1472 978 fallitur
1499 933 1552 978 et
1575 923 1730 989 fallit,
1764 931 1817 978 et
1843 923 2043 978 malam

438 1009 552 1065 vitii
583 1010 812 1065 bestiam
844 1012 898 1065 in
929 1021 1188 1080 montem,
1239 1029 1399 1082 quem
1445 1013 1582 1067 tueri
1634 1013 1878 1079 deberet,
1912 1012 2044 1067 sub-

441 1098 642 1153 intrare
674 1099 972 1169 permittit;
1023 1117 1144 1170 qua:
1190 1116 1312 1156 cum
1360 1100 1562 1156 intrare
1612 1101 1875 1170 permissa
1919 1101 2042 1156 fue-

441 1185 528 1253 rit,
558 1203 668 1242 non
701 1188 862 1242 facile
893 1189 1093 1258 expelli
1130 1189 1351 1260 poterit.
1400 1191 1536 1244 Nam
1567 1191 1611 1244 si
1641 1191 1686 1245 is
1731 1190 1820 1260 qui
1871 1189 2046 1245 scelus

441 1276 731 1342 commisit,
767 1276 1008 1332 conﬁteri
1059 1277 1355 1348 aliquando
1385 1279 1634 1346 voluerit,
1668 1294 1731 1334 ea
1762 1278 2043 1352 cogitatio,

442 1379 560 1433 quae
588 1365 735 1434 prius
766 1365 1118 1434 promittebat
1148 1368 1200 1420 ei
1233 1368 1382 1438 quod
1414 1383 1473 1422 se
1504 1368 1970 1422 emendaretmox
1993 1381 2048 1427 ut

442 1453 720 1520 voluisset,
756 1463 872 1522 post
913 1463 1274 1524 perpetratam
1307 1457 1523 1526 culpam
1555 1455 1724 1511 dicit:
1761 1456 2050 1523 Quomodo

442 1542 781 1597 conﬁtebor?
811 1543 932 1611 Qua
961 1545 1140 1598 fronte
1172 1552 1376 1598 reatum
1403 1561 1584 1598 meum
1608 1546 1853 1615 aperiam
1873 1546 1902 1597 ε)
1931 1547 2049 1600 Non

449 1631 682 1701 amplius
725 1633 986 1687 honorem
1018 1632 1257 1700 habebo,
1291 1633 1336 1686 si
1368 1650 1452 1688 me
1481 1633 1921 1698 manifestavero,
1953 1635 2050 1689 sed

2151 499 2379 554 rumque
2421 485 2496 539 sic
2544 489 2892 545 consolatur:
2925 492 3044 558 Eia,
3077 509 3246 563 quare
3293 500 3501 549 tantum
3547 494 3744 550 doles?

2151 571 2261 626 Cur
2290 580 2366 627 tot
2395 575 2657 646 tantisque
2688 578 2945 650 lacrymis
2975 582 3206 652 teipsam
3240 583 3478 654 affligis‘?
3509 583 3746 638 Gravius

2153 667 2204 714 te
2235 661 2323 716 ille
2351 662 2411 690 ⁸⁴⁸
2443 664 2524 719 vel
2565 665 2653 720 ille
2699 671 2965 737 peccavit,
2999 681 3050 725 et
3076 673 3290 726 veniam
3321 672 3577 726 obtinuit.
3624 673 3743 726 Hu-

2153 766 2371 805 manum
2403 761 2482 807 est
2510 770 2757 825 peccare,
2791 773 2893 814 nec
2923 760 3052 814 tanti
3102 761 3354 832 ponderis
3409 769 3492 816 est
3548 777 3744 832 pecca-

2154 847 2262 893 tum
2313 843 2498 911 quanti
2560 843 2696 898 facis
2740 845 2899 901 illud.
2961 849 3160 904 Taliter
3207 851 3347 904 male
3391 850 3745 916 consulendo,

2153 928 2396 983 dolorem
2427 939 2593 986 tentat
2632 932 2824 988 lenire.
2875 936 2981 990 Sed
3034 937 3210 992 fidelis
3267 947 3463 1005 custos,
3515 954 3632 1010 quae
3689 955 3748 994 se

2152 1032 2336 1072 coram
2367 1021 2480 1075 Deo
2514 1021 2768 1077 formidat
2816 1027 3078 1093 accusari,
3127 1027 3263 1081 sicut
3314 1027 3503 1082 fallere
3553 1027 3743 1093 nescit,

2154 1106 2233 1160 sic
2290 1107 2490 1162 malum
2550 1111 2833 1166 consilium
2887 1114 3170 1170 admittere
3227 1116 3545 1170 contemnit.
3610 1115 3752 1170 Nam

2155 1197 2455 1252 commissa
2503 1207 2555 1253 et
2594 1201 2829 1256 dolendo
2859 1203 3084 1276 plangit,
3120 1213 3172 1259 et
3202 1205 3510 1276 plangendo
3542 1204 3746 1260 indesi-

2155 1293 2344 1340 nenter
2399 1287 2480 1341 sui
2532 1289 2829 1345 conditoris
2881 1291 3278 1364 indulgentiam
3329 1293 3543 1364 quaerit,
3593 1300 3749 1364 atque

2156 1374 2333 1430 locum
2366 1391 2524 1430 suum
2551 1377 2817 1434 curiosius
2846 1380 3104 1451 deinceps
3138 1382 3392 1438 custodit.

2723 1469 2949 1525 CAPUT
2986 1470 3175 1526 CXVI.

2209 1553 2360 1620 Quod
2388 1571 2501 1610 non
2531 1572 2759 1630 semper
2790 1561 3177 1684 misericgrdia
3208 1562 3306 1617 Dei
3334 1561 3528 1617 debeat
3559 1566 3711 1635 cogi-

2877 1648 2965 1684 τινι
3061 1673 3072 1684 .

2877 1648 2965 1685 τινι
2993 1648 3072 1684 ’“.

446 1719 535 1787 qui
568 1721 730 1775 modo
762 1722 1057 1796 appretior,
1091 1721 1240 1776 omni
1273 1729 1522 1791 tempore
1571 1722 1694 1775 vilis
1739 1738 1858 1777 ero.
1908 1723 2047 1790 Quid

2229 1716 2538 1771 Notandum
2569 1727 2651 1772 est
2679 1717 2847 1789 igitur
2877 1719 3021 1789 quod
3061 1729 3304 1789 tempore
3338 1719 3397 1748 ‘“
3429 1718 3752 1783 tentationis,

445 1806 611 1879 igitur
640 1808 840 1864 faciam
869 1812 896 1862 εὶ
928 1810 1227 1865 Saturabor
1259 1811 1586 1880 voluptuose
1617 1811 1874 1880 vivendo,
1907 1828 2048 1866 non—

446 1896 575 1950 dum
621 1897 762 1952 viam
807 1898 1029 1966 justitiae
1073 1907 1262 1954 tenere
1301 1900 1457 1954 valeo
1484 1897 1564 1953 ⁸⁸⁷.
1598 1901 1740 1955 Ecce
1778 1901 2051 1972 quomodo

445 1985 615 2040 miser
672 1986 836 2041 homo
887 1987 1153 2057 decipitur
1183 1987 1264 2044 ⁸³⁸.
1325 1987 1498 2056 Quam
1557 1988 1751 2044 callide
1801 1989 2050 2056 vincitur,

446 2089 606 2143 quam
667 2082 842 2130 astute
901 2079 1224 2147 superatur!
1289 2079 1409 2145 Ipse
1456 2093 1687 2149 namque
1740 2078 2053 2132 humilitatis

444 2170 684 2218 montem
733 2164 988 2234 paulatim
1042 2163 1378 2236 proficiendo
1405 2166 1619 2228 statuit;
1655 2166 1772 2236 ipse
1797 2169 2051 2222 custodes

443 2252 692 2322 ejusdem
724 2254 925 2308 montis
971 2253 1266 2320 constituit,
1316 2255 1429 2326 ipse
1478 2256 1730 2310 custodes
1769 2256 1992 2311 eosdem
2020 2271 2051 2308 a

443 2341 862 2412 propugnaculis
894 2340 1088 2396 montis
1118 2341 1362 2412 expulit;
1411 2341 1530 2412 ipse
1574 2343 1920 2412 postmodum
1953 2358 2048 2398 se-

448 2429 732 2500 metipsum
787 2431 929 2485 male
987 2431 1340 2486 custodiendo
1407 2430 1736 2501 mancipium
1808 2431 2052 2486 hostibus

444 2517 554 2571 suis
597 2517 842 2573 tradidit.
891 2520 950 2573 In
1000 2535 1087 2574 me
1135 2519 1407 2588 siquidem
1457 2527 1538 2574 est
1588 2520 1731 2574 unde
1779 2535 1902 2574 cum
1950 2520 2051 2576 Dei

442 2607 616 2676 gratia
643 2606 889 2676 proﬁcio,
923 2607 978 2660 in
1009 2625 1095 2662 me
1127 2609 1289 2662 etiam
1321 2607 1464 2662 unde
1495 2607 1713 2662 deﬁcio.
1761 2608 1882 2663 Non
1915 2610 2049 2663 mihi

445 2693 760 2762 proﬁciendi
791 2696 984 2766 aliquis
1014 2697 1126 2750 vim
1162 2697 1310 2750 facit.
1362 2697 1482 2750 Non
1520 2696 1588 2749 ad
1622 2695 1896 2751 defectum
1946 2697 2049 2750 ali-

450 2783 570 2852 quis
603 2798 694 2838 me
725 2786 909 2839 venire
941 2785 1105 2856 cogit.
1141 2785 1400 2856 Suggerit
1427 2787 1589 2852 Deus,
1618 2785 1862 2856 suggerit
1889 2786 2046 2852 ratio,

452 2871 700 2941 suggerit
726 2872 895 2926 virtus
927 2881 985 2927 ut
1013 2881 1162 2928 recte
1185 2874 1364 2928 vivam
1388 2892 1401 2936 ;
1435 2881 1488 2928 et
1517 2881 1596 2927 est
1625 2873 1678 2927 in
1708 2889 1794 2928 me
1823 2875 2050 2928 materia

449 2957 677 3023 arbitrii,
738 2960 942 3016 scilicet
998 2961 1239 3032 libertas,
1273 2970 1323 3016 et
1353 2965 1456 3017 hoc
1504 2963 1685 3018 facere
1715 2961 1774 2991 '“
1806 2978 2046 3034 possum,

447 3048 489 3102 si
521 3049 672 3102 volo.
723 3051 918 3103 Verum
950 3067 978 3104 e
1010 3059 1204 3105 contra
1232 3052 1473 3122 suggerit
1504 3051 1777 3119 diabolus,
1809 3051 2050 3122 suggerit

447 3137 718 3207 appetitus
747 3145 799 3191 et
832 3138 1024 3193 vitium
1056 3146 1112 3192 ut
1141 3139 1462 3210 voluptuose
1510 3139 1725 3208 vivam,
1776 3148 1825 3194 et
1875 3139 2050 3194 habeo
2079 3135 2129 3164 ’λ

445 3233 764 3294 potestatem
868 3228 970 3282 hoc
1057 3227 1288 3282 faciendi
1350 3226 1450 3293 “°,
1521 3227 1618 3282 sed
1684 3227 2054 3283 contradicere

445 3315 568 3370 nolo
597 3313 677 3368 “‘.

1029 3405 1270 3462 CAPUT
1309 3404 1480 3460 CXV.

445 3494 518 3548 De
541 3495 962 3550 consultatione
990 3495 1054 3523 ⁸⁴²
1077 3494 1321 3550 duarum
1342 3494 1748 3566 praedictarum
1775 3511 2050 3551 sororum.

521 3582 811 3637 Sciendum
859 3591 940 3637 est
989 3583 1134 3652 quod
1184 3583 1514 3638 verecundia
1543 3580 1603 3610 "'
1634 3599 1754 3652 quae
1799 3591 1880 3637 est
1910 3584 2058 3652 apud

453 3669 725 3736 homines,
761 3669 1029 3724 interdum
1062 3670 1231 3738 fallat,
1259 3671 1546 3740 multisque
1577 3671 1754 3725 modis
1797 3687 1894 3742 per
1937 3687 2057 3726 eam

453 3758 666 3811 auditus
725 3757 882 3811 nobis
938 3758 1192 3812 vitiorum
1245 3759 1361 3813 fiat.
1412 3759 1752 3814 Verecundia
1806 3777 1926 3831 qua:
1975 3771 2060 3817 est

449 3845 594 3913 apud
647 3845 840 3911 Deum,
901 3861 1003 3900 nec
1061 3845 1200 3901 fallit
1260 3864 1359 3901 nec
1417 3848 1646 3902 fallitur.
1699 3849 1828 3903 Haec
1858 3848 2057 3903 etenim

448 3932 664 4004 quando
721 3934 788 3986 ad
849 3942 1086 3990 montem
1143 3943 1467 4002 revocatur,
1530 3943 1721 4007 postea
1773 3945 1827 3990 et
1876 3937 2055 3992 locum

447 4038 624 4090 suum,
679 4021 940 4078 videlicet
1000 4024 1337 4092 humilitatis,
1398 4041 1562 4096 quem
1622 4025 1753 4080 tueri
1811 4025 2054 4088 deberet,

453 4112 672 4167 fallente
701 4127 895 4167 sorore
927 4128 1043 4179 sua,
1075 4113 1228 4166 vitiis
1275 4115 1618 4181 subversum,
1669 4113 1822 4184 quasi
1848 4130 2052 4184 porco-

450 4218 567 4255 rum
601 4203 790 4257 rostris
833 4201 1117 4271 disjectum
1149 4200 1210 4230 '“
1239 4202 1476 4270 invenit;
1537 4205 1889 4258 vehementer
1940 4211 2054 4258 tur-

446 4291 625 4358 batur,
659 4289 824 4357 dolet,
859 4290 1108 4362 ingemit,
1136 4307 1285 4360 saepe
1334 4292 1494 4346 etiam
1544 4293 1813 4362 lacrymas
1853 4292 2048 4360 tundit,

441 4380 637 4435 misera
675 4379 1058 4434 miserabiliter
1086 4378 1146 4407 ‘“
1177 4395 1362 4435 secum
1424 4381 1610 4449 quaerit
1667 4381 1898 4450 qualiter
1952 4381 2049 4436 be-

439 4468 536 4523 stia
584 4467 800 4522 intravit
851 4468 1082 4536 funesta,
1117 4485 1236 4538 quae
1284 4467 1447 4522 fuerit
1494 4484 1675 4538 causa,
1709 4469 1852 4540 quod
1883 4485 2047 4524 exor-

445 4558 625 4624 dium,
686 4558 877 4628 quisve
937 4557 1141 4612 aditus.
1207 4557 1275 4612 Et
1305 4556 1432 4611 dum
1492 4556 1638 4612 illam
1697 4557 2050 4613 vehementer

2159 1813 2282 1858 ante
2312 1807 2760 1874 perpetrationem
2810 1809 3006 1879 culpae,
3059 1826 3328 1879 nunquam
3388 1807 3756 1864 misericordia

2159 1894 2256 1948 Dei
2290 1894 2452 1949 debet
2481 1895 2744 1966 cogitari;
2787 1897 2884 1952 sed
2927 1898 3135 1964 justitia
3191 1907 3243 1952 et
3295 1899 3554 1966 judicium
3616 1897 3754 1966 ejus,

2160 1983 2308 2036 furor
2343 1991 2394 2036 et
2424 1984 2721 2054 indignatio
2771 1986 2932 2040 illius.
2976 1987 3102 2042 Haec
3149 1988 3350 2042 debent
3406 1986 3628 2058 pensari
3675 1984 3754 2054 “',

2158 2071 2274 2126 haec
2322 2080 2446 2126 ante
2494 2075 2690 2129 mentis
2739 2075 2924 2129 oculos
2972 2076 3183 2143 reduci,
3231 2078 3343 2132 haec
3385 2091 3756 2146 saepenumero

2158 2175 2281 2215 cum
2314 2176 2515 2228 magno
2547 2163 2768 2218 horrore
2800 2164 3074 2218 retractari
3112 2164 3332 2219 debent.
3376 2164 3610 2233 Quando
3641 2165 3761 2236 quis

2158 2257 2407 2317 tentatur,
2467 2267 2576 2303 non
2634 2251 2796 2306 debet
2853 2253 3036 2307 dicere
3071 2271 3083 2305 :
3118 2253 3482 2309 Misericordia
3537 2252 3753 2308 Domini

2157 2353 2354 2407 magna
2385 2348 2483 2403 est,
2509 2341 2606 2394 sed
2639 2342 2739 2394 hoc
2768 2341 2948 2410 potius
2972 2359 2983 2394 :
3012 2343 3361 2398 Horrendum
3387 2347 3473 2398 est
3501 2342 3756 2396 incidere

2159 2429 2221 2482 in
2243 2444 2447 2483 manus
2466 2429 2563 2482 Dei
2586 2430 2822 2484 viventis
2845 2431 2989 2492 (Heb.
3017 2447 3076 2497 x,
3099 2434 3209 2497 31).
3235 2430 3464 2500 Quando
3486 2431 3757 2500 appetitus

2158 2516 2384 2571 luxuria;
2415 2533 2683 2588 quemque
2714 2519 2910 2588 pulsat,
2944 2534 3052 2574 non
3067 2519 3272 2590 cogitet
3292 2529 3417 2576 tunc
3449 2537 3460 2572 :
3499 2521 3759 2588 Quacun-

2158 2621 2262 2678 que
2300 2605 2394 2661 die
2441 2612 2702 2677 peccator
2749 2609 3110 2678 ingemuerit,
3143 2609 3336 2664 omnia
3369 2612 3604 2680 peccata
3635 2609 3758 2670 eius

2157 2695 2422 2749 oblivioni
2437 2696 2747 2751 tradentur
2765 2695 2985 2766 (Ezech.
3008 2712 3168 2763 xvm,
3182 2700 3294 2764 21),
3311 2697 3403 2751 sed
3417 2697 3594 2768 potius
3610 2712 3760 2767 sape

2157 2783 2510 2854 recogitando
2552 2791 2737 2839 tractet
2763 2784 2907 2853 quod
2935 2785 3258 2840 maledictus
3288 2786 3464 2839 omnis
3497 2785 3585 2856 qui
3618 2801 3758 2854 pec-

2157 2880 2244 2926 cat
2261 2872 2317 2926 in
2334 2888 2462 2942 spe;
2490 2881 2540 2927 et
2558 2872 2853 2926 illudlsaia:
2877 2891 2888 2932 ;
2930 2871 3019 2928 Va:
3036 2876 3193 2943 genti
3208 2874 3534 2945 peccatrici,
3550 2875 3757 2945 populo

2155 2961 2312 3032 gravi
2361 2961 2688 3032 iniquitate,
2738 2962 2874 3030 ﬁliis
2915 2963 3231 3027 sceleratis,
3264 2963 3470 3018 semini
3511 2978 3758 3034 nequam

2161 3050 2287 3116 (Isa.
2323 3067 2358 3115 ι,
2403 3052 2475 3118 4).
2539 3049 2593 3104 Si
2645 3058 2822 3104 autem
2882 3067 2980 3118 per
3029 3051 3286 3119 injuriam
3338 3051 3500 3105 fuerit
3555 3051 3764 3120 peccati

2165 3138 2448 3203 admissio,
2483 3145 2605 3192 tunc
2636 3139 2853 3192 demum
2903 3139 2999 3192 Dei
3049 3139 3419 3194 misericordia
3450 3139 3769 3211 propensius

2164 3235 2243 3280 est
2301 3227 2611 3298 cogitanda,
2673 3244 2739 3282 ne
2797 3227 3105 3297 desperatio
3161 3229 3336 3283 venia:
3395 3229 3764 3298 superveniat.

2164 3312 2434 3384 Tempore
2465 3317 2648 3387 itaque
2695 3317 3024 3381 tentationis,
3073 3317 3249 3371 modis
3297 3317 3555 3372 omnibus
3603 3333 3765 3371 unus-

2167 3404 2393 3474 quisque
2449 3404 2611 3459 debet
2667 3405 2855 3460 conari
2889 3403 2948 3431 "°
2978 3421 3045 3459 nc
3093 3413 3394 3474 superetur.
3438 3405 3578 3474 Quia
3634 3405 3765 3460 licet

2167 3494 2312 3547 Deus
2352 3493 2564 3547 veniam
2608 3493 2920 3562 promiserit
2949 3494 3250 3564 pmnitenti,
3283 3510 3391 3548 non
3424 3501 3599 3548 tamen
3629 3509 3764 3564 spo-

2167 3581 2355 3651 pondit
2384 3582 2739 3652 delinquenti,
2791 3590 2849 3636 ut
2897 3583 2947 3637 ei
3003 3583 3156 3638 daret
3208 3582 3542 3639 voluntatem
3589 3583 3765 3654 poeni-

2166 3671 2352 3726 tendit.
2423 3672 2555 3726 Cum
2605 3679 2787 3726 autem
2831 3679 3038 3728 certum
3086 3672 3156 3726 sit
3203 3671 3345 3744 quod
3389 3673 3490 3727 Dei
3529 3671 3761 3744 gratiam

2165 3766 2504 3831 promeretur
2533 3759 2780 3831 quisquis
2811 3759 3044 3814 declinat
3073 3775 3105 3812 a
3136 3759 3281 3814 malo
3302 3767 3356 3815 et
3377 3761 3510 3814 facit
3530 3760 3758 3826 bonum,

2165 3856 2218 3902 et
2273 3848 2404 3902 iram
2462 3855 2514 3901 et
2568 3848 2996 3920 indignationem
3055 3847 3115 3876 '"
3167 3849 3388 3903 incurrit
3445 3848 3624 3903 omnis
3671 3847 3762 3918 qui

2164 3944 2422 4007 operatur
2449 3945 2754 4006 peccatum,
2785 3952 3116 4008 magnopere
3144 3938 3441 3992 curandum
3480 3946 3560 3992 est
3604 3945 3662 3992 ut
3707 3944 3766 3992 et

2163 4026 2292 4080 vitia
2313 4025 2546 4080 vitemus
2575 4033 2627 4080 et
2658 4025 2943 4080 virtutibus
2972 4026 3368 4080 adhaereamus.

2722 4115 2945 4170 CAPUT
2985 4115 3201 4170 CXVII.

2344 4206 2475 4273 Qua:
2513 4205 2858 4276 comparatio
2888 4205 2964 4260 sit
2995 4206 3151 4260 inter
3178 4204 3575 4260 ascendentes.

2231 4293 2351 4348 Tria
2381 4301 2504 4348 sunt
2549 4293 2852 4349 necessaria
2908 4293 3239 4358 ascendenti,
3295 4292 3620 4360 innocentia,
3655 4294 3765 4348 be-

2160 4381 2431 4451 neﬁcium,
2464 4382 2741 4452 praelatio.
2789 4382 3105 4438 Innocentia
3151 4381 3274 4437 talis
3322 4397 3441 4436 esse
3491 4382 3670 4447 debet,
3702 4391 3766 4436 ut

2157 4469 2290 4524 nulli
2322 4478 2544 4538 noceat;
2579 4470 2923 4538 beneﬁcium,
2973 4480 3035 4525 ut
3082 4469 3336 4526 omnibus
3379 4471 3582 4540 prosit;
3616 4486 3761 4540 prm-

2155 4557 2320 4629 latio,
2379 4563 2439 4613 ut
2493 4575 2550 4612 se
2602 4559 2911 4615 inferiorem
2941 4559 3004 4586 ⁸⁵⁹
3030 4559 3281 4615 omnibus
3324 4559 3558 4631 judicet.
3604 4559 3764 4616 Unde

1772 4681 1996 4736 VARLE
2025 4682 2325 4737 LECTION
2331 4682 2434 4738 ES.

511 4805 572 4834 ⁸³⁷
601 4806 813 4862 Tenere
840 4807 994 4862 valeo
1024 4823 1130 4863 ms.
1179 4803 1324 4861 Vict.
1361 4810 1422 4860 13
1456 4814 1639 4860 tenere
1670 4806 1814 4860 volo.

447 4878 560 4931 Col.
592 4879 752 4948 homo
786 4879 1073 4948 decipitur.

1157 4875 1218 4904 ⁸⁸⁸
1249 4877 1405 4944 Quod
1436 4886 1486 4931 et
1517 4879 1617 4932 hoc
1649 4877 1831 4932 facere
1855 4893 1954 4932 ms.
1993 4878 2147 4933 Corb.
2185 4878 2284 4930 307
2317 4885 2369 4930 et
2398 4875 2704 4932 hoc’lacere
2731 4893 2837 4932 ms.
2880 4879 3011 4934 Vict.
3050 4881 3112 4930 t3
3167 4884 3223 4933 et
3272 4879 3417 4934 Edit.
3456 4881 3571 4935 Col.

1891 4803 1950 4832 ³⁸⁸
1980 4806 2156 4860 Homo
2189 4806 2240 4858 in
2275 4805 2355 4859 his
2384 4806 2653 4876 decipitur
2681 4822 2813 4861 mss.
2851 4808 3003 4863 Corb.
3054 4808 3156 4862 307
3212 4809 3347 4864 Vict.
3391 4813 3452 4862 13
3503 4813 3558 4864 et
3605 4809 3754 4864 Edit‘

3607 4878 3757 4950 quod

452 4949 553 5001 hoc
582 4947 776 5003 facere.
853 4947 925 4980 “‘7
947 4952 1267 5005 Potestatem
1302 4950 1403 5003 hoc
1432 4948 1667 5003 faciendi
1697 4964 1802 5004 ms.
1843 4951 1985 5004 Vict.
2024 4951 2089 5002 13
2118 4953 2174 5002 et
2206 4947 2360 5004 Edit.
2407 4949 2520 5005 (.ol.
2547 4948 2964 5016 possibilitatem
3016 4948 3124 5003 hoc
3172 4951 3407 5004 faciendi
3437 4966 3546 5004 ms.
3585 4947 3750 5006 cors.

449 5020 550 5071 307
582 5027 900 5085 potestatem
935 5020 1188 5074 faciendi.

448 5105 553 5142 ms.
598 5089 729 5143 Vict.
765 5093 826 5142 13
859 5094 914 5143 et
949 5090 1094 5144 Edit.
1133 5090 1252 5143 Col.
1288 5091 1355 5144 de
1385 5091 1798 5145 consultatione.

444 5157 505 5186 “‘
539 5159 814 5226 Dejectum
873 5160 1032 5214 Edit.
1099 5159 1222 5216 Col.
1284 5161 1572 5231 disjectum
1625 5178 1730 5216 ms.
1794 5161 1927 5216 Vict.
1990 5164 2053 5214 l3
2107 5160 2423 5214 dissectum.
2518 5161 2577 5188 ⁸⁴⁸
2612 5160 2805 5214 Fundit
2845 5161 3194 5215 miserabilite

447 5231 598 5284 Vict.
643 5233 705 5280 13
738 5234 792 5284 et
824 5231 968 5284 Edit.
1009 5231 1121 5285 Col.
1161 5231 1358 5285 fundit.
1390 5232 1588 5285 misera
1615 5232 2010 5285 miserabiliter.
2087 5230 2145 5259 ⁸⁴⁶
2178 5231 2409 5285 Gravius
2466 5230 2557 5283 ille
2612 5248 2746 5285 mss.
2807 5231 3028 5285 gravius
3057 5241 3106 5285 te
3138 5231 3194 5284 ill

2229 5247 2437 5302 I‘aVlUSV
2466 5247 2557 5283 me
2612 5248 2746 5286 mss.
2807 5247 3028 5302 εταγιυδ
3057 5247 3106 5285 te
3138 5247 3248 5284 Ille.

447 5231 598 5284 Vict.
643 5233 705 5280 13
738 5234 792 5284 et
824 5231 968 5284 Edit.
1009 5231 1121 5285 Col.
1161 5231 1358 5295 fundit,
1390 5232 1588 5286 misera
1615 5232 2010 5286 miserabiliter.

1300 5017 1360 5046 ³⁴¹
1393 5019 1498 5074 Sed
1529 5020 1905 5074 contradicere
1933 5019 2058 5074 nolo
2091 5035 2193 5073 ms.
2230 5019 2382 5073 Coro.
2414 5021 2514 5072 307
2543 5020 2584 5072 si
2620 5019 2996 5074 contradicere
3027 5020 3172 5074 volo.

1876 5088 1935 5117 “’
1965 5089 2122 5157 Quod
2150 5089 2476 5161 verecundia
2505 5107 2638 5144 mss.
2673 5090 2928 5161 etiEdit.
2991 5092 3178 5152 Colon,
3231 5091 3356 5161 quia
3403 5091 3759 5146 verecundia.

3284 5019 3345 5048 “'
3375 5019 3763 5076 Confabulatio

2518 5161 2577 5188 ⁸⁴⁵
2612 5160 2805 5214 Fundit
2845 5161 3227 5215 miserabiliter
3255 5160 3407 5215 'mss.
3463 5162 3619 5217 Corb.
3657 5163 3764 5214 307

2518 5247 2557 5283 .e
2612 5248 2746 5286 mss.
2807 5231 3028 5298 gravius
3057 5241 3106 5285 te
3138 5231 3248 5284 ille.
3361 5230 3422 5261 “"
3453 5231 3613 5298 Quod
3646 5240 3763 5286 ten-

3507 5251 3613 5286 υοίι
3646 5251 3763 5286 ten-

447 5301 662 5372 tationis
719 5307 966 5369 tempore
1024 5317 1130 5354 non
1187 5318 1405 5371 semper
1461 5302 1831 5357 misericordia
1862 5303 1960 5356 Dei
1991 5301 2191 5372 debeat
2213 5301 2442 5372 cogitari
2483 5318 2619 5356 mss.
2661 5301 2908 5356 Vict.713
2944 5302 3099 5356 Corb.
3133 5305 3234 5356 307
3294 5307 3350 5357 et
3409 5303 3561 5358 Edit.
3622 5303 3754 5358 Coi.

441 5371 601 5444 Quod
635 5386 741 5425 non
771 5387 992 5444 semper
1018 5371 1387 5444 misericordia
1420 5373 1520 5428 Dei
1551 5373 1747 5428 debeat
1775 5373 2023 5444 cogitari.

443 5442 504 5471 “’
539 5443 663 5496 Haec
693 5441 907 5512 pensari
938 5458 1071 5496 mss.
1105 5448 1161 5497 et
1192 5443 1359 5498 Edit.
1403 5444 1522 5499 Col.
1557 5445 1673 5497 haec
1703 5441 1906 5497 debent
1935 5443 2170 5512 pensari.

436 5516 537 5586 307
569 5517 623 5586 et
646 5511 823 5586 fidit.
868 5511 990 5568 Col.
1021 5513 1179 5567 debet
1211 5514 1418 5570 conari.
1445 5515 1503 5586 '5}
1533 5514 1593 5566 Et
1627 5515 1760 5567 iram
1786 5511 2300 5586 etindignationem
2330 5530 2407 5568 m.
2446 5511 2596 5586 Vict.
2630 5517 2788 5586 l3_et
2817 5514 2950 5568 iram
2982 5513 3392 5586 indignationis.

2018 5585 2091 5641 oi.
2125 5585 2378 5640 omnibus
2409 5584 2528 5639 aliis
2560 5584 2894 5642 inferiorem.

448 5584 552 5638 bus
580 5583 889 5640 inferiorem
922 5601 1054 5642 mss.
1098 5586 1231 5642 l’ict.
1269 5590 1330 5641 t3
1364 5583 1523 5640 Gorb.
1554 5587 1653 5639 307
1683 5588 1737 5641 et
1769 5585 1930 5640 Edit.

2136 5369 2195 5399 "'
2227 5369 2384 5442 Quod
2407 5380 2644 5442 tempore
2692 5389 2796 5427 ms.
2829 5377 2886 5427 et
2916 5373 3078 5427 Edit.
3143 5371 3265 5428 Col.
3326 5373 3453 5442 quia
3487 5383 3753 5442 tempore.

2248 5441 2308 5468 ⁸⁶⁰
2338 5441 2887 5498 Βθὴρῐίνυὴοωθηῑοι*
2916 5443 3104 5498 conari
3134 5460 3268 5498 mss.
3302 5441 3433 5499 Vict.
3473 5448 3536 5498 13
3575 5441 3744 5499 Corb.

2249 5529 2300 5566 m
2330 5530 2407 5568 m.
2455 5511 2596 5568 Vict.
2634 5517 2696 5567 13
2731 5522 2788 5568 et
2817 5514 2950 5568 iram
2982 5513 3392 5571 indignationis.
3472 5513 3539 5542 "’
3567 5513 3744 5571 Omni-

3620 5530 3758 5568 mnt-
