4046 6076
324 308 433 371 673

1304 300 1429 364 LIB.
1469 302 1565 362 DE
1603 306 1660 363 S.
1701 302 2007 365 ANSELMI
2046 296 2657 368 SIMILITUDINIBUS.

3552 329 3656 387 δτι

319 432 994 514 Apostolus:Superiores
1012 432 1257 495 invicem
1278 435 1635 492 arbitrantes
1657 435 1927 507 (Philipp.
1958 433 2018 496 A
2043 432 2097 487 in
2157 433 2387 490 fraterna
2431 436 2693 494 charitate
2753 446 2933 495 tenere
2963 432 3245 512 debemus,
3291 452 3350 499 ut
3378 447 3456 502 sic
3496 452 3652 520 quasi

319 545 383 599 ιι,
416 531 527 601 13).
558 530 686 587 Haec
708 530 813 586 tria
841 530 1007 585 debet
1046 525 1418 596 unusquisque
1448 524 1570 579 aliis
1603 523 1941 594 impendere,

321 627 377 675 et
403 620 537 674 nihil
566 620 761 675 horum
790 619 894 675 sibi
926 617 1044 674 ﬁeri
1076 633 1151 672 ex
1191 615 1375 671 debito
1419 614 1672 686 exigere.
1714 613 1857 667 Nam
1896 611 1943 666 si

318 724 513 764 servus
542 709 775 778 alicujus
807 707 1028 764 domino
1058 721 1157 761 suo
1187 706 1244 759 in
1278 703 1462 759 multis
1495 710 1802 774 peccasset,
1833 717 1944 756 non

322 797 504 852 solum
531 797 668 852 iram
726 797 932 851 domini
991 792 1445 867 provocaret'",
1478 791 1576 847 sed
1608 791 1772 845 etiam
1827 804 1942 845 om-

321 885 478 941 nium
507 901 898 941 conservorum
949 899 1175 940 suorum
1224 881 1659 953 indignationem
1690 879 1940 933 incurre-

322 977 446 1041 ret;
478 982 532 1029 et
558 974 604 1028 si
635 974 817 1045 aliqua
854 973 1053 1043 injuria
1090 972 1139 1026 ei
1188 970 1403 1025 interim
1456 967 1628 1036 ﬁeret,
1660 983 1769 1022 non
1794 966 1941 1038 juste

322 1063 586 1134 conqueri
641 1062 881 1118 deberet.
934 1060 1078 1116 Dicit
1132 1059 1330 1131 aliquis
1374 1076 1386 1112 :
1463 1055 1833 1112 Innocentiam
1890 1058 1943 1107 et

322 1149 657 1208 beneﬁcium
687 1152 810 1205 aliis
860 1149 1095 1206 libenter
1133 1148 1417 1218 impendo,
1446 1147 1541 1201 sed
1572 1160 1659 1201 me
1690 1142 1946 1200 omnibus

318 1240 445 1294 aliis
470 1239 788 1296 inferiorem
849 1238 1071 1296 credere
1101 1252 1355 1309 nequeo:
1416 1242 1546 1291 sunt
1575 1232 1774 1289 etenim
1834 1233 1937 1287 bo-

320 1328 562 1395 micidas,
595 1328 852 1396 adulteri,
905 1328 1166 1393 latrones,
1200 1335 1253 1381 et
1312 1323 1657 1396 hujusmodi.
1687 1322 1770 1377 Ad
1798 1322 1927 1377 hoc.

320 1416 649 1489 Quicunque
704 1416 1164 1489 comparationem
1212 1415 1353 1470 facis
1406 1415 1543 1468 inter
1572 1420 1622 1468 te
1652 1420 1705 1467 et
1743 1411 1933 1492 alium,

318 1505 433 1561 noli
463 1521 667 1575 ponere
718 1507 773 1560 in
804 1506 1011 1561 trutina
1041 1504 1103 1538 ⁸⁸⁴
1133 1504 1281 1575 quod
1329 1511 1479 1559 tuum
1508 1517 1620 1558 non
1652 1509 1735 1556 est
1776 1518 1788 1563 ;
1824 1500 1935 1555 imo

320 1594 471 1664 quod
503 1602 649 1648 tuum
680 1598 784 1661 est,
840 1594 1095 1651 videlicet
1133 1594 1279 1648 mala
1335 1601 1446 1657 tua,
1479 1599 1532 1646 et
1589 1588 1933 1661 postmodum

318 1682 468 1739 bona
520 1699 636 1738 sua.
670 1682 814 1737 Talis
842 1682 1200 1754 comparatio,
1262 1681 1347 1737 vel
1383 1681 1508 1736 talis
1563 1678 1931 1735 consideratio

322 1787 543 1842 semper
570 1772 640 1826 sit
689 1771 830 1827 inter
866 1771 1238 1827 ascendentes.
1286 1771 1341 1825 Si
1372 1770 1501 1840 quid
1534 1784 1661 1825 vero
1708 1766 1840 1823 boni
1870 1768 1924 1821 in
1953 1791 2005 1852 Β

321 1867 379 1915 te
409 1860 615 1927 videas,
647 1875 755 1916 non
802 1860 923 1926 tibi,
966 1861 1063 1915 sed
1119 1861 1235 1915 Deo
1281 1860 1534 1929 imputes.
1566 1857 1722 1913 Unde
1772 1859 1924 1926 Apo-

321 1949 528 2004 stolus:
577 1950 718 2018 Quid
761 1948 925 2006 habes
962 1950 1104 2022 quod
1136 1966 1255 2005 non
1281 1947 1557 2021 accepisti
1588 1951 1610 2002 9
1647 1948 1706 2001 Si
1735 1948 1935 2001 autem

324 2039 615 2109 accepisti,
641 2039 775 2111 quid
793 2040 1077 2111 gloriaris,
1100 2040 1261 2112 quasi
1282 2055 1395 2093 non
1415 2036 1699 2108 acceperis
1721 2035 1796 2106 ?(I
1808 2035 1931 2090 Cor.

320 2142 401 2195 1v,
435 2128 509 2195 7).

895 2233 1116 2289 CAPUT
1156 2232 1396 2287 CXVIII.

439 2337 765 2395 Similitudo
790 2337 949 2392 inter
981 2336 1365 2392 cwnovexiam
1398 2338 1454 2390 et
1485 2334 1847 2390 charitalem.

397 2426 492 2483 Sic
520 2426 684 2498 igitur
711 2425 976 2481 debemus
1006 2424 1335 2492 innocentia,
1370 2422 1654 2491 beneﬁcio,
1696 2430 1750 2476 et
1780 2437 1929 2492 prae-

324 2516 531 2571 latione
558 2513 618 2544 ⁶⁵⁸
646 2515 722 2569 uti
753 2516 807 2569 in
837 2514 1091 2570 faciendo
1120 2521 1174 2569 et
1203 2512 1536 2584 recipiendo,
1569 2511 1728 2566 sicuti
1758 2525 1931 2565 usua-

328 2603 453 2659 liter
476 2611 721 2674 portatur
768 2604 1101 2659 casnovexia.
1135 2601 1346 2673 Quippe
1388 2602 1476 2672 qui
1532 2600 1682 2656 illam
1711 2596 1772 2627 ⁸⁵⁸
1797 2600 1932 2653 sub-

328 2701 458 2748 eunt
513 2698 593 2759 ⁸⁵⁷,
656 2692 851 2749 faciem
880 2691 941 2720 ⁸⁸⁸
980 2693 1049 2746 ad
1080 2692 1262 2748 locum
1294 2705 1400 2761 quo
1451 2689 1676 2745 tendunt
1708 2706 1721 2751 ;
1754 2688 1825 2742 ad
1854 2688 1933 2742 lo-

326 2797 452 2837 cum
510 2789 690 2837 autem
737 2782 883 2836 unde
942 2780 1185 2849 veniunt,
1244 2780 1407 2834 dorsa
1448 2786 1682 2834 vertunt.
1742 2776 1936 2831 Tribus

328 2870 479 2924 enim
529 2871 589 2901 ³⁵⁹
621 2871 741 2925 aliis
769 2870 953 2925 modis
982 2877 1181 2940 potest,
1230 2869 1327 2924 sed
1384 2883 1494 2922 non
1525 2865 1931 2931 convenienter,

326 2959 550 3030 portari,
607 2958 880 3027 videlicet,
930 2966 989 3013 ut
1044 2958 1210 3014 facies
1256 2958 1365 3012 sint
1393 2964 1582 3012 contra
1626 2955 1815 3023 facies,
1847 2953 1935 3009 vel

334 3046 551 3102 dorsum
610 3055 797 3103 contra
827 3047 1070 3116 dorsum,
1123 3046 1211 3101 vel
1244 3046 1411 3100 facies
1439 3045 1511 3100 ad
1558 3045 1736 3099 locum
1792 3042 1937 3098 unde

332 3137 626 3206 procedere
656 3134 738 3201 "°,
792 3144 947 3208 terga
975 3151 1105 3192 vero
1155 3150 1263 3207 quo
1293 3134 1372 3190 ire
1412 3132 1667 3201 debeant,
1699 3146 1936 3188 conver-
1967 3144 2017 3209 ο

336 3231 533 3279 tantur.
567 3224 633 3278 Et
664 3224 946 3279 notandun
994 3224 1142 3295 quod
1198 3239 1306 3279 non
1347 3222 1523 3277 minus
1578 3237 1738 3292 quam
1796 3222 1940 3276 duo-

339 3311 440 3366 bus
485 3312 805 3368 cmnovexia
847 3312 902 3367 in
931 3313 1213 3383 Operando
1262 3319 1548 3383 portatur;
1583 3310 1944 3365 nec'ebaritas

329 3400 520 3471 (quam
561 3416 659 3471 per
712 3401 1088 3457 cmnovexiam
1118 3401 1366 3458 volumus
1411 3398 1722 3470 signiﬁcari)
1764 3398 1943 3454 minus

333 3503 494 3558 quam
525 3489 665 3543 inter
719 3490 859 3545 duos
918 3490 1105 3544 haberi
1172 3496 1372 3559 potest.
1408 3488 1466 3542 Si
1512 3502 1648 3558 ergo
1677 3486 1730 3539 in
1762 3495 1947 3541 monte

330 3577 515 3647 aliquo
570 3576 900 3633 aediﬁcarent
951 3577 1055 3632 sibi
1096 3576 1344 3632 homines
1372 3575 1559 3647 plures
1586 3574 1829 3637 domum,
1890 3584 1947 3632 et

330 3665 400 3720 de
430 3665 569 3720 valle
614 3672 891 3736 oporteret
936 3665 1168 3735 lapides,
1215 3672 1539 3720 caementum
1571 3667 1625 3718 et
1669 3662 1774 3717 alia
1821 3678 1943 3733 qum

329 3753 400 3808 ad
451 3752 867 3809 aediﬁcationem
924 3754 1119 3809 domus
1193 3754 1549 3825 pertinerent,
1606 3751 1943 3807 ccenovexiis

337 3858 549 3898 sursum
605 3844 668 3875 “1
725 3843 778 3896 in
810 3851 1050 3898 montem
1121 3842 1325 3914 portari
1378 3842 1493 3909 :si,
1550 3842 1791 3912 inquam,
1860 3840 1942 3896 illi

340 3932 633 4003 portitores
689 3931 1103 3986 instrumentum
1155 3930 1290 3984 illud
1345 3930 1419 3984 ita
1474 3930 1785 4000 acciperent
1820 3970 1836 4000 ,
1885 3938 1943 3985 ut

336 4028 562 4091 uterque
589 4019 693 4073 sibi
723 4020 965 4087 dorsum,
991 4027 1083 4074 aut
1112 4018 1308 4075 faciem
1340 4017 1426 4073 vel
1465 4018 1632 4073 dorsa
1681 4033 1787 4088 quo
1817 4026 1939 4074 ten-

335 4107 552 4178 derent,
586 4108 757 4164 facies
773 4123 904 4164 vero
933 4116 1207 4163 verterent
1230 4106 1373 4162 unde
1392 4106 1691 4176 procedere
1721 4105 1937 4168 vellent;

335 4205 391 4251 et
421 4197 551 4251 dum
580 4196 656 4253 sic
677 4199 757 4252 ire
785 4204 1156 4268 competenter
1173 4194 1484 4267 nequirent,
1513 4194 1696 4250 verbis
1726 4194 1941 4267 litigare

337 4285 656 4357 inciperent,
690 4293 742 4340 et
798 4286 866 4341 de
904 4285 1078 4358 litigio
1126 4281 1189 4312 ὐ
1238 4284 1306 4340 ad
1354 4298 1570 4356 pugnos
1616 4291 1669 4338 et
1716 4280 1943 4353 capillos

337 4373 603 4442 venirent,
635 4374 834 4430 deinde
882 4375 953 4429 ad
985 4390 1134 4430 arma
1177 4391 1188 4427 :
1223 4389 1379 4445 rogo,
1413 4373 1544 4443 quid
1599 4372 1808 4428 diceret
1836 4370 1942 4426 ali-

2055 523 2348 592 quamdam
2403 526 2776 583 ccenoxeniam
2836 527 3170 598 spiritualem
3207 541 3509 601 portemus.
3545 540 3659 595 Nos

2052 612 2199 667 enim
2229 612 2283 667 in
2315 614 2531 670 excelso
2580 625 2785 685 monte,
2836 616 2890 671 in
2945 617 3147 674 caalesti
3206 623 3409 680 scilicet
3454 630 3653 696 patria,

2057 700 2281 755 domum
2312 702 2474 757 nobis
2504 703 2774 761 aediﬁcare
2805 714 3051 778 satagere
3074 708 3356 781 debemus,
3387 731 3508 785 qua:
3539 718 3658 772 sola

2049 789 2310 845 virtutum
2358 792 2672 862 Operatione
2715 796 3079 858 construitur;
3136 799 3205 853 ad
3238 817 3399 870 quam
3428 804 3653 860 humili-

2053 877 2176 932 tatis
2233 878 2499 949 gradibus
2554 883 2891 938 ascenditur.
2953 884 3053 953 Qui
3097 888 3298 958 gradus
3326 906 3549 947 necesse
3576 903 3656 949 est

2050 973 2109 1019 ut
2130 965 2262 1021 ﬁant
2292 983 2392 1037 per
2420 967 2808 1036 innocentiam,
2839 971 3165 1029 beneﬁcium
3192 984 3243 1030 et
3262 979 3652 1051 praelationem,

2048 1054 2272 1120 scilicet,
2306 1064 2363 1110 ut
2393 1056 2529 1111 nulli
2586 1074 2839 1129 noceam,
2874 1061 3127 1117 omnibus
3182 1067 3438 1135 serviam,
3497 1078 3549 1124 et
3598 1078 3655 1126 ut

2049 1143 2347 1212 quemlibet
2374 1145 2506 1199 mihi
2537 1145 2640 1216 ipsi
2676 1146 2988 1216 praeferam.
3021 1150 3153 1205 Cum
3216 1153 3334 1209 haec
3389 1155 3511 1210 aliis
3540 1158 3655 1214 fre-

2048 1237 2287 1302 quenter
2322 1233 2579 1303 exhibeo,
2638 1236 2736 1289 etsi
2797 1237 2928 1291 mihi
2987 1239 3243 1296 exhibita
3272 1258 3379 1298 non
3439 1244 3654 1316 fuerint,

2045 1319 2311 1389 patienter
2340 1319 2529 1377 tolero.
2574 1323 2792 1379 Gradus
2847 1327 3113 1398 pergendi
3146 1328 3201 1383 in
3254 1340 3490 1387 montem
3551 1334 3658 1389 vir-

2045 1416 2238 1479 tutum,
2272 1410 2343 1466 ad
2373 1410 2595 1466 domum
2643 1411 2883 1468 ccelestis
2930 1415 3141 1484 patriae,
3193 1419 3327 1473 mihi
3379 1437 3649 1494 congruos

2044 1497 2208 1566 facio,
2240 1505 2294 1553 et
2320 1500 2688 1555 cenovexiam
2714 1501 2853 1557 bene
2871 1510 3053 1573 porto.
3087 1504 3145 1559 Si
3170 1515 3350 1562 autem
3380 1508 3504 1564 aliis
3531 1511 3650 1566 haec

2042 1579 2355 1657 impendere
2403 1588 2666 1656 detrecto,
2699 1589 2850 1662 quasi
2899 1591 3122 1647 dorsum
3178 1604 3365 1651 contra
3422 1596 3647 1654 dorsum

2041 1683 2235 1739 verto;
2297 1676 2425 1730 dum
2457 1676 2610 1731 illum
2640 1686 2985 1750 pergentem,
3041 1689 3094 1736 et
3135 1684 3288 1752 quasi
3318 1687 3650 1741 anteceden-

2040 1773 2145 1819 tem
2177 1763 2429 1836 subsequi
2462 1764 2741 1832 deberem,
2797 1768 2989 1822 faciem
3021 1769 3101 1824 illi
3132 1774 3413 1829 vertendo.
3467 1776 3546 1829 At
3602 1776 3649 1831 si

2044 1852 2174 1906 mihi
2207 1854 2325 1908 haec
2354 1854 2510 1923 quasi
2539 1870 2637 1925 per
2655 1855 2900 1910 debitum
2924 1856 3040 1911 ﬁeri
3062 1875 3265 1930 quaero,
3300 1870 3353 1917 et
3382 1862 3473 1917 ille
3502 1865 3650 1935 quod

2044 1940 2258 2011 postulo
2290 1940 2435 2009 facit,
2470 1943 2717 2013 quamvis
2747 1960 2857 1999 non
2884 1944 3137 2012 libenter,
3171 1950 3427 2018 quoniam
3460 1952 3645 2026 exigo,

2044 2030 2204 2099 quasi
2234 2029 2425 2086 faciem
2457 2040 2647 2086 contra
2676 2031 2869 2088 faciem
2913 2034 2968 2087 in
2997 2034 3352 2093 subvectione
3380 2036 3440 2066 “'
3470 2055 3652 2096 emno-

2043 2119 2219 2173 vexiae
2251 2127 2423 2174 verto.
2460 2119 2590 2173 Cum
2626 2136 2756 2176 vero
2783 2126 2844 2157 ‘“
2888 2122 3068 2193 exigo,
3127 2132 3179 2178 et
3208 2125 3300 2180 ille
3330 2127 3477 2198 quod
3533 2129 3651 2184 exi-

2041 2207 2186 2280 gitur
2214 2208 2470 2280 denegat,
2505 2209 2764 2280 quoniam
2796 2210 2948 2266 illum
2977 2227 3076 2281 per
3102 2214 3440 2270 exactionem
3471 2215 3647 2285 irrito,

2040 2303 2199 2368 terga
2232 2298 2487 2351 vertimus
2539 2297 2606 2352 ad
2638 2298 2819 2353 locum
2849 2299 2919 2354 ad
2979 2315 3137 2370 quem
3176 2301 3255 2357 ire
3284 2302 3567 2374 debemus,
3600 2314 3654 2363 et

2042 2384 2214 2440 facies
2243 2387 2387 2440 unde
2442 2386 2820 2457 procedimus.
2862 2387 2959 2443 Sic
2987 2389 3106 2443 istis
3137 2390 3306 2445 tribus
3353 2394 3533 2449 modis
3562 2411 3653 2465 qui

2041 2476 2422 2530 ccenovexiam
2450 2483 2665 2543 portare
2695 2476 2918 2548 satagit,
2953 2477 3273 2549 plerumque
3301 2478 3428 2536 lites
3456 2490 3509 2537 et
3538 2483 3653 2538 dis-

2042 2563 2255 2618 cordias
2315 2562 2630 2617 sustinebit.
2694 2564 2911 2619 Faciem
2973 2581 3126 2637 ergo,
3188 2567 3292 2623 hoc
3347 2578 3426 2625 est
3471 2556 3685 2627 inten-V

2044 2650 2265 2719 tionem,
2300 2666 2518 2722 semper
2546 2652 2843 2707 habeamus
2899 2670 3061 2723 super
3110 2655 3492 2726 innocentiam,
3553 2661 3657 2716 be-

2044 2739 2294 2795 neﬁcium
2324 2748 2377 2795 et
2420 2739 2826 2811 praelationem,
2858 2744 2918 2794 ut
2947 2743 3044 2796 illa
3101 2744 3360 2801 omnibus
3388 2747 3657 2820 indepen-

2044 2829 2254 2898 damus,
2287 2837 2339 2883 et
2368 2844 2399 2883 a
2426 2829 2574 2884 nullo
2603 2829 2795 2884 eadem
2826 2830 3186 2899 requiramus.
3218 2833 3335 2889 Hoc
3390 2837 3536 2890 enim
3567 2847 3651 2894 est

2045 2918 2116 2972 ad
2148 2917 2242 2971 illa
2299 2925 2455 2987 terga
2509 2925 2737 2980 vertere.
2768 2918 3025 2975 videlicet
3074 2921 3145 2975 ad
3188 2924 3473 2990 praesentia
3503 2934 3553 2980 et
3586 2928 3653 2982 ad

2041 3005 2302 3073 labentia,
2338 3005 2503 3061 facies
2531 3022 2660 3061 vero
2691 3007 2761 3061 ad
2808 3006 2989 3062 futura
3027 3016 3080 3064 et
3110 3009 3227 3079 ipsa
3273 3014 3643 3084 perpetualia.

2622 3125 2846 3182 CAPUT
2885 3127 3083 3183 CXIX.

2125 3214 2459 3271 Similitudo
2480 3215 2638 3269 inter
2664 3216 2977 3287 qualitate:
3005 3217 3253 3289 corporis
3274 3222 3330 3274 et
3349 3222 3580 3279 animae.

2123 3306 2273 3360 Sicut
2302 3301 2578 3374 qualitatis
2624 3300 2956 3373 '“corporis,
2988 3304 3067 3359 sic
3096 3307 3263 3359 etiam
3293 3324 3503 3379 genera
3532 3321 3654 3368 sunt

2049 3392 2156 3447 duo
2188 3391 2461 3462 qualitatis
2491 3389 2706 3446 animae.
2740 3390 2986 3459 Qualitas
3030 3394 3232 3464 quippe
3265 3398 3513 3467 corporis
3546 3402 3650 3455 ali-

2050 3482 2268 3553 quando
2316 3480 2622 3547 subitanea,
2698 3480 2989 3553 aliquando
3048 3498 3180 3539 vero
3248 3494 3329 3541 est
3378 3488 3653 3547 continua.

2050 3571 2363 3639 Subitanea,
2397 3577 2455 3624 ut
2480 3565 2541 3598 “‘
2570 3585 2693 3624 cum
2748 3579 2971 3641 repente
3015 3572 3300 3643 repentina
3347 3575 3657 3635 infirmitate

2049 3660 2329 3733 nigrescit,
2357 3658 2445 3717 vel
2470 3657 2803 3715 verecundia
2835 3659 3119 3730 erubescit,
3170 3662 3264 3718 sed
3297 3680 3429 3720 mox
3459 3666 3560 3721 hac
3602 3677 3656 3724 et

2047 3748 2141 3804 illa
2205 3754 2534 3817 transeunte,
2566 3749 2634 3805 ad
2673 3748 2911 3804 colorem
2967 3749 3253 3820 pristinum
3298 3753 3462 3810 homo
3493 3756 3656 3825 redit,

2049 3837 2339 3905 Continua,
2390 3845 2446 3892 ut
2475 3853 2599 3893 cum
2634 3837 2906 3893 assiduam
2939 3838 3141 3909 patitur
3170 3845 3232 3877 ⁸⁸⁷
3260 3839 3655 3907 inﬁrmitatem,

2049 3942 2171 3998 quae
2202 3926 2306 3980 sibi
2336 3925 2649 3981 continuum
2680 3925 2820 3997 parit
2850 3925 3138 3998 pallorem.
3163 3927 3252 3983 Sic
3290 3930 3486 3987 animae
3516 3949 3656 4003 qua-

2048 4016 2175 4086 litas
2202 4011 2493 4084 aliquando
2550 4013 2856 4083 subitanea,
2888 4014 3179 4085 aliquando
3226 4033 3355 4074 vero
3403 4021 3655 4078 continua

2048 4110 2146 4157 est.
2177 4102 2494 4169 Subitanea,
2543 4111 2600 4157 ut
2650 4118 2773 4156 eum
2804 4102 3049 4159 irruente
3104 4104 3285 4160 subita
3339 4109 3654 4175 tentatione,

2049 4191 2229 4247 subito
2281 4190 2337 4245 in
2367 4198 2593 4262 peccato
2652 4190 2929 4262 nigrescit,
2964 4191 3063 4246 sed
3092 4192 3274 4247 statim
3304 4196 3418 4264 per‘
3433 4195 3655 4253 confes-

2049 4281 2256 4336 sionem
2287 4288 2341 4335 et
2367 4278 2748 4349 paenitentiam
2788 4277 2858 4333 ad
2902 4280 3143 4349 priorem
3198 4281 3655 4351 pulchritudinem

2049 4368 2210 4424 redit.
2246 4367 2534 4433 Continua,
2580 4376 2639 4422 ut
2692 4383 2816 4423 cum
2847 4367 3065 4425 assidue
3093 4367 3149 4423 in
3204 4378 3432 4441 peccato
3482 4373 3652 4444 jacet,

340 4462 464 4535 quis
492 4464 828 4533 praeteriens,
859 4463 905 4519 si
955 4463 1032 4519 sic
1065 4465 1164 4518 hos
1192 4464 1297 4519 bac
1326 4462 1394 4518 de
1425 4476 1587 4519 causa
1631 4469 1940 4534 pugnantes
1970 4495 2023 4555 D
2050 4473 2148 4529 per
2177 4456 2329 4528 quod
2385 4464 2439 4511 et
2468 4455 2686 4511 assidue
2717 4464 2841 4512 ante
2896 4457 3071 4555 Deum
3103 4455 3364 4514 deformis
3407 4471 3654 4531 apparet.

342 4553 614 4609 inveniret
648 4554 675 4605 ‘?
700 4552 894 4624 Utique
924 4552 1070 4624 quod
1118 4551 1441 4608 insanirent.
1479 4551 1539 4606 In
1586 4550 1749 4606 nobis
1783 4549 1946 4622 igitur

336 4642 454 4697 haec
483 4642 666 4696 omnia
718 4641 1144 4710 consideremus,
1196 4640 1322 4711 quia
1380 4641 1539 4695 talem
1572 4638 1944 4694 habitudinem

2053 4547 2184 4601 Haec
2235 4554 2415 4601 autem
2463 4560 2667 4617 genera
2713 4544 2821 4601 duo
2851 4543 3125 4617 qualitatis
3185 4547 3381 4605 animae
3452 4566 3660 4621 genera

2054 4642 2179 4689 sunt
2207 4633 2316 4690 duo
2345 4631 2683 4706 indignitatis
2710 4649 2841 4689 sum.
2876 4632 3019 4702 Quid
3047 4633 3302 4707 indignus
3331 4645 3412 4693 est
3455 4654 3653 4695 secun-

1604 4801 1829 4859 VARLE
1867 4800 2257 4858 LECTIONES
2269 4841 2282 4856 .

419 4939 483 4975 ιιι
539 4932 678 4988 Iram
707 4929 926 4986 Domini
959 4935 1287 5002 provocarat
1328 4943 1471 5002 mss:
1525 4928 1663 5002 Υἱοὶ.
1691 4929 1787 5002 713
1845 4924 2014 5002 Co_r(:_._
2061 4926 2190 5002 307
2220 4927 2276 5002 et
2324 4924 2474 5002 Edit.
2529 4924 2675 5002 Col._
2704 4921 2845 5002 iram
2889 4922 3136 5002 Domini.
3169 4923 3480 5002 deserviret.
3513 4931 3574 4963 '“
3599 4930 3661 5002 In

347 5002 531 5057 medio
562 5019 659 5058 seu
691 5003 888 5057 trutina
943 4995 1080 5059 mas.
1125 5002 1258 5057 l'ict.
1316 5000 1379 5053 13
1429 4997 1580 5053 Corb.
1642 4999 1744 5052 307
1800 5003 1857 5052 et
1887 4996 2035 5052 Edit.
2098 4996 2212 5052 Col.
2245 4996 2298 5049 in
2336 4995 2553 5053 trutina.
2618 4997 2678 5027 '”
2707 4995 2799 5051 Sic
2827 4996 2992 5068 igitur
3037 4995 3302 5052 debemus
3355 4999 3660 5055 innocentia

342 5071 611 5130 beneﬁcio
667 5081 722 5128 et
746 5072 1061 5135 praelatione
1107 5079 1218 5128 etc.
1273 5070 1353 5123 Im
1400 5085 1507 5124 ms.
1543 5071 1608 5124 Α.
1650 5072 1676 5122 1
1712 5071 2038 5123 contrarius
2067 5068 2181 5121 ista
2207 5070 2524 5135 ponuntur.
2591 5062 2649 5093 '°‘
2693 5062 2909 5135 Quippe
2960 5067 3126 5133 illam,
3160 5069 3251 5135 qui
3278 5085 3384 5126 ms.
3416 5072 3549 5128 Vict.
3586 5074 3651 5126 13

342 5081 611 5130 beneﬁcio
667 5081 722 5128 et
746 5081 1061 5145 praefatione
1107 5081 1218 5128 etc.
1273 5081 1353 5123 Im
1400 5085 1507 5124 ms.
1543 5081 1608 5124 Α.
1650 5081 1676 5122 1
1712 5081 2038 5123 conmmus
2067 5081 2181 5121 ma
2207 5081 2524 5138 ponuntur.
2591 5081 2649 5093 ’ν’
2693 5081 2909 5136 Quippe
2960 5081 3126 5133 utam,
3160 5085 3251 5138 qut
3278 5085 3384 5126 ms.
3416 5081 3549 5128 Vict.
3586 5081 3651 5126 13

341 5145 565 5224 quippe,
603 5144 694 5224 qui
721 5145 877 5224 illam
905 5160 1011 5224 ms.
1036 5144 1221 5224 .Corb.
1275 5139 1614 5224 307'quippe
1640 5138 1717 5224 illi
1750 5136 2331 5224 qui“.n_“'_"S.ubvehIt‘int
2357 5138 2680 5224 men-fici.
2701 5208 2715 5224 ι
2848 5138 3240 5224 Corbzn327qet
3281 5141 3411 5224 Edit
3456 5143 3651 5199 Colon.

338 5206 593 5269 subeunt.
623 5206 690 5243 ’⁸⁸⁸
719 5214 933 5269 Faciem
962 5214 1163 5269 habent
1188 5227 1325 5267 mss.
1378 5206 1608 5265 Victli3
1642 5206 1798 5265 εον-ὕ.
1823 5208 1925 5263 307
1958 5207 2179 5263 etEdit.
2213 5209 2333 5264 Col.
2374 5208 2655 5264 omittunt
2701 5207 2921 5263 habent.
2990 5206 3050 5236 "'
3080 5209 3278 5265 Tribus
3306 5221 3488 5266 autem
3514 5228 3648 5267 mss.

348 5284 571 5342 Vict.”
605 5286 759 5342 Corb.
792 5288 894 5341 307
945 5291 1000 5341 et
1025 5285 1171 5340 Edit.
1207 5283 1321 5339 Col.
1353 5281 1549 5335 Tribus
1577 5281 1745 5334 enim.
1814 5278 1875 5309 “°
1905 5278 2057 5333 Unde
2084 5278 2386 5347 procedunt
2412 5295 2547 5334 mss.
2587 5277 2729 5335 Vict.
2772 5279 2837 5332 13
2886 5278 3047 5336 Core.
3108 5280 3211 5334 307
3258 5288 3318 5337 et
3345 5282 3496 5338 Edit.
3537 5284 3653 5339 Col.

339 5356 497 5411 Unde
522 5356 849 5411 procedere.
924 5353 984 5384 '"
1016 5354 1349 5411 Cmnovexia
1376 5366 1587 5407 sursum
1614 5367 1724 5405 ms.
1784 5346 1932 5403 Vict.
1982 5351 2044 5402 13
2098 5353 2154 5404 ει
2187 5348 2339 5404 Edit.
2402 5348 2514 5405 Col.
2564 5349 2900 5405 ctenovexiis
2955 5366 3191 5404 sursum.
3258 5350 3322 5380 “’
3347 5354 3428 5407 De
3478 5353 3652 5411 litigio

343 5368 497 5411 Unde
522 5368 849 5425 procedere.
924 5368 984 5384 '"
1016 5368 1349 5411 umnovexna
1376 5368 1587 5407 sursum
1614 5368 1724 5405 ms.
1790 5368 1932 5403 νισι.
1982 5368 2044 5402 ιδ
2098 5368 2154 5404 σι
2187 5368 2339 5404 nan.
2402 5368 2514 5405 cat.
2564 5368 2900 5405 ccenovexns
2955 5368 3191 5404 sursum.
3258 5368 3428 5407 "-ue
3478 5368 3652 5424 nugto

337 5443 447 5482 m3.
493 5428 692 5499 Victor.
714 5426 781 5481 13
810 5426 1168 5499 θιᾼρθΑιὶιίεὶο
1197 5440 1302 5479 ms.
1323 5422 1485 5479 Carb.
1511 5421 1844 5499 30j_li_ttgio._
1905 5414 1968 5447 "'
2002 5421 2060 5474 In
2089 5418 2494 5499 subvectionem
2520 5422 2725 5499 mss._in
2753 5419 3106 5499 subvectione
3134 5417 3324 5499 magnei
3352 5421 3652 5499 Edit._Co_l.

342 5497 816 5581 ξιξεωῇεςίίοηςι,
861 5496 923 5581 .‘f‘
952 5488 1416 5581 ευρῑετεφβηεξι
1446 5488 1864 5581 ,εείιέἀξι-,Ϊσοέο
1896 5503 2218 5581 euersa.
2252 5488 2984 5581 fl§i99£quelim£8.mv;
3031 5498 3101 5546 Α·
3126 5495 3152 5545 ί
3203 5490 3463 5581 Υίεεοέδ
3499 5493 3657 5550 συνδ-

346 5570 451 5624 307
481 5559 624 5641 sicut
650 5567 954 5641 qualitatis.
976 5639 1006 5641 η
1027 5567 1088 5598 ⁸⁸⁸
1112 5559 1408 5641 subitanei:
1436 5572 1517 5619 est
1546 5570 1605 5618 ut
1629 5579 1767 5641 mu.
1797 5564 1869 5619 A.
1904 5559 2128 5641 inﬂet.
2147 5562 2220 5641 _t3
2249 5559 2665 5641 subitanea,'ut.
2728 5561 3111 5641 “7__Assiduam
3139 5560 3261 5633 quis
3286 5560 3493 5633 patitur
3517 5578 3658 5621 mss.

345 5641 419 5699 Α.
455 5642 482 5698 1
523 5630 685 5700 ϐονὺῖ
702 5642 803 5697 307
832 5643 891 5697 et
905 5639 1057 5697 Edit.
1091 5638 1214 5697 Col.
1251 5636 1527 5693 assiduam
1572 5634 1775 5708 patitur
1797 5648 1887 5689 ma
1940 5633 2075 5689 Vict.
2108 5634 2176 5689 13
2205 5630 2483 5690 assiduam
2509 5630 2674 5693 hemo
2700 5632 2919 5708 patitur.
