4046 6076
431 345 532 402 675

1444 329 1756 390 EADMERI
1797 331 2141 389 CANTUARI
2154 330 2354 389 ENSIS
2380 329 2695 389 MONACHI

3624 326 3723 390 676

421 480 549 534 dum
597 473 933 531 subitaneam
973 465 1304 538 qualitatem,
1367 478 1476 518 non
1531 461 1654 517 ideo
1709 468 1885 516 tamen
1943 459 2012 514 ad
2040 458 2095 519 A
2127 457 2434 514 infirmitate
2463 455 2521 484 ⁸⁷⁵
2553 457 2800 512 detentur
2846 456 3156 528 insipienter
3203 457 3316 528 agit
3340 454 3381 510 εἴ
3411 457 3514 512 sibi
3545 462 3729 512 rus'o-

418 567 682 638 judicium
715 561 816 617 sibi
847 556 1074 613 assumit
1103 553 1297 608 Christi
1343 568 1538 622 corpus
1570 559 1623 606 et
1668 550 2011 622 sanguinem.

425 637 528 726 Qui
559 669 684 709 vero
731 647 1031 704 secundum
1081 642 1388 698 continuam
1421 641 1733 711 qualitatem
1763 637 2020 707 indignus

422 744 625 801 assistit
646 739 725 808 ⁸⁸⁸,
759 739 847 792 ille
876 735 945 791 ad
972 732 1239 804 judicium
1270 747 1334 786 ea
1355 731 1457 784 sibi
1479 728 1725 784 assumit.

1023 847 1244 905 CAPUT
1281 846 1448 900 CXX.

843 965 920 1018 De
945 960 1130 1016 cordis
1176 956 1560 1012 immunditiis
1574 995 1586 1007 .

490 1057 714 1117 Noverit
749 1067 964 1126 quoque
995 1049 1083 1119 qui
1124 1062 1277 1100 suam
1309 1045 1580 1099 discutere
1609 1042 1838 1098 intendit
1869 1041 2023 1096 inﬁr-

423 1155 687 1214 mitatem,
716 1145 821 1200 tria
873 1155 988 1196 esse
1020 1152 1224 1209 genera
1264 1133 1621 1188 immunditiaa
1671 1131 1866 1187 cordis.
1915 1131 2026 1184 Pri-

423 1257 572 1298 mum
627 1248 858 1303 namque
908 1243 1078 1300 genus
1129 1232 1206 1279 est
1270 1237 1426 1276 amor
1480 1237 1588 1276 non
1643 1219 2022 1281 amandornm,

423 1330 588 1389 veluti
639 1322 870 1380 luxuriae
929 1326 980 1372 et
1034 1314 1318 1369 similium.
1395 1310 1704 1366 Secundum
1761 1325 1889 1365 vero
1945 1325 2030 1377 est

424 1421 616 1479 odium
647 1427 831 1470 eorum
863 1421 982 1479 qum
1011 1403 1140 1459 odio
1195 1417 1305 1456 non
1363 1399 1563 1454 debent
1620 1399 1829 1466 haberi,
1890 1398 2030 1456 sicut

429 1519 510 1566 est
537 1505 717 1563 odium
749 1499 938 1554 alienae
970 1489 1374 1564 prosperitatis.
1420 1487 1655 1543 Tertium
1703 1496 1882 1542 autem
1929 1502 2027 1550 nec

424 1613 598 1662 amor,
646 1607 745 1646 nec
790 1585 994 1648 odium,
1054 1581 1151 1636 sed
1183 1579 1434 1650 quaedam
1473 1575 1817 1648 cogitationis
1874 1575 2030 1630 vani-

425 1698 524 1755 tas,
564 1691 621 1738 ut
647 1695 768 1735 cum
803 1675 1103 1747 cogitamus
1126 1669 1273 1724 unde
1303 1669 1401 1722 iste
1453 1667 1632 1726 veniat
1685 1666 1770 1720 vel
1802 1681 1909 1738 quo
1939 1664 2028 1720 ille

423 1775 608 1834 vadat.

990 1871 1211 1927 CAPUT
1243 1870 1438 1924 CXXI.

499 1995 828 2058 Similitudo
841 1993 998 2047 inter
1009 1987 1258 2058 corporis
1273 1985 1554 2041 etanimw
1570 1983 1958 2051 inﬁrmitates.

500 2092 701 2145 Rursus
729 2079 1116 2138 attendendum
1147 2077 1210 2106 ⁸⁶⁹
1242 2075 1349 2129 duo
1381 2088 1503 2128 esse
1549 2087 1746 2143 genera
1798 2070 2034 2125 infirmi-

429 2181 537 2237 atis
569 2177 790 2236 animae,
841 2165 1302 2240 quemadmodum
1359 2171 1480 2216 sunt
1535 2160 1864 2215 infirmitatis
1921 2176 2036 2214 cor-

430 2283 609 2341 porcae
657 2263 737 2317 "’°.
788 2256 1045 2328 Corporis
1100 2269 1328 2321 namque
1401 2249 1686 2341 inﬁrmitas
1739 2249 2036 2318 aliquando

423 2338 526 2423 test
564 2353 719 2426 quasi
761 2346 1042 2402 inﬁrmitas
1083 2341 1362 2405 naturalis,
1423 2338 1718 2410 aliquando
1775 2354 1901 2393 ve.o
1959 2345 2036 2392 est

439 2443 703 2504 casualis.
743 2435 911 2506 Quasi
942 2430 1201 2486 naturalis
1257 2445 1495 2498 namque
1526 2435 1625 2495 est,
1657 2435 1714 2480 ut
1747 2427 1792 2480 si
1850 2427 1935 2483 cui
1966 2427 2034 2480 ab

426 2538 543 2608 ipsa
589 2527 827 2586 hominis
857 2521 1087 2577 infantia
1129 2519 1231 2573 sibi
1279 2517 1563 2572 continuus
1593 2516 1826 2586 languor
1855 2515 1924 2568 sit
1953 2512 2032 2570 '7‘.

432 2603 676 2678 Casualis
715 2629 842 2671 vero
869 2611 931 2641 ""
962 2619 1043 2665 est
1069 2615 1128 2663 ut
1170 2607 1350 2672 febris,
1383 2621 1502 2675 quae
1555 2603 1760 2675 frigore
1819 2619 2024 2672 repen-

436 2714 544 2770 tino
574 2708 659 2763 vel
691 2705 794 2760 alio
840 2717 965 2756 casu
1013 2696 1208 2753 accidit
1238 2694 1441 2749 homini
1501 2694 1622 2748 Haec
1671 2692 1850 2762 itaque
1909 2693 2033 2762 quia

431 2798 718 2856 occasione
770 2789 962 2845 accidit
1009 2785 1340 2846 extrinseca,
1391 2781 1603 2836 facilius
1652 2781 1826 2834 curari
1858 2789 2035 2852 potes;

426 2904 530 2943 una
561 2883 847 2939 medicina.
889 2877 982 2932 Illa
1030 2888 1178 2940 vero,
1213 2874 1342 2942 quia
1372 2870 1520 2941 quasi
1561 2870 1886 2924 naturaliter
1924 2871 2029 2924 ad-

426 2980 593 3033 haeret
623 2970 853 3035 homini,
912 2981 1018 3020 non
1048 2979 1155 3017 una
1186 2962 1468 3030 repentina
1517 2959 1710 3024 curari,
1754 2959 1848 3012 sed
1905 2975 2029 3013 cum

427 3061 694 3135 frequenti
728 3056 997 3113 medicina
1045 3058 1226 3122 potest
1277 3049 1442 3102 minui
1473 3056 1524 3102 et
1554 3047 1815 3112 alleviari,
1849 3048 2029 3103 donec

431 3154 644 3210 facilius
681 3148 860 3203 valeat
915 3140 1138 3213 portari.
1187 3141 1266 3194 lta
1322 3153 1536 3208 quoque
1580 3136 1848 3203 vitiorum,
1903 3152 2024 3206 qua

429 3251 553 3298 sunt
581 3238 778 3294 animae
811 3231 1170 3292 infirmitates,
1232 3227 1332 3281 alia
1389 3227 1538 3295 quasi
1579 3225 1857 3292 naturalia,
1917 3223 2024 3278 alia

428 3347 554 3387 vero
612 3333 735 3382 sunt
788 3321 940 3394 quasi
972 3317 1227 3374 casualia.
1290 3313 1459 3382 Quasi
1508 3313 1773 3367 naturalia
1825 3313 2022 3382 quippe

426 3429 569 3487 sunt,
627 3424 684 3471 ut
737 3410 1006 3483 ingluvies
1062 3415 1114 3461 et
1143 3403 1373 3470 luxuria,
1432 3419 1552 3472 quae
1585 3419 1650 3456 ex
1709 3402 1824 3471 ipsa
1862 3417 2022 3456 carne

427 3511 778 3566 concrescunt
806 3500 875 3553 ab
936 3494 1162 3571 infantia
1202 3492 1437 3548 homini.
1507 3491 1754 3546 Casualia
1785 3505 1936 3558 vero,
1969 3500 2031 3545 ut

426 3594 801 3656 mendacium,
857 3586 1000 3657 quod
1083 3583 1266 3653 aliqua
1345 3580 1675 3634 extrinsecus
1747 3580 2024 3635 accidente

423 3699 582 3740 causa
622 3694 767 3748 saepe
819 3673 1119 3743 profertur,
1176 3669 1336 3722 etiam
1395 3683 1501 3721 non
1559 3666 2015 3736 praemeditatum.

423 3775 550 3828 Haec
582 3781 736 3838 ergo,
773 3763 898 3833 quia
928 3757 1104 3814 causis
1129 3755 1491 3812 exterioribus
1517 3755 1788 3820 accidunt,
1832 3755 2025 3810 leviori

425 3856 671 3914 custodia
699 3850 886 3907 evitari
915 3853 1160 3917 possunt.
1195 3843 1294 3897 llla
1325 3859 1455 3896 vero
1495 3843 1618 3912 quia
1647 3843 1790 3896 intus
1819 3852 2023 3900 natura}

425 3948 718 4008 cohaerent,
752 3939 874 3993 licet
906 3951 1017 3990 non
1049 3949 1157 3989 una
1201 3931 1531 3986 abstinentia
1562 3931 1782 3987 omnino
1830 3933 2018 3998 deleri,

424 4035 676 4093 continua
723 4039 902 4084 tamen
933 4022 1192 4078 instantia
1237 4036 1300 4075 eo
1332 4035 1502 4090 usque
1559 4029 1784 4088 possunt
1831 4021 2019 4088 minui,

421 4140 530 4197 quo
577 4121 710 4176 satis
763 4116 922 4172 facile
949 4111 1008 4142 '"
1042 4111 1257 4167 voleant
1315 4108 1552 4164 tolerari.
1600 4109 1697 4162 His
1753 4125 1885 4180 ergo
1918 4110 2018 4164 de-

423 4211 596 4269 leudis
641 4222 854 4277 semper
889 4205 1087 4257 instare
1126 4199 1404 4265 debemus,
1461 4198 1586 4254 licet
1635 4213 1742 4252 non
1795 4197 2019 4252 omnino

419 4318 484 4356 ea
514 4299 694 4354 delere
740 4293 1028 4364 possimus.
1087 4290 1235 4345 Sicut
1280 4287 1422 4340 enim
1471 4285 1766 4340 naturalem
1798 4283 1857 4313 ’⁸⁷⁸
1891 4301 2021 4341 cor-

419 4389 568 4462 poris
606 4383 975 4440 infirmitatem
1024 4379 1234 4450 patiens
1289 4374 1446 4428 stulte
1481 4375 1593 4445 agit
1621 4375 1662 4426 si
1695 4375 1799 4428 sibi
1847 4375 2020 4429 medi-

420 4479 599 4536 cinam
627 4472 890 4529 adbibere
920 4465 1243 4539 neglexerit,
1277 4464 1405 4535 quia
1427 4462 1594 4517 semel
1626 4464 1711 4518 vel
1744 4464 1828 4518 bis
1856 4466 2007 4519 adhi-

417 4568 530 4623 bita
559 4580 667 4621 non
700 4561 885 4617 statim
909 4564 1123 4614 curatus
1153 4552 1331 4619 fuerit,
1381 4551 1455 4606 sic
1496 4552 1726 4606 naturali
1756 4553 2006 4609 vitiorum

2129 549 2272 604 diam
2319 546 2576 602 adhibere
2623 546 2903 614 destiterit,
2945 548 3069 616 quia
3127 546 3407 618 aliquotie~
3454 545 3721 612 'dhibita,

2127 639 2308 693 statim
2339 653 2369 690 a
2420 637 2711 690 tentatione
2745 636 2999 691 liberatus
3025 653 3132 691 non
3165 637 3341 692 fuerit.

2685 752 2906 808 CAPUT
2936 751 3164 808 CXXII.

2132 869 2206 923 De
2222 869 2501 940 appetitu,
2517 870 2574 923 et
2587 867 3456 941 quidintersitinterappctitum
3469 873 3526 926 et
3537 872 3724 926 volun-

2842 960 3040 1012 tatem.

2202 1048 2395 1102 Nullus
2431 1064 2663 1118 namque
2704 1048 2942 1118 appetitu
2990 1047 3239 1103 vitiorum
3284 1063 3501 1118 prorsus
3546 1064 3730 1104 carere

2133 1145 2327 1208 potest,
2371 1137 2466 1191 sed
2504 1153 2623 1191 eum
2664 1137 2783 1192 vice
2837 1136 3109 1206 appetitus
3143 1151 3286 1191 verae
3332 1137 3732 1192 commoditatis

2135 1225 2289 1296 quasi
2333 1225 2643 1280 naturaliter
2689 1225 2899 1279 retinet.
2967 1225 3263 1294 Postquam
3304 1225 3444 1279 enim
3491 1228 3730 1280 humana

2135 1323 2325 1368 natura
2369 1315 2667 1384 perlectam
2730 1313 3119 1367 beatitudinem
3177 1312 3373 1379 amisit,
3438 1314 3730 1383 perfectam

2136 1419 2350 1475 quoque
2379 1403 2459 1457 sui
2495 1402 2935 1458 commoditatem
2976 1401 3235 1471 perdidit.
3269 1402 3496 1472 Semper
3542 1412 3730 1458 tamen

2139 1493 2448 1547 naturaliter
2510 1491 2847 1546 affectionem
2891 1491 2954 1522 ⁸⁷⁷⁸
3023 1491 3269 1559 ejusdem
3330 1491 3730 1546 commoditatis

2138 1581 2320 1635 habet.
2363 1581 2432 1635 Et
2487 1583 2615 1652 quia
2661 1580 2962 1651 perfectam
3026 1578 3463 1634 commoditatem
3531 1579 3735 1636 habere

2137 1686 2245 1725 non
2297 1678 2493 1740 potest,
2544 1686 2643 1725 nec
2691 1670 2944 1740 perfectae
2992 1668 3397 1723 commoditatis
3435 1669 3732 1739 appetitum

2139 1761 2386 1814 amittere
2434 1760 2596 1813 valet.
2649 1758 2824 1814 Habet
2875 1757 3054 1827 itaque
3083 1756 3354 1827 appetitus
3399 1757 3654 1827 ingluviei
3684 1765 3738 1812 et

2058 1815 2110 1874 Β
2141 1848 2387 1917 luxuriae,
2441 1849 2774 1917 aliarumque
2822 1847 3083 1902 falsarum
3158 1846 3625 1913 commoditatum,
3688 1856 3738 1902 et

2143 1953 2243 2008 per
2270 1938 2370 1991 hos
2415 1937 2614 1992 incedit
2663 1937 2953 2006 quaerendo
2985 1935 3129 1988 illam
3173 1934 3466 2004 perfectam
3497 1950 3734 1990 commo-

2142 2025 2361 2080 ditatem
2423 2026 2578 2095 cujus
2635 2027 2928 2096 appetitum
2998 2024 3185 2078 retinet
3249 2023 3570 2078 naturalem.
3622 2025 3733 2080 Hos

2144 2124 2320 2169 autem
2353 2115 2620 2184 appetitus
2663 2115 2915 2169 diabolus
2943 2112 3004 2143 ⁸⁷⁷
3033 2113 3281 2168 accendit
3323 2112 3612 2182 aliquando
3644 2128 3738 2182 per

2145 2201 2312 2258 falsas
2342 2203 2782 2270 commoditates,
2815 2211 2865 2257 et
2896 2219 2992 2273 per
3021 2219 3114 2257 eas
3143 2201 3201 2235 ⁸⁷⁸
3230 2201 3490 2255 voluntati
3517 2200 3736 2272 aliquod

2142 2301 2423 2361 peccatum
2471 2294 2733 2365 suggerit,
2780 2291 3072 2362 aliquando
3105 2307 3233 2346 vero
3263 2306 3360 2359 per
3389 2291 3735 2360 semetipsum

2147 2381 2251 2452 ipsi
2300 2381 2556 2436 voluntati
2606 2381 2914 2450 persuadet,
2974 2388 3032 2434 ut
3077 2379 3296 2434 eosdem
3343 2378 3607 2449 appetitus
3665 2378 3736 2433 ad

2143 2471 2477 2540 peccandum
2526 2471 2734 2525 incitet.
2788 2471 2856 2525 Ut
2903 2485 3026 2534 cum
3084 2468 3317 2532 ebrioso,
3365 2468 3455 2538 qui
3503 2467 3738 2538 amplius

2144 2559 2315 2615 libere
2375 2560 2579 2630 nequit,
2644 2558 2852 2630 aliquid
2887 2575 3071 2612 assum
3131 2553 3190 2584 ’τ’
3250 2557 3386 2612 velle
3450 2562 3738 2612 comedere

2143 2649 2387 2721 suggerit
2430 2657 2485 2702 ut
2526 2648 2720 2702 habeat
2767 2647 3063 2718 appetitum
3092 2647 3324 2716 amplius
3361 2645 3606 2700 bibendi.
3646 2645 3738 2701 Stc

2143 2747 2321 2793 autem
2352 2733 2410 2764 “°
2440 2736 2688 2791 diabolus
2717 2735 2900 2790 incitat
2932 2735 3256 2790 voluntatem
3278 2735 3346 2789 ad
3377 2734 3733 2804 peccandum,

2143 2835 2232 2881 aut
2263 2842 2361 2896 per
2388 2827 2489 2881 bos
2520 2825 2807 2895 appetitus,
2831 2833 2922 2879 aut
2949 2841 3050 2894 per
3087 2823 3464 2893 semetipsum.
3503 2824 3660 2878 Velut
3687 2823 3736 2876 si

2141 2917 2259 2985 quis
2302 2916 2439 2970 latro
2488 2914 2721 2985 aliquem
2772 2915 2842 2968 ad
2880 2929 2939 2968 se
2971 2912 3314 2982 spoliandum
3354 2911 3597 2967 incitaret
3641 2919 3738 2967 aut

2139 3003 2362 3059 artiﬁcio
2394 3003 2573 3074 aliquo
2605 3019 2711 3072 quo
2760 3018 2974 3057 carnem
3005 3001 3124 3071 ejus
3164 3000 3481 3056 calefaceret
3521 2998 3601 3066 "1,
3643 3009 3736 3056 aut

2139 3093 2373 3148 dicendo
2404 3092 2454 3148 ei
2491 3092 2727 3161 simplici
2752 3093 2919 3146 verbo
2968 3101 3026 3144 ut
3074 3107 3130 3145 se
3175 3099 3410 3145 exueret.
3457 3090 3537 3145 Ad
3575 3105 3737 3159 quem

2053 3167 2102 3232 Ο
2133 3198 2264 3236 vero
2294 3197 2416 3236 cum
2437 3180 2530 3236 ille
2560 3181 2691 3234 nihil
2722 3180 3004 3249 suspicans
3036 3178 3285 3245 fallaciae,
3318 3180 3735 3261 appropinquat.

2130 3271 2310 3324 subito
2367 3270 2598 3340 capitur,
2658 3268 2900 3340 vapulat,
2970 3283 3129 3322 versa
3197 3269 3314 3322 vice
3378 3267 3736 3337 despoliatur,

2132 3359 2456 3430 quandoque
2501 3358 2720 3414 demum
2777 3358 3064 3414 occiditur.
3128 3357 3408 3426 Appetilus
3452 3372 3580 3412 vero
3642 3357 3737 3412 isti

2134 3464 2240 3502 non
2282 3449 2425 3502 aliud
2460 3457 2584 3502 sunt
2615 3463 2773 3517 quam
2815 3449 3066 3518 quaedam
3111 3445 3506 3500 commoditatis
3537 3460 3731 3500 neces-

2133 3539 2342 3593 sitates.
2369 3539 2491 3594 Non
2519 3537 2665 3592 enim
2700 3536 2841 3590 idem
2864 3545 2944 3590 est
2973 3536 3239 3605 appetitus
3271 3534 3418 3606 quod
3452 3534 3725 3588 voluntas.

2132 3627 2410 3696 Appetitus
2441 3642 2672 3696 namque
2708 3625 2834 3680 mali
2878 3641 2986 3679 non
3030 3633 3110 3678 est
3140 3623 3320 3677 malus
3349 3622 3427 3685 ⁸⁸¹,
3479 3622 3575 3677 δαὶ
3620 3637 3724 3676 vo-

2133 3714 2312 3769 luntas
2344 3715 2470 3768 mali
2499 3723 2577 3770 est
2609 3713 2769 3768 mala.
2805 3714 2913 3767 Hos
2943 3713 3106 3783 igitur
3128 3712 3394 3782 appetitus
3439 3713 3569 3781 quia
3599 3710 3722 3764 dia-

2134 3803 2288 3857 bolus
2335 3819 2546 3874 semper
2594 3801 2861 3869 accendit,
2907 3801 3084 3854 studio
3133 3815 3334 3871 magno
3381 3808 3432 3854 et
3475 3797 3723 3854 custodia

2131 3895 2256 3942 sunt
2276 3886 2660 3959 restringendi.

2675 4001 2900 4056 CAPUT
2941 4000 3187 4055 CXXIII.

2207 4099 2531 4158 Similitudo
2554 4100 2710 4154 inter
2733 4114 2936 4169 aquam
2961 4099 3340 4153 ethumanam
3353 4102 3648 4154 naturam.

2202 4200 2450 4254 Humana
2479 4212 2713 4267 namque
2731 4202 2924 4249 natura
2953 4203 3062 4248 tam
3096 4193 3255 4250 facile
3287 4210 3380 4264 per
3401 4196 3526 4250 vitia
3557 4211 3721 4268 quam

2128 4305 2223 4360 per
2251 4289 2470 4358 planum
2501 4285 2812 4340 diffunditur
2839 4287 2896 4318 ⁸⁸³
2926 4299 3087 4356 aqua.
3131 4283 3220 4339 Sic
3262 4298 3394 4356 ergo
3424 4300 3588 4356 agere
3617 4284 3720 4340 de-

2127 4377 2218 4432 bet
2257 4378 2346 4449 qui
2385 4391 2505 4431 eam
2544 4376 2877 4445 restringere
2927 4373 3150 4442 appetit,
3193 4372 3336 4426 velut
3379 4373 3468 4444 qui
3517 4388 3713 4444 aquam

2127 4474 2430 4521 currentem
2476 4463 2709 4518 retinere
2774 4461 3072 4518 contendit.
3139 4460 3288 4516 Sicut
3336 4462 3480 4516 enim
3528 4462 3619 4518 ille
3665 4477 3722 4516 a-

2121 4571 2282 4627 quam
2311 4553 2370 4584 “‘
2428 4553 2706 4609 concludit
2746 4551 2801 4606 in
2831 4559 3080 4623 stagnum
3136 4558 3297 4620 atque
3351 4561 3582 4621 coercet,
3641 4551 3721 4608 sic

1732 4705 1954 4761 VARIE
1993 4706 2407 4763 LECTIONES.

489 4840 551 4868 ⁸⁸⁸
583 4839 921 4902 Continuam,
958 4832 1238 4902 indignam
1287 4830 1472 4886 existit
1512 4845 1655 4902 mss.
1713 4832 2026 4886 continuam
2071 4832 2400 4901 qualitatem,
2462 4831 2715 4900 indignus
2761 4830 2987 4902 assistit.
3061 4829 3123 4902 'f’
3152 4831 3560 4902 Attendendum
3608 4845 3712 4886 ms.

421 4915 496 4967 A.
536 4913 552 4963 l
595 4908 856 4963 attendat.
909 4900 989 4933 ’⁸⁸⁷⁸
1031 4900 1356 4956 lniirmitatis
1404 4901 1648 4969 corporis
1688 4918 1823 4957 mss.
1870 4905 1929 4958 A.
1982 4906 2004 4956 1
2049 4900 2182 4957 Vict.
2237 4907 2299 4955 13
2353 4904 2512 4958 Corb.
2580 4905 2681 4956 307
2731 4907 2786 4957 ct
2836 4901 2988 4956 Edil.
3051 4901 3164 4957 Col.
3217 4900 3541 4956 infirmitatis
3591 4916 3716 4956 cor-

420 4997 621 5053 poreae.
680 4977 736 5053 f'"
766 4979 829 5032 Ut
861 4976 990 5053 ficus
1017 4974 1087 5027 ab
1117 4974 1232 5053 ipsa
1264 4971 1518 5053 hominis"
1542 4972 1765 5053 infamia
1795 4973 1913 5053 sibi_
1929 4973 2239 5053 continuus.
2289 4989 2395 5053 ms.
2421 4972 2586 5053 .V_ict..
2615 4973 2684 5053 13
2716 4981 2771 5053 ut
2804 4972 2934 5053 ﬁcus
2960 4973 3026 5026 ab
3056 4973 3173 5053 ipsa
3203 4973 3718 5053 hominis__infantia

420 5041 525 5107 sibi
556 5047 839 5104 continuus
870 5047 1099 5116 languor
1126 5041 1220 5098 sit.
1248 5047 1448 5116 manet
1481 5043 1767 5116 EditLCol.
1803 5053 1854 5096 ut
1885 5042 2111 5116 ﬁc_usab
2141 5044 2259 5116 ipsa
2289 5045 2522 5116 hominis
2553 5043 2772 5116 infantia
2810 5044 2916 5116 sibi
2945 5041 3094 5114 quasi
3117 5045 3419 5116 continuus.
3452 5041 3526 5116 "’_’_
3543 5043 3715 5116 Quasi

419 5137 552 5178 vero
582 5120 810 5176 casualis
839 5111 1053 5171 mssiet
1098 5117 1250 5169 Edit.
1299 5114 1409 5168 Col.
1442 5113 1673 5167 casualis
1711 5130 1859 5168 vero.
1929 5111 1988 5141 ⁸⁷⁸
2019 5113 2176 5184 Quod
2208 5115 2336 5168 satis
2363 5131 2495 5169 mss.
2529 5119 2590 5184 et
2617 5115 2765 5169 Edil.
2814 5114 2926 5168 Col.
2962 5111 3068 5184 quo
3099 5117 3230 5168 satis
3261 5114 3439 5170 facile.
3472 5111 3530 5141 ⁸⁷⁸
3563 5114 3714 5168 Sicut

419 5191 715 5248 naturalem
744 5204 876 5244 mss.
928 5192 984 5242 et
1028 5187 1174 5242 Edit.
1235 5186 1346 5240 Col.
1375 5184 1515 5237 sicut
1543 5186 1687 5238 enim
1718 5185 2045 5240 naturalem.
2101 5183 2160 5212 ⁸⁷⁵
2195 5186 2452 5240 Vitiorum
2483 5187 2537 5238 in
2567 5183 2819 5239 ﬁrmitate
2861 5183 2994 5241 mss.
3037 5193 3093 5240 et
3123 5187 3269 5241 Edit.
3306 5186 3417 5241 Col.
3451 5185 3712 5239 vitiorum

417 5262 745 5320 inﬁrmitate.
814 5257 1103 5310 ""Tameu
1135 5255 1426 5309 naturalem
1481 5253 1817 5310 affectionem
1875 5273 2006 5310 mss.
2057 5255 2199 5312 Vict.
2250 5259 2310 5308 13
2365 5257 2516 5312 Coro.
2571 5259 2670 5310 307
2699 5262 2754 5312 et
2798 5257 2941 5311 Edit.
3000 5255 3111 5311 Col.
3174 5265 3353 5311 tamen
3397 5255 3711 5310 naturaliter

415 5333 758 5390 affectionem
793 5347 897 5384 ms.
933 5330 1013 5382 A.
1086 5331 1109 5380 1
1147 5337 1324 5379 tamen
1356 5324 1712 5380 affectionem.
1778 5323 1837 5354 ’τ’
1869 5328 1980 5381 Hos
2011 5336 2189 5381 autem
2216 5327 2462 5381 diabolus
2494 5342 2621 5381 mss.
2655 5332 2708 5380 et
2753 5328 2900 5382 Edit.
2955 5327 3073 5384 Col.
3103 5329 3202 5382 hos
3231 5337 3408 5382 autem
3439 5326 3708 5394 appetitus

415 5405 683 5462 diabolus.
752 5401 810 5432 ’⁷³
833 5395 1095 5454 Accendit
1144 5413 1240 5468 per
1270 5396 1438 5468 falsas
1485 5396 1902 5468 commoditatis,
1936 5405 1988 5450 et
2031 5413 2130 5466 per
2157 5414 2248 5451 eas
2277 5415 2379 5453 ms.
2425 5399 2484 5453 A.
2521 5401 2570 5451 1.
2612 5399 2883 5468 accendit,
2918 5406 2972 5452 et
3001 5413 3095 5467 per
3124 5415 3238 5454 eas.
3305 5395 3367 5426 ⁸⁷’
3394 5396 3610 5468 Aliquid
3641 5395 3712 5450 ad

416 5493 572 5532 suum
607 5490 734 5530 mss.
769 5469 974 5542 aliquid
1003 5465 1205 5542 assum.
1273 5465 1452 5542 '_‘°-Sic
1485 5467 1778 5542 enim__ms_.
1813 5473 1868 5523 et
1907 5465 2056 5523 Edit’.
2108 5469 2222 5542 Col.
2281 5469 2357 5523 sic
2401 5477 2601 5542 autem.
2649 5466 2735 5542 “'7‘
2779 5471 2887 5524 Aut
2927 5465 3150 5542 carnem
3189 5465 3714 5542 suamyalefaceret

417 5563 555 5602 mu.
605 5560 717 5627 qqo
766 5534 985 5627 {orbem
1030 5540 1147 5627 ejlus
1180 5534 2401 5627 .ca‘lefacgreut;llonnestrmala‘msact
2429 5539 2578 5627 ﬁdit.
2632 5539 2750 5594 Col.
2776 5556 2883 5596 non
2908 5548 2992 5595 est
3029 5541 3219 5596 malus.
3260 5537 3320 5568 ⁸⁸³
3360 5537 3715 5594 Profunditur

419 5634 556 5675 mu.
587 5606 907 5670 diffunditur
926 5628 1033 5669 ms.
1061 5606 1230 5668 'Corb.
1258 5611 1357 5664 307
1388 5607 1694 5664 effunditur.
1719 5606 1781 5638 ‘“
1810 5607 1906 5664 Ille
1933 5610 2028 5680 qui
2053 5625 2256 5684 aquam
2283 5627 2420 5668 mu.
2447 5609 2542 5667 ille
2568 5625 2787 5683 aquam.
