4046 6076
324 338 426 401 6'77
1270 337 1391 396 LIB.
1427 340 1520 396 DE
1550 341 1607 398 S.
1639 341 1951 401 ANSELMI
1982 334 2618 406 SIMILITUDINIBUS.
3519 361 3623 416 ωε

327 469 428 526 iste
456 474 707 525 naturam
738 467 1038 521 humanam
1080 478 1282 536 vagam
1348 464 1495 519 infra
1548 463 1607 492 ⁸⁸⁵
1664 467 1911 541 regulam
1940 466 1999 528 Α
2028 473 2082 522 et
2114 485 2126 521 :
2159 468 2385 541 Inquire
2410 477 3037 549 pacem,etpersequere
3053 495 3178 537 eam
3201 480 3374 552 (Psal.
3411 501 3619 552 xxxtn,

331 559 575 631 aliquam
596 555 851 613 cohibere
875 554 1034 609 debet
1089 554 1261 623 thue
1290 552 1387 644 ille
1396 563 1669 644 procurat
1704 572 1771 611 ne
1819 572 1925 625 qua
2029 557 2143 628 15).
2179 556 2413 627 Quartus
2432 576 2563 616 vero
2594 563 2788 619 modus
2813 565 2911 620 erit
2951 584 3054 638 per
3098 574 3617 644 remunerationem,

332 656 492 719 parte
523 647 862 715 dirumpatur
893 652 1304 732 stagnumiqua
1329 642 1516 698 afﬂuat
1543 660 1705 715 aqua,
1756 645 1833 700 ita
1875 652 1929 700 et
2028 647 2371 716 corruptione
2400 657 2585 705 nostra
2614 655 2991 725 transmutata,
3024 665 3081 711 ut
3093 659 3211 728 jam
3256 660 3507 732 diximus,
3566 642 3622 718 in

335 737 499 791 istum
530 733 827 806 providere
857 733 1120 789 condecet
1148 729 1228 802 ⁸³⁸,
1261 747 1327 787 ne
1351 746 1505 786 suam
1545 732 1601 788 in
1655 748 1930 805 quoquam
2029 735 2514 806 incorruptionem.
3493 729 3501 732 ⁷
3595 752 3599 757 '

337 826 505 881 violet
534 823 801 896 regulam,
836 837 944 894 quo
974 821 1043 876 ad
1087 828 1373 891 peccatum
1429 817 1490 849 ⁸⁸⁷
1545 830 1781 892 proruat.
1840 822 1933 878 Sic

338 914 487 969 enim
519 911 775 982 restringi
798 910 984 967 carnis
1004 909 1279 980 appetitus
1333 917 1557 979 possunt
1600 928 1611 963 :
1651 912 1798 983 quod
1855 918 1936 966 est

341 1002 641 1074 quamdam
670 1000 851 1055 facere
881 1013 1071 1068 pacem
1098 998 1237 1052 inter
1260 998 1435 1067 ipsam
1467 1014 1682 1054 carnem
1712 1007 1765 1054 et
1814 1000 1936 1070 spi-

341 1092 505 1145 ritum
538 1107 552 1151 ;
588 1104 752 1158 quam
778 1086 996 1158 quidem
1028 1101 1220 1156 pacem
1248 1084 1308 1113 "'
1336 1102 1498 1141 nemo
1520 1086 1717 1143 melius
1754 1103 1939 1143 secum

340 1179 547 1234 habere
582 1176 642 1205 ⁶³⁰
669 1176 887 1246 poterit,
921 1190 1089 1247 quam
1120 1174 1211 1244 qui
1240 1174 1559 1231 districtioni
1591 1176 1937 1233 ordinismo-

309 1311 312 1314 .
340 1265 534 1323 nastici
567 1264 922 1334 semetipsum
951 1262 1247 1334 subjugare
1277 1262 1525 1318 studerit.
1567 1265 1695 1334 Ipsa
1741 1264 1943 1320 etenim

340 1363 425 1411 est
448 1354 602 1425 quasi
659 1352 908 1423 quaedam
975 1351 1227 1406 clausura
1273 1350 1360 1405 vel
1413 1358 1668 1423 stagnum
1720 1352 1939 1408 vivarii.

341 1443 611 1513 Quoniam
640 1441 861 1513 quidem
893 1439 1035 1495 sicut
1053 1438 1232 1509 pisces
1289 1438 1613 1495 decurrente
1658 1456 1796 1513 aqua
1853 1441 1941 1497 vi-

341 1532 480 1587 varii
509 1530 829 1596 moriuntur,
862 1528 906 1582 si
950 1527 1221 1583 clausura:
1276 1527 1451 1598 ipsius
1510 1528 1821 1584 minutatim
1881 1545 1946 1586 ac

341 1636 490 1691 saepe
519 1626 768 1689 crepant,
802 1632 902 1672 nec
930 1614 1262 1681 reﬁciuntur,
1294 1616 1370 1671 ita
1399 1617 1582 1672 omnis
1611 1616 1803 1690 religio
1819 1634 1943 1674 mo-

342 1704 530 1760 nastici
559 1701 769 1759 ordinis
801 1700 1042 1755 funditus
1100 1699 1243 1769 perit
1287 1699 1333 1754 si
1380 1700 1625 1755 custodia
1680 1702 1795 1771 ejus
1850 1718 1947 1773 per

2583 827 2813 887 CAPUT
2855 830 3069 889 CXXV.

2178 914 2254 969 De
2284 914 2709 988 quadripartito
2736 923 2895 976 statu
2935 922 3201 982 humana:
3235 932 3483 987 natura.

2107 1003 2417 1058 Notandum
2446 1003 2711 1092 siquidem
2743 1008 2891 1079 quod
2916 1008 3172 1070 humanm
3212 1025 3423 1075 naturae
3480 1038 3624 1092 qua-

2040 1099 2161 1148 tuor
2202 1097 2330 1147 sunt
2384 1096 2554 1148 status
2589 1091 2671 1163 ⁸⁹⁸,
2731 1096 2928 1165 quibus
2984 1116 3082 1170 pro
3138 1102 3370 1161 diversis
3425 1091 3634 1167 meritis

2041 1183 2199 1238 beata
2222 1180 2306 1237 vel
2334 1183 2533 1237 misera
2573 1184 2633 1214 ⁸⁹⁴
2691 1184 2954 1241 redditur.
3014 1189 3131 1245 Duo
3178 1208 3414 1267 namque
3466 1199 3634 1267 primi

2042 1269 2206 1336 beati,
2241 1270 2348 1325 duo
2378 1271 2633 1341 postremi
2662 1281 2789 1327 sunt
2832 1273 3013 1329 miseri
3037 1278 3117 1332 "'.
3142 1280 3427 1339 Beatorum
3448 1294 3631 1343 autem

2043 1359 2182 1414 alius
2205 1359 2383 1414 minus
2412 1359 2622 1427 beatus,
2654 1360 2793 1415 alius
2820 1378 2953 1418 vero
2976 1363 3342 1425 beatissimus.
3375 1373 3453 1427 Ita
3492 1391 3633 1445 quo-

2044 1464 2151 1521 que
2178 1448 2517 1514 miserorum,
2550 1448 2690 1503 alius
2720 1449 2898 1505 minus
2931 1451 3112 1523 miser,
3154 1456 3291 1511 alius
3347 1476 3475 1516 vero
3529 1464 3639 1519 mi-

2043 1535 2306 1592 serrimus
2336 1544 2436 1592 est.
2472 1537 2653 1593 Status
2682 1537 2866 1608 utique
2912 1539 3093 1595 minus
3146 1542 3340 1601 beatus
3397 1549 3497 1604 fuit
3550 1552 3642 1608 ille

2046 1642 2152 1697 quo
2182 1633 2305 1681 ante
2336 1633 2615 1696 peccatum
2634 1625 2813 1681 Adam
2844 1628 2898 1682 in
2927 1630 3181 1699 paradiso
3227 1635 3386 1690 stetit.
3436 1638 3646 1696 Beatis-

2047 1715 2217 1770 simus
2243 1729 2374 1770 vero
2404 1722 2486 1769 est
2527 1714 2622 1769 ille
2668 1731 2775 1786 quo
2829 1732 2971 1772 nunc
3026 1719 3079 1773 in
3136 1722 3275 1778 coelo
3339 1736 3647 1785 sanctorum

344 1794 687 1849 modicorum
719 1797 1088 1888 contemptum
1119 1787 1399 1888 culparum
1435 1788 1697 1859 paulatim
1742 1806 1779 1888 ᾗ
1821 1789 1939 1888 ter-
1966 1819 2022 1882 Β
2050 1803 2246 1860 animae
2273 1811 2414 1858 sunt.
2447 1803 2624 1857 Minus
2651 1813 2834 1859 autem
2865 1806 3033 1862 miser
3084 1817 3259 1866 status
3311 1824 3496 1871 noster
3542 1824 3645 1888 est,

342 1897 472 1937 vore
509 1880 592 1934 sui
624 1878 869 1949 tepescit,
902 1882 1189 1933 attestante
1219 1876 1518 1947 Scriptura,
1550 1894 1672 1948 quae
1725 1878 1858 1935 dicit
1918 1898 1930 1935 :

341 1971 448 2039 Qui
467 1968 689 2027 modica
707 1967 950 2039 spernit,
969 1966 1259 2038 paulatim
1274 1965 1495 2022 decidet
1508 1966 1704 2036 (Eccli.
1727 1984 1836 2039 xix,
1848 1972 1871 2023 t
1884 1970 1924 2040 ).

854 2072 1075 2127 CAPUT
1118 2072 1363 2127 CXXIV.

625 2161 777 2231 Quod
804 2164 1048 2234 quatuor
1074 2161 1255 2215 modis
1281 2176 1402 2232 pax
1421 2169 1648 2233 agatur.

417 2253 662 2324 Quatuor
688 2250 891 2321 quippe
918 2249 1099 2305 modis
1131 2264 1237 2320 pax
1266 2250 1464 2321 agitur,
1523 2251 1724 2321 quibus
1772 2254 1937 2310 homo

345 2342 419 2399 ad
472 2357 657 2399 veram
716 2338 950 2409 quietem
1016 2337 1344 2409 perducitur.
1395 2345 1497 2394 Aut
1553 2341 1698 2395 enim
1747 2339 1805 2395 ﬁt
1866 2340 1938 2396 ab

343 2433 531 2504 aliquo
562 2430 705 2484 inter
735 2427 947 2498 aliquos
966 2426 1120 2494 duos,
1154 2434 1246 2481 aut
1290 2427 1429 2481 inter
1482 2430 1831 2500 semetipsum
1887 2438 1942 2485 et

343 2521 601 2586 alterum,
641 2524 733 2572 aut
783 2516 925 2571 inter
983 2530 1201 2570 carnem
1256 2523 1308 2570 et
1356 2516 1627 2587 spiritum,
1658 2526 1751 2573 aut
1804 2517 1944 2574 inter

341 2606 850 2679 corruptibilitatem
934 2612 1177 2660 nostram
1259 2612 1312 2660 et
1381 2605 1941 2677 incorruptibilitatem

341 2712 507 2771 quam
539 2698 652 2750 Deo
673 2695 911 2749 donante
940 2701 1319 2762 exspectamus
1347 2690 1428 2746 ⁸³⁰.
1461 2694 1550 2749 Sic
1581 2702 1686 2750 tres
1741 2693 1804 2724 '"
1845 2713 1943 2751 su-

342 2788 587 2858 periores
604 2782 797 2839 modos
817 2797 961 2838 nunc
1009 2781 1375 2847 habuerimus,
1421 2791 1546 2838 tunc
1598 2784 1815 2839 demum
1874 2785 1941 2839 ad

346 2875 494 2930 illam
514 2888 702 2944 pacem
731 2870 1114 2942 perveniemus
1144 2871 1212 2924 de
1242 2885 1350 2940 qua
1393 2869 1524 2925 dicit
1579 2872 1867 2941 Apostolus
1926 2892 1938 2926 :

346 2962 563 3019 Habeto
594 2975 788 3034 pacem
814 2975 941 3015 cum
963 2959 1076 3014 Deo
1095 2960 1273 3029 (Rom,
1290 2975 1342 3027 v,
1359 2960 1433 3025 1).
1454 2959 1574 3014 Duo
1589 2960 1773 3033 itaque
1786 2962 1947 3032 primi

346 3051 499 3107 modi
522 3048 654 3104 ﬁunt
684 3065 783 3118 per
811 3048 1181 3103 concordiam.
1216 3047 1307 3102 Est
1357 3046 1503 3102 enim
1548 3065 1650 3120 pax
1688 3051 1943 3119 carnalis,

348 3150 431 3196 est
457 3137 848 3208 etspiritualis.
884 3135 1186 3192 Concordia
1241 3134 1405 3191 etiam
1448 3144 1529 3191 est
1581 3139 1832 3207 carnalis,
1893 3148 2023 3233 etC

348 3228 662 3301 spiritualis.
715 3228 829 3280 Pax
876 3233 930 3280 et
968 3225 1262 3280 concordia
1302 3225 1537 3280 carnalis
1592 3235 1690 3297 est,
1769 3244 1942 3298 quam

349 3318 558 3374 habent
586 3314 853 3382 inﬁdeles,
886 3313 972 3369 vel
992 3314 1158 3369 etiam
1186 3313 1311 3368 falsi
1344 3314 1653 3383 Christiani,
1711 3333 1835 3373 cum
1885 3318 1943 3371 in

352 3415 579 3480 peccato
608 3403 963 3470 concordant,
997 3410 1048 3457 et
1075 3402 1203 3457 inde
1232 3402 1518 3471 quamdam
1546 3418 1741 3473 pacem
1798 3406 1945 3461 obti-

351 3504 497 3551 nent.
538 3495 691 3548 Hanc
719 3500 900 3547 autem
927 3505 1119 3561 pacem
1146 3489 1392 3545 Christus
1421 3505 1531 3545 non
1587 3495 1948 3550 commenda-

354 3584 456 3651 vit,
482 3582 574 3637 ubi
606 3581 767 3636 dixit:
796 3581 913 3636 Non
932 3580 1062 3635 veni
1080 3594 1279 3650 pacem
1307 3580 1538 3634 mittere
1597 3580 1660 3635 in
1713 3586 1949 3652 terram,

354 3672 451 3729 sed
472 3667 958 3743 gladium(ﬂatth.
991 3683 1045 3735 x,
1079 3667 1188 3736 34).
1221 3666 1322 3722 Per
1350 3674 1547 3723 terram
1570 3675 1955 3741 terrenos,per

356 3761 599 3835 gladium
628 3757 1044 3828 separationem,
1073 3771 1178 3827 qua
1205 3771 1523 3825 separamur
1550 3773 1583 3811 a
1615 3760 1951 3830 carnalitate,

359 3857 535 3921 potest
561 3847 863 3919 intelligere
890 3842 971 3897 ⁸⁸⁸.
1004 3844 1221 3899 Tertius
1252 3858 1380 3900 vero
1410 3844 1605 3900 modus
1635 3862 1735 3915 per
1790 3848 1955 3918 spiri-

359 3949 446 3994 tus
472 3936 532 3993 ﬁt
561 3935 843 3993 victoriam
874 3933 979 3987 sibi
1019 3933 1367 4004 subjugantis
1423 3949 1660 3988 carnem.
1713 3936 1790 3991 De
1854 3939 1959 3994 hoc

360 4027 524 4083 etiam
553 4025 697 4079 idem
727 4022 994 4078 Dominus
1023 4020 1095 4074 ait
1131 4022 1371 4076 :Pacem
1392 4019 1657 4093 relinquo
1677 4024 1844 4093 vobis,
1864 4042 1960 4095 pa-

361 4131 482 4174 cem
510 4130 697 4170 meam
718 4112 785 4167 do
812 4111 967 4167 vobis
999 4110 1180 4179 (Joan.
1214 4124 1327 4176 xrv,
1375 4111 1442 4164 27
1484 4127 1497 4173 ;
1541 4118 1593 4164 et
1646 4114 1912 4183 propheta
1947 4132 1958 4167 :

362 4207 489 4260 Paa:
508 4203 695 4257 multa
716 4198 1086 4272 diligentibus
1115 4196 1292 4268 legem
1332 4201 1493 4253 tuam
1549 4199 1724 4265 (Psal.
1769 4217 1962 4271 cxvm,

362 4294 490 4363 165)
511 4309 524 4353 ;
550 4297 602 4345 et
623 4306 635 4344 :
663 4288 729 4344 In
749 4303 887 4360 pace
900 4290 1092 4358 factus
1111 4289 1195 4342 est
1216 4287 1369 4342 locus
1389 4286 1441 4359 ej
1448 4285 1864 4357 u:(Paal.t.xxv,
1887 4292 1962 4361 3);

2043 1909 2150 1966 quo
2180 1893 2309 1948 dum
2340 1891 2592 1959 vivimus,
2615 1890 2669 1946 in
2702 1894 2806 1949 hoc
2833 1894 3031 1951 saeculo
3049 1889 3255 1953 Sumus.
3306 1901 3649 1961 Miserrimus

2041 1998 2172 2040 vero
2202 1982 2295 2037 ille
2317 1982 2417 2036 erit
2473 1995 2580 2051 quo
2633 1981 2847 2052 reprobi
2904 1986 3305 2053 permanebunt
3352 1990 3406 2044 in
3474 1995 3651 2064 pugnis

2042 2071 2259 2129 infami.
2316 2071 2386 2126 Ut
2435 2084 2571 2142 ergo
2627 2070 2683 2124 in
2738 2070 3056 2129 beatissimo
3111 2083 3251 2131 statu
3315 2081 3648 2139 aaternaliter

2045 2161 2412 2234 quiescamus,
2465 2158 2520 2212 in
2574 2157 2672 2213 Dei
2728 2160 2954 2216 servitio
3008 2165 3379 2234 temporaliter
3433 2169 3644 2228 labore-

2045 2266 2167 2305 mus
2192 2246 2276 2305 ⁸⁸⁸.

2576 2336 2803 2393 CAPUT
2851 2337 3092 2394 CXXVI.

2122 2424 2458 2483 Similitudo
2473 2425 2628 2480 inter
2648 2424 2893 2480 homini:
2902 2427 3224 2500 obsequium
3239 2434 3298 2487 et
3322 2437 3643 2504 praemium.

2121 2517 2312 2579 Homo,
2343 2514 2469 2585 quia
2487 2522 2746 2569 aeternum
2776 2511 2838 2543 '"
2868 2516 3067 2571 habere
3111 2534 3217 2573 non
3273 2533 3456 2590 posset
3500 2542 3642 2596 Ρι-ω.

2047 2605 2237 2673 mium,
2270 2603 2315 2657 si
2344 2603 2460 2658 Deo
2487 2610 2747 2658 aeternum
2779 2603 3083 2661 laborando
3138 2609 3421 2667 exhiberet
3466 2614 3639 2670 obse-

2050 2694 2236 2764 quium
2265 2690 2325 2720 '"
2355 2710 2368 2754 ;
2396 2694 2543 2747 Deus
2569 2707 2683 2747 sua:
2711 2674 2991 2762 praemium
3026 2693 3166 2760 vitae,
3187 2706 3401 2766 quaeest
3421 2710 3642 2760 aeterna.

2053 2783 2282 2851 vitaeque
2302 2781 2537 2835 hominis
2565 2778 2645 2848 ⁸⁸⁸,
2680 2796 2805 2852 quae
2834 2788 2920 2835 est
2975 2786 3309 2853 temporalis,
3369 2791 3647 2847 servitium

2051 2879 2346 2942 comparat.
2372 2869 2425 2923 Si
2457 2868 2604 2923 enim
2635 2870 2795 2924 homo
2826 2869 3062 2939 quandiu
3104 2870 3313 2939 vixerit,
3359 2877 3476 2934 Deo
3531 2897 3655 2936 ser-

2055 2959 2231 3027 vierit,
2263 2967 2316 3014 et
2344 2959 2494 3013 Deus
2525 2956 2575 3012 ei
2605 2958 2709 3012 hoc
2733 2957 3022 3028 coadjuvet
3048 2956 3130 3025 ⁹⁰⁰,
3165 2969 3216 3016 et
3271 2963 3390 3032 ipse
3433 2982 3651 3023 recom-

2054 3047 2322 3119 pensabit.
2356 3044 2461 3116 Qui
2480 3062 2610 3102 vero
2641 3063 2749 3101 non
2777 3042 2836 3073 ⁹⁰¹
2871 3062 2903 3101 a
2933 3047 3197 3119 principio
3252 3053 3471 3122 quidem
3530 3057 3656 3115 vitae

2054 3154 2165 3192 suae
2197 3138 2312 3192 Deo
2361 3136 2567 3191 servire
2620 3135 2846 3206 cmperit
2900 3132 2985 3203 ⁹⁰³,
3044 3138 3139 3192 sed
3198 3155 3265 3193 ex
3319 3157 3423 3210 quo
3474 3148 3658 3203 tamen

2055 3225 2309 3295 coeperit,
2342 3225 2384 3279 si
2414 3240 2582 3294 usque
2612 3223 2680 3278 ad
2706 3222 2869 3277 ﬁnem
2901 3229 3353 3297 perseveraverit,
3388 3232 3534 3287 Deus
3582 3236 3648 3289 ab

2053 3328 2117 3369 eo
2148 3313 2272 3369 vitae
2304 3311 2657 3383 prmcedentis
2685 3310 3084 3367 servitiumnon
3123 3314 3330 3388 exiget,
3366 3319 3503 3374 sicut
3554 3339 3656 3379 nec

2055 3403 2173 3474 ipse
2201 3418 2231 3457 a
2258 3402 2369 3456 Deo
2386 3404 2514 3455 vitae
2544 3398 2689 3454 illius
2728 3398 3081 3469 praecedentis
3127 3405 3408 3471 praemium
3451 3407 3533 3463 θοι,
3592 3412 3653 3466 εί

2056 3499 2232 3547 autem
2259 3492 2420 3545 homo
2452 3505 2481 3544 e
2511 3495 2722 3553 contra,
2754 3487 2935 3559 quoad
2953 3488 3164 3559 vixerit,
3191 3492 3302 3548 Deo
3357 3496 3499 3552 male
3542 3514 3656 3554 ser-

2060 3579 2237 3645 vierit,
2270 3589 2321 3633 et
2343 3580 2487 3632 Deus
2516 3577 2590 3630 illi
2622 3576 2821 3631 malum
2841 3578 3107 3646 rependet
3127 3579 3400 3651 meritum,
3422 3587 3662 3655 quandiu

2062 3676 2116 3723 et
2141 3667 2256 3738 ipse
2286 3666 2496 3721 vixerit.
2522 3664 2665 3735 Quid
2711 3665 2755 3721 si
2799 3680 2909 3722 non
2965 3682 2997 3721 a
3052 3667 3319 3740 principio
3375 3673 3499 3729 vitae
3554 3693 3666 3732 suae

2063 3757 2205 3812 male
2236 3757 2348 3810 Deo
2387 3754 2611 3823 coeperit
2639 3754 2871 3820 servire,
2904 3755 3000 3809 sed
3038 3770 3107 3809 ex
3136 3773 3242 3825 quo
3272 3765 3450 3816 tamen
3483 3779 3663 3837 coepe-

2064 3846 2155 3911 rit,
2186 3860 2358 3914 usque
2388 3843 2457 3898 ad
2489 3842 2649 3898 ﬁnem
2680 3842 2805 3899 vitae
2848 3842 3080 3898 voluerit
3124 3861 3495 3916 perseverare,
3556 3870 3665 3911 non

2067 3934 2115 3988 ei
2137 3934 2280 3988 Deus
2310 3932 2434 3987 vitae
2464 3932 2822 4003 praecedentis
2848 3932 3130 3987 servitium
3188 3934 3391 3991 bonum
3440 3956 3662 3997 recom-

2070 4021 2322 4091 pensabit
2354 4021 2409 4074 in
2442 4022 2659 4074 malum
2695 4037 2706 4072 :
2741 4020 2884 4074 sicut
2910 4034 2973 4065 m
3008 4035 3109 4075 nec
3164 4022 3285 4091 ipse
3332 4025 3457 4080 vitae
3508 4027 3665 4085 illiud

2069 4108 2429 4182 prmeedentis
2456 4106 2748 4177 praemium
2777 4106 2977 4162 habere
3034 4107 3263 4164 voluerit
3317 4109 3379 4139 '°'
3435 4114 3661 4172 malum.

2072 4200 2215 4255 Nam
2243 4204 2296 4251 et
2324 4212 2434 4251 suae
2463 4195 2589 4251 vita:
2611 4193 2973 4265 praecedentis
3002 4194 3168 4261 bono,
3201 4206 3255 4252 et
3301 4199 3403 4254 Dei
3455 4218 3667 4273 prece-

2078 4286 2256 4344 dentis
2286 4285 2413 4341 vitae
2435 4283 2580 4340 malo
2599 4282 2804 4339 carebit
2821 4283 3046 4355 praemio
3075 4282 3161 4339 ⁹⁰⁸.
3185 4285 3300 4342 Deo
3321 4303 3455 4361 ergo
3471 4292 3668 4350 serviat

1680 4385 1907 4443 VARLE
1934 4383 2341 4445 LECTIONES.

436 4485 606 4552 "'Iste
632 4489 887 4556 naturam,
910 4483 1208 4556 humanam
1231 4498 1428 4556 vagam
1458 4483 1604 4556 infra
1631 4500 1736 4556 me.
1767 4485 1924 4543 Corb.
1958 4489 2061 4543 307
2081 4486 2181 4556 iste
2209 4484 2511 4537 humanam
2539 4480 2679 4556 infra
2706 4486 2901 4556 m:._A.
2939 4485 2987 4556 1Δ
3028 4482 3128 4556 iste
3153 4490 3424 4556 naturam.
3458 4483 3520 4513 ⁸⁸⁸
3578 4492 3662 4547 Ita

367 4567 423 4616 et
447 4550 656 4629 justum
685 4553 992 4629 praevidere
1019 4555 1283 4610 condecet
1302 4550 1442 4610 ἷηδε.
1470 4554 1551 4610 sic
1572 4562 1626 4610 et
1645 4555 1744 4629 iste
1763 4555 2247 4629 procuraredebet
2274 4550 2611 4629 mss._(_}orb.
2638 4554 2739 4607 307
2766 4553 2912 4629 Vict.
2932 4554 2997 4607 13
3026 4552 3107 4607 sic
3118 4561 3175 4629 et
3199 4553 3359 4629 istum
3377 4560 3671 4626 providere

368 4623 647 4708 (ξοιῖάθοθι-
675 4623 962 4708 ζῗῗὮυοΞά
989 4633 1270 4708 necetur
1298 4641 1434 4708 τνξεε-
1468 4625 1667 4708 (199.αά
1697 4623 2015 4708 ramum;
2052 4628 2118 4708 3."
2148 4625 2321 4708 Quam
2352 4623 2569 4695 quidem
2592 4627 2929 4708 εφοβτιξηετελ
2952 4638 3057 4708 ηξε-
3090 4626 3214 4708 έιέ
3252 4623 3578 4708 meum”
3599 4633 3674 4689 ad

369 4701 541 4770 ﬁnem
562 4690 953 4770 capitisomit:
973 4690 1256 4770 marict.
1294 4700 1355 4750 13
1378 4690 1599 4751 omittit
1628 4690 1867 4768 quidem.
1900 4697 2156 4754 “’Melius
2188 4690 2553 4770 haberem”.
2592 4690 2732 4770 Vict.
2768 4696 2831 4747 13
2887 4694 3051 4770 βριθὺ.
3108 4697 3445 4770 307Amelius
3473 4690 3666 4759 secum

372 4763 893 4839 habere.4'§‘°Quam
921 4767 1038 4822 Deo
1069 4768 1307 4822 donante
1336 4763 1691 4839 expectamus
1719 4785 1823 4824 ms.
1863 4773 1931 4823 Α.
1974 4774 1997 4825 1
2034 4784 2161 4839 ηυδε
2186 4774 2364 4820 tamen
2393 4764 2446 4818 in
2478 4764 2758 4839 praemium
2791 4763 3045 4834 recipitur
3075 4773 3195 4839 post
3224 4766 3365 4839 bene
3392 4770 3566 4828 solam
3587 4775 3669 4829 vi-

373 4848 509 4897 tam.
566 4836 626 4868 '"
657 4838 715 4895 Si
738 4834 862 4901 tres,
896 4849 1001 4911 e_tc.
1034 4839 1238 4911 ms._A.
1274 4841 1295 4891 1
1334 4834 1451 4911 tuac
1480 4840 1641 4911 omit.
1673 4854 1847 4911 usque
1877 4840 1969 4904 ad,
2002 4834 2122 4911 Duo
2152 4838 2493 4911 itaque,_etc.
2526 4836 2846 4911 quinetiam
2874 4837 3188 4891 contrahit.
3222 4834 3448 4896 “’Potes
3496 4845 3663 4900 intel-

373 4914 486 4984 lige
514 4915 569 4968 et
598 4917 651 4965 te
679 4927 786 4984 me.
819 4912 877 4984 et
893 4907 1048 4984 ﬁdit.
1074 4908 1186 4963 Col.
1219 4905 1762 4984 potesintelligeref
1788 4907 2168 4966 "‘Notandum
2197 4905 2488 4984 siqnidem,
2521 4905 2667 4984 qued
2707 4905 2960 4984 humanae
3008 4914 3214 4963 naturae
3262 4919 3493 4984 quatuor
3541 4925 3667 4972 sunt

374 4975 560 5049 status,
590 4996 695 5035 me.
721 4981 795 5034 Α.
829 4982 849 5033 1
885 4977 1133 5049 Quatuor
1161 4975 1361 5049 quippe
1389 4975 1641 5033 humanm
1670 4987 1874 5035 naturae
1903 4990 2026 5035 sunt
2050 4987 2232 5034 status.
2266 4975 2511 5031 mBeata
2540 4975 2678 5049 ’vita
2706 4975 2793 5049 vel
2832 4977 3036 5049 misera
3090 4995 3227 5033 mss.
3268 4975 3338 5034 λ.
3405 4987 3431 5038 1
3498 4988 3662 5043 Corb.

376 5056 480 5108 307
509 5046 661 5107 beata
691 5050 778 5106 vel
824 5046 1044 5105 misera.
1102 5046 1435 5105 '“Postremi
1495 5050 1676 5104 miseri
1714 5067 1822 5105 ms.
1872 5057 1936 5105 Δ.
2000 5056 2022 5106 1
2090 5049 2344 5121 postremi
2404 5046 2787 5121 sunt_r_niseri.
2844 5046 3302 5121 "‘Temporaliter
3357 5051 3672 5112 laboremus

376 5141 485 5179 ms.
510 5127 573 5180 Α.
608 5123 634 5176 1
664 5121 828 5192 reddit
865 5138 877 5182 ;
911 5136 1035 5192 nam
1061 5127 1115 5175 et
1141 5128 1404 5175 aeternum
1421 5121 1707 5190 praemium
1735 5130 1939 5178 aeterno
1967 5117 2394 5192 promerendum
2425 5117 2643 5173 servitio
2684 5125 2888 5192 Aesset,‘
2904 5119 2951 5171 si
2994 5128 3280 5192 utrumque
3334 5124 3493 5180 simul
3551 5144 3673 5185 esse

376 5202 594 5266 posset.
658 5188 897 5266 'f’Homo
929 5190 1062 5266 quie
1079 5199 1339 5266 tetemum
1362 5186 1473 5247 ms.
1511 5195 1577 5266 4.
1602 5194 1637 5266 _1
1698 5206 1884 5247 verum
1942 5186 2071 5266 quia
2114 5192 2318 5266 ‘homo_
2342 5197 2623 5266 aeternum.
2676 5186 2803 5266 _"'S_i
2859 5188 3010 5266 Deus
3047 5186 3346 5266 labgrando
3402 5202 3668 5253 mternum

378 5259 625 5347 exige-ret
649 5259 993 5347 obsequium.
1029 5262 1137 5316 Sed
1163 5263 1473 5347 Degemss‘.
1514 5261 1583 5343 Si.
1600 5261 1717 5316 Deo
1745 5259 2358 5347 aeternum-daborando
2411 5259 2713 5347 exhiberet,
2738 5259 3086 5347 ‘obseqdqium‘,
3144 5262 3290 5317 Deus
3340 5266 3675 5347 Edit._.Coi.

377 5327 504 5391 Nisi
535 5336 670 5407 Deo,
696 5327 916 5407 βιαίας
943 5332 1007 5387 in
1034 5348 1169 5407 mss.
1214 5329 1417 5407 "fVitae
1438 5331 1684 5407 homines
1708 5338 1920 5407 mugiet
1938 5334 2092 5390 Edit.
2126 5334 2240 5389 Col.
2276 5331 2508 5400 vitaeque
2536 5329 2829 5407 nomine3._
2865 5327 3001 5407 "f‘Et
3026 5327 3326 5407 Deusenm
3382 5337 3680 5407 coadjuvet

380 5423 519 5462 mss.
540 5410 596 5462 et
627 5405 778 5461 Edit.
813 5403 930 5460 σοι.
963 5410 1014 5476 et
1042 5403 1186 5476 Deus
1216 5403 1261 5476 ei
1282 5404 1399 5476 hoc
1426 5402 1737 5476 coadjuvet.
1795 5402 2130 5476 ’"Quivero
2161 5418 2271 5476 non
2301 5417 2334 5456 a
2362 5399 2467 5476 me.
2509 5402 2632 5476 4.1
2673 5399 2845 5476 Quod
2862 5401 2907 5456 si
2927 5418 3034 5456 non
3062 5418 3116 5456 a.
3164 5400 3346 5458 mDeo
3401 5399 3681 5464 deservire

383 5477 595 5548 ceperit
622 5491 758 5548 mae.
790 5480 853 5529 Α.
889 5478 913 5527 1
953 5472 1112 5548 Corb.
1148 5475 1247 5548 39’]
1281 5474 1395 5530 Deo
1451 5470 1649 5548 servire
1694 5470 1920 5548 ceperit.
1973 5472 2404 5548 ’“Prmcedentis
2455 5472 2625 5548 exigit
2660 5470 2942 5541 premium
2988 5489 3119 5548 mes.
3177 5475 3240 5548 ᾼε
3298 5476 3323 5526 1
3382 5479 3683 5548 egressos]

384 5541 746 5619 praecedentis
776 5545 1087 5619 praemium.
1147 5541 1666 5619 ’“Recompensabit
1703 5541 1777 5600 in'
1814 5546 2043 5619 malum,
2090 5544 2234 5600 sicut
2286 5558 2392 5619 m:_.
2416 5541 2521 5619 “4.
2546 5541 2628 5619 ξ1⁵
2667 5542 3126 5619 recompensabit.
3185 5542 3353 5619 Sient.
3400 5545 3685 5607 mHabere.

388 5611 621 5675 voluerit
647 5611 868 5674 msXA.
903 5617 929 5669 1
960 5615 1163 5671 habere
1189 5611 1446 5687 noluerit.
1489 5612 1697 5687 “fMalo
1724 5630 1835 5673 non
1862 5611 2070 5674 carebit
2094 5631 2233 5673 mu.
2266 5619 2323 5672 et
2348 5613 2498 5670 Edit.
2535 5611 2647 5671 Col.
2681 5612 2826 5670 malo
2844 5611 3046 5672 carebit
3070 5613 3305 5687 prmmio
3354 5633 3462 5676 me.
3511 5620 3679 5684 Corb.

386 5691 496 5751 307
524 5688 693 5763 malo,
730 5686 858 5749 vitae
882 5693 1100 5745 aeternae
1127 5685 1339 5745 carebit
1356 5686 1614 5760 praemio.
