4046 6076
285 221 386 279 881

1310 216 1439 277 LIB.
1469 219 1566 277 DE
1595 216 1654 278 S.
1682 214 1998 278 ANSELMI
2027 214 2640 277 SIMILITUDINIBUS.

3497 221 3600 282 68!

290 349 406 404 Deo
438 355 685 420 separata
713 354 766 402 et
789 346 847 402 in
879 345 1093 402 inferno
1132 362 1258 402 cum
1289 345 1510 402 diabolo
1539 345 1702 400 fuerit
1731 353 1892 401 torta.
1921 344 1978 406 A
2005 346 2132 401 Non
2185 344 2330 402 enim
2395 353 2522 402 tunc
2576 359 2760 400 mores
2815 343 3086 414 dicuntur,
3135 357 3259 400 cum
3281 344 3387 401 cito
3426 346 3603 404 adve-

293 437 512 492 Dehinc
568 451 701 492 vero
758 435 1044 490 scientiam
1096 434 1495 506 super-imponit
1555 433 1740 506 pietati
1810 432 1896 503 ”‘,

291 542 416 581 cum
464 541 634 594 mens,
680 540 804 597 qua:
851 524 932 581 sic
962 524 1112 578 timet
1161 524 1375 596 sibique
1406 522 1756 594 compatitur,
1793 538 1900 593 quo

291 615 468 670 valeat
502 613 666 670 modo
691 613 889 668 salvari
911 619 1201 682 scrutatur,
1235 611 1392 682 eique
1422 611 1657 682 Spiritus
1688 619 1902 668 sanctus

294 703 462 773 hujus
491 702 567 759 rei
599 702 965 775 cognitionem
997 701 1246 774 largitur.
1295 700 1507 756 Exinde
1535 708 1714 755 autem
1743 699 1902 756 forti-

299 792 547 847 tudinem
595 790 995 862 superimponit
1035 791 1300 858 scientiae,
1333 805 1456 846 cum
1502 805 1657 845 mens
1683 789 1903 860 pavida,

302 880 518 951 sibique
581 881 942 950 compatiens,
1009 880 1238 951 jamque
1303 878 1431 951 quid
1479 893 1646 950 agere
1711 877 1909 932 debeat

307 969 508 1037 sciens,
541 967 600 1022 fit
628 969 781 1024 fortis
811 969 1042 1040 Spiritus
1071 967 1240 1022 sancti
1287 967 1433 1022 dono
1462 966 1532 1021 ad
1571 966 1906 1036 operandum

306 1073 428 1129 quae
485 1057 681 1113 didicit
737 1057 1042 1128 quibusque
1098 1055 1301 1110 salvari
1348 1070 1408 1110 se
1460 1070 1622 1126 posse
1666 1053 1905 1110 conﬁdit.

313 1147 440 1201 Post
477 1147 597 1202 haec
635 1161 764 1201 vero
801 1145 1097 1202 consilium
1150 1142 1447 1199 fortitudini
1489 1143 1907 1213 superadificat,

309 1250 434 1288 cum
483 1242 658 1289 mens’
683 1233 800 1304 jam
851 1233 1004 1289 fortis
1048 1231 1116 1288 ad
1155 1231 1510 1303 operandum,
1543 1248 1665 1301 qua:
1703 1231 1790 1302 pie
1837 1231 1910 1284 ti-

307 1324 506 1380 mendo
551 1323 650 1378 scit
681 1339 797 1378 esse
828 1321 1101 1389 facienda,
1150 1338 1254 1376 suo
1311 1319 1685 1389 experimento
1725 1319 1914 1375 didicit

310 1413 551 1484 Spiritus
609 1411 778 1466 sancti
837 1411 1017 1484 gratia
1071 1410 1203 1482 quid
1235 1410 1303 1465 de
1349 1408 1434 1463 his
1487 1407 1739 1464 omnibus
1794 1407 1916 1463 aliis

312 1500 605 1558 consulere
633 1500 851 1556 debeat.

828 1588 1064 1644 CAPUT
1103 1587 1380 1642 CXXXII.

310 1682 388 1738 De
415 1679 576 1738 donis
605 1680 852 1751 Spiritus
880 1678 1073 1732 sancti
1113 1678 1358 1749 quinque
1396 1676 1468 1732 ad
1497 1676 1766 1743 activam,
1799 1675 1910 1732 duo

445 1785 572 1826 vero
603 1767 675 1824 ad
705 1765 1214 1836 contemplativam
1243 1767 1424 1821 vitam
1453 1765 1772 1838 pertinent.

381 1861 513 1916 Haec
543 1865 727 1913 autem
759 1855 996 1926 quinque
1025 1854 1263 1924 Spiritus
1301 1853 1468 1909 sancti
1497 1853 1640 1909 dona
1669 1852 1738 1908 ad
1776 1852 1916 1907 acti-

318 1965 469 2013 vam,
520 1947 626 2002 duo
657 1961 786 2001 vero
817 1961 938 2014 quae
968 1951 1289 2016 sequuntur,
1341 1943 1398 1997 id
1430 1950 1508 1998 est
1538 1941 1839 1997 intellectus
1867 1950 1922 1998 et

316 2037 616 2106 sapientia,
651 2035 721 2090 ad
749 2033 1223 2103 contemplativam
1255 2033 1524 2102 pertinent
1570 2032 1758 2086 vitam.
1793 2032 1920 2101 Ipsa

313 2135 496 2181 tamen
544 2122 626 2180 ⁹²⁵.
678 2122 914 2194 Spiritus
955 2129 1174 2178 sanctus
1219 2121 1414 2191 primis
1461 2122 1702 2193 quinque
1732 2119 1792 2148 ”‘
1823 2137 1920 2174 su-

313 2211 666 2286 perimponit,
717 2220 772 2266 ut
802 2226 1024 2266 suorum
1072 2208 1364 2265 editicium
1430 2209 1702 2266 donorum
1747 2209 1922 2280 possit

314 2303 542 2360 omnino
571 2299 852 2373 compleri.
889 2301 1186 2372 Postquam
1235 2300 1378 2354 enim
1419 2299 1653 2371 Spiritus
1700 2307 1920 2354 sanctus

321 2400 560 2446 mentem
608 2389 737 2444 facit
784 2397 1072 2460 paventem
1134 2388 1350 2458 sibique
1396 2388 1841 2459 compatientem,
1869 2392 1923 2444 et

309 2497 377 2538 ea
421 2496 542 2552 qua:
573 2480 676 2535 scit
703 2495 821 2534 esse
851 2477 1104 2533 facienda
1136 2476 1343 2532 fortiter
1389 2485 1728 2547 operantem,
1771 2484 1824 2532 et
1852 2477 1922 2532 de

314 2569 451 2640 ipsis
500 2567 590 2624 sui
645 2565 897 2638 exemplo
941 2565 1064 2621 aliis
1121 2564 1186 2594 "7
1232 2566 1626 2632 consulentem,
1672 2565 1923 2621 accendit

310 2657 562 2714 eamdem
590 2654 655 2684 ’”
701 2655 770 2712 ad
797 2654 1208 2727 intelligendum
1257 2670 1355 2710 cur
1381 2655 1497 2711 hac
1525 2653 1609 2710 vel
1656 2654 1745 2709 illa
1776 2655 1921 2710 Deus

313 2745 632 2820 praecipiat;
669 2761 764 2801 cur
791 2746 976 2810 homo,
1021 2743 1146 2798 licet
1173 2742 1324 2798 alteri
1365 2743 1569 2798 homini
1599 2742 1918 2811 benefaciat,

309 2836 524 2891 nullam
567 2835 638 2890 ab
687 2849 752 2890 eo
802 2831 864 2861 ⁹¹⁹
911 2831 1404 2888 remunerationem
1434 2833 1658 2903 exigere
1699 2831 1915 2888 debeat.

311 2923 552 2994 Quorum
578 2930 638 2977 ut
683 2921 1018 2978 intellectum
1065 2919 1298 2991 Spiritus
1327 2928 1550 2976 sanctus
1579 2920 1746 2976 menti
1777 2919 1918 2992 aspi-

310 3021 411 3080 rat,
442 3015 515 3068 ad
541 3011 606 3039 ”°
635 3018 1004 3083 prostremum
1046 3008 1210 3064 etiam
1264 3008 1585 3080 sapientiam
1616 3025 1916 3080 supersca-

311 3101 502 3169 mulat,
553 3115 677 3157 cum
707 3100 855 3172 quod
902 3098 1158 3155 videlicet
1185 3095 1246 3126 ’³³
1277 3098 1487 3154 ratione
1540 3098 1812 3169 intelligit,
1861 3097 1922 3154 fit

312 3190 418 3246 sibi
446 3189 511 3219 ⁹⁸²
540 3189 790 3259 sapidum
821 3196 982 3258 atque
1013 3186 1409 3255 dulcissimum,
1441 3187 1665 3257 soloque
1702 3187 1920 3242 rectitu-

312 3279 457 3336 dinis
487 3293 673 3334 amore
702 3277 947 3349 sequitur
966 3275 1115 3347 quod
1145 3275 1532 3347 intelligitesse
1551 3276 1916 3346 sequendum.

310 3369 391 3423 Ab
422 3369 525 3423 hac
556 3375 739 3424 tamen
770 3364 1054 3437 sapientia,
1086 3380 1248 3434 quam
1279 3371 1581 3419 extremam
1603 3365 1918 3434 posuimus,

306 3457 542 3529 Spiritus
572 3461 789 3510 sanctus
817 3453 962 3509 dona
1005 3468 1104 3508 sua
1129 3452 1482 3508 dinumerare
1522 3468 1624 3524 per
1669 3454 1917 3524 Prophe-

309 3554 418 3601 tam
469 3544 676 3614 incipit,
727 3551 782 3598 et
823 3557 994 3613 usque
1031 3541 1101 3596 ad
1145 3541 1414 3609 timorem,
1447 3557 1479 3595 a
1517 3557 1622 3612 quo
1652 3541 1916 3612 cmpimus

307 3632 623 3699 ascendere,
675 3630 1073 3686 dinumerando
1128 3629 1426 3686 descendit.
1485 3629 1648 3685 Unde
1711 3634 1914 3685 notan-

304 3723 438 3778 dum
473 3720 621 3794 quod
650 3718 716 3746 ⁸⁸⁸
747 3719 910 3775 nobis
938 3717 1116 3773 innuit
1139 3717 1521 3774 descendendo
1542 3719 1816 3788 quomodo
1845 3734 1915 3773 ex

311 3811 505 3866 iisdem
547 3808 704 3864 donis
732 3810 1008 3865 construat
1065 3806 1117 3860 in
1162 3805 1320 3862 nobis
1367 3806 1655 3862 aedificium
1711 3822 1912 3862 ascen-

306 3899 510 3954 dendo.
547 3899 662 3952 Iloc
716 3896 880 3968 igitur
908 3894 1138 3950 aediﬁcio
1189 3894 1262 3948 ita
1309 3895 1632 3965 composito,
1681 3895 1914 3964 Spiritus

306 3995 524 4044 sanctus
573 3987 629 4040 in
680 4001 748 4041 eo
796 3983 1014 4052 residet,
1061 3990 1334 4052 totamque
1400 3982 1663 4038 familiam
1711 3983 1914 4038 domus

306 4074 598 4145 interioris,
632 4073 686 4128 id
708 4081 790 4128 est
815 4087 1005 4128 omnes
1035 4071 1232 4126 animae
1262 4087 1470 4141 sensus,
1502 4072 1649 4144 regit
1677 4079 1730 4128 et
1757 4071 1830 4128 ad
1848 4069 1912 4100 ⁶³⁴

304 4163 626 4236 obsequium
657 4162 918 4234 disponit.

814 4250 1047 4307 CAPUT
1085 4248 1388 4304 CXXXIII.

535 4342 612 4402 De
641 4338 1022 4414 qualitatibus
1060 4339 1270 4394 anima:
1308 4341 1363 4394 et
1400 4337 1669 4396 moribus.

383 4431 521 4489 Hinc
567 4430 765 4486 anima:
814 4427 1124 4499 qualitates,
1176 4443 1297 4498 qua
1341 4426 1498 4497 prius
1541 4435 1693 4483 erant
1739 4425 1914 4483 insta-

308 4524 470 4591 biles,
524 4521 641 4592 jam
688 4520 742 4574 in
792 4517 967 4573 bonos
1009 4515 1209 4588 redigit
1254 4532 1459 4572 mores.
1507 4517 1686 4572 Mores
1714 4517 1918 4589 quippe

309 4613 596 4686 qualitates
641 4615 764 4665 sunt
812 4607 1012 4664 anima:
1068 4606 1123 4662 in
1184 4605 1428 4662 habitum
1488 4606 1604 4677 jam
1663 4607 1916 4663 redacta:-

1951 3060 2002 3126 C

1947 4357 2000 4422 D

2007 435 2160 489 niunt
2197 435 2412 507 citoque
2459 433 2739 503 recedunt,
2782 432 2876 489 sed
2908 448 3032 488 cum
3071 433 3128 489 in
3176 433 3358 491 anima
3385 436 3608 494 stabiles

2007 523 2262 580 existunt.

2521 612 2740 668 CAPUT
2779 609 3090 668 CXXXIV.

2259 701 2433 757 Mores
2465 703 2570 758 alii
2599 702 2746 769 boni,
2796 706 2853 758 et
2884 702 3024 757 mali
3052 701 3158 758 alii
3196 706 3357 758 sunt.

2082 789 2290 844 Horum
2350 797 2530 845 autem
2587 807 2796 846 morum
2835 789 2928 846 alii
2967 791 3117 861 boni,
3185 791 3279 846 alii
3320 808 3451 848 vero
3489 800 3612 850 sunt

2012 877 2163 933 mali.
2223 877 2356 934 Boni
2400 878 2568 952 igitur
2621 880 2864 948 virtutes,
2923 879 3050 934 mali
3106 889 3284 937 autem
3339 880 3472 938 vitia
3517 882 3610 940 di-

2013 975 2222 1025 cuntur.

2545 1039 2768 1095 CAPUT
2805 1039 3077 1095 CXXXV.

2496 1127 2587 1184 De
2623 1129 2836 1185 virtute
2875 1133 2932 1185 et
2964 1129 3124 1186 vitio.

2089 1215 2324 1272 Virtutes
2381 1225 2561 1272 autem
2602 1216 2747 1272 bona
2798 1218 3038 1273 exterius
3087 1234 3277 1290 opera,
3314 1218 3450 1276 vitia
3484 1237 3615 1279 vero

2019 1303 2234 1375 pariunt
2265 1303 2430 1359 mala.
2462 1305 2583 1359 Non
2619 1313 2792 1360 tamen
2835 1306 3046 1376 quoties
3075 1307 3260 1380 agitur
3287 1324 3423 1380 opus
3450 1310 3619 1365 virtu-

2023 1392 2088 1445 tis
2135 1393 2221 1448 vcl
2259 1393 2398 1459 vitii,
2430 1393 2600 1448 virtus
2647 1393 2767 1464 ipsa
2795 1394 2882 1449 vel
2924 1395 3117 1451 vitium
3163 1397 3387 1466 proprie
3424 1397 3622 1454 dicitur

2021 1480 2234 1536 haberi.
2291 1483 2443 1538 Tunc
2490 1482 2634 1537 enim
2665 1489 2873 1537 tantum
2903 1484 3127 1554 proprie
3175 1485 3464 1553 habentur,
3497 1503 3623 1542 cum

2021 1583 2090 1624 ex
2119 1569 2512 1626 consuetudine
2541 1570 2917 1640 possidentur,
2967 1571 3110 1626 unde
3137 1580 3194 1626 et
3219 1573 3467 1627 homines
3489 1574 3626 1643 justi

2022 1658 2110 1715 vel
2140 1658 2320 1714 vitiosi
2358 1659 2640 1714 dicuntur.
2695 1659 2829 1714 Cum
2854 1667 3034 1714 autem
3061 1659 3300 1730 perfecte
3331 1661 3626 1730 habentur,

2024 1747 2150 1803 licet
2178 1745 2295 1818 ipsa
2327 1747 2554 1803 omnino
2595 1749 2702 1802 sint
2731 1747 3038 1816 dissimilia,
3083 1749 3232 1804 haud
3263 1757 3438 1806 tamen
3471 1749 3628 1806 dissi-

2026 1836 2175 1892 milia
2204 1851 2422 1908 semper
2448 1837 2650 1893 habent
2676 1836 2740 1865 ⁹⁸⁶
2769 1853 2954 1908 opera.

2541 1945 2761 2001 CAPUT
2801 1945 3100 2002 CXXXVI.

2099 2033 2174 2090 De
2205 2032 2488 2106 sapientia
2517 2038 2573 2090 et
2611 2033 2893 2101 stultitia,
2927 2034 3255 2107 quandoque
3273 2034 3336 2091 in
3367 2035 3558 2092 eodem

2592 2140 2693 2180 con
2702 2123 3073 2180 venientibus.

2104 2213 2369 2283 Quaedam
2400 2211 2542 2267 enim
2574 2227 2641 2266 ex
2688 2212 2840 2283 ipsis,
2873 2219 2931 2266 ut
2963 2211 3231 2282 sapientia
3259 2213 3503 2283 perfecta
3539 2222 3630 2269 at-

2030 2319 2136 2376 que
2159 2302 2386 2358 stultitia
2411 2300 2497 2370 ”‘,
2531 2301 2716 2357 eadem
2745 2300 2946 2357 faciunt
2967 2301 3412 2372 plerumquefieri
3435 2318 3630 2373 opera.

2029 2391 2180 2447 Sicut
2227 2391 2374 2446 enim
2417 2389 2659 2462 perfecte
2686 2385 2750 2417 ’³⁷
2793 2389 3013 2461 sapiens
3052 2389 3324 2446 dimittere
3363 2407 3472 2446 non
3518 2391 3636 2446 vult

2031 2481 2159 2550 quin
2189 2488 2318 2552 agat
2345 2478 2490 2549 quod
2520 2477 2623 2533 sibi
2666 2477 2865 2534 bonum
2909 2479 3146 2550 videtur,
3184 2479 3264 2534 sic
3306 2487 3359 2534 et
3395 2478 3487 2536 ille
3537 2480 3629 2552 qui

2028 2569 2270 2639 perfecte
2309 2568 2502 2622 stultus
2531 2573 2635 2621 est.
2669 2567 2868 2622 Verum
2900 2567 3003 2622 hoc
3027 2567 3152 2623 ideo
3200 2567 3289 2621 ille
3321 2567 3470 2635 facit,
3503 2569 3634 2640 quia

2029 2657 2128 2712 scit
2151 2657 2361 2713 bonum
2392 2671 2500 2711 non
2535 2671 2658 2711 esse
2702 2663 2760 2710 ut
2788 2655 2925 2710 illud
2959 2655 3224 2717 dimittat;
3259 2656 3452 2710 stultus
3479 2673 3631 2734 vero,

2027 2746 2154 2818 quia
2206 2746 2281 2802 sic
2309 2751 2480 2816 putat.
2532 2744 2626 2799 Est
2652 2751 2830 2798 autem
2877 2743 3016 2798 alius
3054 2743 3266 2799 medius
3293 2759 3394 2799 nec
3430 2744 3507 2800 ita
3536 2759 3634 2799 sa-

2028 2833 2184 2906 piens
2231 2833 2362 2904 quin
2407 2839 2609 2887 metuat
2655 2831 2790 2901 falli,
2841 2847 2942 2887 nec
2968 2831 3043 2886 ita
3089 2832 3287 2886 stultus
3315 2831 3446 2886 utin
3486 2832 3634 2888 malo

2027 2923 2174 2995 quod
2227 2921 2452 2993 cceperit
2503 2936 2852 2992 perseverare
2909 2921 3057 2977 velit.
3130 2920 3231 2975 Hic
3295 2936 3428 2995 ergo
3485 2921 3636 2991 quod

2034 3012 2142 3068 sibi
2169 3009 2231 3040 '”
2261 3011 2463 3066 bonum
2492 3010 2728 3077 videtur,
2751 3025 2996 3082 persaepe
3025 3009 3264 3079 dimittit,
3298 3011 3426 3083 quia
3457 3007 3634 3082 magis

2037 3117 2200 3175 quam
2229 3100 2335 3156 sibi
2365 3098 2584 3155 alterius
2617 3098 2787 3154 credit
2814 3098 3058 3155 consilio.

2537 3205 2760 3262 CAPUT
2803 3204 3129 3260 CXXXVII.

2429 3294 2506 3350 De
2535 3293 2660 3350 odio
2681 3297 2740 3348 et
2768 3308 2960 3350 amore
2991 3293 3236 3364 peccati.

2098 3383 2232 3438 Item
2279 3382 2582 3452 perfectum
2625 3382 2832 3453 peccati
2883 3381 3074 3437 odium
3119 3379 3203 3450 ”’,
3243 3380 3634 3456 pcrtectusque

2024 3487 2179 3526 amor
2203 3470 2469 3540 ejusdem,
2509 3470 2654 3526 idem
2685 3470 3010 3542 plerumque
3038 3485 3176 3540 opus
3218 3470 3439 3527 exhibet
3471 3479 3630 3528 exte-

2025 3561 2155 3614 rius.
2206 3560 2357 3615 Sicut
2395 3559 2541 3615 enim
2592 3559 2682 3631 qui
2712 3559 2948 3630 perfecte
2985 3559 3104 3615 odit
3139 3559 3196 3614 in
3233 3574 3297 3616 se
3325 3568 3630 3630 peccatum,

2025 3665 2134 3705 non
2176 3656 2338 3704 curat
2367 3648 2490 3721 quis
2518 3647 2653 3703 illud
2693 3648 3031 3718 cognoverit,
3083 3648 3160 3704 sic
3199 3655 3254 3704 et
3292 3648 3515 3719 quidem
3541 3649 3636 3704 di-

2023 3737 2223 3793 lectum
2269 3736 2326 3792 in
2373 3753 2430 3792 se
2459 3736 2701 3809 perfecte
2731 3736 2932 3809 diligit.
2978 3737 3178 3794 Verum
3226 3739 3330 3794 hoc
3360 3737 3452 3792 ille
3498 3737 3630 3794 facit

2021 3835 2077 3881 ut
2109 3825 2215 3881 sibi
2259 3827 2408 3882 Deus
2454 3826 2756 3898 indulgeat,
2804 3826 2907 3881 iste
2937 3841 3068 3883 vero
3108 3841 3211 3898 pro
3240 3841 3338 3882 sua
3369 3827 3471 3883 hoc
3503 3827 3636 3882 facit

2018 3914 2378 3986 impudentia.
2409 3914 2563 3970 Alius
2588 3930 2718 3971 vero
2757 3913 2967 3970 medius
2995 3922 3079 3970 est
3109 3914 3200 3987 qui
3235 3931 3335 3970 nec
3382 3915 3458 3969 ita
3497 3931 3632 3986 pec-

2019 4010 2207 4058 catum
2245 4001 2358 4057 odit
2396 4001 2451 4056 ui
2493 4003 2597 4058 hoc
2639 4018 2829 4058 omnes
2861 4002 2986 4059 velit
3015 4003 3174 4070 scire,
3206 4016 3310 4059 nec
3338 4019 3522 4057 rursus
3552 4004 3632 4056 sic

2020 4094 2174 4147 amat
2216 4095 2282 4146 ut
2311 4097 2365 4145 et
2411 4104 2600 4145 omnes
2645 4090 2776 4147 velit
2817 4091 3046 4148 nescire.
3077 4091 3176 4146 Hic
3208 4090 3376 4162 igitur
3417 4093 3472 4146 et
3499 4090 3633 4160 plu-

2023 4179 2179 4236 ribus
2200 4178 2334 4236 illud
2355 4176 2661 4250 abscondit,
2692 4187 2746 4236 et
2773 4179 2865 4234 uni
2896 4187 3076 4236 tamen
3099 4194 3196 4252 per
3224 4177 3632 4236 confessionem

2031 4267 2309 4341 patefacit.

2516 4340 2740 4398 CAPUT
2794 4339 3144 4397 CXXXVIII.

2406 4430 2483 4488 De
2515 4430 2846 4487 Immilitate
2877 4434 2934 4486 et
2963 4428 3245 4502 superbia.

2096 4519 2332 4575 Rursus:
2367 4518 2606 4592 perfecta
2649 4516 2926 4574 humilitas
2972 4517 3325 4590 perfectaque
3375 4517 3629 4589 superbia

2027 4623 2196 4682 opera
2233 4608 2485 4680 quaedam
2529 4608 2729 4665 habent
2757 4606 2972 4663 similia.
3015 4604 3167 4664 Sicut
3207 4605 3355 4664 enim
3383 4608 3629 4681 perfecte

1605 4757 1836 4814 VARIE
1873 4757 2290 4816 LECTIONES.

378 4887 441 4965 ξ’·
469 4884 881 4965 Superimponit
925 4879 1121 4964 pietati.
1145 4896 1282 4939 mss.
1327 4880 1721 4965 sugetjmponit
1749 4882 1937 4964 menti.

382 4953 742 5039 inque-mss}.—
785 4953 978 5039 primis
1032 4953 1300 5039 quinque.

309 5025 478 5088 Corb'.
521 5033 621 5086 307
659 5028 728 5084 de
759 5025 843 5081 sui
891 5025 1147 5094 exemplo
1186 5025 1335 5081 aliis.

301 5103 661 5171 eandemque.
735 5096 798 5171 f”
827 5097 1065 5171 Nullam
1110 5103 1292 5171 tamen
1333 5115 1335 5146 :

2010 4882 2458 4965 "‘Ipsahtamen
2502 4897 2610 4965 ms.
2640 4882 2726 4965 _A:
2781 4881 2806 4963 1
2864 4880 2980 4964 ipse
3027 4890 3226 4965 tamen.
3304 4881 3615 4965 ’_"_P_rimus

1380 4951 1547 5027 ":ADe
1572 4951 1873 5027 ‘ipsis__suis
1902 4951 2171 5027 exemplis
2201 4953 2325 5009 aliis
2364 4971 2471 5011 ms.
2497 4957 2576 5010 Α.
2616 4956 2657 5027 -1
2693 4953 2762 5008 de
2789 4951 2924 5027 ipsis
2955 4957 3220 5027 exemplo
3249 4957 3331 5012 sui
3356 4956 3476 5012 aliis
3505 4976 3612 5015 ms.

1415 5021 1477 5051 ⁸³⁸
1523 5021 1806 5091 Accendit,
1859 5021 2164 5091 eandemqu

759 5043 843 5081 sui
891 5043 1147 5094 exemplo
1186 5043 1335 5081 aius.
1415 5043 1476 5051 --ν
1523 5043 1806 5091 accendit,
1859 5043 2090 5080 eanaem
2131 5043 2198 5081 ue
2244 5043 2378 5082 mss.
2430 5043 2676 5081 accendit
2723 5043 2948 5080 canuem

735 5096 798 5125 ’”
845 5097 1065 5151 Nullam
1110 5103 1292 5150 tamen
1333 5093 1402 5149 ab
1432 5110 1497 5151 eo
1527 5111 1660 5150 mss.
1712 5100 1773 5150 Α.
1808 5099 1831 5149 1
1880 5094 2034 5152 Vict.
2066 5043 2134 5152 ig
2167 5097 2321 5154 Corb.
2357 5099 2488 5152 307.
2544 5096 2748 5151 nullam
2791 5095 2863 5150 ab
2903 5112 2988 5152 eo.

2169 5042 2198 5081 e
2244 5041 2378 5082 mss.
2430 5024 2676 5098 accendit
2723 5023 2948 5098 eandem
2997 5023 3146 5098 Editl
3203 5028 3324 5084 Col.
3379 5030 3613 5098 accedit,

3063 5095 3127 5125 ”°
3157 5099 3321 5154 Menti
3350 5101 3555 5169 aspiret
3591 5095 3607 5167 ξ

303 5176 375 5231 ad
403 5163 678 5229 mss-44.1
717 5168 870 5226 Corb.
903 5167 1006 5222 307
1050 5167 1232 5241 menti
1253 5165 1680 5241 ειδρίιέιξᾼςῌιμῘη⁸
1707 5163 1784 5241 ,’⁸¹
1825 5167 1893 5222 Ut
1919 5168 2064 5241 quod
2096 5167 2352 5241 videlicet
2381 5168 2622 5241 mss._.{1_.
2663 5171 2688 5221 1
2711 5168 2870 5241 lict.
2912 5168 2988 5241 13
3031 5184 3153 5224 cum
3177 5169 3323 5241 quod
3354 5163 3612 5226 videlicet

293 5263 404 5302 ms.
452 5244 612 5301 Corb.
656 5245 757 5296 301
793 5253 1024 5308 cumque
1069 5236 1345 5292 videlicet.
1421 5235 1482 5264 ⁹³¹
1512 5237 1594 5292 Sit
1619 5236 1720 5291 sibi
1748 5253 1884 5294 mss.
1922 5235 1980 5294 Ᾱ.
2018 5240 2042 5292 1
2090 5239 2257 5296 Corb.
2293 5242 2396 5294 307
2425 5237 2483 5292 tit
2511 5237 2634 5293 sibi.
2711 5236 2773 5265 ’³⁸
2807 5238 2963 5294 Unde
2984 5255 3030 5293 n4

303 5327 370 5363 Α-
409 5320 432 5363 t
468 5329 661 5363 verum
691 5310 970 5363 sciendum
1018 5308 1164 5363 auia.
1241 5306 1304 5337 ”‘
1335 5307 1542 5363 Sensus
1572 5307 1712 5363 regit
1766 5316 1819 5363 et
1867 5308 1937 5363 ad
1964 5325 2070 5363 ms.
2122 5315 2196 5363 Α.
2258 5313 2281 5363 1
2316 5325 2508 5363 sensus
2557 5308 2646 5363 ad.
2720 5307 2783 5336 ’³⁵
2811 5309 3030 5363 Dissimi

293 5327 370 5376 Δ.
409 5320 433 5371 1
468 5329 661 5372 verum
691 5310 970 5367 sciendum
1018 5308 1164 5380 quia.
1241 5308 1304 5337 ”‘
1335 5308 1542 5363 Sensus
1572 5308 1712 5379 regit
1766 5316 1819 5363 et
1867 5308 1937 5364 ad
1964 5325 2070 5364 ms.
2122 5315 2196 5364 Α.
2258 5313 2281 5364 1
2316 5325 2508 5365 sensus
2557 5308 2646 5365 ad.
2720 5308 2783 5336 ’⁸⁵
2811 5309 3089 5365 Dissimila
3143 5308 3366 5382 semper
3392 5311 3600 5368 habent

292 5405 404 5446 ms.
454 5388 517 5442 Α.
553 5389 579 5440 1
629 5380 919 5438 dissimilia
947 5379 1188 5451 habent.
1243 5374 1305 5404 ’⁸⁸
1354 5381 1457 5451 Aut
1485 5379 1708 5434 stultitia
1752 5380 1997 5451 mss.A.
2051 5383 2075 5434 1
2120 5382 2256 5438 I'ict.
2315 5383 2377 5436 13
2410 5385 2466 5436 et
2505 5380 2648 5436 Edit.
2681 5379 2795 5451 Coi.
2829 5388 2990 5451 atque
3035 5381 3282 5438 stultitia.
3356 5378 3422 5409 ”"
3448 5381 3600 5437 Sicut

293 5327 370 5376 Δ.
409 5320 433 5371 1
468 5329 661 5372 verum
691 5310 970 5367 sciendum

333 5458 539 5516 erfecte
584 5471 722 5511 mss.
766 5455 837 5509 Α.
893 5453 918 5505 1

2711 5236 2781 5312 {’1
2807 5238 2963 5312 Unde
2984 5236 3280 5312 notandum
3311 5241 3473 5312 quod
3491 5259 3600 5298 ms.

3356 5378 3422 5409 ”"
3448 5381 3604 5437 Sicut

1001 5450 1139 5528 Vict.
1172 5450 1236 5504 13
1276 5450 1438 5528 Corb_._
1472 5452 1575 5504 307
1605 5453 1663 5506 et
1687 5449 1980 5528 Kdi_t._qo_t.
2009 5453 2154 5528 s_ic_ut
2182 5452 2325 5506 enim
2353 5451 2630 5528 perfecte.
2703 5449 2766 5480 ’“
2803 5449 3062 5526 Hic—ergo
3107 5453 3255 5528 quod
3284 5451 3384 5508 sibi
3434 5453 3594 5511 Edit.

337 5529 417 5588 at.
454 5530 559 5587 hoc
585 5541 718 5598 ergo
745 5524 869 5579 sibi.
942 5519 1004 5549 ’³³
1037 5522 1324 5578 Peccatum
1349 5521 1537 5578 odium
1569 5538 1701 5580 mss.
1735 5525 1794 5579 et
1826 5521 1974 5580 Edit.
2009 5522 2125 5580 Col.
2155 5519 2609 5598 peccati—odium.

591 5649 842 5708 Panos.
886 5641 1073 5704 CLIX.
