4046 6076
414 233 517 334 ess

1412 261 1741 327 aADMERI
1793 257 2343 328 CANTUARIENSIS
2381 258 2723 328 moment.

3617 267 3719 331 68‘

410 383 630 458 humilis
683 414 807 456 cum
861 394 1068 470 peccat,
1129 382 1242 453 vult
1288 391 1346 453 ut
1392 383 1507 468 ejus
1553 394 1809 467 praelatus
1855 410 2006 448 suam
2037 396 2093 456 A
2123 396 2474 464 taciturnitas,
2522 396 2763 468 corporis
2805 397 3160 475 continentia,
3215 398 3566 455 verecundia.-
3607 399 3720 454 Ta-

405 489 650 546 districte
680 487 869 558 puniat
895 486 1131 557 culpam,
1164 485 1243 540 sic
1290 492 1344 541 et
1373 483 1530 538 valde
1577 482 1864 553 superbus.
1900 483 2006 536 Ve—

411 595 537 634 rum
583 578 687 634 hoc
735 574 826 631 ille
869 575 984 631 vult
1034 589 1130 645 pro
1179 573 1422 641 ejusdem
1462 572 1645 644 culpae
1674 569 1988 626 remissione

407 668 510 724 iste
556 681 685 722 vero
733 663 848 721 vult
893 662 1003 734 pati
1066 677 1171 733 pro
1216 661 1609 734 indignatione.
1670 659 2012 729 Dedignatur

410 770 650 826 namque
698 750 754 808 ut
785 751 1046 824 praelatus
1075 751 1248 821 ipsius
1281 750 1362 805 sui
1393 750 1645 806 misertus
1669 748 1755 802 vel
1785 746 1854 802 ad
1885 761 2008 801 mo-

407 847 586 901 dicum
636 841 740 897 sibi
771 849 976 912 parcat,
1011 839 1120 896 imo
1154 839 1332 913 magis
1362 847 1419 894 ut
1468 855 1618 893 suam
1650 834 2010 891 immoderate

403 917 593 1006 puniat
621 931 838 1002 culpam
878 930 1156 986 desiderat
1183 928 1262 983 "°.
1297 929 1391 983 Est
1418 936 1599 983 autem
1631 925 1767 980 alius
1796 923 2006 980 medius

402 1022 495 1094 qui
525 1036 627 1076 nec
673 1018 895 1075 o‘mnino
927 1019 1164 1074 districta
1192 1017 1390 1089 puniri,
1437 1031 1536 1072 nec
1565 1030 1718 1070 suam
1749 1011 1852 1067 sibi
1881 1012 2002 1068 cul-

402 1123 531 1182 pam
557 1109 672 1164 vult
721 1124 788 1163 ex
819 1115 932 1163 toto
963 1107 1172 1162 donari.
1206 1106 1303 1161 Hic
1347 1107 1529 1177 itaque
1557 1120 1681 1160 cum
1711 1099 2006 1173 aliquando

406 1205 618 1272 peccat,
662 1197 860 1268 partim
909 1196 1084 1268 puniri
1131 1194 1438 1268 partimque
1477 1192 1672 1248 dimitti
1713 1207 1867 1246 suam
1904 1189 2034 1259 sibi

401 1289 619 1360 culpam
661 1285 955 1342 desiderat.
990 1285 1089 1340 Hic
1118 1299 1353 1354 namque
1383 1283 1516 1337 illud
1546 1281 1709 1336 habet
1737 1294 2006 1336 verecun-

406 1377 510 1432 diae
559 1391 735 1448 genus
785 1390 906 1445 qua:
953 1374 1156 1445 partim
1205 1388 1391 1428 coram
1423 1373 1560 1440 Deo,
1591 1370 1895 1442 partimque
1926 1373 2008 1422 est

407 1481 592 1522 coram
626 1463 960 1520 hominibus.

922 1551 1143 1608 CAPUT
1180 1550 1458 1606 CXXXIX
1475 1590 1490 1606 .

447 1710 455 1716 ,
690 1639 766 1698 De
800 1640 980 1698 tribus
1019 1640 1373 1697 verecundia:
1401 1637 1716 1711 generibus.

473 1732 601 1789 Tria
649 1731 849 1786 etenim
899 1733 1030 1784 sunt
1089 1729 1428 1786 verecundia:
1491 1743 1716 1798 genera,
1765 1740 1886 1798 quin
1951 1726 2004 1780 et

422 1823 545 1895 ipsa
575 1820 638 1848 ’“
669 1826 962 1891 Operantur
991 1818 1226 1873 exterius
1254 1817 1496 1873 diversa.
1533 1816 1654 1871 Alia
1683 1829 1915 1884 namque
1945 1828 2004 1867 es

411 1927 597 1968 coram
628 1911 741 1964 Deo
792 1914 1017 1977 tantum,
1049 1907 1155 1961 alia
1186 1921 1317 1962 vero
1348 1909 1556 1961 tantum
1602 1919 1789 1960 coram
1823 1900 2004 1957 homi-

410 2000 590 2065 nibus,
625 1997 730 2053 alia
776 2005 951 2052 autem
985 1995 1181 2066 partim
1213 2010 1395 2050 coram
1443 1994 1557 2048 Deo
1586 1999 1639 2047 et
1682 1990 1876 2062 partim
1905 2005 2004 2044 co-

405 2105 516 2144 ram
549 2085 887 2142 hominibus.
927 2084 1263 2140 Verecundia
1310 2098 1544 2153 namque
1570 2079 1634 2108 "’
1662 2094 1848 2136 coram
1887 2079 2003 2133 Deo

407 2181 613 2234 tantum
665 2182 763 2244 est,
815 2190 939 2230 cum
971 2173 1095 2244 quia
1145 2173 1278 2227 tales
1308 2188 1492 2226 sumus
1526 2169 1714 2241 quales
1741 2184 1848 2224 non
1881 2182 2004 2222 esse

405 2248 565 2321 decet
611 2263 1008 2318 erubescimus.
1060 2267 1354 2332 nostraque
1401 2267 1642 2331 peccata,
1673 2258 1717 2312 si
1748 2273 1854 2312 non
1884 2255 2004 2310 aliis

402 2353 675 2421 obessent,
726 2366 906 2407 coram
957 2350 1270 2404 hominibus
1321 2349 1631 2404 fateremur.
1667 2345 1999 2401 Verecundia

400 2459 530 2499 vero
562 2456 746 2498 coram
778 2438 1090 2495 hominibus
1142 2445 1346 2492 tantum
1377 2445 1478 2506 est,
1511 2453 1630 2491 cum
1663 2435 1788 2508 quia
1817 2449 1998 2507 agno-

399 2533 604 2589 scimus
654 2530 842 2602 quales
887 2544 996 2583 non
1045 2543 1165 2583 esse
1209 2527 1488 2594 debemus,
1539 2523 1902 2581 erubescimus
1945 2530 1998 2578 et

397 2619 834 2675 verecundamur
881 2615 964 2686 “',
1015 2625 1302 2688 nostraque
1333 2615 1529 2670 delicta
1574 2614 1737 2669 etiam
1775 2613 1864 2666 uni
1893 2611 1994 2666 de-

401 2719 584 2780 tegere
636 2724 730 2776 per
777 2705 1170 2761 confessionem
1220 2702 1611 2760 erubescimus.
1662 2699 1998 2755 Verecundia

399 2805 580 2852 autem
611 2795 808 2864 partim
855 2810 1038 2848 coram
1082 2793 1216 2860 Deo,
1248 2792 1556 2861 partimque
1601 2805 1781 2845 coram
1811 2788 1996 2844 homi-

395 2884 558 2939 nibus
609 2891 707 2949 est,
758 2889 815 2936 ut
843 2897 964 2937 cum
1014 2897 1116 2935 nec
1158 2882 1229 2935 ita
1277 2879 1345 2934 de
1375 2879 1571 2934 nostris
1614 2877 1854 2948 peccatis
1899 2893 1996 2933 co-

395 2987 510 3028 ram
563 2973 678 3026 Deo
710 2969 1107 3034 erubescimus,
1141 2976 1197 3022 ut
1240 2983 1305 3023 ea
1335 2968 1497 3023 etiam
1538 2982 1723 3022 coram
1753 2966 1996 3021 homini-

395 3062 496 3114 bus
540 3059 693 3114 fateri
737 3056 1013 3124 velimus;
1081 3071 1182 3113 nec
1231 3056 1304 3111 ita
1352 3072 1536 3110 rursus
1583 3069 1770 3111 coram
1814 3053 1995 3109 homi-

2114 486 2393 542 citurnitas
2421 485 2692 554 videlicet,
2738 493 2796 541 ut
2824 485 2980 556 prius
3015 495 3208 557 taceat,-
3252 488 3519 559 posterius
3547 487 3715 544 dicat.

2095 576 2357 646 Corporis
2405 583 2583 630 autem
2632 575 2977 646 continentia,
3023 584 3227 632 utnon
3270 576 3462 633 leviter
3507 575 3714 644 oculos,

2118 669 2224 723 huc
2254 665 2496 736 illucque
2517 665 2762 728 reducat,
2784 681 2974 720 manus
2990 667 3230 737 pedesve
3259 683 3328 722 ne
3361 673 3594 732 moveat,
3624 666 3720 722 sed

2116 755 2302 812 omnia
2329 751 2580 824 corporis
2610 753 2690 807 sui
2720 753 2976 808 membra
3008 754 3262 810 decenter
3289 755 3585 811 contineat.
3618 755 3720 810 Ve-

2116 841 2384 900 recundia
2414 857 2562 909 vero,
2595 850 2658 896 ut
2705 841 2989 898 erubescat
3017 857 3207 900 coram
3247 843 3566 899 hominibus
3593 859 3715 900 cum

2117 933 2243 1004 quid
2276 932 2495 987 vetitum
2525 930 2640 1002 agit
2665 929 2748 1000 "7,
2779 938 3029 1002 totusque
3059 931 3256 988 rubore
3277 931 3512 988 suffusus
3539 939 3716 990 osten.

2114 1023 2208 1078 dat
2237 1021 2363 1093 quia
2393 1019 2678 1076 erubescit.
2721 1020 2806 1075 Ad
2837 1020 2955 1076 haec
2984 1020 3165 1092 itaque
3194 1021 3296 1076 tria
3319 1021 3537 1092 juvenis
3566 1021 3715 1094 quis-

2119 1126 2223 1184 que
2252 1110 2470 1178 nitatur,
2519 1109 2653 1180 quia
2689 1124 3017 1182 unoquoque
3048 1125 3236 1165 eorum
3265 1110 3336 1164 ad
3360 1109 3549 1165 altiora
3587 1125 3717 1182 pro-

2122 1200 2354 1257 vehitur.
2405 1197 2686 1270 Siquidem
2717 1199 2943 1254 tacendo
2980 1205 3032 1254 et
3069 1199 3341 1254 audiendo
3389 1198 3715 1270 sapientium

2117 1288 2444 1355 doctrinam,
2477 1286 2734 1359 paulatim
2764 1286 2999 1359 concipit
3027 1287 3334 1357 scientiam,
3369 1287 3711 1358 quibusdama

2117 1394 2224 1450 que
2267 1375 2613 1432 incrementis
2657 1375 2725 1430 ad
2776 1375 3117 1447 spiritualem
3165 1376 3328 1432 vitam
3372 1391 3475 1448 per
3522 1391 3709 1432 eorum

2117 1467 2284 1523 verba
2310 1464 2590 1538 pertingit.

2684 1568 2909 1626 CAPUT
2960 1569 3143 1627 CXLI.

2148 1671 2472 1728 Similitudo
2503 1672 2658 1727 inter
2686 1670 2910 1728 diversa
2942 1671 3226 1729 alimenta
3255 1676 3311 1729 et
3350 1677 3657 1748 pracepta.

2031 1784 2085 1845 Β
2187 1761 2336 1816 Sicut
2352 1760 2500 1816 enim
2529 1759 2802 1815 alimentis
2829 1760 3060 1815 diversis
3088 1760 3156 1816 ad
3181 1760 3476 1830 perfectam
3508 1777 3713 1835 carpo-

2114 1850 2189 1906 ris
2219 1857 2452 1915 relatam,
2483 1849 2565 1903 sic
2594 1849 2885 1920 praeceptis
2903 1848 3263 1904 dissimilibus
3282 1851 3351 1905 ad
3378 1850 3715 1921 spiritualem

2113 1938 2426 2010 perducitur
2469 1937 2658 1993 vitam.
2704 1938 2773 1994 Ut
2801 1937 2944 1993 enim
2996 1937 3257 1994 educatur
3298 1934 3360 1966 ‘"
3390 1939 3547 2010 prius
3578 1936 3716 1995 sim-

2114 2027 2241 2098 plici
2284 2027 2422 2082 lacte
2451 2026 2654 2094 matris,
2706 2025 2777 2081 de
2825 2027 2950 2082 hinc
2994 2027 3178 2100 aliquo
3237 2027 3365 2096 alio,
3397 2027 3594 2083 deinde
3635 2029 3716 2084 fa-

2110 2115 2243 2172 rinae
2297 2115 2602 2184 commisto,
2667 2122 2857 2186 postea
2905 2115 3064 2171 micis
3111 2116 3296 2185 panis,
3363 2116 3714 2184 postmodum

2111 2205 2273 2260 etiam
2323 2204 2513 2258 crustis
2578 2204 2757 2260 donec
2815 2203 3060 2275 quolibet
3127 2204 3300 2260 solido
3354 2204 3476 2260 cibo
3533 2205 3712 2262 valeat

2109 2293 2206 2349 uti.
2257 2291 2346 2346 Sic
2374 2292 2425 2346 ei
2477 2292 2717 2362 primum
2745 2292 2806 2320 "°
2850 2293 3074 2363 jubetur
3120 2293 3175 2348 in
3234 2293 3406 2349 Deum
3462 2293 3707 2364 credere,

2108 2381 2306 2436 dehinc
2343 2397 2464 2436 eum
2514 2381 2762 2450 diligere,
2821 2382 3020 2438 deinde
3067 2381 3284 2450 timere,
3325 2389 3513 2453 postea
3567 2381 3708 2438 bene

2105 2469 2337 2542 operari,
2398 2471 2744 2541 postmodum
2784 2471 2946 2525 etiam
3003 2471 3226 2525 adversa
3277 2471 3386 2542 pati
3440 2468 3522 2537 ⁸⁸⁸,
3570 2485 3705 2541 quo-

2106 2576 2278 2630 usque
2333 2560 2435 2615 sibi
2475 2567 2802 2631 praaceplum
2866 2559 3144 2630 quodlibet
3172 2575 3358 2617 secure
3389 2561 3562 2631 possit
3613 2561 3704 2616 in-

2101 2648 2278 2721 jungi.

2656 2755 2884 2812 CAPUT
2931 2755 3144 2812 CXLII.

2319 2863 2656 2933 Exemplum
2702 2864 2833 2920 novi
2863 2864 3008 2919 vasi:
3035 2863 3212 2920 semel
3244 2861 3480 2920 imbuti.

2176 2951 2314 3020 Quia
2343 2951 2606 3023 spirituali
2639 2952 2883 3008 doctrina
2912 2953 3084 3008 semel
3131 2952 3200 3008 ad
3247 2952 3470 3024 plenum
3536 2951 3716 3008 imbu-

2104 3047 2215 3106 tus,
2255 3056 2400 3096 novo
2438 3041 2554 3097 vasi
2612 3040 2802 3095 similis
2840 3056 2960 3096 esse
2997 3041 3238 3096 videtur.
3295 3042 3364 3097 Ut
3421 3041 3564 3096 enim
3607 3057 3710 3096 vas

391 3149 575 3214 nibus,
623 3155 680 3202 ut
740 3163 805 3202 ea
849 3145 935 3202 vel
1004 3145 1102 3200 uni
1147 3160 1247 3216 per
1304 3144 1696 3199 confessionem
1748 3143 2005 3215 delegere
2033 3141 2083 3204 C
2115 3145 2315 3184 Πονυπι
2353 3138 2480 3201 POul
2512 3129 2657 3185 bono
2679 3130 2851 3185 semel
2890 3129 3162 3198 θῧθοῑυῐην
3194 3129 3286 3183 "ix
3315 3131 3431 3197 eius
3459 3145 3716 3200 saporem

394 3238 798 3293 erubescamus.
857 3233 993 3302 Quae
1045 3235 1224 3305 itaque
1271 3232 1600 3288 verecundia
1654 3241 1737 3288 est
1797 3241 2002 3288 tantum

393 3341 589 3382 coram
618 3324 933 3380 hominibus
965 3331 1046 3378 est
1076 3323 1254 3385 bona;
1289 3337 1412 3393 quae
1442 3337 1570 3376 vero
1593 3322 1788 3391 partim
1818 3338 2002 3377 coram

395 3416 511 3470 Deo
544 3421 646 3481 est,
682 3413 877 3485 partim
910 3427 1093 3467 coram
1144 3410 1475 3476 hominibus,
1509 3418 1589 3466 est
1621 3411 1848 3473 melior;
1883 3427 2002 3481 quae

389 3512 569 3564 autem
599 3518 787 3558 coram
820 3501 934 3556 Deo
961 3509 1171 3555 tantum
1201 3508 1299 3568 est,
1333 3500 1539 3570 Optima
1570 3508 1666 3554 est.
1702 3500 1833 3556 Haec
1855 3501 1998 3555 enim

391 3599 694 3664 postrema,
726 3597 783 3644 ut
816 3590 1020 3644 dictum
1053 3596 1157 3662 est,
1191 3588 1234 3641 si
1278 3604 1385 3642 non
1415 3587 1634 3642 obesset
1674 3587 1811 3655 aliis,
1843 3602 1997 3642 suam

396 3681 642 3735 homines
688 3677 933 3733 conﬁteri
982 3676 1202 3746 culpam
1231 3691 1414 3731 coram
1463 3675 1717 3730 omnibus
1759 3676 1986 3732 faceret.

397 3767 576 3822 Media
604 3782 759 3835 vero,
792 3781 892 3820 nec
939 3765 1009 3818 ita
1045 3773 1125 3819 est
1155 3764 1394 3834 perlecta
1424 3770 1474 3817 ut
1509 3778 1694 3819 coram
1742 3764 1996 3819 omnibus

397 3856 546 3925 velit,
597 3870 697 3910 nec
747 3853 821 3908 ita
868 3860 950 3908 est
1001 3850 1238 3923 perfecta
1279 3859 1337 3906 ut
1401 3850 1628 3905 salutem
1689 3850 1750 3880 ’“
1808 3867 1997 3908 coram

397 3961 506 4001 uno
563 3960 663 4016 per
734 3941 1135 3999 confessionem
1209 3957 1383 3996 suam
1419 3940 1705 3996 erubescat
1777 3941 1998 4012 culpam

397 4035 576 4106 fateri.
629 4032 817 4087 Prima
861 4040 1042 4086 autem
1105 4031 1264 4085 etiam
1321 4045 1504 4086 coram
1560 4045 1669 4086 uno
1734 4031 2006 4086 erubescit

401 4123 615 4194 c'ulpam
667 4119 841 4186 fateri,
893 4119 1039 4174 bona
1085 4129 1264 4173 tamen
1309 4125 1393 4173 est
1442 4125 1492 4174 et
1522 4117 1661 4189 ipsa,
1713 4118 1838 4188 quia
1883 4118 2007 4174 licet

402 4213 506 4266 sub
536 4211 756 4278 rubore,
807 4208 1026 4279 culpam
1057 4211 1242 4262 tamen
1285 4205 1572 4263 conﬁtetur
1599 4207 1684 4262 vel
1715 4207 1806 4262 uni
1837 4224 2012 4280 quan-

401 4299 603 4374 doque.

1003 4385 1227 4441 CAPUT
1267 4381 1424 4438 CXL.

620 4477 694 4532 De
718 4475 900 4532 tribus
929 4492 1052 4548 qua:
1081 4476 1364 4530 notantur
1394 4474 1454 4529 in
1469 4473 1680 4544 juvene
1708 4469 1789 4528 ⁸³⁸⁵.

479 4565 542 4622 In
584 4568 787 4637 juvene
830 4579 1047 4635 quoque
1090 4563 1190 4618 tria
1247 4567 1502 4617 notantur
1543 4557 1626 4630 "°,
1681 4561 1880 4631 quibus
1940 4564 2009 4620 ad

404 4656 729 4730 probitatem
759 4662 1025 4711 venturus
1055 4652 1435 4723 prmnoscitur.
1469 4650 1597 4707 Ilaec
1625 4657 1803 4705 autem
1835 4661 1963 4708 sunt
1992 4673 2004 4709 :

2082 4301 2255 4373 “nolit
2317 4300 2548 4356 tacendo
2614 4300 2842 4356 scientia
2905 4301 3003 4359 uti.

2113 3218 2330 3283 amittit,
2391 3218 2602 3272 etiamsi
2659 3218 2769 3274 alio
2811 3219 3157 3288 postmodum
3202 3218 3486 3288 repleatur
3521 3218 3720 3273 diversi

2115 3307 2345 3376 saporis,
2396 3307 2476 3362 sic
2514 3307 2758 3376 juvenile
2794 3322 2890 3363 cor
2931 3307 3197 3376 spirituali
3249 3308 3501 3362 doctrina
3541 3306 3717 3362 semel

2111 3395 2375 3450 imbutum
2405 3395 2496 3452 vix
2517 3395 2636 3464 ejus
2667 3396 3013 3452 dulcedinem
3035 3397 3236 3466 perdit,
3270 3396 3428 3452 etiam
3461 3410 3585 3452 cum
3617 3410 3716 3451 sre-

2110 3484 2279 3538 culari
2324 3491 2620 3554 occupatur
2658 3491 2850 3555 postea
2901 3485 3144 3556 negotio,
3193 3485 3404 3540 ratione
3433 3483 3595 3539 ofﬁcii
3625 3483 3718 3539 cui

2106 3571 2166 3600 ⁹⁵¹
2196 3573 2442 3627 intendit.
2478 3573 2537 3628 Si
2559 3580 2738 3628 autem
2769 3574 2996 3628 tacendo
3029 3573 3353 3644 sapientium
3389 3573 3557 3628 verba
3584 3587 3713 3627 con-

2107 3662 2293 3716 temnit
2321 3660 2530 3727 audire,
2563 3675 2664 3716 nec
2692 3660 2758 3715 ad
2801 3661 2968 3716 ullam
3005 3661 3263 3718 ascendet
3292 3661 3574 3718 scientiam
3605 3661 3712 3731 spi-

2104 3750 2316 3806 rilualis
2361 3750 2515 3806 vitm.

2687 3857 2911 3914 CAPUT
2951 3857 3192 3913 CXLIII.

2657 3947 2998 4019 Exemplum
3026 3949 3226 4004 cultri.

2183 4034 2362 4108 thue
2393 4033 2483 4107 qui
2515 4035 2736 4107 proprio
2775 4043 2926 4091 caret
2953 4035 3152 4104 cultro,
3199 4036 3400 4094 merito
3446 4039 3636 4110 esurit,
3670 4037 3720 4095 si

2116 4123 2293 4180 alieno
2341 4124 2580 4179 incidere
2643 4122 2708 4151 ’δ’
2763 4123 2916 4192 nolit,
2985 4132 3038 4179 et
3086 4124 3188 4180 iste
3258 4126 3482 4199 propria
3529 4144 3722 4186 carens

2118 4213 2341 4270 scientia
2380 4213 2503 4282 jure
2557 4211 2821 4284 spirituali
2883 4212 3030 4268 fame
3073 4213 3300 4284 deperit,
3368 4231 3492 4270 cum
3543 4217 3720 4273 aliena

3089 4302 3342 4358 Tacendo
3422 4305 3588 4377 igitur
3634 4321 3719 4362 sa-

2120 4389 2381 4462 pientium
2419 4388 2598 4445 verbis
2663 4389 2926 4459 altendat,
2966 4399 3027 4446 ut
3081 4391 3151 4446 ad
3207 4391 3488 4448 scientiam
3545 4395 3716 4464 spiri-n

2117 4479 2272 4533 tualis
2310 4478 2435 4534 vitae
2473 4477 2720 4534 doctrina
2763 4494 2955 4535 eorum
3012 4479 3307 4553 pertingat.
3374 4481 3716 4540 Continendo

2119 4575 2297 4624 autem
2355 4567 2601 4640 corporis
2660 4568 2924 4637 membra,
2994 4574 3054 4624 ut
3117 4585 3282 4639 supra
3339 4569 3546 4625 dictum
3609 4579 3713 4639 est,

2119 4657 2174 4711 in
2231 4656 2428 4711 melius
2485 4655 2717 4728 proficit,
2765 4657 2892 4727 quia
2928 4663 3166 4712 mentem
3212 4658 3318 4714 boc
3362 4659 3528 4716 modo
3590 4667 3713 4717 sta-

1711 4775 1936 4830 VARIIE
1980 4774 2283 4831 LECTION
2289 4775 2394 4831 ES.

480 4902 542 4934 "°
574 4903 876 4960 Desiderat.
902 4918 1036 4958 mss.
1059 4898 1280 4974 addunt
1299 4912 1315 4954 :
1337 4899 1435 4955 Hic
1454 4913 1691 4974 namque
1713 4898 1844 4954 illud
1888 4899 2052 4956 habet
2070 4901 2419 4974 verecundiae
2440 4915 2640 4974 genus,
2690 4916 2813 4973 qua:
2832 4899 3028 4972 partim
3044 4916 3228 4959 coram
3246 4900 3386 4970 Deo,
3411 4897 3717 4974 partimque

413 4986 498 5034 est
516 4991 700 5032 coram
732 4974 1063 5028 hominibus.

412 5063 587 5114 usque
625 5048 695 5101 ad
715 5046 885 5113 ﬁnem
917 5044 1138 5114 capitis.

1139 4971 1199 5000 °“
1248 4971 1382 5039 Quae
1402 4979 1452 5026 et
1475 4969 1646 5042 ipsam
1667 4987 1804 5026 mss.
1850 4989 1971 5042 qua:
1994 4981 2046 5027 et
2065 4973 2201 5044 ipsa.
2238 4969 2301 5002 ⁵⁴²
2333 4969 2668 5029 Verécundia
2699 4969 2932 5042 namque
2970 4977 3082 5030 etc.
3129 4989 3236 5028 ma.
3268 4977 3310 5026 Δ
3335 5011 3349 5026 .
3399 4969 3455 5025 ἱ.
3491 4969 3717 5026 omittit

1214 5041 1277 5068 9“
1310 5043 1532 5068 n..-l.\.~.
1560 5057 1670 5068 ιιι-ΛΑ
1705 5042 1970 5068 ΔΑῑ-Αηρ..-
2025 5043 2452 5068 -..ι-..-ημλΑμη-
2478 5061 2591 5068 μ.--
2653 5045 2768 5068 Ιιέιι
2819 5047 2880 5068 ιιι
2932 5043 3065 5068 ΠΑμΙ.
3121 5047 3222 5068 θΛΠ
3256 5041 3436 5068 .....-I-..
3467 5056 3571 5068 “An
3604 5054 3717 5068 Λευ-η

1237 5041 1277 5069 ⁸³
1309 5041 1534 5110 Qualem
1557 5057 1672 5097 esse
1702 5041 1992 5114 debemus,
2025 5041 2452 5101 verecundamur
2475 5061 2611 5100 mss.
2653 5045 2788 5100 Vict.
2817 5041 2881 5098 13
2929 5043 3086 5102 Corb.
3121 5047 3222 5099 307
3254 5041 3438 5114 quales
3467 5056 3574 5097 non
3603 5054 3720 5096 esse

415 5110 680 5175 debemus
709 5110 1076 5186 erubescimus
1104 5120 1157 5186 et
1184 5114 1637 5186 verecundamur.
1705 5110 1765 5141 ’“
1799 5113 2060 5186 Perfecta,
2092 5123 2150 5170 ut
2167 5115 2359 5170 saltem
2388 5131 2522 5186 mss.
2555 5119 2612 5171 et
2642 5115 3019 5186 Εάἱιηοοὶοη.
3043 5110 3287 5186 perlecta
3311 5121 3369 5186 ut
3396 5127 3581 5186 coram
3601 5126 3724 5186 om-

419 5191 582 5246 nibus
612 5187 768 5244 velit;
790 5201 888 5240 nec
918 5185 992 5238 ita
1021 5191 1099 5237 est
1119 5183 1463 5252 imperfecta,
1486 5193 1544 5237 ut
1565 5185 1776 5256 saltem.
1818 5179 1877 5213 “‘
1907 5186 1987 5239 De
2008 5179 2176 5241 tribus
2202 5185 2498 5256 generibus
2518 5202 2639 5256 quae
2659 5203 2766 5256 ms.
2793 5185 2949 5256 NVict.
2975 5179 3117 5242 l3'et
3136 5186 3287 5242 Edit.
3313 5185 3434 5240 Col.
3463 5183 3533 5238 de
3547 5182 3722 5256 tribus

419 5276 562 5334 quae.
594 5256 656 5286 ⁸⁴⁶
686 5256 814 5334 Tria
843 5271 1043 5334 genera
1069 5262 1475 5334 notanturmss.
1504 5258 1568 5334 Αἷ
1602 5254 1807 5334 l_}fi_c_t.
1836 5258 1897 5334 ιᾳ
1920 5261 1975 5310 et
1996 5258 2145 5334 lidit.
2187 5252 2298 5334 Col.
2324 5256 2424 5311 tria
2443 5252 2716 5334 notantur.
2747 5255 2811 5286 ""
2834 5257 2983 5334 Quid
3012 5257 3239 5334 vetitum
3264 5263 3392 5328 agat
3417 5271 3556 5310 mss.
3582 5252 3724 5334 Quid

412 5324 638 5388 v'etitum
669 5324 982 5400 agitms._A.
1017 5329 1040 5379 1
1068 5325 1196 5400 quid
1215 5325 1455 5380 illicitum
1474 5325 1609 5400 agit.
1641 5324 1701 5400 "_'
1725 5327 1789 5380 Ut
1805 5326 1947 5400 enim
1971 5327 2229 5400 educatur
2242 5333 2350 5400 etc.
2374 5344 2480 5382 ms.
2498 5335 2556 5381 Α.
2579 5329 2630 5384 1.
2650 5324 2974 5385 chetdlia
2993 5331 3248 5385 omnium
3269 5324 3721 5400 qiuarequuntur

415 5369 992 5480 ueneraretur...
1001 5369 1710 5480 regnareggeraai.
1728 5369 2480 5480 :ir;;;.;{sggrggaz;§ggg
2494 5369 3723 5480 ii'iitiii'ijaiii‘iiligii'éi'Eiitiiifiidﬁfiii}

413 5475 558 5532 etde
583 5470 838 5541 Cellarie
851 5469 1114 5541 Domini:
1139 5482 1264 5541 qua;
1282 5482 1396 5522 non
1411 5470 1658 5541 exstant
1674 5468 1782 5522 huc
1805 5484 1978 5541 usque
2005 5469 2067 5524 in
2085 5469 2287 5525 Editis.
2347 5467 2408 5497 "'
2423 5469 2513 5524 Sic
2537 5469 2683 5541 enim
2708 5467 2949 5538 primum
2977 5469 3126 5526 Vict.
3152 5474 3218 5526 13
3241 5475 3298 5528 et
3323 5469 3491 5541 Cori).
3504 5467 3614 5541 397
3642 5467 3724 5541 sic

407 5546 459 5601 ei
487 5544 753 5615 primum.
803 5539 865 5568 "°
893 5539 1122 5594 Diversa
1150 5536 1267 5606 pati
1296 5553 1429 5592 mu.
1476 5537 1607 5593 Vict.
1644 5540 1709 5591 l3
1739 5542 1798 5593 et
1825 5536 1981 5596 Οόνὺ.
2012 5541 2079 5594 30
2108 5541 2338 5596 adversa
2374 5541 2513 5610 pati.
2561 5537 2623 5568 '"
2652 5536 2848 5596 Postea
2875 5541 3117 5611 negotio,
3166 5541 3379 5598 ratione
3407 5537 3592 5606 ofﬁcii,
3622 5536 3714 5593 cui

405 5631 540 5672 nm.
582 5616 720 5672 Vict.
761 5614 825 5682 l3
855 5617 914 5668 et
931 5607 1222 5682 Corb,_307
1247 5611 1549 5678 omittunt,
1579 5608 1822 5682 negotio,
1851 5609 2057 5668 ratione
2085 5609 2266 5669 oﬁicii.
2294 5608 2360 5639 ’”
2385 5609 2578 5668 Alieno
2603 5609 2853 5669 scindere
2870 5627 3007 5668 mu.
3051 5606 3196 5670 Vict.
3229 5615 3295 5668 13
3327 5611 3482 5670 Corb.
3510 5608 3621 5665 807
3647 5611 3718 5667 et

527 5654 540 5670 ο
582 5648 720 5672 ιινιο
765 5648 825 5668 ιν
855 5648 913 5668 νιν
932 5648 1086 5666 υνυνο
1119 5648 1215 5664 ννι
1247 5648 1549 5678 υηνιυνισσσιν,
1579 5648 1822 5679 ωνινοιν,
1851 5648 2056 5668 ιαιινιιιν
2085 5648 2266 5669 annvu-
2385 5648 2578 5668 naevus:
2603 5648 2852 5669 ῡνιιιιιιωυ
2871 5648 3007 5668 ποσσί
3053 5648 3072 5664 7
3097 5648 3196 5670 συν.
3233 5648 3295 5668 ιν
3327 5648 3417 5670 υυι
3431 5648 3482 5668 νο

405 5683 562 5751 ﬁdit.
594 5682 718 5745 Col.
765 5680 944 5741 alieno
970 5679 1231 5740 incidere.
