  <div class='ocr_page' id='page_1' title='image "/cluster/home/n/w/nwhite01/storage/ocr_20150623/159/hvd.32044054760178/348.png"; bbox 0 0 4046 6076; ppageno 0'>
   <div class='ocr_carea' id='block_1_1' title="bbox 245 249 356 314">
    <p class='ocr_par' dir='ltr' id='par_1_1' title="bbox 245 249 356 314">
     <span class='ocr_line' id='line_1_1' title="bbox 245 249 356 314; baseline 0.018 -2"><span class='ocrx_word' id='word_1_1' title='bbox 245 249 356 314; x_wconf 71' lang='grc'>688</span> 
     </span>
    </p>
   </div>
   <div class='ocr_carea' id='block_1_2' title="bbox 1248 254 2571 332">
    <p class='ocr_par' dir='ltr' id='par_1_2' title="bbox 1248 254 2571 332">
     <span class='ocr_line' id='line_1_2' title="bbox 1248 254 2571 332; baseline 0.009 -16"><span class='ocrx_word' id='word_1_2' title='bbox 1248 254 1374 318; x_wconf 85' lang='lat' dir='ltr'>LIB.</span> <span class='ocrx_word' id='word_1_3' title='bbox 1406 254 1503 320; x_wconf 79' lang='lat' dir='ltr'>DE</span> <span class='ocrx_word' id='word_1_4' title='bbox 1533 262 1591 321; x_wconf 94' lang='lat' dir='ltr'>S.-</span> <span class='ocrx_word' id='word_1_5' title='bbox 1623 257 1926 322; x_wconf 82' lang='lat' dir='ltr'>ANSELMI</span> <span class='ocrx_word' id='word_1_6' title='bbox 1955 258 2571 332; x_wconf 67' lang='lat' dir='ltr'>SIMILI’I’UDINIBUS.</span> 
     </span>
    </p>
   </div>
   <div class='ocr_carea' id='block_1_3' title="bbox 3453 273 3556 338">
    <p class='ocr_par' dir='ltr' id='par_1_3' title="bbox 3453 273 3556 338">
     <span class='ocr_line' id='line_1_3' title="bbox 3453 273 3556 338; baseline 0.019 -2"><span class='ocrx_word' id='word_1_7' title='bbox 3453 273 3556 338; x_wconf 70' lang='lat'>686‘</span> 
     </span>
    </p>
   </div>
   <div class='ocr_carea' id='block_1_4' title="bbox 248 385 3558 465">
    <p class='ocr_par' dir='ltr' id='par_1_4' title="bbox 248 385 3558 465">
     <span class='ocr_line' id='line_1_4' title="bbox 248 385 3558 465; baseline 0.007 -27"><span class='ocrx_word' id='word_1_8' title='bbox 248 385 510 443; x_wconf 87' lang='lat' dir='ltr'>biliorem</span> <span class='ocrx_word' id='word_1_9' title='bbox 544 394 596 443; x_wconf 89' lang='lat' dir='ltr'>et</span> <span class='ocrx_word' id='word_1_10' title='bbox 653 386 925 459; x_wconf 89' lang='lat' dir='ltr'>placidam</span> <span class='ocrx_word' id='word_1_11' title='bbox 972 388 1176 444; x_wconf 79' lang='lat' dir='ltr'>reddit.</span> <span class='ocrx_word' id='word_1_12' title='bbox 1251 391 1403 445; x_wconf 80' lang='lat' dir='ltr'>Mens</span> <span class='ocrx_word' id='word_1_13' title='bbox 1459 406 1590 448; x_wconf 88' lang='lat' dir='ltr'>vero</span> <span class='ocrx_word' id='word_1_14' title='bbox 1644 390 1851 446; x_wconf 82' lang='lat' dir='ltr'>stabilis</span> <span class='ocrx_word' id='word_1_15' title='bbox 1879 391 1935 453; x_wconf 86' lang='lat' dir='ltr'>A</span> <span class='ocrx_word' id='word_1_16' title='bbox 1964 391 2238 465; x_wconf 86' lang='lat' dir='ltr'>loquendo</span> <span class='ocrx_word' id='word_1_17' title='bbox 2270 399 2514 457; x_wconf 85' lang='lat' dir='ltr'>viliorem</span> <span class='ocrx_word' id='word_1_18' title='bbox 2542 389 2719 456; x_wconf 66' lang='lat' dir='ltr'>efficit.</span> <span class='ocrx_word' id='word_1_19' title='bbox 2745 391 2900 459; x_wconf 87' lang='lat' dir='ltr'>Unde</span> <span class='ocrx_word' id='word_1_20' title='bbox 2956 413 3182 462; x_wconf 80' lang='lat' dir='ltr'>necesse</span> <span class='ocrx_word' id='word_1_21' title='bbox 3239 412 3322 462; x_wconf 90' lang='lat' dir='ltr'>est</span> <span class='ocrx_word' id='word_1_22' title='bbox 3376 414 3434 461; x_wconf 92' lang='lat' dir='ltr'>ut</span> <span class='ocrx_word' id='word_1_23' title='bbox 3488 408 3558 463; x_wconf 90' lang='lat' dir='ltr'>ab</span> 
     </span>
    </p>
   </div>
   <div class='ocr_carea' id='block_1_5' title="bbox 254 475 1480 550">
    <p class='ocr_par' dir='ltr' id='par_1_5' title="bbox 254 475 1480 550">
     <span class='ocr_line' id='line_1_5' title="bbox 254 475 1480 550; baseline 0.002 -16"><span class='ocrx_word' id='word_1_24' title='bbox 254 484 313 535; x_wconf 86' lang='lat' dir='ltr'>et</span> <span class='ocrx_word' id='word_1_25' title='bbox 340 477 560 548; x_wconf 88' lang='lat' dir='ltr'>placida</span> <span class='ocrx_word' id='word_1_26' title='bbox 591 475 834 533; x_wconf 81' lang='lat' dir='ltr'>exterius</span> <span class='ocrx_word' id='word_1_27' title='bbox 861 477 1027 532; x_wconf 87' lang='lat' dir='ltr'>verba</span> <span class='ocrx_word' id='word_1_28' title='bbox 1047 477 1226 534; x_wconf 79' lang='lat' dir='ltr'>reddit</span> <span class='ocrx_word' id='word_1_29' title='bbox 1258 486 1310 535; x_wconf 91' lang='lat' dir='ltr'>et</span> <span class='ocrx_word' id='word_1_30' title='bbox 1337 479 1480 550; x_wconf 90' lang='lat' dir='ltr'>ipsa.</span> 
     </span>
    </p>
   </div>
   <div class='ocr_carea' id='block_1_6' title="bbox 799 584 1284 642">
    <p class='ocr_par' dir='ltr' id='par_1_6' title="bbox 799 584 1284 642">
     <span class='ocr_line' id='line_1_6' title="bbox 799 584 1284 642; baseline 0.002 -3"><span class='ocrx_word' id='word_1_31' title='bbox 799 584 1020 641; x_wconf 80' lang='lat' dir='ltr'>CAPUT</span> <span class='ocrx_word' id='word_1_32' title='bbox 1049 585 1284 642; x_wconf 81' lang='lat' dir='ltr'>CXLIV.</span> 
     </span>
    </p>
   </div>
   <div class='ocr_carea' id='block_1_7' title="bbox 392 675 1701 748">
    <p class='ocr_par' dir='ltr' id='par_1_7' title="bbox 392 675 1701 748">
     <span class='ocr_line' id='line_1_7' title="bbox 392 675 1701 748; baseline 0.002 -18"><span class='ocrx_word' id='word_1_33' title='bbox 392 675 734 747; x_wconf 74' lang='lat' dir='ltr'>Exemplum</span> <span class='ocrx_word' id='word_1_34' title='bbox 763 675 830 731; x_wconf 89' lang='lat' dir='ltr'>de</span> <span class='ocrx_word' id='word_1_35' title='bbox 859 691 1006 747; x_wconf 82' lang='lat' dir='ltr'>aqua</span> <span class='ocrx_word' id='word_1_36' title='bbox 1041 677 1232 748; x_wconf 78' lang='lat' dir='ltr'>quieta</span> <span class='ocrx_word' id='word_1_37' title='bbox 1259 680 1317 732; x_wconf 85' lang='lat' dir='ltr'>et</span> <span class='ocrx_word' id='word_1_38' title='bbox 1333 678 1469 734; x_wconf 84' lang='lat' dir='ltr'>solis</span> <span class='ocrx_word' id='word_1_39' title='bbox 1499 677 1701 734; x_wconf 85' lang='lat' dir='ltr'>radiis.</span> 
     </span>
    </p>
   </div>
   <div class='ocr_carea' id='block_1_8' title="bbox 329 764 1854 838">
    <p class='ocr_par' dir='ltr' id='par_1_8' title="bbox 329 764 1854 838">
     <span class='ocr_line' id='line_1_8' title="bbox 329 764 1854 838; baseline 0 -18"><span class='ocrx_word' id='word_1_40' title='bbox 329 765 402 820; x_wconf 88' lang='lat' dir='ltr'>Ut</span> <span class='ocrx_word' id='word_1_41' title='bbox 433 765 579 820; x_wconf 91' lang='lat' dir='ltr'>enim</span> <span class='ocrx_word' id='word_1_42' title='bbox 609 780 751 834; x_wconf 90' lang='lat' dir='ltr'>aqua</span> <span class='ocrx_word' id='word_1_43' title='bbox 809 764 1012 834; x_wconf 89' lang='lat' dir='ltr'>quieta,</span> <span class='ocrx_word' id='word_1_44' title='bbox 1053 781 1175 821; x_wconf 91' lang='lat' dir='ltr'>cum</span> <span class='ocrx_word' id='word_1_45' title='bbox 1235 781 1304 821; x_wconf 83' lang='lat' dir='ltr'>ex</span> <span class='ocrx_word' id='word_1_46' title='bbox 1360 783 1466 821; x_wconf 91' lang='lat' dir='ltr'>una</span> <span class='ocrx_word' id='word_1_47' title='bbox 1518 775 1668 838; x_wconf 88' lang='lat' dir='ltr'>parte</span> <span class='ocrx_word' id='word_1_48' title='bbox 1722 765 1854 822; x_wconf 92' lang='lat' dir='ltr'>solis</span> 
     </span>
    </p>
   </div>
   <div class='ocr_carea' id='block_1_9' title="bbox 255 853 1852 926">
    <p class='ocr_par' dir='ltr' id='par_1_9' title="bbox 255 853 1852 926">
     <span class='ocr_line' id='line_1_9' title="bbox 255 853 1852 926; baseline 0 -16"><span class='ocrx_word' id='word_1_49' title='bbox 255 853 484 925; x_wconf 82' lang='lat' dir='ltr'>suscipit</span> <span class='ocrx_word' id='word_1_50' title='bbox 515 853 750 921; x_wconf 82' lang='lat' dir='ltr'><strong>radium,</strong></span> <span class='ocrx_word' id='word_1_51' title='bbox 783 868 851 909; x_wconf 84' lang='lat' dir='ltr'>ex</span> <span class='ocrx_word' id='word_1_52' title='bbox 880 853 1053 909; x_wconf 91' lang='lat' dir='ltr'>altera</span> <span class='ocrx_word' id='word_1_53' title='bbox 1080 855 1324 926; x_wconf 92' lang='lat' dir='ltr'>quietum</span> <span class='ocrx_word' id='word_1_54' title='bbox 1354 863 1406 910; x_wconf 92' lang='lat' dir='ltr'>et</span> <span class='ocrx_word' id='word_1_55' title='bbox 1435 855 1614 926; x_wconf 93' lang='lat' dir='ltr'>ipsum</span> <span class='ocrx_word' id='word_1_56' title='bbox 1670 854 1852 926; x_wconf 89' lang='lat' dir='ltr'>aliquo</span> 
     </span>
    </p>
   </div>
   <div class='ocr_carea' id='block_1_10' title="bbox 249 941 1852 1015">
    <p class='ocr_par' dir='ltr' id='par_1_10' title="bbox 249 941 1852 1015">
     <span class='ocr_line' id='line_1_10' title="bbox 249 941 1852 1015; baseline 0 -17"><span class='ocrx_word' id='word_1_57' title='bbox 249 942 310 999; x_wconf 89' lang='lat' dir='ltr'>in</span> <span class='ocrx_word' id='word_1_58' title='bbox 341 943 558 1014; x_wconf 83' lang='lat' dir='ltr'>pariete</span> <span class='ocrx_word' id='word_1_59' title='bbox 582 941 787 1009; x_wconf 82' lang='lat' dir='ltr'>reddit,</span> <span class='ocrx_word' id='word_1_60' title='bbox 821 942 902 998; x_wconf 86' lang='lat' dir='ltr'>sic</span> <span class='ocrx_word' id='word_1_61' title='bbox 931 958 1084 999; x_wconf 88' lang='lat' dir='ltr'>mens</span> <span class='ocrx_word' id='word_1_62' title='bbox 1139 952 1332 1015; x_wconf 89' lang='lat' dir='ltr'>pacata</span> <span class='ocrx_word' id='word_1_63' title='bbox 1378 944 1680 1015; x_wconf 89' lang='lat' dir='ltr'>suscipiens</span> <span class='ocrx_word' id='word_1_64' title='bbox 1723 960 1852 998; x_wconf 90' lang='lat' dir='ltr'>aure</span> 
     </span>
    </p>
   </div>
   <div class='ocr_carea' id='block_1_11' title="bbox 250 1031 1848 1104">
    <p class='ocr_par' dir='ltr' id='par_1_11' title="bbox 250 1031 1848 1104">
     <span class='ocr_line' id='line_1_11' title="bbox 250 1031 1848 1104; baseline -0.002 -15"><span class='ocrx_word' id='word_1_65' title='bbox 250 1031 572 1102; x_wconf 86' lang='lat' dir='ltr'>cujuspiam</span> <span class='ocrx_word' id='word_1_66' title='bbox 601 1031 850 1100; x_wconf 84' lang='lat' dir='ltr'>verbum,</span> <span class='ocrx_word' id='word_1_67' title='bbox 883 1048 980 1088; x_wconf 92' lang='lat' dir='ltr'>ore</span> <span class='ocrx_word' id='word_1_68' title='bbox 1009 1033 1233 1088; x_wconf 84' lang='lat' dir='ltr'>remittit</span> <span class='ocrx_word' id='word_1_69' title='bbox 1259 1041 1312 1089; x_wconf 90' lang='lat' dir='ltr'>et</span> <span class='ocrx_word' id='word_1_70' title='bbox 1358 1033 1532 1104; x_wconf 90' lang='lat' dir='ltr'>ipsum</span> <span class='ocrx_word' id='word_1_71' title='bbox 1577 1041 1848 1104; x_wconf 90' lang='lat' dir='ltr'>pacatum.</span> 
     </span>
    </p>
   </div>
   <div class='ocr_carea' id='block_1_12' title="bbox 254 1123 1854 1194">
    <p class='ocr_par' dir='ltr' id='par_1_12' title="bbox 254 1123 1854 1194">
     <span class='ocr_line' id='line_1_12' title="bbox 254 1123 1854 1194; baseline -0.001 -17"><span class='ocrx_word' id='word_1_72' title='bbox 254 1123 328 1178; x_wconf 92' lang='lat' dir='ltr'>Ut</span> <span class='ocrx_word' id='word_1_73' title='bbox 348 1137 477 1177; x_wconf 89' lang='lat' dir='ltr'>vero</span> <span class='ocrx_word' id='word_1_74' title='bbox 501 1136 643 1194; x_wconf 91' lang='lat' dir='ltr'>aqua</span> <span class='ocrx_word' id='word_1_75' title='bbox 667 1130 961 1191; x_wconf 84' lang='lat' dir='ltr'>commota,</span> <span class='ocrx_word' id='word_1_76' title='bbox 995 1123 1204 1177; x_wconf 90' lang='lat' dir='ltr'>radium</span> <span class='ocrx_word' id='word_1_77' title='bbox 1259 1131 1610 1192; x_wconf 91' lang='lat' dir='ltr'>commotum,</span> <span class='ocrx_word' id='word_1_78' title='bbox 1668 1123 1746 1179; x_wconf 92' lang='lat' dir='ltr'>sic</span> <span class='ocrx_word' id='word_1_79' title='bbox 1800 1130 1854 1178; x_wconf 93' lang='lat' dir='ltr'>et</span> 
     </span>
    </p>
   </div>
   <div class='ocr_carea' id='block_1_13' title="bbox 251 1209 1851 1281">
    <p class='ocr_par' dir='ltr' id='par_1_13' title="bbox 251 1209 1851 1281">
     <span class='ocr_line' id='line_1_13' title="bbox 251 1209 1851 1281; baseline 0.002 -15"><span class='ocrx_word' id='word_1_80' title='bbox 251 1227 409 1266; x_wconf 89' lang='lat' dir='ltr'>mens</span> <span class='ocrx_word' id='word_1_81' title='bbox 439 1210 653 1266; x_wconf 89' lang='lat' dir='ltr'>turbata</span> <span class='ocrx_word' id='word_1_82' title='bbox 680 1211 904 1266; x_wconf 83' lang='lat' dir='ltr'>verbum</span> <span class='ocrx_word' id='word_1_83' title='bbox 932 1209 1112 1266; x_wconf 89' lang='lat' dir='ltr'>reddit</span> <span class='ocrx_word' id='word_1_84' title='bbox 1142 1211 1432 1281; x_wconf 91' lang='lat' dir='ltr'>turbatum,</span> <span class='ocrx_word' id='word_1_85' title='bbox 1445 1212 1542 1268; x_wconf 88' lang='lat' dir='ltr'>sed</span> <span class='ocrx_word' id='word_1_86' title='bbox 1563 1220 1616 1268; x_wconf 91' lang='lat' dir='ltr'>et</span> <span class='ocrx_word' id='word_1_87' title='bbox 1633 1227 1851 1269; x_wconf 90' lang='lat' dir='ltr'>omnem</span> 
     </span>
    </p>
   </div>
   <div class='ocr_carea' id='block_1_14' title="bbox 250 1300 1849 1372">
    <p class='ocr_par' dir='ltr' id='par_1_14' title="bbox 250 1300 1849 1372">
     <span class='ocr_line' id='line_1_14' title="bbox 250 1300 1849 1372; baseline 0.001 -16"><span class='ocrx_word' id='word_1_88' title='bbox 250 1301 498 1356; x_wconf 79' lang='lat' dir='ltr'>exterius</span> <span class='ocrx_word' id='word_1_89' title='bbox 527 1305 732 1356; x_wconf 90' lang='lat' dir='ltr'>actum.</span> <span class='ocrx_word' id='word_1_90' title='bbox 767 1300 836 1355; x_wconf 88' lang='lat' dir='ltr'>Ut</span> <span class='ocrx_word' id='word_1_91' title='bbox 855 1315 988 1372; x_wconf 87' lang='lat' dir='ltr'>ergo</span> <span class='ocrx_word' id='word_1_92' title='bbox 1012 1301 1083 1356; x_wconf 90' lang='lat' dir='ltr'>ad</span> <span class='ocrx_word' id='word_1_93' title='bbox 1113 1301 1348 1371; x_wconf 88' lang='lat' dir='ltr'>quietem</span> <span class='ocrx_word' id='word_1_94' title='bbox 1373 1301 1589 1369; x_wconf 90' lang='lat' dir='ltr'>mentis,</span> <span class='ocrx_word' id='word_1_95' title='bbox 1623 1310 1676 1357; x_wconf 92' lang='lat' dir='ltr'>et</span> <span class='ocrx_word' id='word_1_96' title='bbox 1711 1303 1849 1372; x_wconf 91' lang='lat' dir='ltr'>oris,</span> 
     </span>
    </p>
   </div>
   <div class='ocr_carea' id='block_1_15' title="bbox 251 1389 1854 1462">
    <p class='ocr_par' dir='ltr' id='par_1_15' title="bbox 251 1389 1854 1462">
     <span class='ocr_line' id='line_1_15' title="bbox 251 1389 1854 1462; baseline 0.001 -17"><span class='ocrx_word' id='word_1_97' title='bbox 251 1398 309 1445; x_wconf 92' lang='lat' dir='ltr'>et</span> <span class='ocrx_word' id='word_1_98' title='bbox 333 1391 546 1462; x_wconf 71' lang='lat' dir='ltr'>‘Operis</span> <span class='ocrx_word' id='word_1_99' title='bbox 572 1389 675 1444; x_wconf 91' lang='lat' dir='ltr'>sibi</span> <span class='ocrx_word' id='word_1_100' title='bbox 725 1389 976 1461; x_wconf 89' lang='lat' dir='ltr'>proﬁciat</span> <span class='ocrx_word' id='word_1_101' title='bbox 1027 1391 1269 1460; x_wconf 84' lang='lat' dir='ltr'>juvenis,</span> <span class='ocrx_word' id='word_1_102' title='bbox 1321 1407 1550 1462; x_wconf 68' lang='lat' dir='ltr'>qumque</span> <span class='ocrx_word' id='word_1_103' title='bbox 1607 1391 1854 1448; x_wconf 89' lang='lat' dir='ltr'>membra</span> 
     </span>
    </p>
   </div>
   <div class='ocr_carea' id='block_1_16' title="bbox 252 1478 1856 1549">
    <p class='ocr_par' dir='ltr' id='par_1_16' title="bbox 252 1478 1856 1549">
     <span class='ocr_line' id='line_1_16' title="bbox 252 1478 1856 1549; baseline 0.001 -14"><span class='ocrx_word' id='word_1_104' title='bbox 252 1479 515 1535; x_wconf 86' lang='lat' dir='ltr'>decenter</span> <span class='ocrx_word' id='word_1_105' title='bbox 593 1478 888 1535; x_wconf 85' lang='lat' dir='ltr'>contineat.</span> <span class='ocrx_word' id='word_1_106' title='bbox 966 1479 1360 1536; x_wconf 84' lang='lat' dir='ltr'>Erubescendo</span> <span class='ocrx_word' id='word_1_107' title='bbox 1444 1489 1646 1549; x_wconf 89' lang='lat' dir='ltr'>autem,</span> <span class='ocrx_word' id='word_1_108' title='bbox 1719 1481 1856 1537; x_wconf 88' lang='lat' dir='ltr'>sicut</span> 
     </span>
    </p>
   </div>
   <div class='ocr_carea' id='block_1_17' title="bbox 258 1566 1856 1640">
    <p class='ocr_par' dir='ltr' id='par_1_17' title="bbox 258 1566 1856 1640">
     <span class='ocr_line' id='line_1_17' title="bbox 258 1566 1856 1640; baseline 0.001 -17"><span class='ocrx_word' id='word_1_109' title='bbox 258 1575 310 1624; x_wconf 89' lang='lat' dir='ltr'>et</span> <span class='ocrx_word' id='word_1_110' title='bbox 335 1567 543 1623; x_wconf 91' lang='lat' dir='ltr'>dictum</span> <span class='ocrx_word' id='word_1_111' title='bbox 575 1573 678 1636; x_wconf 89' lang='lat' dir='ltr'>est,</span> <span class='ocrx_word' id='word_1_112' title='bbox 724 1566 780 1622; x_wconf 90' lang='lat' dir='ltr'>in</span> <span class='ocrx_word' id='word_1_113' title='bbox 823 1567 1019 1624; x_wconf 90' lang='lat' dir='ltr'>melius</span> <span class='ocrx_word' id='word_1_114' title='bbox 1073 1567 1306 1638; x_wconf 87' lang='lat' dir='ltr'>proﬁcit,</span> <span class='ocrx_word' id='word_1_115' title='bbox 1365 1569 1491 1640; x_wconf 84' lang='lat' dir='ltr'>quia</span> <span class='ocrx_word' id='word_1_116' title='bbox 1529 1569 1856 1626; x_wconf 87' lang='lat' dir='ltr'>verecundia</span> 
     </span>
    </p>
   </div>
   <div class='ocr_carea' id='block_1_18' title="bbox 251 1656 1855 1731">
    <p class='ocr_par' dir='ltr' id='par_1_18' title="bbox 251 1656 1855 1731">
     <span class='ocr_line' id='line_1_18' title="bbox 251 1656 1855 1731; baseline 0.003 -19"><span class='ocrx_word' id='word_1_117' title='bbox 251 1656 627 1731; x_wconf 67' lang='lat' dir='ltr'>ptenitentiam</span> <span class='ocrx_word' id='word_1_118' title='bbox 658 1656 820 1728; x_wconf 86' lang='lat' dir='ltr'>parit,</span> <span class='ocrx_word' id='word_1_119' title='bbox 855 1657 1014 1728; x_wconf 83' lang='lat' dir='ltr'>cujus</span> <span class='ocrx_word' id='word_1_120' title='bbox 1044 1658 1148 1712; x_wconf 90' lang='lat' dir='ltr'>alia</span> <span class='ocrx_word' id='word_1_121' title='bbox 1179 1657 1397 1730; x_wconf 87' lang='lat' dir='ltr'>quidem</span> <span class='ocrx_word' id='word_1_122' title='bbox 1419 1658 1563 1715; x_wconf 88' lang='lat' dir='ltr'>sicca</span> <span class='ocrx_word' id='word_1_123' title='bbox 1591 1657 1702 1715; x_wconf 85' lang='lat' dir='ltr'>alia</span> <span class='ocrx_word' id='word_1_124' title='bbox 1726 1675 1855 1718; x_wconf 88' lang='lat' dir='ltr'>vero</span> 
     </span>
    </p>
   </div>
   <div class='ocr_carea' id='block_1_19' title="bbox 254 1745 610 1803">
    <p class='ocr_par' dir='ltr' id='par_1_19' title="bbox 254 1745 610 1803">
     <span class='ocr_line' id='line_1_19' title="bbox 254 1745 610 1803; baseline -0.003 -1"><span class='ocrx_word' id='word_1_125' title='bbox 254 1745 482 1802; x_wconf 85' lang='lat' dir='ltr'>humida</span> <span class='ocrx_word' id='word_1_126' title='bbox 511 1753 610 1803; x_wconf 88' lang='lat' dir='ltr'>est.</span> 
     </span>
    </p>
   </div>
   <div class='ocr_carea' id='block_1_20' title="bbox 827 1816 1286 1876">
    <p class='ocr_par' dir='ltr' id='par_1_20' title="bbox 827 1816 1286 1876">
     <span class='ocr_line' id='line_1_20' title="bbox 827 1816 1286 1876; baseline -0.002 -2"><span class='ocrx_word' id='word_1_127' title='bbox 827 1817 1052 1875; x_wconf 83' lang='lat' dir='ltr'>CAPUT</span> <span class='ocrx_word' id='word_1_128' title='bbox 1081 1816 1286 1876; x_wconf 79' lang='lat' dir='ltr'>CXLV.</span> 
     </span>
    </p>
   </div>
   <div class='ocr_carea' id='block_1_21' title="bbox 546 1907 1572 1981">
    <p class='ocr_par' dir='ltr' id='par_1_21' title="bbox 546 1907 1572 1981">
     <span class='ocr_line' id='line_1_21' title="bbox 546 1907 1572 1981; baseline 0.002 -17"><span class='ocrx_word' id='word_1_129' title='bbox 546 1908 620 1964; x_wconf 89' lang='lat' dir='ltr'>De</span> <span class='ocrx_word' id='word_1_130' title='bbox 639 1907 986 1981; x_wconf 68' lang='lat' dir='ltr'>paenitentia</span> <span class='ocrx_word' id='word_1_131' title='bbox 1015 1909 1164 1964; x_wconf 84' lang='lat' dir='ltr'>sicca</span> <span class='ocrx_word' id='word_1_132' title='bbox 1208 1912 1265 1965; x_wconf 90' lang='lat' dir='ltr'>et</span> <span class='ocrx_word' id='word_1_133' title='bbox 1320 1907 1572 1966; x_wconf 84' lang='lat' dir='ltr'>humida.</span> 
     </span>
    </p>
   </div>
   <div class='ocr_carea' id='block_1_22' title="bbox 330 1996 1861 2072">
    <p class='ocr_par' dir='ltr' id='par_1_22' title="bbox 330 1996 1861 2072">
     <span class='ocr_line' id='line_1_22' title="bbox 330 1996 1861 2072; baseline -0.001 -16"><span class='ocrx_word' id='word_1_134' title='bbox 330 1997 491 2056; x_wconf 90' lang='lat' dir='ltr'>Sicca</span> <span class='ocrx_word' id='word_1_135' title='bbox 517 2012 753 2067; x_wconf 84' lang='lat' dir='ltr'>namque</span> <span class='ocrx_word' id='word_1_136' title='bbox 782 1996 1099 2068; x_wconf 71' lang='lat' dir='ltr'>paenitentia</span> <span class='ocrx_word' id='word_1_137' title='bbox 1119 2005 1220 2064; x_wconf 90' lang='lat' dir='ltr'>est,</span> <span class='ocrx_word' id='word_1_138' title='bbox 1263 2014 1388 2054; x_wconf 92' lang='lat' dir='ltr'>cum</span> <span class='ocrx_word' id='word_1_139' title='bbox 1445 1999 1680 2072; x_wconf 88' lang='lat' dir='ltr'>aliquem</span> <span class='ocrx_word' id='word_1_140' title='bbox 1735 2000 1861 2072; x_wconf 86' lang='lat' dir='ltr'>qui-</span> 
     </span>
    </p>
   </div>
   <div class='ocr_carea' id='block_1_23' title="bbox 259 2085 1865 2161">
    <p class='ocr_par' dir='ltr' id='par_1_23' title="bbox 259 2085 1865 2161">
     <span class='ocr_line' id='line_1_23' title="bbox 259 2085 1865 2161; baseline 0 -19"><span class='ocrx_word' id='word_1_141' title='bbox 259 2086 390 2142; x_wconf 90' lang='lat' dir='ltr'>dem</span> <span class='ocrx_word' id='word_1_142' title='bbox 448 2085 532 2142; x_wconf 90' lang='lat' dir='ltr'>sui</span> <span class='ocrx_word' id='word_1_143' title='bbox 587 2087 794 2158; x_wconf 88' lang='lat' dir='ltr'>peccati</span> <span class='ocrx_word' id='word_1_144' title='bbox 837 2086 1084 2158; x_wconf 84' lang='lat' dir='ltr'>poenitet,</span> <span class='ocrx_word' id='word_1_145' title='bbox 1159 2086 1255 2140; x_wconf 91' lang='lat' dir='ltr'>sed</span> <span class='ocrx_word' id='word_1_146' title='bbox 1339 2087 1567 2144; x_wconf 85' lang='lat' dir='ltr'>humore</span> <span class='ocrx_word' id='word_1_147' title='bbox 1649 2088 1865 2161; x_wconf 90' lang='lat' dir='ltr'>pietatis</span> 
     </span>
    </p>
   </div>
   <div class='ocr_carea' id='block_1_24' title="bbox 263 2175 1865 2247">
    <p class='ocr_par' dir='ltr' id='par_1_24' title="bbox 263 2175 1865 2247">
     <span class='ocr_line' id='line_1_24' title="bbox 263 2175 1865 2247; baseline 0.002 -15"><span class='ocrx_word' id='word_1_148' title='bbox 263 2178 459 2247; x_wconf 90' lang='lat' dir='ltr'>suique</span> <span class='ocrx_word' id='word_1_149' title='bbox 513 2175 686 2246; x_wconf 90' lang='lat' dir='ltr'>ipsius</span> <span class='ocrx_word' id='word_1_150' title='bbox 738 2175 1154 2245; x_wconf 90' lang='lat' dir='ltr'>compunctione</span> <span class='ocrx_word' id='word_1_151' title='bbox 1208 2185 1383 2233; x_wconf 89' lang='lat' dir='ltr'>caret.</span> <span class='ocrx_word' id='word_1_152' title='bbox 1449 2179 1684 2235; x_wconf 88' lang='lat' dir='ltr'>Humida</span> <span class='ocrx_word' id='word_1_153' title='bbox 1737 2195 1865 2235; x_wconf 88' lang='lat' dir='ltr'>vero</span> 
     </span>
    </p>
   </div>
   <div class='ocr_carea' id='block_1_25' title="bbox 269 2263 1866 2340">
    <p class='ocr_par' dir='ltr' id='par_1_25' title="bbox 269 2263 1866 2340">
     <span class='ocr_line' id='line_1_25' title="bbox 269 2263 1866 2340; baseline 0.002 -19"><span class='ocrx_word' id='word_1_154' title='bbox 269 2274 376 2334; x_wconf 91' lang='lat' dir='ltr'>est,</span> <span class='ocrx_word' id='word_1_155' title='bbox 409 2281 537 2320; x_wconf 91' lang='lat' dir='ltr'>cum</span> <span class='ocrx_word' id='word_1_156' title='bbox 562 2263 727 2319; x_wconf 87' lang='lat' dir='ltr'>habet</span> <span class='ocrx_word' id='word_1_157' title='bbox 781 2271 1088 2334; x_wconf 91' lang='lat' dir='ltr'>utrumque,</span> <span class='ocrx_word' id='word_1_158' title='bbox 1137 2281 1402 2335; x_wconf 89' lang='lat' dir='ltr'>suumque</span> <span class='ocrx_word' id='word_1_159' title='bbox 1458 2265 1610 2340; x_wconf 80' lang='lat' dir='ltr'>luget</span> <span class='ocrx_word' id='word_1_160' title='bbox 1668 2284 1866 2340; x_wconf 89' lang='lat' dir='ltr'>pecca-</span> 
     </span>
    </p>
   </div>
   <div class='ocr_carea' id='block_1_26' title="bbox 265 2352 1868 2430">
    <p class='ocr_par' dir='ltr' id='par_1_26' title="bbox 265 2352 1868 2430">
     <span class='ocr_line' id='line_1_26' title="bbox 265 2352 1868 2430; baseline 0.002 -21"><span class='ocrx_word' id='word_1_161' title='bbox 265 2363 380 2409; x_wconf 91' lang='lat' dir='ltr'>tum</span> <span class='ocrx_word' id='word_1_162' title='bbox 402 2369 604 2425; x_wconf 87' lang='lat' dir='ltr'>magna</span> <span class='ocrx_word' id='word_1_163' title='bbox 660 2352 850 2409; x_wconf 92' lang='lat' dir='ltr'>cordis</span> <span class='ocrx_word' id='word_1_164' title='bbox 894 2353 1238 2409; x_wconf 85' lang='lat' dir='ltr'>contritione.</span> <span class='ocrx_word' id='word_1_165' title='bbox 1300 2353 1368 2410; x_wconf 91' lang='lat' dir='ltr'>Ut</span> <span class='ocrx_word' id='word_1_166' title='bbox 1423 2355 1492 2410; x_wconf 89' lang='lat' dir='ltr'>ad</span> <span class='ocrx_word' id='word_1_167' title='bbox 1545 2357 1686 2413; x_wconf 90' lang='lat' dir='ltr'>hanc</span> <span class='ocrx_word' id='word_1_168' title='bbox 1735 2373 1868 2430; x_wconf 88' lang='lat' dir='ltr'>ergo</span> 
     </span>
    </p>
   </div>
   <div class='ocr_carea' id='block_1_27' title="bbox 260 2437 1870 2514">
    <p class='ocr_par' dir='ltr' id='par_1_27' title="bbox 260 2437 1870 2514">
     <span class='ocr_line' id='line_1_27' title="bbox 260 2437 1870 2514; baseline 0.002 -16"><span class='ocrx_word' id='word_1_169' title='bbox 260 2442 512 2514; x_wconf 89' lang='lat' dir='ltr'>proﬁciat</span> <span class='ocrx_word' id='word_1_170' title='bbox 537 2437 600 2468; x_wconf 78' lang='lat'>°”</span> <span class='ocrx_word' id='word_1_171' title='bbox 631 2443 1033 2514; x_wconf 73' lang='lat' dir='ltr'>pmnitentiam,</span> <span class='ocrx_word' id='word_1_172' title='bbox 1066 2457 1174 2498; x_wconf 91' lang='lat' dir='ltr'>non</span> <span class='ocrx_word' id='word_1_173' title='bbox 1201 2441 1421 2511; x_wconf 85' lang='lat' dir='ltr'>juvenis</span> <span class='ocrx_word' id='word_1_174' title='bbox 1478 2451 1706 2513; x_wconf 91' lang='lat' dir='ltr'>tantum,</span> <span class='ocrx_word' id='word_1_175' title='bbox 1767 2462 1870 2501; x_wconf 89' lang='lat' dir='ltr'>ve-</span> 
     </span>
    </p>
   </div>
   <div class='ocr_carea' id='block_1_28' title="bbox 260 2531 1871 2607">
    <p class='ocr_par' dir='ltr' id='par_1_28' title="bbox 260 2531 1871 2607">
     <span class='ocr_line' id='line_1_28' title="bbox 260 2531 1871 2607; baseline 0.002 -19"><span class='ocrx_word' id='word_1_176' title='bbox 260 2549 381 2588; x_wconf 92' lang='lat' dir='ltr'>rum</span> <span class='ocrx_word' id='word_1_177' title='bbox 412 2533 573 2587; x_wconf 90' lang='lat' dir='ltr'>etiam</span> <span class='ocrx_word' id='word_1_178' title='bbox 603 2533 781 2588; x_wconf 91' lang='lat' dir='ltr'>omnis</span> <span class='ocrx_word' id='word_1_179' title='bbox 812 2534 976 2590; x_wconf 89' lang='lat' dir='ltr'>homo</span> <span class='ocrx_word' id='word_1_180' title='bbox 1032 2531 1337 2602; x_wconf 83' lang='lat' dir='ltr'>erubescat,</span> <span class='ocrx_word' id='word_1_181' title='bbox 1395 2548 1520 2590; x_wconf 92' lang='lat' dir='ltr'>cum</span> <span class='ocrx_word' id='word_1_182' title='bbox 1578 2534 1709 2605; x_wconf 88' lang='lat' dir='ltr'>quid</span> <span class='ocrx_word' id='word_1_183' title='bbox 1757 2534 1871 2607; x_wconf 87' lang='lat' dir='ltr'>agit</span> 
     </span>
    </p>
   </div>
   <div class='ocr_carea' id='block_1_29' title="bbox 264 2621 543 2678">
    <p class='ocr_par' dir='ltr' id='par_1_29' title="bbox 264 2621 543 2678">
     <span class='ocr_line' id='line_1_29' title="bbox 264 2621 543 2678; baseline 0.011 -3"><span class='ocrx_word' id='word_1_184' title='bbox 264 2621 543 2678; x_wconf 88' lang='lat' dir='ltr'>illicitum.</span> 
     </span>
    </p>
   </div>
   <div class='ocr_carea' id='block_1_30' title="bbox 819 2711 1305 2768">
    <p class='ocr_par' dir='ltr' id='par_1_30' title="bbox 819 2711 1305 2768">
     <span class='ocr_line' id='line_1_30' title="bbox 819 2711 1305 2768; baseline 0.002 -1"><span class='ocrx_word' id='word_1_185' title='bbox 819 2711 1043 2768; x_wconf 81' lang='lat' dir='ltr'>CAPUT</span> <span class='ocrx_word' id='word_1_186' title='bbox 1073 2711 1305 2768; x_wconf 85' lang='lat' dir='ltr'>CXLVI.</span> 
     </span>
    </p>
   </div>
   <div class='ocr_carea' id='block_1_31' title="bbox 301 2799 1832 2873">
    <p class='ocr_par' dir='ltr' id='par_1_31' title="bbox 301 2799 1832 2873">
     <span class='ocr_line' id='line_1_31' title="bbox 301 2799 1832 2873; baseline 0 -15"><span class='ocrx_word' id='word_1_187' title='bbox 301 2799 645 2873; x_wconf 77' lang='lat' dir='ltr'>Exemplum</span> <span class='ocrx_word' id='word_1_188' title='bbox 678 2799 942 2856; x_wconf 80' lang='lat' dir='ltr'>arborem</span> <span class='ocrx_word' id='word_1_189' title='bbox 971 2817 1241 2873; x_wconf 84' lang='lat' dir='ltr'>magnam</span> <span class='ocrx_word' id='word_1_190' title='bbox 1257 2801 1543 2858; x_wconf 75' lang='lat' dir='ltr'>succidere</span> <span class='ocrx_word' id='word_1_191' title='bbox 1563 2801 1832 2860; x_wconf 81' lang='lat' dir='ltr'>volentis.</span> 
     </span>
    </p>
   </div>
   <div class='ocr_carea' id='block_1_32' title="bbox 334 2887 1872 2963">
    <p class='ocr_par' dir='ltr' id='par_1_32' title="bbox 334 2887 1872 2963">
     <span class='ocr_line' id='line_1_32' title="bbox 334 2887 1872 2963; baseline 0.001 -17"><span class='ocrx_word' id='word_1_192' title='bbox 334 2891 430 2946; x_wconf 89' lang='lat' dir='ltr'>Est</span> <span class='ocrx_word' id='word_1_193' title='bbox 452 2897 632 2946; x_wconf 91' lang='lat' dir='ltr'>autem</span> <span class='ocrx_word' id='word_1_194' title='bbox 691 2888 993 2955; x_wconf 89' lang='lat' dir='ltr'>sciendum,</span> <span class='ocrx_word' id='word_1_195' title='bbox 1047 2889 1092 2944; x_wconf 89' lang='lat' dir='ltr'>si</span> <span class='ocrx_word' id='word_1_196' title='bbox 1148 2906 1318 2962; x_wconf 87' lang='lat' dir='ltr'>quem</span> <span class='ocrx_word' id='word_1_197' title='bbox 1363 2891 1549 2963; x_wconf 89' lang='lat' dir='ltr'>magni</span> <span class='ocrx_word' id='word_1_198' title='bbox 1577 2887 1872 2963; x_wconf 81' lang='lat' dir='ltr'>&#39;“alicujus</span> 
     </span>
    </p>
   </div>
   <div class='ocr_carea' id='block_1_33' title="bbox 257 2976 1869 3053">
    <p class='ocr_par' dir='ltr' id='par_1_33' title="bbox 257 2976 1869 3053">
     <span class='ocr_line' id='line_1_33' title="bbox 257 2976 1869 3053; baseline 0.002 -20"><span class='ocrx_word' id='word_1_199' title='bbox 257 2979 490 3053; x_wconf 72' lang='lat' dir='ltr'>pmnitet</span> <span class='ocrx_word' id='word_1_200' title='bbox 517 2977 778 3044; x_wconf 89' lang='lat' dir='ltr'>criminis,</span> <span class='ocrx_word' id='word_1_201' title='bbox 811 2976 917 3032; x_wconf 91' lang='lat' dir='ltr'>sibi</span> <span class='ocrx_word' id='word_1_202' title='bbox 937 2994 1056 3033; x_wconf 90' lang='lat' dir='ltr'>esse</span> <span class='ocrx_word' id='word_1_203' title='bbox 1087 2980 1359 3050; x_wconf 84' lang='lat' dir='ltr'>agendum</span> <span class='ocrx_word' id='word_1_204' title='bbox 1417 2996 1568 3036; x_wconf 92' lang='lat' dir='ltr'>more</span> <span class='ocrx_word' id='word_1_205' title='bbox 1617 2982 1869 3038; x_wconf 91' lang='lat' dir='ltr'>arborem</span> 
     </span>
    </p>
   </div>
   <div class='ocr_carea' id='block_1_34' title="bbox 1961 487 3561 568">
    <p class='ocr_par' dir='ltr' id='par_1_34' title="bbox 1961 487 3561 568">
     <span class='ocr_line' id='line_1_34' title="bbox 1961 487 3561 568; baseline 0.006 -27"><span class='ocrx_word' id='word_1_206' title='bbox 1961 487 2193 544; x_wconf 90' lang='lat' dir='ltr'>invicem</span> <span class='ocrx_word' id='word_1_207' title='bbox 2224 498 2633 558; x_wconf 86' lang='lat' dir='ltr'>consumantur,</span> <span class='ocrx_word' id='word_1_208' title='bbox 2662 493 2839 562; x_wconf 67' lang='lat' dir='ltr'>paenis</span> <span class='ocrx_word' id='word_1_209' title='bbox 2863 493 3113 552; x_wconf 88' lang='lat' dir='ltr'>videlicet</span> <span class='ocrx_word' id='word_1_210' title='bbox 3168 496 3561 568; x_wconf 89' lang='lat' dir='ltr'>gehennalibus</span> 
     </span>
    </p>
   </div>
   <div class='ocr_carea' id='block_1_35' title="bbox 1963 578 3559 656">
    <p class='ocr_par' dir='ltr' id='par_1_35' title="bbox 1963 578 3559 656">
     <span class='ocr_line' id='line_1_35' title="bbox 1963 578 3559 656; baseline 0.005 -24"><span class='ocrx_word' id='word_1_211' title='bbox 1963 578 2160 633; x_wconf 89' lang='lat' dir='ltr'>detrusi</span> <span class='ocrx_word' id='word_1_212' title='bbox 2180 578 2478 634; x_wconf 90' lang='lat' dir='ltr'>miserrime</span> <span class='ocrx_word' id='word_1_213' title='bbox 2499 580 2809 651; x_wconf 87' lang='lat' dir='ltr'>puniantur.</span> <span class='ocrx_word' id='word_1_214' title='bbox 2863 583 2954 639; x_wconf 93' lang='lat' dir='ltr'>Sic</span> <span class='ocrx_word' id='word_1_215' title='bbox 3011 584 3176 656; x_wconf 78' lang='lat' dir='ltr'>igitur</span> <span class='ocrx_word' id='word_1_216' title='bbox 3230 587 3281 639; x_wconf 91' lang='lat' dir='ltr'>is</span> <span class='ocrx_word' id='word_1_217' title='bbox 3332 585 3423 655; x_wconf 89' lang='lat' dir='ltr'>qui</span> <span class='ocrx_word' id='word_1_218' title='bbox 3469 586 3559 640; x_wconf 90' lang='lat' dir='ltr'>al-</span> 
     </span>
    </p>
   </div>
   <div class='ocr_carea' id='block_1_36' title="bbox 1962 669 3560 746">
    <p class='ocr_par' dir='ltr' id='par_1_36' title="bbox 1962 669 3560 746">
     <span class='ocr_line' id='line_1_36' title="bbox 1962 669 3560 746; baseline 0.005 -25"><span class='ocrx_word' id='word_1_219' title='bbox 1962 673 2133 722; x_wconf 90' lang='lat' dir='ltr'>terum</span> <span class='ocrx_word' id='word_1_220' title='bbox 2157 669 2491 725; x_wconf 90' lang='lat' dir='ltr'>detrahendo</span> <span class='ocrx_word' id='word_1_221' title='bbox 2519 672 2775 741; x_wconf 88' lang='lat' dir='ltr'>comedit,</span> <span class='ocrx_word' id='word_1_222' title='bbox 2808 673 3142 729; x_wconf 90' lang='lat' dir='ltr'>consumitur</span> <span class='ocrx_word' id='word_1_223' title='bbox 3175 673 3246 728; x_wconf 92' lang='lat' dir='ltr'>ab</span> <span class='ocrx_word' id='word_1_224' title='bbox 3280 690 3345 730; x_wconf 91' lang='lat' dir='ltr'>eo</span> <span class='ocrx_word' id='word_1_225' title='bbox 3396 691 3560 746; x_wconf 86' lang='lat' dir='ltr'>quem</span> 
     </span>
    </p>
   </div>
   <div class='ocr_carea' id='block_1_37' title="bbox 1962 756 3562 833">
    <p class='ocr_par' dir='ltr' id='par_1_37' title="bbox 1962 756 3562 833">
     <span class='ocr_line' id='line_1_37' title="bbox 1962 756 3562 833; baseline 0.006 -23"><span class='ocrx_word' id='word_1_226' title='bbox 1962 756 2236 812; x_wconf 85' lang='lat' dir='ltr'>morsibus</span> <span class='ocrx_word' id='word_1_227' title='bbox 2261 757 2605 814; x_wconf 85' lang='lat' dir='ltr'>detractionis</span> <span class='ocrx_word' id='word_1_228' title='bbox 2633 776 2952 816; x_wconf 89' lang='lat' dir='ltr'>consumere</span> <span class='ocrx_word' id='word_1_229' title='bbox 3009 762 3189 833; x_wconf 80' lang='lat' dir='ltr'>gestit.</span> <span class='ocrx_word' id='word_1_230' title='bbox 3242 764 3382 818; x_wconf 90' lang='lat' dir='ltr'>Nam</span> <span class='ocrx_word' id='word_1_231' title='bbox 3437 779 3562 819; x_wconf 92' lang='lat' dir='ltr'>cum</span> 
     </span>
    </p>
   </div>
   <div class='ocr_carea' id='block_1_38' title="bbox 1961 845 3561 922">
    <p class='ocr_par' dir='ltr' id='par_1_38' title="bbox 1961 845 3561 922">
     <span class='ocr_line' id='line_1_38' title="bbox 1961 845 3561 922; baseline 0.006 -23"><span class='ocrx_word' id='word_1_232' title='bbox 1961 845 2079 914; x_wconf 89' lang='lat' dir='ltr'>ejus</span> <span class='ocrx_word' id='word_1_233' title='bbox 2106 846 2273 900; x_wconf 88' lang='lat' dir='ltr'>vitam</span> <span class='ocrx_word' id='word_1_234' title='bbox 2325 864 2424 918; x_wconf 90' lang='lat' dir='ltr'>per</span> <span class='ocrx_word' id='word_1_235' title='bbox 2477 847 2864 906; x_wconf 88' lang='lat' dir='ltr'>detractionem</span> <span class='ocrx_word' id='word_1_236' title='bbox 2920 849 3179 907; x_wconf 88' lang='lat' dir='ltr'>dilacerat</span> <span class='ocrx_word' id='word_1_237' title='bbox 3205 851 3286 922; x_wconf 76' lang='grc'>⁸⁵⁸,</span> <span class='ocrx_word' id='word_1_238' title='bbox 3346 861 3561 908; x_wconf 87' lang='lat' dir='ltr'>semet-</span> 
     </span>
    </p>
   </div>
   <div class='ocr_carea' id='block_1_39' title="bbox 1959 932 3562 1013">
    <p class='ocr_par' dir='ltr' id='par_1_39' title="bbox 1959 932 3562 1013">
     <span class='ocr_line' id='line_1_39' title="bbox 1959 932 3562 1013; baseline 0.006 -26"><span class='ocrx_word' id='word_1_239' title='bbox 1959 932 2136 1004; x_wconf 91' lang='lat' dir='ltr'>ipsum</span> <span class='ocrx_word' id='word_1_240' title='bbox 2167 943 2291 990; x_wconf 89' lang='lat' dir='ltr'>ante</span> <span class='ocrx_word' id='word_1_241' title='bbox 2314 935 2520 1004; x_wconf 84' lang='lat' dir='ltr'>justum</span> <span class='ocrx_word' id='word_1_242' title='bbox 2536 937 2774 1005; x_wconf 90' lang='lat' dir='ltr'>judicem</span> <span class='ocrx_word' id='word_1_243' title='bbox 2796 940 2966 994; x_wconf 91' lang='lat' dir='ltr'>Deum</span> <span class='ocrx_word' id='word_1_244' title='bbox 2989 942 3330 997; x_wconf 86' lang='lat' dir='ltr'>condemnat.</span> <span class='ocrx_word' id='word_1_245' title='bbox 3360 941 3562 1013; x_wconf 88' lang='lat' dir='ltr'>Sicque</span> 
     </span>
    </p>
   </div>
   <div class='ocr_carea' id='block_1_40' title="bbox 1959 1022 3560 1102">
    <p class='ocr_par' dir='ltr' id='par_1_40' title="bbox 1959 1022 3560 1102">
     <span class='ocr_line' id='line_1_40' title="bbox 1959 1022 3560 1102; baseline 0.005 -26"><span class='ocrx_word' id='word_1_246' title='bbox 1959 1022 2280 1094; x_wconf 91' lang='lat' dir='ltr'>plerumque</span> <span class='ocrx_word' id='word_1_247' title='bbox 2300 1023 2564 1097; x_wconf 90' lang='lat' dir='ltr'>contingit</span> <span class='ocrx_word' id='word_1_248' title='bbox 2593 1034 2648 1081; x_wconf 91' lang='lat' dir='ltr'>ut</span> <span class='ocrx_word' id='word_1_249' title='bbox 2697 1027 2744 1081; x_wconf 92' lang='lat' dir='ltr'>is</span> <span class='ocrx_word' id='word_1_250' title='bbox 2798 1027 2890 1099; x_wconf 91' lang='lat' dir='ltr'>qui</span> <span class='ocrx_word' id='word_1_251' title='bbox 2942 1029 3100 1084; x_wconf 88' lang='lat' dir='ltr'>alteri</span> <span class='ocrx_word' id='word_1_252' title='bbox 3146 1030 3396 1102; x_wconf 84' lang='lat' dir='ltr'>derogat,</span> <span class='ocrx_word' id='word_1_253' title='bbox 3453 1030 3560 1084; x_wconf 90' lang='lat' dir='ltr'>nisi</span> 
     </span>
    </p>
   </div>
   <div class='ocr_carea' id='block_1_41' title="bbox 1959 1111 3565 1191">
    <p class='ocr_par' dir='ltr' id='par_1_41' title="bbox 1959 1111 3565 1191">
     <span class='ocr_line' id='line_1_41' title="bbox 1959 1111 3565 1191; baseline 0.005 -26"><span class='ocrx_word' id='word_1_254' title='bbox 1959 1111 2264 1182; x_wconf 83' lang='lat' dir='ltr'>resipiscat,</span> <span class='ocrx_word' id='word_1_255' title='bbox 2296 1129 2476 1169; x_wconf 89' lang='lat' dir='ltr'>coram</span> <span class='ocrx_word' id='word_1_256' title='bbox 2507 1115 2622 1170; x_wconf 90' lang='lat' dir='ltr'>Deo</span> <span class='ocrx_word' id='word_1_257' title='bbox 2654 1115 2707 1170; x_wconf 90' lang='lat' dir='ltr'>in</span> <span class='ocrx_word' id='word_1_258' title='bbox 2739 1115 3141 1174; x_wconf 89' lang='lat' dir='ltr'>damnationem</span> <span class='ocrx_word' id='word_1_259' title='bbox 3170 1118 3565 1191; x_wconf 83' lang='lat' dir='ltr'>cadat;quam-</span> 
     </span>
    </p>
   </div>
   <div class='ocr_carea' id='block_1_42' title="bbox 1960 1199 3565 1278">
    <p class='ocr_par' dir='ltr' id='par_1_42' title="bbox 1960 1199 3565 1278">
     <span class='ocr_line' id='line_1_42' title="bbox 1960 1199 3565 1278; baseline 0.006 -24"><span class='ocrx_word' id='word_1_260' title='bbox 1960 1200 2042 1255; x_wconf 86' lang='lat' dir='ltr'>vis</span> <span class='ocrx_word' id='word_1_261' title='bbox 2058 1199 2149 1256; x_wconf 89' lang='lat' dir='ltr'>ille</span> <span class='ocrx_word' id='word_1_262' title='bbox 2177 1201 2262 1257; x_wconf 90' lang='lat' dir='ltr'>cui</span> <span class='ocrx_word' id='word_1_263' title='bbox 2293 1202 2611 1272; x_wconf 84' lang='lat' dir='ltr'>detrahitur,</span> <span class='ocrx_word' id='word_1_264' title='bbox 2644 1204 2779 1258; x_wconf 86' lang='lat' dir='ltr'>nihil</span> <span class='ocrx_word' id='word_1_265' title='bbox 2809 1205 3046 1262; x_wconf 78' lang='lat' dir='ltr'>laesionis</span> <span class='ocrx_word' id='word_1_266' title='bbox 3076 1223 3140 1262; x_wconf 85' lang='lat' dir='ltr'>ex</span> <span class='ocrx_word' id='word_1_267' title='bbox 3199 1208 3317 1278; x_wconf 89' lang='lat' dir='ltr'>ipsa</span> <span class='ocrx_word' id='word_1_268' title='bbox 3372 1207 3565 1264; x_wconf 86' lang='lat' dir='ltr'>detra-</span> 
     </span>
    </p>
   </div>
   <div class='ocr_carea' id='block_1_43' title="bbox 1961 1289 3565 1367">
    <p class='ocr_par' dir='ltr' id='par_1_43' title="bbox 1961 1289 3565 1367">
     <span class='ocr_line' id='line_1_43' title="bbox 1961 1289 3565 1367; baseline 0.005 -23"><span class='ocrx_word' id='word_1_269' title='bbox 1961 1289 2139 1344; x_wconf 91' lang='lat' dir='ltr'>ctione</span> <span class='ocrx_word' id='word_1_270' title='bbox 2166 1290 2378 1346; x_wconf 86' lang='lat' dir='ltr'>sentiat.</span> <span class='ocrx_word' id='word_1_271' title='bbox 2406 1290 2550 1359; x_wconf 88' lang='lat' dir='ltr'>Quid</span> <span class='ocrx_word' id='word_1_272' title='bbox 2591 1302 2768 1348; x_wconf 91' lang='lat' dir='ltr'>autem</span> <span class='ocrx_word' id='word_1_273' title='bbox 2817 1294 3079 1351; x_wconf 87' lang='lat' dir='ltr'>detractio</span> <span class='ocrx_word' id='word_1_274' title='bbox 3137 1299 3415 1367; x_wconf 84' lang='lat' dir='ltr'>Operetur,</span> <span class='ocrx_word' id='word_1_275' title='bbox 3476 1297 3565 1352; x_wconf 88' lang='lat' dir='ltr'>vel</span> 
     </span>
    </p>
   </div>
   <div class='ocr_carea' id='block_1_44' title="bbox 1963 1377 3569 1454">
    <p class='ocr_par' dir='ltr' id='par_1_44' title="bbox 1963 1377 3569 1454">
     <span class='ocr_line' id='line_1_44' title="bbox 1963 1377 3569 1454; baseline 0.005 -23"><span class='ocrx_word' id='word_1_276' title='bbox 1963 1377 2097 1449; x_wconf 87' lang='lat' dir='ltr'>quid</span> <span class='ocrx_word' id='word_1_277' title='bbox 2127 1377 2197 1432; x_wconf 90' lang='lat' dir='ltr'>sit</span> <span class='ocrx_word' id='word_1_278' title='bbox 2226 1378 2588 1450; x_wconf 90' lang='lat' dir='ltr'>inquiramus,</span> <span class='ocrx_word' id='word_1_279' title='bbox 2622 1389 2674 1437; x_wconf 93' lang='lat' dir='ltr'>et</span> <span class='ocrx_word' id='word_1_280' title='bbox 2696 1382 3042 1453; x_wconf 87' lang='lat' dir='ltr'>inquirendo,</span> <span class='ocrx_word' id='word_1_281' title='bbox 3102 1384 3246 1454; x_wconf 91' lang='lat' dir='ltr'>quod</span> <span class='ocrx_word' id='word_1_282' title='bbox 3299 1384 3569 1440; x_wconf 88' lang='lat' dir='ltr'>Dominus</span> 
     </span>
    </p>
   </div>
   <div class='ocr_carea' id='block_1_45' title="bbox 1964 1466 3565 1544">
    <p class='ocr_par' dir='ltr' id='par_1_45' title="bbox 1964 1466 3565 1544">
     <span class='ocr_line' id='line_1_45' title="bbox 1964 1466 3565 1544; baseline 0.006 -25"><span class='ocrx_word' id='word_1_283' title='bbox 1964 1466 2200 1534; x_wconf 90' lang='lat' dir='ltr'>dederit,</span> <span class='ocrx_word' id='word_1_284' title='bbox 2233 1467 2468 1524; x_wconf 89' lang='lat' dir='ltr'>breviter</span> <span class='ocrx_word' id='word_1_285' title='bbox 2495 1468 2769 1539; x_wconf 89' lang='lat' dir='ltr'>dicamus,</span> <span class='ocrx_word' id='word_1_286' title='bbox 2794 1487 2902 1527; x_wconf 90' lang='lat' dir='ltr'>non</span> <span class='ocrx_word' id='word_1_287' title='bbox 2933 1470 3058 1528; x_wconf 90' lang='lat' dir='ltr'>ideo</span> <span class='ocrx_word' id='word_1_288' title='bbox 3090 1471 3235 1544; x_wconf 92' lang='lat' dir='ltr'>quod</span> <span class='ocrx_word' id='word_1_289' title='bbox 3263 1473 3565 1542; x_wconf 84' lang='lat' dir='ltr'>nesciatur,</span> 
     </span>
    </p>
   </div>
   <div class='ocr_carea' id='block_1_46' title="bbox 1963 1554 3250 1629">
    <p class='ocr_par' dir='ltr' id='par_1_46' title="bbox 1963 1554 3250 1629">
     <span class='ocr_line' id='line_1_46' title="bbox 1963 1554 3250 1629; baseline 0.005 -19"><span class='ocrx_word' id='word_1_290' title='bbox 1963 1555 2062 1611; x_wconf 91' lang='lat' dir='ltr'>sed</span> <span class='ocrx_word' id='word_1_291' title='bbox 2090 1554 2292 1612; x_wconf 91' lang='lat' dir='ltr'>idcirco</span> <span class='ocrx_word' id='word_1_292' title='bbox 2323 1565 2380 1613; x_wconf 91' lang='lat' dir='ltr'>ut</span> <span class='ocrx_word' id='word_1_293' title='bbox 2407 1559 2554 1629; x_wconf 92' lang='lat' dir='ltr'>quod</span> <span class='ocrx_word' id='word_1_294' title='bbox 2585 1559 2750 1615; x_wconf 91' lang='lat' dir='ltr'>scitur</span> <span class='ocrx_word' id='word_1_295' title='bbox 2765 1561 2960 1616; x_wconf 86' lang='lat' dir='ltr'>melius</span> <span class='ocrx_word' id='word_1_296' title='bbox 2986 1564 3250 1617; x_wconf 88' lang='lat' dir='ltr'>teneatur.</span> 
     </span>
    </p>
   </div>
   <div class='ocr_carea' id='block_1_47' title="bbox 2509 1647 3002 1706">
    <p class='ocr_par' dir='ltr' id='par_1_47' title="bbox 2509 1647 3002 1706">
     <span class='ocr_line' id='line_1_47' title="bbox 2509 1647 3002 1706; baseline 0.008 -4"><span class='ocrx_word' id='word_1_297' title='bbox 2509 1647 2732 1704; x_wconf 81' lang='lat' dir='ltr'>CAPUT</span> <span class='ocrx_word' id='word_1_298' title='bbox 2759 1649 3002 1706; x_wconf 80' lang='lat' dir='ltr'>CXLIX.</span> 
     </span>
    </p>
   </div>
   <div class='ocr_carea' id='block_1_48' title="bbox 1882 1735 3497 1810">
    <p class='ocr_par' dir='ltr' id='par_1_48' title="bbox 1882 1735 3497 1810">
     <span class='ocr_line' id='line_1_48' title="bbox 1882 1735 3497 1810; baseline 0.006 -22"><span class='ocrx_word' id='word_1_299' title='bbox 1882 1747 1938 1810; x_wconf 81' lang='grc' dir='ltr'>Β</span> <span class='ocrx_word' id='word_1_300' title='bbox 2039 1735 2377 1807; x_wconf 70' lang='lat' dir='ltr'>Exemplum</span> <span class='ocrx_word' id='word_1_301' title='bbox 2399 1737 2569 1808; x_wconf 83' lang='lat' dir='ltr'>ignis,</span> <span class='ocrx_word' id='word_1_302' title='bbox 2602 1741 2656 1794; x_wconf 81' lang='lat' dir='ltr'>et</span> <span class='ocrx_word' id='word_1_303' title='bbox 2686 1740 2863 1807; x_wconf 80' lang='lat' dir='ltr'>venti,</span> <span class='ocrx_word' id='word_1_304' title='bbox 2889 1743 2943 1794; x_wconf 91' lang='lat' dir='ltr'>et</span> <span class='ocrx_word' id='word_1_305' title='bbox 2963 1740 3231 1796; x_wconf 74' lang='lat' dir='ltr'>humana:</span> <span class='ocrx_word' id='word_1_306' title='bbox 3261 1742 3497 1797; x_wconf 80' lang='lat' dir='ltr'>mentis.</span> 
     </span>
    </p>
   </div>
   <div class='ocr_carea' id='block_1_49' title="bbox 2041 1822 3576 1901">
    <p class='ocr_par' dir='ltr' id='par_1_49' title="bbox 2041 1822 3576 1901">
     <span class='ocr_line' id='line_1_49' title="bbox 2041 1822 3576 1901; baseline 0.003 -21"><span class='ocrx_word' id='word_1_307' title='bbox 2041 1823 2191 1880; x_wconf 87' lang='lat' dir='ltr'>Solet</span> <span class='ocrx_word' id='word_1_308' title='bbox 2220 1823 2363 1879; x_wconf 89' lang='lat' dir='ltr'>enim</span> <span class='ocrx_word' id='word_1_309' title='bbox 2393 1826 2672 1897; x_wconf 88' lang='lat' dir='ltr'>contigere</span> <span class='ocrx_word' id='word_1_310' title='bbox 2700 1834 2758 1882; x_wconf 90' lang='lat' dir='ltr'>ut</span> <span class='ocrx_word' id='word_1_311' title='bbox 2800 1827 2944 1900; x_wconf 83' lang='lat' dir='ltr'>ignis</span> <span class='ocrx_word' id='word_1_312' title='bbox 2999 1828 3055 1883; x_wconf 91' lang='lat' dir='ltr'>in</span> <span class='ocrx_word' id='word_1_313' title='bbox 3105 1828 3286 1901; x_wconf 91' lang='lat' dir='ltr'>aliqua</span> <span class='ocrx_word' id='word_1_314' title='bbox 3345 1822 3576 1885; x_wconf 89' lang='lat' dir='ltr'>materia</span> 
     </span>
    </p>
   </div>
   <div class='ocr_carea' id='block_1_50' title="bbox 1968 1912 3575 1990">
    <p class='ocr_par' dir='ltr' id='par_1_50' title="bbox 1968 1912 3575 1990">
     <span class='ocr_line' id='line_1_50' title="bbox 1968 1912 3575 1990; baseline 0.002 -22"><span class='ocrx_word' id='word_1_315' title='bbox 1968 1912 2262 1983; x_wconf 84' lang='lat' dir='ltr'>aliquando</span> <span class='ocrx_word' id='word_1_316' title='bbox 2293 1912 2570 1986; x_wconf 88' lang='lat' dir='ltr'>paululum</span> <span class='ocrx_word' id='word_1_317' title='bbox 2602 1916 2793 1972; x_wconf 86' lang='lat' dir='ltr'>ardeat</span> <span class='ocrx_word' id='word_1_318' title='bbox 2821 1934 2834 1980; x_wconf 90' lang='lat'>;</span> <span class='ocrx_word' id='word_1_319' title='bbox 2869 1925 2921 1972; x_wconf 91' lang='lat' dir='ltr'>et</span> <span class='ocrx_word' id='word_1_320' title='bbox 2950 1915 3038 1990; x_wconf 91' lang='lat' dir='ltr'>[si]</span> <span class='ocrx_word' id='word_1_321' title='bbox 3068 1925 3228 1973; x_wconf 88' lang='lat' dir='ltr'>vento</span> <span class='ocrx_word' id='word_1_322' title='bbox 3257 1916 3575 1987; x_wconf 87' lang='lat' dir='ltr'>impellitur,</span> 
     </span>
    </p>
   </div>
   <div class='ocr_carea' id='block_1_51' title="bbox 1971 2001 3577 2071">
    <p class='ocr_par' dir='ltr' id='par_1_51' title="bbox 1971 2001 3577 2071">
     <span class='ocr_line' id='line_1_51' title="bbox 1971 2001 3577 2071; baseline 0.003 -15"><span class='ocrx_word' id='word_1_323' title='bbox 1971 2001 2042 2056; x_wconf 87' lang='lat' dir='ltr'>ad</span> <span class='ocrx_word' id='word_1_324' title='bbox 2071 2001 2334 2071; x_wconf 90' lang='lat' dir='ltr'>majorem</span> <span class='ocrx_word' id='word_1_325' title='bbox 2365 2002 2621 2061; x_wconf 90' lang='lat' dir='ltr'>ardorem</span> <span class='ocrx_word' id='word_1_326' title='bbox 2661 2013 2892 2060; x_wconf 90' lang='lat' dir='ltr'>crescat.</span> <span class='ocrx_word' id='word_1_327' title='bbox 2931 2003 3144 2060; x_wconf 89' lang='lat' dir='ltr'>Taliter</span> <span class='ocrx_word' id='word_1_328' title='bbox 3187 2014 3239 2061; x_wconf 91' lang='lat' dir='ltr'>et</span> <span class='ocrx_word' id='word_1_329' title='bbox 3295 2022 3451 2061; x_wconf 92' lang='lat' dir='ltr'>mens</span> <span class='ocrx_word' id='word_1_330' title='bbox 3515 2004 3577 2033; x_wconf 85' lang='grc'>’⁸⁸</span> 
     </span>
    </p>
   </div>
   <div class='ocr_carea' id='block_1_52' title="bbox 1973 2090 3580 2167">
    <p class='ocr_par' dir='ltr' id='par_1_52' title="bbox 1973 2090 3580 2167">
     <span class='ocr_line' id='line_1_52' title="bbox 1973 2090 3580 2167; baseline 0.002 -23"><span class='ocrx_word' id='word_1_331' title='bbox 1973 2091 2210 2145; x_wconf 85' lang='lat' dir='ltr'>humana</span> <span class='ocrx_word' id='word_1_332' title='bbox 2227 2090 2426 2146; x_wconf 89' lang='lat' dir='ltr'>salubri</span> <span class='ocrx_word' id='word_1_333' title='bbox 2457 2092 2824 2150; x_wconf 88' lang='lat' dir='ltr'>admonitione</span> <span class='ocrx_word' id='word_1_334' title='bbox 2855 2094 3065 2166; x_wconf 89' lang='lat' dir='ltr'>pulsata</span> <span class='ocrx_word' id='word_1_335' title='bbox 3095 2094 3164 2148; x_wconf 93' lang='lat' dir='ltr'>ad</span> <span class='ocrx_word' id='word_1_336' title='bbox 3214 2110 3351 2165; x_wconf 91' lang='lat' dir='ltr'>opus</span> <span class='ocrx_word' id='word_1_337' title='bbox 3405 2109 3580 2167; x_wconf 71' lang='lat' dir='ltr'>agem-</span> 
     </span>
    </p>
   </div>
   <div class='ocr_carea' id='block_1_53' title="bbox 1975 2178 3584 2256">
    <p class='ocr_par' dir='ltr' id='par_1_53' title="bbox 1975 2178 3584 2256">
     <span class='ocr_line' id='line_1_53' title="bbox 1975 2178 3584 2256; baseline 0.002 -23"><span class='ocrx_word' id='word_1_338' title='bbox 1975 2178 2270 2249; x_wconf 91' lang='lat' dir='ltr'>dum,post</span> <span class='ocrx_word' id='word_1_339' title='bbox 2315 2182 2719 2252; x_wconf 81' lang='lat' dir='ltr'>suggestionem</span> <span class='ocrx_word' id='word_1_340' title='bbox 2771 2182 2921 2238; x_wconf 87' lang='lat' dir='ltr'>ocius</span> <span class='ocrx_word' id='word_1_341' title='bbox 2970 2183 3144 2256; x_wconf 81' lang='lat' dir='ltr'>surgit</span> <span class='ocrx_word' id='word_1_342' title='bbox 3179 2179 3246 2211; x_wconf 69' lang='lat'><strong>&quot;7</strong></span> <span class='ocrx_word' id='word_1_343' title='bbox 3307 2183 3376 2238; x_wconf 90' lang='lat' dir='ltr'>ad</span> <span class='ocrx_word' id='word_1_344' title='bbox 3437 2182 3584 2253; x_wconf 90' lang='lat' dir='ltr'>quod</span> 
     </span>
    </p>
   </div>
   <div class='ocr_carea' id='block_1_54' title="bbox 1975 2268 3584 2344">
    <p class='ocr_par' dir='ltr' id='par_1_54' title="bbox 1975 2268 3584 2344">
     <span class='ocr_line' id='line_1_54' title="bbox 1975 2268 3584 2344; baseline 0.003 -23"><span class='ocrx_word' id='word_1_345' title='bbox 1975 2268 2125 2340; x_wconf 89' lang='lat' dir='ltr'>prius</span> <span class='ocrx_word' id='word_1_346' title='bbox 2155 2284 2385 2339; x_wconf 86' lang='lat' dir='ltr'>surgere</span> <span class='ocrx_word' id='word_1_347' title='bbox 2414 2270 2749 2343; x_wconf 84' lang='lat' dir='ltr'>neglexerat.</span> <span class='ocrx_word' id='word_1_348' title='bbox 2784 2272 2984 2344; x_wconf 89' lang='lat' dir='ltr'>Sicque</span> <span class='ocrx_word' id='word_1_349' title='bbox 3013 2280 3068 2326; x_wconf 95' lang='lat' dir='ltr'>ut</span> <span class='ocrx_word' id='word_1_350' title='bbox 3094 2271 3238 2344; x_wconf 86' lang='lat' dir='ltr'>ignis</span> <span class='ocrx_word' id='word_1_351' title='bbox 3266 2279 3428 2327; x_wconf 89' lang='lat' dir='ltr'>vento</span> <span class='ocrx_word' id='word_1_352' title='bbox 3458 2286 3584 2326; x_wconf 88' lang='lat' dir='ltr'>mo-</span> 
     </span>
    </p>
   </div>
   <div class='ocr_carea' id='block_1_55' title="bbox 1977 2357 3586 2434">
    <p class='ocr_par' dir='ltr' id='par_1_55' title="bbox 1977 2357 3586 2434">
     <span class='ocr_line' id='line_1_55' title="bbox 1977 2357 3586 2434; baseline 0.002 -22"><span class='ocrx_word' id='word_1_353' title='bbox 1977 2364 2158 2425; x_wconf 89' lang='lat' dir='ltr'>vetur,</span> <span class='ocrx_word' id='word_1_354' title='bbox 2189 2357 2268 2413; x_wconf 90' lang='lat' dir='ltr'>sic</span> <span class='ocrx_word' id='word_1_355' title='bbox 2297 2373 2450 2415; x_wconf 90' lang='lat' dir='ltr'>mens</span> <span class='ocrx_word' id='word_1_356' title='bbox 2479 2376 2511 2416; x_wconf 91' lang='lat' dir='ltr'>a</span> <span class='ocrx_word' id='word_1_357' title='bbox 2537 2357 2608 2387; x_wconf 73' lang='grc'>³⁵⁸</span> <span class='ocrx_word' id='word_1_358' title='bbox 2636 2360 2869 2434; x_wconf 91' lang='lat' dir='ltr'>torporis</span> <span class='ocrx_word' id='word_1_359' title='bbox 2898 2360 3113 2418; x_wconf 88' lang='lat' dir='ltr'>desidia</span> <span class='ocrx_word' id='word_1_360' title='bbox 3143 2359 3586 2417; x_wconf 81' lang='lat' dir='ltr'>&quot;’admonitione</span> 
     </span>
    </p>
   </div>
   <div class='ocr_carea' id='block_1_56' title="bbox 1979 2445 2264 2502">
    <p class='ocr_par' dir='ltr' id='par_1_56' title="bbox 1979 2445 2264 2502">
     <span class='ocr_line' id='line_1_56' title="bbox 1979 2445 2264 2502; baseline 0.004 -1"><span class='ocrx_word' id='word_1_361' title='bbox 1979 2445 2264 2502; x_wconf 84' lang='lat' dir='ltr'>excitatur.</span> 
     </span>
    </p>
   </div>
   <div class='ocr_carea' id='block_1_57' title="bbox 2610 2538 2980 2598">
    <p class='ocr_par' dir='ltr' id='par_1_57' title="bbox 2610 2538 2980 2598">
     <span class='ocr_line' id='line_1_57' title="bbox 2610 2538 2980 2598; baseline 0.003 -4"><span class='ocrx_word' id='word_1_362' title='bbox 2610 2538 2830 2597; x_wconf 85' lang='lat' dir='ltr'>CAPUT</span> <span class='ocrx_word' id='word_1_363' title='bbox 2877 2540 2980 2598; x_wconf 92' lang='lat' dir='ltr'>CL.</span> 
     </span>
    </p>
   </div>
   <div class='ocr_carea' id='block_1_58' title="bbox 2407 2626 3150 2703">
    <p class='ocr_par' dir='ltr' id='par_1_58' title="bbox 2407 2626 3150 2703">
     <span class='ocr_line' id='line_1_58' title="bbox 2407 2626 3150 2703; baseline 0.003 -21"><span class='ocrx_word' id='word_1_364' title='bbox 2407 2626 2795 2688; x_wconf 85' lang='lat' dir='ltr'>Detractionis</span> <span class='ocrx_word' id='word_1_365' title='bbox 2825 2629 3150 2703; x_wconf 75' lang='lat' dir='ltr'>descriptio.</span> 
     </span>
    </p>
   </div>
   <div class='ocr_carea' id='block_1_59' title="bbox 2052 2707 3589 2791">
    <p class='ocr_par' dir='ltr' id='par_1_59' title="bbox 2052 2707 3589 2791">
     <span class='ocr_line' id='line_1_59' title="bbox 2052 2707 3589 2791; baseline 0.003 -23"><span class='ocrx_word' id='word_1_366' title='bbox 2052 2712 2326 2770; x_wconf 87' lang='lat' dir='ltr'>Detractio</span> <span class='ocrx_word' id='word_1_367' title='bbox 2352 2713 2534 2788; x_wconf 90' lang='lat' dir='ltr'>itaque</span> <span class='ocrx_word' id='word_1_368' title='bbox 2591 2726 2675 2772; x_wconf 91' lang='lat' dir='ltr'>est</span> <span class='ocrx_word' id='word_1_369' title='bbox 2734 2718 3156 2790; x_wconf 85' lang='lat' dir='ltr'>quotiescunque</span> <span class='ocrx_word' id='word_1_370' title='bbox 3203 2716 3324 2791; x_wconf 87' lang='lat' dir='ltr'>quis</span> <span class='ocrx_word' id='word_1_371' title='bbox 3373 2707 3589 2789; x_wconf 88' lang='lat' dir='ltr'>aquuid</span> 
     </span>
    </p>
   </div>
   <div class='ocr_carea' id='block_1_60' title="bbox 1982 2798 3591 2879">
    <p class='ocr_par' dir='ltr' id='par_1_60' title="bbox 1982 2798 3591 2879">
     <span class='ocr_line' id='line_1_60' title="bbox 1982 2798 3591 2879; baseline 0.002 -21"><span class='ocrx_word' id='word_1_372' title='bbox 1982 2816 2048 2858; x_wconf 88' lang='lat' dir='ltr'>ea</span> <span class='ocrx_word' id='word_1_373' title='bbox 2077 2801 2374 2859; x_wconf 89' lang='lat' dir='ltr'>intentione</span> <span class='ocrx_word' id='word_1_374' title='bbox 2401 2804 2469 2860; x_wconf 92' lang='lat' dir='ltr'>de</span> <span class='ocrx_word' id='word_1_375' title='bbox 2498 2805 2678 2876; x_wconf 91' lang='lat' dir='ltr'>aliquo</span> <span class='ocrx_word' id='word_1_376' title='bbox 2708 2798 2840 2863; x_wconf 86' lang='lat' dir='ltr'>dicit</span> <span class='ocrx_word' id='word_1_377' title='bbox 2893 2807 3036 2863; x_wconf 90' lang='lat' dir='ltr'>unde</span> <span class='ocrx_word' id='word_1_378' title='bbox 3092 2808 3208 2879; x_wconf 90' lang='lat' dir='ltr'>ipse</span> <span class='ocrx_word' id='word_1_379' title='bbox 3261 2807 3353 2862; x_wconf 85' lang='lat' dir='ltr'>vel</span> <span class='ocrx_word' id='word_1_380' title='bbox 3404 2807 3591 2862; x_wconf 89' lang='lat' dir='ltr'>minus</span> 
     </span>
    </p>
   </div>
   <div class='ocr_carea' id='block_1_61' title="bbox 1983 2891 3586 2968">
    <p class='ocr_par' dir='ltr' id='par_1_61' title="bbox 1983 2891 3586 2968">
     <span class='ocr_line' id='line_1_61' title="bbox 1983 2891 3586 2968; baseline 0.001 -20"><span class='ocrx_word' id='word_1_381' title='bbox 1983 2892 2150 2948; x_wconf 90' lang='lat' dir='ltr'>amari</span> <span class='ocrx_word' id='word_1_382' title='bbox 2172 2891 2285 2949; x_wconf 89' lang='lat' dir='ltr'>sive</span> <span class='ocrx_word' id='word_1_383' title='bbox 2308 2893 2486 2950; x_wconf 91' lang='lat' dir='ltr'>minus</span> <span class='ocrx_word' id='word_1_384' title='bbox 2542 2895 2830 2966; x_wconf 88' lang='lat' dir='ltr'>appretiari</span> <span class='ocrx_word' id='word_1_385' title='bbox 2881 2897 3074 2968; x_wconf 89' lang='lat' dir='ltr'>possit.</span> <span class='ocrx_word' id='word_1_386' title='bbox 3120 2895 3402 2952; x_wconf 88' lang='lat' dir='ltr'>Detractio</span> <span class='ocrx_word' id='word_1_387' title='bbox 3453 2911 3586 2952; x_wconf 94' lang='lat' dir='ltr'>vero</span> 
     </span>
    </p>
   </div>
   <div class='ocr_carea' id='block_1_62' title="bbox 1984 2981 3595 3056">
    <p class='ocr_par' dir='ltr' id='par_1_62' title="bbox 1984 2981 3595 3056">
     <span class='ocr_line' id='line_1_62' title="bbox 1984 2981 3595 3056; baseline 0.003 -21"><span class='ocrx_word' id='word_1_388' title='bbox 1984 2982 2141 3036; x_wconf 89' lang='lat' dir='ltr'>malis</span> <span class='ocrx_word' id='word_1_389' title='bbox 2199 2981 2472 3053; x_wconf 90' lang='lat' dir='ltr'>duritiam,</span> <span class='ocrx_word' id='word_1_390' title='bbox 2516 2985 2906 3055; x_wconf 64' lang='lat' dir='ltr'>paenitentibus</span> <span class='ocrx_word' id='word_1_391' title='bbox 2979 2984 3445 3056; x_wconf 84' lang='lat' dir='ltr'>refrigerationem</span> <span class='ocrx_word' id='word_1_392' title='bbox 3502 2983 3595 3052; x_wconf 79' lang='lat'>’°°,</span> 
     </span>
    </p>
   </div>
   <div class='ocr_carea' id='block_1_63' title="bbox 262 3067 3585 3166">
    <p class='ocr_par' dir='ltr' id='par_1_63' title="bbox 262 3067 3585 3166">
     <span class='ocr_line' id='line_1_63' title="bbox 262 3067 3585 3166; baseline 0.002 -44"><span class='ocrx_word' id='word_1_393' title='bbox 262 3084 524 3140; x_wconf 87' lang='lat' dir='ltr'>magnam</span> <span class='ocrx_word' id='word_1_394' title='bbox 557 3067 841 3123; x_wconf 86' lang='lat' dir='ltr'>succidere</span> <span class='ocrx_word' id='word_1_395' title='bbox 867 3067 1120 3122; x_wconf 81' lang='lat' dir='ltr'>volentis.</span> <span class='ocrx_word' id='word_1_396' title='bbox 1155 3068 1304 3124; x_wconf 91' lang='lat' dir='ltr'>Sicut</span> <span class='ocrx_word' id='word_1_397' title='bbox 1325 3068 1469 3125; x_wconf 89' lang='lat' dir='ltr'>enim</span> <span class='ocrx_word' id='word_1_398' title='bbox 1509 3068 1601 3126; x_wconf 91' lang='lat' dir='ltr'>ille</span> <span class='ocrx_word' id='word_1_399' title='bbox 1657 3071 1869 3128; x_wconf 88' lang='lat' dir='ltr'>minora</span> <span class='ocrx_word' id='word_1_400' title='bbox 1899 3101 1949 3166; x_wconf 70' lang='grc' dir='ltr'>Ο</span> <span class='ocrx_word' id='word_1_401' title='bbox 1985 3072 2206 3126; x_wconf 84' lang='lat' dir='ltr'>tentatis</span> <span class='ocrx_word' id='word_1_402' title='bbox 2235 3069 2296 3099; x_wconf 82' lang='grc'>⁹⁶¹</span> <span class='ocrx_word' id='word_1_403' title='bbox 2336 3073 2645 3140; x_wconf 83' lang='lat' dir='ltr'>exemplum</span> <span class='ocrx_word' id='word_1_404' title='bbox 2676 3073 2962 3144; x_wconf 85' lang='lat' dir='ltr'>peccandi,</span> <span class='ocrx_word' id='word_1_405' title='bbox 2989 3075 3141 3144; x_wconf 91' lang='lat' dir='ltr'>quasi</span> <span class='ocrx_word' id='word_1_406' title='bbox 3171 3074 3411 3130; x_wconf 88' lang='lat' dir='ltr'>fomenta</span> <span class='ocrx_word' id='word_1_407' title='bbox 3462 3089 3585 3128; x_wconf 89' lang='lat' dir='ltr'>ma—</span> 
     </span>
    </p>
   </div>
   <div class='ocr_carea' id='block_1_64' title="bbox 258 3155 1868 3228">
    <p class='ocr_par' dir='ltr' id='par_1_64' title="bbox 258 3155 1868 3228">
     <span class='ocr_line' id='line_1_64' title="bbox 258 3155 1868 3228; baseline 0.002 -17"><span class='ocrx_word' id='word_1_408' title='bbox 258 3157 316 3212; x_wconf 90' lang='lat' dir='ltr'>in</span> <span class='ocrx_word' id='word_1_409' title='bbox 346 3157 569 3214; x_wconf 90' lang='lat' dir='ltr'>circuitu</span> <span class='ocrx_word' id='word_1_410' title='bbox 598 3155 821 3212; x_wconf 86' lang='lat' dir='ltr'>arbusta</span> <span class='ocrx_word' id='word_1_411' title='bbox 874 3156 1024 3226; x_wconf 90' lang='lat' dir='ltr'>prius</span> <span class='ocrx_word' id='word_1_412' title='bbox 1081 3165 1234 3212; x_wconf 90' lang='lat' dir='ltr'>curat</span> <span class='ocrx_word' id='word_1_413' title='bbox 1282 3157 1582 3228; x_wconf 87' lang='lat' dir='ltr'>succidere,</span> <span class='ocrx_word' id='word_1_414' title='bbox 1643 3176 1709 3216; x_wconf 92' lang='lat' dir='ltr'>ne</span> <span class='ocrx_word' id='word_1_415' title='bbox 1767 3161 1868 3215; x_wconf 89' lang='lat' dir='ltr'>sibi</span> 
     </span>
    </p>
   </div>
   <div class='ocr_carea' id='block_1_65' title="bbox 270 3244 1868 3316">
    <p class='ocr_par' dir='ltr' id='par_1_65' title="bbox 270 3244 1868 3316">
     <span class='ocr_line' id='line_1_65' title="bbox 270 3244 1868 3316; baseline 0.002 -14"><span class='ocrx_word' id='word_1_416' title='bbox 270 3247 523 3303; x_wconf 88' lang='lat' dir='ltr'>arborem</span> <span class='ocrx_word' id='word_1_417' title='bbox 554 3246 732 3316; x_wconf 90' lang='lat' dir='ltr'>ipsam</span> <span class='ocrx_word' id='word_1_418' title='bbox 761 3244 1056 3300; x_wconf 92' lang='lat' dir='ltr'>succidenti</span> <span class='ocrx_word' id='word_1_419' title='bbox 1081 3245 1294 3315; x_wconf 90' lang='lat' dir='ltr'>possint</span> <span class='ocrx_word' id='word_1_420' title='bbox 1320 3246 1536 3316; x_wconf 90' lang='lat' dir='ltr'>obesse,</span> <span class='ocrx_word' id='word_1_421' title='bbox 1572 3247 1653 3304; x_wconf 90' lang='lat' dir='ltr'>sic</span> <span class='ocrx_word' id='word_1_422' title='bbox 1672 3255 1724 3304; x_wconf 94' lang='lat' dir='ltr'>et</span> <span class='ocrx_word' id='word_1_423' title='bbox 1741 3249 1868 3305; x_wconf 91' lang='lat' dir='ltr'>huic</span> 
     </span>
    </p>
   </div>
   <div class='ocr_carea' id='block_1_66' title="bbox 267 3332 1866 3405">
    <p class='ocr_par' dir='ltr' id='par_1_66' title="bbox 267 3332 1866 3405">
     <span class='ocr_line' id='line_1_66' title="bbox 267 3332 1866 3405; baseline 0.001 -15"><span class='ocrx_word' id='word_1_424' title='bbox 267 3336 405 3390; x_wconf 90' lang='lat' dir='ltr'>vitia</span> <span class='ocrx_word' id='word_1_425' title='bbox 433 3336 648 3390; x_wconf 91' lang='lat' dir='ltr'>minora</span> <span class='ocrx_word' id='word_1_426' title='bbox 677 3333 754 3387; x_wconf 91' lang='lat' dir='ltr'>illi</span> <span class='ocrx_word' id='word_1_427' title='bbox 785 3332 994 3388; x_wconf 89' lang='lat' dir='ltr'>crimini</span> <span class='ocrx_word' id='word_1_428' title='bbox 1034 3333 1214 3390; x_wconf 91' lang='lat' dir='ltr'>vicina</span> <span class='ocrx_word' id='word_1_429' title='bbox 1267 3336 1426 3405; x_wconf 91' lang='lat' dir='ltr'>prius</span> <span class='ocrx_word' id='word_1_430' title='bbox 1490 3345 1613 3391; x_wconf 90' lang='lat' dir='ltr'>sunt</span> <span class='ocrx_word' id='word_1_431' title='bbox 1664 3337 1866 3392; x_wconf 85' lang='lat' dir='ltr'>exstir-</span> 
     </span>
    </p>
   </div>
   <div class='ocr_carea' id='block_1_67' title="bbox 269 3415 1869 3495">
    <p class='ocr_par' dir='ltr' id='par_1_67' title="bbox 269 3415 1869 3495">
     <span class='ocr_line' id='line_1_67' title="bbox 269 3415 1869 3495; baseline 0.002 -16"><span class='ocrx_word' id='word_1_432' title='bbox 269 3423 473 3494; x_wconf 88' lang='lat' dir='ltr'>panda,</span> <span class='ocrx_word' id='word_1_433' title='bbox 503 3439 571 3478; x_wconf 91' lang='lat' dir='ltr'>ne</span> <span class='ocrx_word' id='word_1_434' title='bbox 600 3439 708 3495; x_wconf 90' lang='lat' dir='ltr'>qua</span> <span class='ocrx_word' id='word_1_435' title='bbox 724 3415 1066 3479; x_wconf 41' lang='lat' dir='ltr'>sibi&#39;crimen</span> <span class='ocrx_word' id='word_1_436' title='bbox 1104 3422 1285 3494; x_wconf 91' lang='lat' dir='ltr'>ipsum</span> <span class='ocrx_word' id='word_1_437' title='bbox 1343 3423 1645 3481; x_wconf 88' lang='lat' dir='ltr'>destruenti</span> <span class='ocrx_word' id='word_1_438' title='bbox 1693 3425 1869 3482; x_wconf 89' lang='lat' dir='ltr'>ferant</span> 
     </span>
    </p>
   </div>
   <div class='ocr_carea' id='block_1_68' title="bbox 261 3511 672 3584">
    <p class='ocr_par' dir='ltr' id='par_1_68' title="bbox 261 3511 672 3584">
     <span class='ocr_line' id='line_1_68' title="bbox 261 3511 672 3584; baseline 0 -16"><span class='ocrx_word' id='word_1_439' title='bbox 261 3511 672 3584; x_wconf 86' lang='lat' dir='ltr'>impedimenta.</span> 
     </span>
    </p>
   </div>
   <div class='ocr_carea' id='block_1_69' title="bbox 691 3601 1293 3659">
    <p class='ocr_par' dir='ltr' id='par_1_69' title="bbox 691 3601 1293 3659">
     <span class='ocr_line' id='line_1_69' title="bbox 691 3601 1293 3659; baseline -0.003 -1"><span class='ocrx_word' id='word_1_440' title='bbox 691 3633 704 3645; x_wconf 73' lang='grc' dir='ltr'><em>ι</em></span> <span class='ocrx_word' id='word_1_441' title='bbox 777 3601 1001 3658; x_wconf 88' lang='lat' dir='ltr'>CAPUT</span> <span class='ocrx_word' id='word_1_442' title='bbox 1033 3601 1293 3659; x_wconf 81' lang='lat' dir='ltr'>CXLVII.</span> 
     </span>
    </p>
   </div>
   <div class='ocr_carea' id='block_1_70' title="bbox 817 3690 1294 3746">
    <p class='ocr_par' dir='ltr' id='par_1_70' title="bbox 817 3690 1294 3746">
     <span class='ocr_line' id='line_1_70' title="bbox 817 3690 1294 3746; baseline 0.004 -2"><span class='ocrx_word' id='word_1_443' title='bbox 817 3690 894 3746; x_wconf 91' lang='lat' dir='ltr'>De</span> <span class='ocrx_word' id='word_1_444' title='bbox 915 3690 1294 3746; x_wconf 79' lang='lat' dir='ltr'>detractione.</span> 
     </span>
    </p>
   </div>
   <div class='ocr_carea' id='block_1_71' title="bbox 334 3777 1862 3849">
    <p class='ocr_par' dir='ltr' id='par_1_71' title="bbox 334 3777 1862 3849">
     <span class='ocr_line' id='line_1_71' title="bbox 334 3777 1862 3849; baseline 0.002 -14"><span class='ocrx_word' id='word_1_445' title='bbox 334 3779 698 3837; x_wconf 88' lang='lat' dir='ltr'>Detractionis</span> <span class='ocrx_word' id='word_1_446' title='bbox 729 3777 946 3846; x_wconf 86' lang='lat' dir='ltr'>vitium,</span> <span class='ocrx_word' id='word_1_447' title='bbox 977 3779 1125 3849; x_wconf 87' lang='lat' dir='ltr'>quod</span> <span class='ocrx_word' id='word_1_448' title='bbox 1176 3779 1418 3835; x_wconf 85' lang='lat' dir='ltr'>maxime</span> <span class='ocrx_word' id='word_1_449' title='bbox 1475 3795 1540 3836; x_wconf 84' lang='lat' dir='ltr'>ex</span> <span class='ocrx_word' id='word_1_450' title='bbox 1587 3778 1862 3838; x_wconf 88' lang='lat' dir='ltr'>otiositate</span> 
     </span>
    </p>
   </div>
   <div class='ocr_carea' id='block_1_72' title="bbox 255 3867 1858 3940">
    <p class='ocr_par' dir='ltr' id='par_1_72' title="bbox 255 3867 1858 3940">
     <span class='ocr_line' id='line_1_72' title="bbox 255 3867 1858 3940; baseline 0.001 -16"><span class='ocrx_word' id='word_1_451' title='bbox 255 3869 397 3924; x_wconf 89' lang='lat' dir='ltr'>solet</span> <span class='ocrx_word' id='word_1_452' title='bbox 426 3869 592 3937; x_wconf 86' lang='lat' dir='ltr'>nasci,</span> <span class='ocrx_word' id='word_1_453' title='bbox 626 3867 852 3923; x_wconf 90' lang='lat' dir='ltr'>multum</span> <span class='ocrx_word' id='word_1_454' title='bbox 885 3875 968 3922; x_wconf 88' lang='lat' dir='ltr'>est</span> <span class='ocrx_word' id='word_1_455' title='bbox 997 3867 1328 3935; x_wconf 90' lang='lat' dir='ltr'>cavendum,</span> <span class='ocrx_word' id='word_1_456' title='bbox 1357 3868 1480 3938; x_wconf 88' lang='lat' dir='ltr'>quia</span> <span class='ocrx_word' id='word_1_457' title='bbox 1502 3868 1858 3940; x_wconf 89' lang='lat' dir='ltr'>perniciosum</span> 
     </span>
    </p>
   </div>
   <div class='ocr_carea' id='block_1_73' title="bbox 255 3955 1860 4030">
    <p class='ocr_par' dir='ltr' id='par_1_73' title="bbox 255 3955 1860 4030">
     <span class='ocr_line' id='line_1_73' title="bbox 255 3955 1860 4030; baseline 0 -17"><span class='ocrx_word' id='word_1_458' title='bbox 255 3965 342 4013; x_wconf 89' lang='lat' dir='ltr'>est</span> <span class='ocrx_word' id='word_1_459' title='bbox 371 3958 595 4012; x_wconf 89' lang='lat' dir='ltr'>malum.</span> <span class='ocrx_word' id='word_1_460' title='bbox 627 3956 784 4013; x_wconf 90' lang='lat' dir='ltr'>Unde</span> <span class='ocrx_word' id='word_1_461' title='bbox 813 3955 1002 4011; x_wconf 89' lang='lat' dir='ltr'>beatus</span> <span class='ocrx_word' id='word_1_462' title='bbox 1023 3955 1274 4010; x_wconf 89' lang='lat' dir='ltr'>Clemens</span> <span class='ocrx_word' id='word_1_463' title='bbox 1296 3955 1436 4012; x_wconf 91' lang='lat' dir='ltr'>inter</span> <span class='ocrx_word' id='word_1_464' title='bbox 1488 3965 1683 4012; x_wconf 68' lang='lat' dir='ltr'>caetera</span> <span class='ocrx_word' id='word_1_465' title='bbox 1739 3975 1860 4030; x_wconf 67' lang='lat' dir='ltr'>quae</span> 
     </span>
    </p>
   </div>
   <div class='ocr_carea' id='block_1_74' title="bbox 254 4043 1858 4114">
    <p class='ocr_par' dir='ltr' id='par_1_74' title="bbox 254 4043 1858 4114">
     <span class='ocr_line' id='line_1_74' title="bbox 254 4043 1858 4114; baseline 0.002 -14"><span class='ocrx_word' id='word_1_466' title='bbox 254 4045 327 4100; x_wconf 89' lang='lat' dir='ltr'>ab</span> <span class='ocrx_word' id='word_1_467' title='bbox 383 4062 476 4102; x_wconf 92' lang='lat' dir='ltr'>ore</span> <span class='ocrx_word' id='word_1_468' title='bbox 529 4045 677 4101; x_wconf 87' lang='lat' dir='ltr'>beati</span> <span class='ocrx_word' id='word_1_469' title='bbox 726 4044 866 4101; x_wconf 91' lang='lat' dir='ltr'>Petri</span> <span class='ocrx_word' id='word_1_470' title='bbox 897 4061 961 4100; x_wconf 87' lang='lat' dir='ltr'>se</span> <span class='ocrx_word' id='word_1_471' title='bbox 983 4043 1240 4100; x_wconf 88' lang='lat' dir='ltr'>didicisse</span> <span class='ocrx_word' id='word_1_472' title='bbox 1276 4044 1499 4114; x_wconf 84' lang='lat' dir='ltr'>fatetur,</span> <span class='ocrx_word' id='word_1_473' title='bbox 1544 4046 1649 4103; x_wconf 88' lang='lat' dir='ltr'>hoc</span> <span class='ocrx_word' id='word_1_474' title='bbox 1694 4047 1858 4103; x_wconf 92' lang='lat' dir='ltr'>modo</span> 
     </span>
    </p>
   </div>
   <div class='ocr_carea' id='block_1_75' title="bbox 258 4133 479 4190">
    <p class='ocr_par' dir='ltr' id='par_1_75' title="bbox 258 4133 479 4190">
     <span class='ocr_line' id='line_1_75' title="bbox 258 4133 479 4190; baseline 0.009 -2"><span class='ocrx_word' id='word_1_475' title='bbox 258 4133 479 4190; x_wconf 88' lang='lat' dir='ltr'>scribit.</span> 
     </span>
    </p>
   </div>
   <div class='ocr_carea' id='block_1_76' title="bbox 787 4224 1332 4281">
    <p class='ocr_par' dir='ltr' id='par_1_76' title="bbox 787 4224 1332 4281">
     <span class='ocr_line' id='line_1_76' title="bbox 787 4224 1332 4281; baseline -0.002 -1"><span class='ocrx_word' id='word_1_476' title='bbox 787 4224 1012 4280; x_wconf 82' lang='lat' dir='ltr'>CAPUT</span> <span class='ocrx_word' id='word_1_477' title='bbox 1044 4224 1332 4281; x_wconf 80' lang='lat' dir='ltr'>CXLVIII.</span> 
     </span>
    </p>
   </div>
   <div class='ocr_carea' id='block_1_77' title="bbox 568 4311 1532 4384">
    <p class='ocr_par' dir='ltr' id='par_1_77' title="bbox 568 4311 1532 4384">
     <span class='ocr_line' id='line_1_77' title="bbox 568 4311 1532 4384; baseline -0.002 -15"><span class='ocrx_word' id='word_1_478' title='bbox 568 4315 644 4370; x_wconf 86' lang='lat' dir='ltr'>De</span> <span class='ocrx_word' id='word_1_479' title='bbox 679 4312 858 4370; x_wconf 87' lang='lat' dir='ltr'>tribus</span> <span class='ocrx_word' id='word_1_480' title='bbox 889 4311 1186 4369; x_wconf 78' lang='lat' dir='ltr'>homicidii</span> <span class='ocrx_word' id='word_1_481' title='bbox 1215 4312 1532 4384; x_wconf 78' lang='lat' dir='ltr'>generibus.</span> 
     </span>
    </p>
   </div>
   <div class='ocr_carea' id='block_1_78' title="bbox 324 4401 1851 4476">
    <p class='ocr_par' dir='ltr' id='par_1_78' title="bbox 324 4401 1851 4476">
     <span class='ocr_line' id='line_1_78' title="bbox 324 4401 1851 4476; baseline 0.001 -19"><span class='ocrx_word' id='word_1_482' title='bbox 324 4401 450 4458; x_wconf 84' lang='lat' dir='ltr'>Tria</span> <span class='ocrx_word' id='word_1_483' title='bbox 479 4410 604 4458; x_wconf 91' lang='lat' dir='ltr'>sunt</span> <span class='ocrx_word' id='word_1_484' title='bbox 630 4419 835 4474; x_wconf 88' lang='lat' dir='ltr'>genera</span> <span class='ocrx_word' id='word_1_485' title='bbox 862 4401 1164 4470; x_wconf 89' lang='lat' dir='ltr'>homicidii,</span> <span class='ocrx_word' id='word_1_486' title='bbox 1198 4418 1317 4473; x_wconf 69' lang='lat' dir='ltr'>qua:</span> <span class='ocrx_word' id='word_1_487' title='bbox 1347 4403 1468 4474; x_wconf 91' lang='lat' dir='ltr'>pari</span> <span class='ocrx_word' id='word_1_488' title='bbox 1523 4417 1688 4474; x_wconf 87' lang='lat' dir='ltr'>poena</span> <span class='ocrx_word' id='word_1_489' title='bbox 1727 4403 1851 4476; x_wconf 92' lang='lat' dir='ltr'>ple-</span> 
     </span>
    </p>
   </div>
   <div class='ocr_carea' id='block_1_79' title="bbox 249 4491 1855 4563">
    <p class='ocr_par' dir='ltr' id='par_1_79' title="bbox 249 4491 1855 4563">
     <span class='ocr_line' id='line_1_79' title="bbox 249 4491 1855 4563; baseline 0.001 -16"><span class='ocrx_word' id='word_1_490' title='bbox 249 4499 467 4548; x_wconf 87' lang='lat' dir='ltr'>ctuntur</span> <span class='ocrx_word' id='word_1_491' title='bbox 495 4510 506 4546; x_wconf 90' lang='lat'>:</span> <span class='ocrx_word' id='word_1_492' title='bbox 539 4491 839 4547; x_wconf 84' lang='lat' dir='ltr'>interfectio</span> <span class='ocrx_word' id='word_1_493' title='bbox 884 4491 1133 4558; x_wconf 86' lang='lat' dir='ltr'>fratrum,</span> <span class='ocrx_word' id='word_1_494' title='bbox 1193 4491 1476 4563; x_wconf 84' lang='lat' dir='ltr'>detractio,</span> <span class='ocrx_word' id='word_1_495' title='bbox 1526 4492 1732 4548; x_wconf 88' lang='lat' dir='ltr'>odium.</span> <span class='ocrx_word' id='word_1_496' title='bbox 1774 4493 1855 4549; x_wconf 91' lang='lat' dir='ltr'>De</span> 
     </span>
    </p>
   </div>
   <div class='ocr_carea' id='block_1_80' title="bbox 249 4578 1857 4653">
    <p class='ocr_par' dir='ltr' id='par_1_80' title="bbox 249 4578 1857 4653">
     <span class='ocr_line' id='line_1_80' title="bbox 249 4578 1857 4653; baseline 0.001 -17"><span class='ocrx_word' id='word_1_497' title='bbox 249 4596 361 4653; x_wconf 90' lang='lat' dir='ltr'>qua</span> <span class='ocrx_word' id='word_1_498' title='bbox 382 4581 544 4636; x_wconf 89' lang='lat' dir='ltr'>etiam</span> <span class='ocrx_word' id='word_1_499' title='bbox 574 4581 773 4636; x_wconf 91' lang='lat' dir='ltr'>Paulus</span> <span class='ocrx_word' id='word_1_500' title='bbox 805 4578 936 4636; x_wconf 90' lang='lat' dir='ltr'>dicit</span> <span class='ocrx_word' id='word_1_501' title='bbox 966 4596 978 4636; x_wconf 93' lang='lat'>:</span> <span class='ocrx_word' id='word_1_502' title='bbox 1038 4579 1097 4636; x_wconf 87' lang='lat' dir='ltr'>Si</span> <span class='ocrx_word' id='word_1_503' title='bbox 1126 4580 1444 4649; x_wconf 73' lang='lat' dir='ltr'>comeditis,</span> <span class='ocrx_word' id='word_1_504' title='bbox 1510 4585 1564 4637; x_wconf 84' lang='lat' dir='ltr'>et</span> <span class='ocrx_word' id='word_1_505' title='bbox 1612 4583 1857 4638; x_wconf 76' lang='lat' dir='ltr'>invicem</span> 
     </span>
    </p>
   </div>
   <div class='ocr_carea' id='block_1_81' title="bbox 248 4668 1850 4742">
    <p class='ocr_par' dir='ltr' id='par_1_81' title="bbox 248 4668 1850 4742">
     <span class='ocr_line' id='line_1_81' title="bbox 248 4668 1850 4742; baseline 0.001 -17"><span class='ocrx_word' id='word_1_506' title='bbox 248 4671 552 4738; x_wconf 81' lang='lat' dir='ltr'>mordelis,</span> <span class='ocrx_word' id='word_1_507' title='bbox 583 4671 767 4726; x_wconf 82' lang='lat' dir='ltr'>videte</span> <span class='ocrx_word' id='word_1_508' title='bbox 795 4685 869 4726; x_wconf 88' lang='lat' dir='ltr'>ne</span> <span class='ocrx_word' id='word_1_509' title='bbox 907 4669 974 4725; x_wconf 89' lang='lat' dir='ltr'>ab</span> <span class='ocrx_word' id='word_1_510' title='bbox 1002 4668 1246 4725; x_wconf 88' lang='lat' dir='ltr'>invicem</span> <span class='ocrx_word' id='word_1_511' title='bbox 1275 4671 1850 4742; x_wconf 82' lang='lat' dir='ltr'>consumammi(Gal.</span> 
     </span>
    </p>
   </div>
   <div class='ocr_carea' id='block_1_82' title="bbox 246 4757 1850 4830">
    <p class='ocr_par' dir='ltr' id='par_1_82' title="bbox 246 4757 1850 4830">
     <span class='ocr_line' id='line_1_82' title="bbox 246 4757 1850 4830; baseline 0.002 -18"><span class='ocrx_word' id='word_1_512' title='bbox 246 4760 946 4830; x_wconf 75' lang='lat' dir='ltr'>v,15).Comeditnamque</span> <span class='ocrx_word' id='word_1_513' title='bbox 961 4758 1096 4813; x_wconf 88' lang='lat' dir='ltr'>alter</span> <span class='ocrx_word' id='word_1_514' title='bbox 1123 4757 1373 4827; x_wconf 86' lang='lat' dir='ltr'>alterum,</span> <span class='ocrx_word' id='word_1_515' title='bbox 1407 4767 1460 4814; x_wconf 92' lang='lat' dir='ltr'>et</span> <span class='ocrx_word' id='word_1_516' title='bbox 1500 4759 1654 4829; x_wconf 88' lang='lat' dir='ltr'>quasi</span> <span class='ocrx_word' id='word_1_517' title='bbox 1698 4777 1850 4816; x_wconf 88' lang='lat' dir='ltr'>mor-</span> 
     </span>
    </p>
   </div>
   <div class='ocr_carea' id='block_1_83' title="bbox 249 4847 1847 4920">
    <p class='ocr_par' dir='ltr' id='par_1_83' title="bbox 249 4847 1847 4920">
     <span class='ocr_line' id='line_1_83' title="bbox 249 4847 1847 4920; baseline 0.002 -17"><span class='ocrx_word' id='word_1_518' title='bbox 249 4863 372 4904; x_wconf 85' lang='lat' dir='ltr'>sum</span> <span class='ocrx_word' id='word_1_519' title='bbox 399 4847 455 4904; x_wconf 92' lang='lat' dir='ltr'>in</span> <span class='ocrx_word' id='word_1_520' title='bbox 484 4863 549 4906; x_wconf 91' lang='lat' dir='ltr'>eo</span> <span class='ocrx_word' id='word_1_521' title='bbox 577 4848 728 4917; x_wconf 88' lang='lat' dir='ltr'>facit,</span> <span class='ocrx_word' id='word_1_522' title='bbox 745 4847 1174 4920; x_wconf 85' lang='lat' dir='ltr'>quotiescunque</span> <span class='ocrx_word' id='word_1_523' title='bbox 1205 4847 1402 4918; x_wconf 88' lang='lat' dir='ltr'>aliquis</span> <span class='ocrx_word' id='word_1_524' title='bbox 1431 4848 1670 4920; x_wconf 91' lang='lat' dir='ltr'>aliquem</span> <span class='ocrx_word' id='word_1_525' title='bbox 1705 4850 1847 4906; x_wconf 89' lang='lat' dir='ltr'>male</span> 
     </span>
    </p>
   </div>
   <div class='ocr_carea' id='block_1_84' title="bbox 1979 3159 3586 3233">
    <p class='ocr_par' dir='ltr' id='par_1_84' title="bbox 1979 3159 3586 3233">
     <span class='ocr_line' id='line_1_84' title="bbox 1979 3159 3586 3233; baseline 0.003 -20"><span class='ocrx_word' id='word_1_526' title='bbox 1979 3159 2106 3215; x_wconf 64' lang='lat' dir='ltr'>litim</span> <span class='ocrx_word' id='word_1_527' title='bbox 2171 3169 2408 3232; x_wconf 60' lang='lat' dir='ltr'>prastat.</span> <span class='ocrx_word' id='word_1_528' title='bbox 2469 3161 2731 3218; x_wconf 92' lang='lat' dir='ltr'>Naturale</span> <span class='ocrx_word' id='word_1_529' title='bbox 2788 3163 3058 3233; x_wconf 91' lang='lat' dir='ltr'>siquidem</span> <span class='ocrx_word' id='word_1_530' title='bbox 3107 3167 3301 3229; x_wconf 89' lang='lat' dir='ltr'>estut,</span> <span class='ocrx_word' id='word_1_531' title='bbox 3335 3163 3473 3217; x_wconf 91' lang='lat' dir='ltr'>sicut</span> <span class='ocrx_word' id='word_1_532' title='bbox 3527 3162 3586 3218; x_wconf 91' lang='lat' dir='ltr'>id</span> 
     </span>
    </p>
   </div>
   <div class='ocr_carea' id='block_1_85' title="bbox 1977 3248 3587 3320">
    <p class='ocr_par' dir='ltr' id='par_1_85' title="bbox 1977 3248 3587 3320">
     <span class='ocr_line' id='line_1_85' title="bbox 1977 3248 3587 3320; baseline 0.002 -18"><span class='ocrx_word' id='word_1_533' title='bbox 1977 3248 2120 3320; x_wconf 91' lang='lat' dir='ltr'>quod</span> <span class='ocrx_word' id='word_1_534' title='bbox 2152 3263 2185 3303; x_wconf 86' lang='lat' dir='ltr'>a</span> <span class='ocrx_word' id='word_1_535' title='bbox 2216 3249 2376 3304; x_wconf 91' lang='lat' dir='ltr'>nullis</span> <span class='ocrx_word' id='word_1_536' title='bbox 2405 3248 2522 3304; x_wconf 89' lang='lat' dir='ltr'>ﬁeri</span> <span class='ocrx_word' id='word_1_537' title='bbox 2553 3250 2735 3319; x_wconf 90' lang='lat' dir='ltr'>audio,</span> <span class='ocrx_word' id='word_1_538' title='bbox 2771 3250 2953 3307; x_wconf 90' lang='lat' dir='ltr'>facere</span> <span class='ocrx_word' id='word_1_539' title='bbox 3010 3251 3265 3318; x_wconf 89' lang='lat' dir='ltr'>formido,</span> <span class='ocrx_word' id='word_1_540' title='bbox 3325 3251 3402 3306; x_wconf 89' lang='lat' dir='ltr'>sic</span> <span class='ocrx_word' id='word_1_541' title='bbox 3450 3249 3587 3306; x_wconf 91' lang='lat' dir='ltr'>illud</span> 
     </span>
    </p>
   </div>
   <div class='ocr_carea' id='block_1_86' title="bbox 1977 3337 3584 3410">
    <p class='ocr_par' dir='ltr' id='par_1_86' title="bbox 1977 3337 3584 3410">
     <span class='ocr_line' id='line_1_86' title="bbox 1977 3337 3584 3410; baseline 0.001 -20"><span class='ocrx_word' id='word_1_542' title='bbox 1977 3337 2126 3407; x_wconf 92' lang='lat' dir='ltr'>quod</span> <span class='ocrx_word' id='word_1_543' title='bbox 2160 3352 2192 3390; x_wconf 92' lang='lat' dir='ltr'>a</span> <span class='ocrx_word' id='word_1_544' title='bbox 2219 3337 2470 3408; x_wconf 76' lang='lat' dir='ltr'>pluribus</span> <span class='ocrx_word' id='word_1_545' title='bbox 2496 3337 2581 3394; x_wconf 90' lang='lat' dir='ltr'>vel</span> <span class='ocrx_word' id='word_1_546' title='bbox 2611 3339 2776 3393; x_wconf 90' lang='lat' dir='ltr'>etiam</span> <span class='ocrx_word' id='word_1_547' title='bbox 2816 3353 2850 3392; x_wconf 90' lang='lat' dir='ltr'>a</span> <span class='ocrx_word' id='word_1_548' title='bbox 2905 3338 3094 3410; x_wconf 89' lang='lat' dir='ltr'>paucis</span> <span class='ocrx_word' id='word_1_549' title='bbox 3151 3337 3265 3392; x_wconf 84' lang='lat' dir='ltr'>ﬁeri</span> <span class='ocrx_word' id='word_1_550' title='bbox 3321 3339 3584 3409; x_wconf 86' lang='lat' dir='ltr'>percipio,</span> 
     </span>
    </p>
   </div>
   <div class='ocr_carea' id='block_1_87' title="bbox 1977 3423 3584 3498">
    <p class='ocr_par' dir='ltr' id='par_1_87' title="bbox 1977 3423 3584 3498">
     <span class='ocr_line' id='line_1_87' title="bbox 1977 3423 3584 3498; baseline 0.002 -21"><span class='ocrx_word' id='word_1_551' title='bbox 1977 3423 2191 3480; x_wconf 89' lang='lat' dir='ltr'>facilius</span> <span class='ocrx_word' id='word_1_552' title='bbox 2218 3441 2492 3495; x_wconf 84' lang='lat' dir='ltr'>praesumo</span> <span class='ocrx_word' id='word_1_553' title='bbox 2527 3444 2538 3479; x_wconf 90' lang='lat'><strong>:</strong></span> <span class='ocrx_word' id='word_1_554' title='bbox 2592 3434 2645 3481; x_wconf 94' lang='lat' dir='ltr'>et</span> <span class='ocrx_word' id='word_1_555' title='bbox 2691 3441 2798 3498; x_wconf 92' lang='lat' dir='ltr'>quo</span> <span class='ocrx_word' id='word_1_556' title='bbox 2830 3426 3009 3498; x_wconf 90' lang='lat' dir='ltr'>plures</span> <span class='ocrx_word' id='word_1_557' title='bbox 3047 3427 3294 3481; x_wconf 88' lang='lat' dir='ltr'>eamdem</span> <span class='ocrx_word' id='word_1_558' title='bbox 3331 3443 3447 3481; x_wconf 92' lang='lat' dir='ltr'>rem</span> <span class='ocrx_word' id='word_1_559' title='bbox 3497 3426 3584 3481; x_wconf 49' lang='lat' dir='ltr'>fed</span> 
     </span>
    </p>
   </div>
   <div class='ocr_carea' id='block_1_88' title="bbox 1973 3513 3578 3586">
    <p class='ocr_par' dir='ltr' id='par_1_88' title="bbox 1973 3513 3578 3586">
     <span class='ocr_line' id='line_1_88' title="bbox 1973 3513 3578 3586; baseline 0 -17"><span class='ocrx_word' id='word_1_560' title='bbox 1973 3513 2114 3569; x_wconf 90' lang='lat' dir='ltr'>cisse</span> <span class='ocrx_word' id='word_1_561' title='bbox 2144 3529 2477 3586; x_wconf 85' lang='lat' dir='ltr'>cognovero,</span> <span class='ocrx_word' id='word_1_562' title='bbox 2511 3530 2579 3570; x_wconf 89' lang='lat' dir='ltr'>eo</span> <span class='ocrx_word' id='word_1_563' title='bbox 2607 3515 2788 3569; x_wconf 91' lang='lat' dir='ltr'>minus</span> <span class='ocrx_word' id='word_1_564' title='bbox 2817 3531 2936 3570; x_wconf 87' lang='lat' dir='ltr'>eam</span> <span class='ocrx_word' id='word_1_565' title='bbox 2960 3513 3136 3571; x_wconf 86' lang='lat' dir='ltr'>facere</span> <span class='ocrx_word' id='word_1_566' title='bbox 3165 3514 3376 3570; x_wconf 86' lang='lat' dir='ltr'>dubito.</span> <span class='ocrx_word' id='word_1_567' title='bbox 3400 3516 3578 3570; x_wconf 85' lang='lat' dir='ltr'>Bonus</span> 
     </span>
    </p>
   </div>
   <div class='ocr_carea' id='block_1_89' title="bbox 1972 3603 3576 3676">
    <p class='ocr_par' dir='ltr' id='par_1_89' title="bbox 1972 3603 3576 3676">
     <span class='ocr_line' id='line_1_89' title="bbox 1972 3603 3576 3676; baseline 0 -18"><span class='ocrx_word' id='word_1_568' title='bbox 1972 3618 2207 3674; x_wconf 91' lang='lat' dir='ltr'>quoque,</span> <span class='ocrx_word' id='word_1_569' title='bbox 2238 3603 2281 3657; x_wconf 92' lang='lat' dir='ltr'>si</span> <span class='ocrx_word' id='word_1_570' title='bbox 2312 3619 2412 3659; x_wconf 92' lang='lat' dir='ltr'>nec</span> <span class='ocrx_word' id='word_1_571' title='bbox 2440 3604 2716 3675; x_wconf 68' lang='lat' dir='ltr'>pmnitens</span> <span class='ocrx_word' id='word_1_572' title='bbox 2744 3603 2812 3659; x_wconf 92' lang='lat' dir='ltr'>de</span> <span class='ocrx_word' id='word_1_573' title='bbox 2840 3603 3022 3676; x_wconf 90' lang='lat' dir='ltr'>aliquo</span> <span class='ocrx_word' id='word_1_574' title='bbox 3072 3604 3335 3660; x_wconf 89' lang='lat' dir='ltr'>criminali</span> <span class='ocrx_word' id='word_1_575' title='bbox 3391 3603 3576 3673; x_wconf 87' lang='lat' dir='ltr'>fuerit,</span> 
     </span>
    </p>
   </div>
   <div class='ocr_carea' id='block_1_90' title="bbox 1970 3692 3582 3764">
    <p class='ocr_par' dir='ltr' id='par_1_90' title="bbox 1970 3692 3582 3764">
     <span class='ocr_line' id='line_1_90' title="bbox 1970 3692 3582 3764; baseline 0.002 -18"><span class='ocrx_word' id='word_1_576' title='bbox 1970 3707 2073 3747; x_wconf 90' lang='lat' dir='ltr'>nec</span> <span class='ocrx_word' id='word_1_577' title='bbox 2098 3692 2450 3748; x_wconf 90' lang='lat' dir='ltr'>tentationem</span> <span class='ocrx_word' id='word_1_578' title='bbox 2481 3693 2718 3764; x_wconf 88' lang='lat' dir='ltr'>aliquam</span> <span class='ocrx_word' id='word_1_579' title='bbox 2748 3692 2874 3748; x_wconf 90' lang='lat' dir='ltr'>inde</span> <span class='ocrx_word' id='word_1_580' title='bbox 2904 3693 3150 3750; x_wconf 88' lang='lat' dir='ltr'>habuerit</span> <span class='ocrx_word' id='word_1_581' title='bbox 3183 3701 3235 3749; x_wconf 91' lang='lat' dir='ltr'>et</span> <span class='ocrx_word' id='word_1_582' title='bbox 3261 3693 3425 3747; x_wconf 90' lang='lat' dir='ltr'>alium</span> <span class='ocrx_word' id='word_1_583' title='bbox 3485 3693 3582 3749; x_wconf 90' lang='lat' dir='ltr'>illa</span> 
     </span>
    </p>
   </div>
   <div class='ocr_carea' id='block_1_91' title="bbox 1969 3781 3579 3854">
    <p class='ocr_par' dir='ltr' id='par_1_91' title="bbox 1969 3781 3579 3854">
     <span class='ocr_line' id='line_1_91' title="bbox 1969 3781 3579 3854; baseline 0.001 -18"><span class='ocrx_word' id='word_1_584' title='bbox 1969 3781 2056 3836; x_wconf 90' lang='lat' dir='ltr'>vel</span> <span class='ocrx_word' id='word_1_585' title='bbox 2115 3781 2208 3836; x_wconf 89' lang='lat' dir='ltr'>illa</span> <span class='ocrx_word' id='word_1_586' title='bbox 2262 3781 2564 3838; x_wconf 89' lang='lat' dir='ltr'>criminalia</span> <span class='ocrx_word' id='word_1_587' title='bbox 2618 3791 2953 3854; x_wconf 86' lang='lat' dir='ltr'>perpetrasse</span> <span class='ocrx_word' id='word_1_588' title='bbox 3001 3799 3100 3854; x_wconf 90' lang='lat' dir='ltr'>per</span> <span class='ocrx_word' id='word_1_589' title='bbox 3181 3782 3579 3838; x_wconf 86' lang='lat' dir='ltr'>detractionem</span> 
     </span>
    </p>
   </div>
   <div class='ocr_carea' id='block_1_92' title="bbox 1969 3868 3576 3943">
    <p class='ocr_par' dir='ltr' id='par_1_92' title="bbox 1969 3868 3576 3943">
     <span class='ocr_line' id='line_1_92' title="bbox 1969 3868 3576 3943; baseline 0.002 -20"><span class='ocrx_word' id='word_1_590' title='bbox 1969 3868 2217 3938; x_wconf 88' lang='lat' dir='ltr'>audierit,</span> <span class='ocrx_word' id='word_1_591' title='bbox 2249 3870 2350 3924; x_wconf 90' lang='lat' dir='ltr'>nisi</span> <span class='ocrx_word' id='word_1_592' title='bbox 2379 3870 2483 3924; x_wconf 91' lang='lat' dir='ltr'>sibi</span> <span class='ocrx_word' id='word_1_593' title='bbox 2508 3871 2755 3942; x_wconf 87' lang='lat' dir='ltr'>vigilanti</span> <span class='ocrx_word' id='word_1_594' title='bbox 2787 3873 2946 3928; x_wconf 92' lang='lat' dir='ltr'>oculo</span> <span class='ocrx_word' id='word_1_595' title='bbox 2975 3871 3275 3943; x_wconf 90' lang='lat' dir='ltr'>providerit</span> <span class='ocrx_word' id='word_1_596' title='bbox 3305 3870 3391 3941; x_wconf 81' lang='lat'>”’,</span> <span class='ocrx_word' id='word_1_597' title='bbox 3449 3887 3576 3927; x_wconf 82' lang='lat' dir='ltr'>ma-</span> 
     </span>
    </p>
   </div>
   <div class='ocr_carea' id='block_1_93' title="bbox 1967 3959 3577 4031">
    <p class='ocr_par' dir='ltr' id='par_1_93' title="bbox 1967 3959 3577 4031">
     <span class='ocr_line' id='line_1_93' title="bbox 1967 3959 3577 4031; baseline 0.003 -19"><span class='ocrx_word' id='word_1_598' title='bbox 1967 3959 2160 4012; x_wconf 85' lang='lat' dir='ltr'>teriam</span> <span class='ocrx_word' id='word_1_599' title='bbox 2191 3959 2535 4030; x_wconf 89' lang='lat' dir='ltr'>superbiendi</span> <span class='ocrx_word' id='word_1_600' title='bbox 2581 3960 2792 4031; x_wconf 91' lang='lat' dir='ltr'>accipit.</span> <span class='ocrx_word' id='word_1_601' title='bbox 2856 3961 3141 4031; x_wconf 87' lang='lat' dir='ltr'>Proprium</span> <span class='ocrx_word' id='word_1_602' title='bbox 3198 3975 3437 4030; x_wconf 88' lang='lat' dir='ltr'>namque</span> <span class='ocrx_word' id='word_1_603' title='bbox 3493 3969 3577 4017; x_wconf 82' lang='lat' dir='ltr'>est</span> 
     </span>
    </p>
   </div>
   <div class='ocr_carea' id='block_1_94' title="bbox 1968 4047 3575 4120">
    <p class='ocr_par' dir='ltr' id='par_1_94' title="bbox 1968 4047 3575 4120">
     <span class='ocr_line' id='line_1_94' title="bbox 1968 4047 3575 4120; baseline 0.002 -19"><span class='ocrx_word' id='word_1_604' title='bbox 1968 4047 2237 4117; x_wconf 69' lang='lat' dir='ltr'>superbia:</span> <span class='ocrx_word' id='word_1_605' title='bbox 2267 4047 2640 4118; x_wconf 89' lang='lat' dir='ltr'>singularitate</span> <span class='ocrx_word' id='word_1_606' title='bbox 2671 4063 2891 4119; x_wconf 89' lang='lat' dir='ltr'>semper</span> <span class='ocrx_word' id='word_1_607' title='bbox 2912 4049 3174 4120; x_wconf 87' lang='lat' dir='ltr'>gaudere.</span> <span class='ocrx_word' id='word_1_608' title='bbox 3227 4049 3575 4119; x_wconf 85' lang='lat' dir='ltr'>Quapropter</span> 
     </span>
    </p>
   </div>
   <div class='ocr_carea' id='block_1_95' title="bbox 1965 4135 3567 4207">
    <p class='ocr_par' dir='ltr' id='par_1_95' title="bbox 1965 4135 3567 4207">
     <span class='ocr_line' id='line_1_95' title="bbox 1965 4135 3567 4207; baseline 0.001 -17"><span class='ocrx_word' id='word_1_609' title='bbox 1965 4150 2308 4206; x_wconf 90' lang='lat' dir='ltr'>summopere</span> <span class='ocrx_word' id='word_1_610' title='bbox 2365 4135 2669 4191; x_wconf 91' lang='lat' dir='ltr'>cavendum</span> <span class='ocrx_word' id='word_1_611' title='bbox 2725 4143 2804 4190; x_wconf 82' lang='lat' dir='ltr'>est</span> <span class='ocrx_word' id='word_1_612' title='bbox 2849 4145 3136 4206; x_wconf 90' lang='lat' dir='ltr'>peccatum</span> <span class='ocrx_word' id='word_1_613' title='bbox 3193 4135 3567 4207; x_wconf 86' lang='lat' dir='ltr'>detractionis,</span> 
     </span>
    </p>
   </div>
   <div class='ocr_carea' id='block_1_96' title="bbox 1965 4224 2959 4296">
    <p class='ocr_par' dir='ltr' id='par_1_96' title="bbox 1965 4224 2959 4296">
     <span class='ocr_line' id='line_1_96' title="bbox 1965 4224 2959 4296; baseline 0 -17"><span class='ocrx_word' id='word_1_614' title='bbox 1965 4224 2094 4296; x_wconf 90' lang='lat' dir='ltr'>quia</span> <span class='ocrx_word' id='word_1_615' title='bbox 2121 4224 2296 4280; x_wconf 85' lang='lat' dir='ltr'>fomes</span> <span class='ocrx_word' id='word_1_616' title='bbox 2315 4228 2398 4280; x_wconf 84' lang='lat' dir='ltr'>est</span> <span class='ocrx_word' id='word_1_617' title='bbox 2427 4231 2586 4280; x_wconf 83' lang='lat' dir='ltr'>tantae</span> <span class='ocrx_word' id='word_1_618' title='bbox 2618 4225 2959 4296; x_wconf 90' lang='lat' dir='ltr'>perditionis.</span> 
     </span>
    </p>
   </div>
   <div class='ocr_carea' id='block_1_97' title="bbox 2569 4311 2960 4370">
    <p class='ocr_par' dir='ltr' id='par_1_97' title="bbox 2569 4311 2960 4370">
     <span class='ocr_line' id='line_1_97' title="bbox 2569 4311 2960 4370; baseline 0.005 -3"><span class='ocrx_word' id='word_1_619' title='bbox 2569 4313 2790 4370; x_wconf 88' lang='lat' dir='ltr'>CAPUT</span> <span class='ocrx_word' id='word_1_620' title='bbox 2830 4311 2960 4369; x_wconf 87' lang='lat' dir='ltr'>CLI.</span> 
     </span>
    </p>
   </div>
   <div class='ocr_carea' id='block_1_98' title="bbox 2382 4402 3175 4462">
    <p class='ocr_par' dir='ltr' id='par_1_98' title="bbox 2382 4402 3175 4462">
     <span class='ocr_line' id='line_1_98' title="bbox 2382 4402 3175 4462; baseline 0 -4"><span class='ocrx_word' id='word_1_621' title='bbox 2382 4402 2802 4462; x_wconf 80' lang='lat' dir='ltr'>Commendatio</span> <span class='ocrx_word' id='word_1_622' title='bbox 2846 4404 3175 4460; x_wconf 83' lang='lat' dir='ltr'>charitatis.</span> 
     </span>
    </p>
   </div>
   <div class='ocr_carea' id='block_1_99' title="bbox 2037 4491 3570 4568">
    <p class='ocr_par' dir='ltr' id='par_1_99' title="bbox 2037 4491 3570 4568">
     <span class='ocr_line' id='line_1_99' title="bbox 2037 4491 3570 4568; baseline 0.001 -20"><span class='ocrx_word' id='word_1_623' title='bbox 2037 4491 2199 4549; x_wconf 87' lang='lat' dir='ltr'>Tollit</span> <span class='ocrx_word' id='word_1_624' title='bbox 2244 4493 2390 4548; x_wconf 89' lang='lat' dir='ltr'>enim</span> <span class='ocrx_word' id='word_1_625' title='bbox 2430 4493 2772 4560; x_wconf 89' lang='lat' dir='ltr'>charitatem,</span> <span class='ocrx_word' id='word_1_626' title='bbox 2811 4495 2937 4550; x_wconf 82' lang='lat' dir='ltr'>sine</span> <span class='ocrx_word' id='word_1_627' title='bbox 2966 4511 3074 4566; x_wconf 86' lang='lat' dir='ltr'>qua</span> <span class='ocrx_word' id='word_1_628' title='bbox 3105 4491 3444 4568; x_wconf 77' lang='lat' dir='ltr'>impossibile</span> <span class='ocrx_word' id='word_1_629' title='bbox 3484 4498 3570 4550; x_wconf 84' lang='lat' dir='ltr'>est</span> 
     </span>
    </p>
   </div>
   <div class='ocr_carea' id='block_1_100' title="bbox 1965 4581 3564 4655">
    <p class='ocr_par' dir='ltr' id='par_1_100' title="bbox 1965 4581 3564 4655">
     <span class='ocr_line' id='line_1_100' title="bbox 1965 4581 3564 4655; baseline 0 -17"><span class='ocrx_word' id='word_1_630' title='bbox 1965 4585 2284 4655; x_wconf 85' lang='lat' dir='ltr'>quempiam</span> <span class='ocrx_word' id='word_1_631' title='bbox 2317 4583 2429 4638; x_wconf 88' lang='lat' dir='ltr'>Deo</span> <span class='ocrx_word' id='word_1_632' title='bbox 2456 4582 2685 4653; x_wconf 84' lang='lat' dir='ltr'>placere</span> <span class='ocrx_word' id='word_1_633' title='bbox 2714 4583 2894 4652; x_wconf 78' lang='lat' dir='ltr'>(Hebr.</span> <span class='ocrx_word' id='word_1_634' title='bbox 2928 4599 3001 4636; x_wconf 81' lang='lat' dir='ltr'>x1.</span> <span class='ocrx_word' id='word_1_635' title='bbox 3028 4583 3102 4654; x_wconf 88' lang='lat'>6).</span> <span class='ocrx_word' id='word_1_636' title='bbox 3145 4584 3247 4652; x_wconf 83' lang='lat' dir='ltr'>Qui</span> <span class='ocrx_word' id='word_1_637' title='bbox 3267 4581 3423 4638; x_wconf 81' lang='lat' dir='ltr'>enim</span> <span class='ocrx_word' id='word_1_638' title='bbox 3445 4597 3564 4638; x_wconf 82' lang='lat' dir='ltr'>non.</span> 
     </span>
    </p>
   </div>
   <div class='ocr_carea' id='block_1_101' title="bbox 1962 4670 3561 4744">
    <p class='ocr_par' dir='ltr' id='par_1_101' title="bbox 1962 4670 3561 4744">
     <span class='ocr_line' id='line_1_101' title="bbox 1962 4670 3561 4744; baseline -0.001 -18"><span class='ocrx_word' id='word_1_639' title='bbox 1962 4672 2150 4744; x_wconf 77' lang='lat' dir='ltr'>diligit</span> <span class='ocrx_word' id='word_1_640' title='bbox 2183 4675 2386 4727; x_wconf 83' lang='lat' dir='ltr'>manet</span> <span class='ocrx_word' id='word_1_641' title='bbox 2415 4671 2477 4726; x_wconf 87' lang='lat' dir='ltr'>in</span> <span class='ocrx_word' id='word_1_642' title='bbox 2507 4675 2688 4727; x_wconf 86' lang='lat' dir='ltr'>morte</span> <span class='ocrx_word' id='word_1_643' title='bbox 2719 4671 2769 4742; x_wconf 92' lang='lat' dir='ltr'>(I</span> <span class='ocrx_word' id='word_1_644' title='bbox 2793 4670 2966 4726; x_wconf 83' lang='lat' dir='ltr'>Joan.</span> <span class='ocrx_word' id='word_1_645' title='bbox 3007 4686 3089 4742; x_wconf 84' lang='lat' dir='ltr'>ur,</span> <span class='ocrx_word' id='word_1_646' title='bbox 3124 4672 3231 4741; x_wconf 75' lang='grc'><strong>14).</strong></span> <span class='ocrx_word' id='word_1_647' title='bbox 3252 4672 3378 4726; x_wconf 86' lang='lat' dir='ltr'>Plus</span> <span class='ocrx_word' id='word_1_648' title='bbox 3399 4687 3561 4725; x_wconf 90' lang='lat' dir='ltr'>nam-</span> 
     </span>
    </p>
   </div>
   <div class='ocr_carea' id='block_1_102' title="bbox 1962 4759 3560 4831">
    <p class='ocr_par' dir='ltr' id='par_1_102' title="bbox 1962 4759 3560 4831">
     <span class='ocr_line' id='line_1_102' title="bbox 1962 4759 3560 4831; baseline 0.001 -16"><span class='ocrx_word' id='word_1_649' title='bbox 1962 4776 2065 4831; x_wconf 91' lang='lat' dir='ltr'>que</span> <span class='ocrx_word' id='word_1_650' title='bbox 2085 4769 2279 4831; x_wconf 89' lang='lat' dir='ltr'>peccat</span> <span class='ocrx_word' id='word_1_651' title='bbox 2302 4760 2390 4830; x_wconf 88' lang='lat' dir='ltr'>qui</span> <span class='ocrx_word' id='word_1_652' title='bbox 2450 4775 2690 4816; x_wconf 88' lang='lat' dir='ltr'>amorem</span> <span class='ocrx_word' id='word_1_653' title='bbox 2737 4759 2975 4830; x_wconf 82' lang='lat' dir='ltr'>proximi</span> <span class='ocrx_word' id='word_1_654' title='bbox 3029 4775 3062 4814; x_wconf 88' lang='lat' dir='ltr'>a</span> <span class='ocrx_word' id='word_1_655' title='bbox 3109 4761 3276 4816; x_wconf 91' lang='lat' dir='ltr'>corde</span> <span class='ocrx_word' id='word_1_656' title='bbox 3332 4761 3560 4816; x_wconf 86' lang='lat' dir='ltr'>alterius</span> 
     </span>
    </p>
   </div>
   <div class='ocr_carea' id='block_1_103' title="bbox 1958 4848 3547 4922">
    <p class='ocr_par' dir='ltr' id='par_1_103' title="bbox 1958 4848 3547 4922">
     <span class='ocr_line' id='line_1_103' title="bbox 1958 4848 3547 4922; baseline 0.003 -19"><span class='ocrx_word' id='word_1_657' title='bbox 1958 4849 2174 4920; x_wconf 91' lang='lat' dir='ltr'>minuit,</span> <span class='ocrx_word' id='word_1_658' title='bbox 2208 4863 2373 4921; x_wconf 88' lang='lat' dir='ltr'>quam</span> <span class='ocrx_word' id='word_1_659' title='bbox 2415 4848 2504 4918; x_wconf 90' lang='lat' dir='ltr'>qui</span> <span class='ocrx_word' id='word_1_660' title='bbox 2562 4848 2763 4904; x_wconf 90' lang='lat' dir='ltr'>victum</span> <span class='ocrx_word' id='word_1_661' title='bbox 2820 4848 2890 4903; x_wconf 92' lang='lat' dir='ltr'>ab</span> <span class='ocrx_word' id='word_1_662' title='bbox 2945 4864 3038 4905; x_wconf 89' lang='lat' dir='ltr'>ore</span> <span class='ocrx_word' id='word_1_663' title='bbox 3084 4849 3340 4922; x_wconf 90' lang='lat' dir='ltr'>pauperis</span> <span class='ocrx_word' id='word_1_664' title='bbox 3388 4849 3547 4922; x_wconf 89' lang='lat' dir='ltr'>rapit.</span> 
     </span>
    </p>
   </div>
   <div class='ocr_carea' id='block_1_104' title="bbox 1554 5024 2239 5082">
    <p class='ocr_par' dir='ltr' id='par_1_104' title="bbox 1554 5024 2239 5082">
     <span class='ocr_line' id='line_1_104' title="bbox 1554 5024 2239 5082; baseline 0 -2"><span class='ocrx_word' id='word_1_665' title='bbox 1554 5024 1790 5081; x_wconf 68' lang='lat' dir='ltr'>VARIxE</span> <span class='ocrx_word' id='word_1_666' title='bbox 1818 5024 2239 5082; x_wconf 83' lang='lat' dir='ltr'>LECTIONES.</span> 
     </span>
    </p>
   </div>
   <div class='ocr_carea' id='block_1_105' title="bbox 320 5161 3333 5238">
    <p class='ocr_par' dir='ltr' id='par_1_105' title="bbox 320 5161 3333 5238">
     <span class='ocr_line' id='line_1_105' title="bbox 320 5161 3333 5238; baseline 0 -14"><span class='ocrx_word' id='word_1_667' title='bbox 320 5164 636 5225; x_wconf 77' lang='lat' dir='ltr'>&quot;&#39;Proﬁciat</span> <span class='ocrx_word' id='word_1_668' title='bbox 662 5183 798 5225; x_wconf 84' lang='lat' dir='ltr'>mss.</span> <span class='ocrx_word' id='word_1_669' title='bbox 840 5167 974 5225; x_wconf 82' lang='lat' dir='ltr'>Vict.</span> <span class='ocrx_word' id='word_1_670' title='bbox 1009 5169 1075 5224; x_wconf 83' lang='lat' dir='ltr'>I3</span> <span class='ocrx_word' id='word_1_671' title='bbox 1110 5163 1277 5238; x_wconf 51' lang='grc' dir='ltr'>ϐου-ὸ,</span> <span class='ocrx_word' id='word_1_672' title='bbox 1312 5169 1413 5222; x_wconf 85' lang='lat'>306</span> <span class='ocrx_word' id='word_1_673' title='bbox 1443 5166 1502 5223; x_wconf 85' lang='lat' dir='ltr'>et</span> <span class='ocrx_word' id='word_1_674' title='bbox 1529 5163 1676 5222; x_wconf 86' lang='lat' dir='ltr'>Edit.</span> <span class='ocrx_word' id='word_1_675' title='bbox 1712 5163 1824 5224; x_wconf 76' lang='lat' dir='ltr'>Col.</span> <span class='ocrx_word' id='word_1_676' title='bbox 1859 5166 1970 5224; x_wconf 89' lang='lat' dir='ltr'>sibi</span> <span class='ocrx_word' id='word_1_677' title='bbox 2000 5167 2197 5238; x_wconf 86' lang='lat' dir='ltr'>prosit.</span> <span class='ocrx_word' id='word_1_678' title='bbox 2248 5161 2489 5236; x_wconf 79' lang='lat' dir='ltr'>&quot;‘Quem</span> <span class='ocrx_word' id='word_1_679' title='bbox 2516 5165 2701 5238; x_wconf 78' lang='lat' dir='ltr'>magni</span> <span class='ocrx_word' id='word_1_680' title='bbox 2759 5183 2869 5238; x_wconf 72' lang='lat' dir='ltr'>ms.</span> <span class='ocrx_word' id='word_1_681' title='bbox 2928 5167 3082 5225; x_wconf 85' lang='lat' dir='ltr'>Corb.</span> <span class='ocrx_word' id='word_1_682' title='bbox 3135 5168 3240 5224; x_wconf 85' lang='lat'>306</span> <span class='ocrx_word' id='word_1_683' title='bbox 3287 5166 3333 5238; x_wconf 84' lang='lat' dir='ltr'>si</span> 
     </span>
    </p>
   </div>
   <div class='ocr_carea' id='block_1_106' title="bbox 1245 5233 3550 5298">
    <p class='ocr_par' dir='ltr' id='par_1_106' title="bbox 1245 5233 3550 5298">
     <span class='ocr_line' id='line_1_106' title="bbox 1245 5233 3550 5298; baseline 0.002 -6"><span class='ocrx_word' id='word_1_684' title='bbox 1245 5233 1694 5294; x_wconf 74' lang='lat' dir='ltr'>mLaceratmss.</span> <span class='ocrx_word' id='word_1_685' title='bbox 1756 5240 1898 5295; x_wconf 86' lang='lat' dir='ltr'>Vict.</span> <span class='ocrx_word' id='word_1_686' title='bbox 1959 5233 2024 5294; x_wconf 72' lang='grc'>13</span> <span class='ocrx_word' id='word_1_687' title='bbox 2083 5235 2222 5295; x_wconf 75' lang='lat' dir='ltr'>Corb</span> <span class='ocrx_word' id='word_1_688' title='bbox 2297 5233 2400 5294; x_wconf 83' lang='lat'>307</span> <span class='ocrx_word' id='word_1_689' title='bbox 2457 5242 2515 5295; x_wconf 79' lang='lat' dir='ltr'>et</span> <span class='ocrx_word' id='word_1_690' title='bbox 2561 5233 2713 5295; x_wconf 76' lang='lat' dir='ltr'>Edit.</span> <span class='ocrx_word' id='word_1_691' title='bbox 2778 5234 2892 5296; x_wconf 75' lang='lat' dir='ltr'>Col.</span> <span class='ocrx_word' id='word_1_692' title='bbox 2945 5240 3224 5296; x_wconf 87' lang='lat' dir='ltr'>dilacerat.</span> <span class='ocrx_word' id='word_1_693' title='bbox 3285 5233 3550 5298; x_wconf 75' lang='lat' dir='ltr'>&#39;“Taliter</span> 
     </span>
    </p>
   </div>
   <div class='ocr_carea' id='block_1_107' title="bbox 244 5239 1186 5313">
    <p class='ocr_par' dir='ltr' id='par_1_107' title="bbox 244 5239 1186 5313">
     <span class='ocr_line' id='line_1_107' title="bbox 244 5239 1186 5313; baseline -0.004 -15"><span class='ocrx_word' id='word_1_694' title='bbox 244 5241 436 5313; x_wconf 83' lang='lat' dir='ltr'>magni</span> <span class='ocrx_word' id='word_1_695' title='bbox 458 5241 613 5296; x_wconf 85' lang='lat' dir='ltr'>Edit.</span> <span class='ocrx_word' id='word_1_696' title='bbox 642 5239 756 5296; x_wconf 81' lang='lat' dir='ltr'>Col.</span> <span class='ocrx_word' id='word_1_697' title='bbox 789 5255 947 5309; x_wconf 89' lang='lat' dir='ltr'>quam</span> <span class='ocrx_word' id='word_1_698' title='bbox 977 5239 1186 5313; x_wconf 77' lang='lat' dir='ltr'>magni.</span> 
     </span>
    </p>
   </div>
   <div class='ocr_carea' id='block_1_108' title="bbox 3383 5185 3548 5241">
    <p class='ocr_par' dir='ltr' id='par_1_108' title="bbox 3383 5185 3548 5241">
     <span class='ocr_line' id='line_1_108' title="bbox 3383 5185 3548 5241; baseline 0 -15"><span class='ocrx_word' id='word_1_699' title='bbox 3383 5185 3548 5241; x_wconf 85' lang='lat' dir='ltr'>quem</span> 
     </span>
    </p>
   </div>
   <div class='ocr_carea' id='block_1_109' title="bbox 241 5301 3543 5382">
    <p class='ocr_par' dir='ltr' id='par_1_109' title="bbox 241 5301 3543 5382">
     <span class='ocr_line' id='line_1_109' title="bbox 241 5301 3543 5382; baseline -0.001 -13"><span class='ocrx_word' id='word_1_700' title='bbox 241 5301 416 5369; x_wconf 49' lang='lat' dir='ltr'>etiavm</span> <span class='ocrx_word' id='word_1_701' title='bbox 446 5321 531 5366; x_wconf 92' lang='lat' dir='ltr'>est</span> <span class='ocrx_word' id='word_1_702' title='bbox 565 5327 717 5367; x_wconf 91' lang='lat' dir='ltr'>mens</span> <span class='ocrx_word' id='word_1_703' title='bbox 746 5301 852 5366; x_wconf 67' lang='lat' dir='ltr'>mi.</span> <span class='ocrx_word' id='word_1_704' title='bbox 895 5313 1042 5367; x_wconf 89' lang='lat' dir='ltr'>Vict.</span> <span class='ocrx_word' id='word_1_705' title='bbox 1073 5301 1140 5365; x_wconf 70' lang='lat' dir='ltr'>I3</span> <span class='ocrx_word' id='word_1_706' title='bbox 1172 5309 1348 5382; x_wconf 91' lang='lat' dir='ltr'>taliter</span> <span class='ocrx_word' id='word_1_707' title='bbox 1364 5309 1528 5382; x_wconf 76' lang='lat' dir='ltr'>etiam</span> <span class='ocrx_word' id='word_1_708' title='bbox 1553 5325 1709 5382; x_wconf 88' lang='lat' dir='ltr'>mens</span> <span class='ocrx_word' id='word_1_709' title='bbox 1727 5327 1833 5366; x_wconf 84' lang='lat' dir='ltr'>ms.</span> <span class='ocrx_word' id='word_1_710' title='bbox 1859 5307 2012 5367; x_wconf 80' lang='lat' dir='ltr'>Corb.</span> <span class='ocrx_word' id='word_1_711' title='bbox 2045 5313 2150 5364; x_wconf 88' lang='lat'>307</span> <span class='ocrx_word' id='word_1_712' title='bbox 2182 5310 2357 5382; x_wconf 86' lang='lat' dir='ltr'>taliter</span> <span class='ocrx_word' id='word_1_713' title='bbox 2383 5317 2437 5364; x_wconf 90' lang='lat' dir='ltr'>et</span> <span class='ocrx_word' id='word_1_714' title='bbox 2466 5327 2652 5382; x_wconf 83' lang='lat' dir='ltr'>mens.</span> <span class='ocrx_word' id='word_1_715' title='bbox 2696 5301 2927 5366; x_wconf 76' lang='lat' dir='ltr'>&quot;&quot;Citius</span> <span class='ocrx_word' id='word_1_716' title='bbox 2951 5312 3269 5382; x_wconf 81' lang='lat' dir='ltr'>surgitmss.</span> <span class='ocrx_word' id='word_1_717' title='bbox 3305 5316 3451 5368; x_wconf 86' lang='lat' dir='ltr'>Vict.</span> <span class='ocrx_word' id='word_1_718' title='bbox 3478 5317 3543 5380; x_wconf 78' lang='lat'>13</span> 
     </span>
    </p>
   </div>
   <div class='ocr_carea' id='block_1_110' title="bbox 241 5378 3543 5452">
    <p class='ocr_par' dir='ltr' id='par_1_110' title="bbox 241 5378 3543 5452">
     <span class='ocr_line' id='line_1_110' title="bbox 241 5378 3543 5452; baseline -0.001 -12"><span class='ocrx_word' id='word_1_719' title='bbox 241 5383 403 5440; x_wconf 84' lang='lat' dir='ltr'>Corb.</span> <span class='ocrx_word' id='word_1_720' title='bbox 434 5383 629 5452; x_wconf 14' lang='lat'>807,42!</span> <span class='ocrx_word' id='word_1_721' title='bbox 653 5383 809 5438; x_wconf 80' lang='lat' dir='ltr'>Edit.</span> <span class='ocrx_word' id='word_1_722' title='bbox 851 5381 966 5437; x_wconf 79' lang='lat' dir='ltr'>Col.</span> <span class='ocrx_word' id='word_1_723' title='bbox 998 5381 1149 5438; x_wconf 89' lang='lat' dir='ltr'>ocius</span> <span class='ocrx_word' id='word_1_724' title='bbox 1177 5381 1408 5452; x_wconf 77' lang='lat' dir='ltr'>surgit._</span> <span class='ocrx_word' id='word_1_725' title='bbox 1441 5378 1588 5435; x_wconf 76' lang='lat' dir='ltr'>&quot;&#39;Sit</span> <span class='ocrx_word' id='word_1_726' title='bbox 1617 5397 1769 5452; x_wconf 89' lang='lat' dir='ltr'>mens</span> <span class='ocrx_word' id='word_1_727' title='bbox 1797 5398 1828 5436; x_wconf 88' lang='lat' dir='ltr'>a</span> <span class='ocrx_word' id='word_1_728' title='bbox 1854 5398 1960 5437; x_wconf 90' lang='lat' dir='ltr'>ms.</span> <span class='ocrx_word' id='word_1_729' title='bbox 2003 5382 2149 5452; x_wconf 81' lang='lat' dir='ltr'>Vict.</span> <span class='ocrx_word' id='word_1_730' title='bbox 2185 5385 2241 5436; x_wconf 87' lang='lat' dir='ltr'>et</span> <span class='ocrx_word' id='word_1_731' title='bbox 2271 5381 2429 5436; x_wconf 78' lang='lat' dir='ltr'>Edit.</span> <span class='ocrx_word' id='word_1_732' title='bbox 2466 5382 2581 5436; x_wconf 85' lang='lat' dir='ltr'>Col.</span> <span class='ocrx_word' id='word_1_733' title='bbox 2615 5381 2690 5437; x_wconf 89' lang='lat' dir='ltr'>sic</span> <span class='ocrx_word' id='word_1_734' title='bbox 2726 5397 2879 5438; x_wconf 89' lang='lat' dir='ltr'>mens</span> <span class='ocrx_word' id='word_1_735' title='bbox 2907 5399 2939 5437; x_wconf 92' lang='lat' dir='ltr'>a</span> <span class='ocrx_word' id='word_1_736' title='bbox 2993 5378 3099 5436; x_wconf 67' lang='lat' dir='ltr'>ms.</span> <span class='ocrx_word' id='word_1_737' title='bbox 3160 5383 3312 5437; x_wconf 86' lang='lat' dir='ltr'>Carb.</span> <span class='ocrx_word' id='word_1_738' title='bbox 3364 5385 3467 5452; x_wconf 11' lang='lat'>30,7</span> <span class='ocrx_word' id='word_1_739' title='bbox 3500 5378 3543 5436; x_wconf 87' lang='lat' dir='ltr'>si</span> 
     </span>
    </p>
   </div>
   <div class='ocr_carea' id='block_1_111' title="bbox 238 5449 3544 5532">
    <p class='ocr_par' dir='ltr' id='par_1_111' title="bbox 238 5449 3544 5532">
     <span class='ocr_line' id='line_1_111' title="bbox 238 5449 3544 5532; baseline -0.001 -23"><span class='ocrx_word' id='word_1_740' title='bbox 238 5469 408 5532; x_wconf 73' lang='lat' dir='ltr'>mens</span> <span class='ocrx_word' id='word_1_741' title='bbox 435 5469 485 5532; x_wconf 88' lang='lat' dir='ltr'>a_.</span> <span class='ocrx_word' id='word_1_742' title='bbox 507 5523 519 5532; x_wconf 41' lang='lat'><em>.</em></span> <span class='ocrx_word' id='word_1_743' title='bbox 545 5450 878 5532; x_wconf 70' lang='lat' dir='ltr'>mCorporis</span> <span class='ocrx_word' id='word_1_744' title='bbox 908 5452 1114 5532; x_wconf 61' lang='lat' dir='ltr'>desidia</span> <span class='ocrx_word' id='word_1_745' title='bbox 1130 5449 1426 5532; x_wconf 55' lang='lat' dir='ltr'>Edithol.</span> <span class='ocrx_word' id='word_1_746' title='bbox 1449 5451 1964 5532; x_wconf 59' lang='lat' dir='ltr'>torporisgesidia.</span> <span class='ocrx_word' id='word_1_747' title='bbox 2027 5449 2473 5532; x_wconf 38' lang='lat' dir='ltr'>’&quot;Refrjgerium.</span> <span class='ocrx_word' id='word_1_748' title='bbox 2493 5469 2628 5508; x_wconf 88' lang='lat' dir='ltr'>mss.</span> <span class='ocrx_word' id='word_1_749' title='bbox 2658 5455 2813 5532; x_wconf 40' lang='lat' dir='ltr'>‘Vict.</span> <span class='ocrx_word' id='word_1_750' title='bbox 2846 5451 3098 5532; x_wconf 65' lang='lat' dir='ltr'>t3_Corb.</span> <span class='ocrx_word' id='word_1_751' title='bbox 3131 5455 3232 5508; x_wconf 81' lang='lat'>301</span> <span class='ocrx_word' id='word_1_752' title='bbox 3280 5456 3357 5532; x_wconf 38' lang='lat' dir='ltr'>et.</span> <span class='ocrx_word' id='word_1_753' title='bbox 3392 5451 3544 5532; x_wconf 52' lang='lat' dir='ltr'>ﬁdit:</span> 
     </span>
    </p>
   </div>
   <div class='ocr_carea' id='block_1_112' title="bbox 239 5519 3540 5600">
    <p class='ocr_par' dir='ltr' id='par_1_112' title="bbox 239 5519 3540 5600">
     <span class='ocr_line' id='line_1_112' title="bbox 239 5519 3540 5600; baseline 0 -19"><span class='ocrx_word' id='word_1_754' title='bbox 239 5527 372 5600; x_wconf 46' lang='lat' dir='ltr'>got,</span> <span class='ocrx_word' id='word_1_755' title='bbox 395 5519 897 5600; x_wconf 45' lang='lat' dir='ltr'>refrigeratiqnem:</span> <span class='ocrx_word' id='word_1_756' title='bbox 940 5520 1257 5600; x_wconf 70' lang='lat' dir='ltr'>_&quot;‘Tentaris</span> <span class='ocrx_word' id='word_1_757' title='bbox 1284 5539 1398 5600; x_wconf 47' lang='lat' dir='ltr'>ms.</span> <span class='ocrx_word' id='word_1_758' title='bbox 1441 5519 1616 5600; x_wconf 83' lang='lat' dir='ltr'>Corb._</span> <span class='ocrx_word' id='word_1_759' title='bbox 1636 5523 1739 5600; x_wconf 60' lang='lat'>30&#39;?</span> <span class='ocrx_word' id='word_1_760' title='bbox 1771 5531 2089 5582; x_wconf 88' lang='lat' dir='ltr'>tentaturus.</span> <span class='ocrx_word' id='word_1_761' title='bbox 2150 5519 2526 5596; x_wconf 69' lang='lat' dir='ltr'>&quot;’Vigilantiaa</span> <span class='ocrx_word' id='word_1_762' title='bbox 2553 5523 2711 5582; x_wconf 88' lang='lat' dir='ltr'>oculo</span> <span class='ocrx_word' id='word_1_763' title='bbox 2739 5524 3056 5600; x_wconf 72' lang='lat' dir='ltr'>praeviderit</span> <span class='ocrx_word' id='word_1_764' title='bbox 3076 5538 3214 5580; x_wconf 82' lang='lat' dir='ltr'>mss.</span> <span class='ocrx_word' id='word_1_765' title='bbox 3289 5524 3439 5581; x_wconf 85' lang='lat' dir='ltr'>Vict.</span> <span class='ocrx_word' id='word_1_766' title='bbox 3473 5522 3540 5582; x_wconf 81' lang='lat'>13</span> 
     </span>
    </p>
   </div>
   <div class='ocr_carea' id='block_1_113' title="bbox 239 5592 1783 5670">
    <p class='ocr_par' dir='ltr' id='par_1_113' title="bbox 239 5592 1783 5670">
     <span class='ocr_line' id='line_1_113' title="bbox 239 5592 1783 5670; baseline -0.004 -14"><span class='ocrx_word' id='word_1_767' title='bbox 239 5596 402 5656; x_wconf 75' lang='lat' dir='ltr'>Corb.</span> <span class='ocrx_word' id='word_1_768' title='bbox 437 5592 556 5653; x_wconf 65' lang='lat'>307&#39;</span> <span class='ocrx_word' id='word_1_769' title='bbox 569 5601 628 5655; x_wconf 85' lang='lat' dir='ltr'>et</span> <span class='ocrx_word' id='word_1_770' title='bbox 655 5596 820 5656; x_wconf 81' lang='lat' dir='ltr'>Edit.</span> <span class='ocrx_word' id='word_1_771' title='bbox 859 5594 972 5653; x_wconf 83' lang='lat' dir='ltr'>Col.</span> <span class='ocrx_word' id='word_1_772' title='bbox 1004 5593 1256 5670; x_wconf 84' lang='lat' dir='ltr'>vigilanti</span> <span class='ocrx_word' id='word_1_773' title='bbox 1275 5593 1434 5651; x_wconf 92' lang='lat' dir='ltr'>oculo</span> <span class='ocrx_word' id='word_1_774' title='bbox 1460 5592 1783 5669; x_wconf 88' lang='lat' dir='ltr'>providerit.</span> 
     </span>
    </p>
   </div>
  </div>
