3970 6088
434 290 538 350 68⁸7

429 420 576 476 Nam
605 415 743 472 sicut
770 410 952 468 anima
980 405 1272 482 pretiosior
1336 415 1420 463 est
1469 423 1632 480 quam
1690 422 1904 478 corpus,
1948 405 2028 461 sic
2054 405 2110 468 Α

436 507 656 580 gravius
684 511 766 559 est
812 499 1015 556 animae
1043 497 1242 555 victum
1283 497 1495 552 auferre
1552 512 1710 569 quam
1768 495 2028 565 corporis.

437 597 622 653 Victus
651 607 786 648 vero
812 589 1007 643 anima:
1037 590 1119 640 est
1148 600 1304 641 amor
1333 585 1432 640 Dei
1497 592 1551 641 et
1595 583 1826 654 proximi
1850 601 1864 648 ;
1925 584 2034 652 Qui

436 685 582 741 enim
606 682 789 753 diligit
807 677 1159 751 proximum,
1203 675 1378 746 legem
1402 675 1856 746 implevitmom.
1905 689 2030 742 xm,

437 774 514 847 8).
547 770 651 840 Qui
681 767 847 842 igitur
866 765 1237 826 dilectionem,
1270 779 1378 835 qua
1406 763 1568 817 debet
1598 763 1783 817 anima
1813 770 2032 816 susten-

436 861 552 932 tari,
571 857 730 926 tollit,
760 861 1019 928 quantum
1049 851 1104 906 in
1132 867 1190 906 se
1221 859 1320 921 cst,
1352 851 1587 905 animam
1618 850 1840 906 occidit.
1905 850 2036 905 Pro-

435 960 622 1024 pterea
647 943 953 1002 cavendum
984 949 1152 996 estne
1181 939 1470 1011 quisquam
1503 938 1708 1011 aliquid
1760 937 2028 993 sinistrum

435 1041 504 1096 de
533 1037 713 1106 aliquo
742 1031 889 1102 loqui
921 1033 1235 1101 praesumat,
1257 1028 1360 1082 nisi
1416 1035 1638 1097 propter
1690 1025 2031 1082 emendatio-

433 1143 558 1185 nem
587 1126 704 1194 ejus
733 1123 838 1176 hoc
885 1117 1067 1174 faciat.
1113 1117 1254 1172 Nam
1306 1116 1530 1187 prmlato
1596 1123 1686 1170 aut
1740 1115 1816 1170 illi
1871 1131 2032 1186 quem

433 1225 563 1290 puto
594 1225 757 1286 posse
787 1206 1068 1264 consulere
1097 1204 1350 1275 peccanti
1405 1209 1459 1259 et
1501 1205 1760 1260 vitiorum
1808 1205 2035 1259 vulnera

432 1303 664 1368 mederi,
696 1297 869 1354 debeo
898 1293 1119 1350 alterius
1138 1293 1426 1348 malefacta
1443 1301 1668 1363 propter
1694 1293 2034 1349 emendatio-

429 1406 556 1446 nem
585 1388 864 1455 detegere,
897 1396 1019 1450 quae
1047 1393 1148 1448 per
1175 1377 1446 1448 meipsum
1478 1392 1690 1449 nequeo
1719 1377 2033 1434 emendare.

432 1479 502 1534 Et
530 1492 596 1530 ne
627 1473 764 1528 alius
786 1475 1163 1538 corrumpatur
1191 1465 1363 1536 ipsius
1383 1464 1710 1532 offensione,
1770 1481 2035 1536 compen-

433 1566 587 1621 diose
617 1559 780 1616 etiam
808 1572 1028 1628 possum
1055 1570 1178 1609 eum
1227 1569 1472 1621 monere,
1522 1570 1593 1610 ne
1635 1554 1730 1609 tali
1771 1554 2039 1626 jungatur

433 1649 698 1724 singulari
751 1645 932 1715 aliqua
986 1642 1393 1703 familiaritate;
1455 1642 1612 1698 aliter
1665 1658 1813 1710 vero,
1886 1642 2035 1699 nullo

433 1739 598 1798 modo
628 1737 698 1792 de
727 1734 913 1804 aliquo
935 1730 1230 1804 quidquam
1260 1729 1477 1785 adversi
1505 1728 1653 1800 loqui
1671 1728 1869 1786 debeo.

1026 1836 1252 1892 CAPUT
1283 1835 1437 1890 CLII.

563 1930 706 2002 Quid
734 1931 936 1986 noceat
967 1927 1247 1982 detractio
1272 1928 1329 1980 et
1357 1924 1491 1996 quid
1515 1925 1697 1997 prosit
1725 1925 1931 1983 bonum

1149 2014 1367 2069 audire.

505 2113 769 2169 Caeterum
802 2107 941 2162 sicut
965 2101 1027 2132 ’“
1057 2110 1220 2158 nocet
1249 2101 1433 2156 multis
1488 2102 1557 2156 de
1613 2101 1853 2172 quolibet
1919 2116 2035 2156 ma-

432 2204 540 2258 lum
573 2201 777 2263 dicere,
809 2196 886 2251 sic
915 2193 1163 2265 pluribus
1193 2191 1332 2246 solet
1361 2191 1620 2261 prodesse
1653 2191 1720 2246 de
1751 2190 1872 2244 aliis
1892 2190 2036 2246 bona

429 2291 637 2347 audire.
661 2289 796 2342 Nam
830 2297 952 2339 cum
982 2281 1124 2336 bona
1153 2279 1222 2334 de
1241 2279 1421 2350 aliquo
1453 2279 1778 2346 referuntur,
1837 2279 1890 2332 hi
1945 2295 2036 2351 qui

428 2379 560 2435 boni
591 2383 716 2433 sunt
745 2374 869 2444 ejus
890 2371 1031 2425 facta
1073 2368 1400 2424 aemulantur
1429 2384 1443 2431 ;
1490 2383 1664 2437 eoque
1707 2367 2034 2438 propensius

429 2471 486 2525 in
517 2482 611 2524 sua
642 2464 884 2522 bonitate
912 2473 1260 2530 perseverare
1291 2456 1554 2522 nituntur,
1593 2471 1700 2526 quo
1730 2455 1822 2511 alii
1879 2457 2034 2526 ejus-

429 2560 556 2614 dem
615 2550 872 2609 bonitatis
951 2554 1251 2603 sectatores
1322 2544 1634 2600 laudantur.
1719 2544 1779 2600 Si
1853 2552 2034 2599 autem

431 2643 757 2718 poenitentes
785 2636 1005 2703 fuerint,
1038 2643 1186 2689 tanto
1216 2631 1510 2688 studiosius
1549 2647 1705 2687 suam
1757 2632 2032 2701 poeniten-

436 2736 594 2801 tiam,
640 2738 700 2785 ut
756 2726 886 2783 boni
943 2723 1272 2787 efﬁciantur,
1332 2728 1624 2791 peragunt,
1680 2727 1879 2792 quanto
1915 2719 2034 2792 glo.

432 2821 700 2877 riosiores
728 2815 792 2843 ’“
825 2815 999 2869 bonos
1027 2826 1150 2866 esse
1178 2808 1334 2863 malis
1364 2807 1553 2863 sedula
1592 2809 1853 2863 relatione
1904 2825 2034 2880 per—

431 2908 657 2980 cipiunt.
720 2906 884 2958 Porro
942 2899 988 2954 si
1048 2897 1179 2953 mali
1240 2896 1454 2963 fuerint,
1509 2895 1852 2964 erubescunt,
1907 2913 2031 2952 cum

433 2999 501 3054 de
523 2995 646 3053 aliis
675 2993 824 3048 bona
853 2987 1043 3045 referri
1089 2985 1328 3052 audiant,
1379 2999 1412 3040 a
1465 2984 1660 3055 quibus
1713 2985 2033 3056 semetipsos

1452 277 1766 340 EADMERI
1795 273 2357 340 CANTUARIENSIS
2386 273 2708 338 MONACHI

3634 276 3753 336 688

2707 403 2934 460 CAPUT
2962 403 3140 460 CLIV.

2583 494 2923 566 Exemplum
2970 493 3306 549 citharista.

2210 584 2280 639 Ut
2307 581 2354 638 ai
2384 582 2430 636 is
2460 583 2550 654 qui
2579 581 2858 638 citharista
2889 599 3007 638 esse
3047 581 3255 649 debuit,
3312 581 3578 637 citharam
3633 599 3754 639 non

2139 671 2403 742 cognovit
2428 669 2510 736 “',
2545 670 3166 744 qualitercitharaadus?
3205 670 3261 726 Si
3319 669 3483 726 etiam
3538 672 3753 728 instru-

2141 768 2380 814 mentum
2410 758 2544 814 illud
2569 775 2676 814 non
2727 759 3032 832 agnoverit,
3085 767 3140 815 et
3185 760 3236 813 si
3290 760 3594 831 agnoverit,
3647 761 3756 816 sed

2142 855 2364 919 tangere
2394 847 2529 902 illud
2554 847 2804 911 noluerit.
2839 847 3071 918 qualiter
3084 847 3418 903 citharoedus
3466 849 3571 904 erit
3601 851 3630 902 εἰ
3688 849 3755 904 Si

2140 944 2318 991 autem
2349 935 2484 990 illud
2512 934 2822 1008 agnoverit,
2851 945 2900 990 et
2949 936 3207 1008 tetigerit,
3263 938 3358 992 sed
3414 939 3535 1008 ejus
3584 954 3752 993 usum

2140 1023 2343 1079 habere
2369 1024 2779 1094 contempserit,
2811 1040 3086 1096 nunquam
3115 1032 3340 1097 propter
3371 1027 3754 1098 cognitionem

2141 1120 2194 1168 et
2220 1113 2574 1178 voluntatem,
2605 1113 2721 1168 sine
2749 1129 2845 1168 usu
2876 1113 3038 1182 hujus
3051 1114 3199 1178 artis,
3234 1116 3437 1186 peritus
3454 1117 3577 1170 erit.
3602 1116 3756 1170 Tali-

2140 1208 2223 1256 ter
2245 1217 2499 1272 namque,
2532 1201 2658 1257 licet
2686 1201 2804 1271 quis
2821 1201 3022 1256 habeat
3047 1202 3326 1258 scientiam
3355 1203 3497 1259 bene
3526 1204 3754 1260 vivendi

2142 1299 2193 1345 et
2217 1290 2568 1354 voluntatem,
2601 1305 2951 1362 nequaquam
2984 1290 3159 1347 bonus
3189 1291 3308 1360 erit,
3339 1292 3443 1346 nisi
3464 1293 3627 1348 etiam
3647 1293 3754 1348 bo-

2142 1379 2197 1434 ni
2254 1379 2438 1449 Operis
2488 1394 2654 1433 usum
2690 1379 2926 1434 tenuerit
2967 1379 3124 1450 juxta
3174 1396 3332 1436 suam
3401 1381 3750 1452 possibilita-

2143 1476 2267 1523 tem.

2737 1576 2964 1634 CAPUT
2994 1576 3145 1632 CLV.

2356 1663 2682 1722 Similitudo
2711 1666 2868 1721 inter
2894 1665 3117 1722 desides
3131 1671 3189 1722 et
3216 1669 3534 1738 peccantes.

2063 1757 2115 1819 Β
2214 1751 2350 1806 Sunt
2401 1761 2576 1809 autem
2659 1753 2878 1825 quidam
2953 1763 3265 1810 sanctarum
3335 1755 3749 1827 Scripturarum

2146 1839 2345 1912 ignari,
2378 1849 2433 1896 et
2461 1841 2590 1897 dum
2621 1842 2822 1915 aliquid
2839 1843 2908 1898 de
2935 1842 3012 1898 eis
3048 1844 3194 1915 quod
3224 1853 3444 1915 possent
3463 1846 3530 1899 ad
3561 1843 3751 1899 sediti-

2144 1929 2417 1985 cationem
2465 1930 2546 1984 sui
2605 1931 2854 1999 retinere,
2911 1931 3154 1997 audiunt,
3202 1936 3604 1991 contemnendo
3649 1934 3753 1989 di-

2143 2027 2272 2073 cunt
2298 2015 2360 2045 ⁹⁶⁹
2394 2035 2406 2071 :
2445 2039 2467 2070 α
2501 2019 2595 2074 Ad
2625 2020 2756 2091 quid
2777 2020 2916 2075 istud
2947 2021 3213 2076 tantillum
3238 2023 3431 2079 tenebo
3457 2026 3487 2078 ‘I
3521 2026 3647 2082 Non
3673 2044 3754 2084 ex

2143 2123 2201 2164 re
2226 2115 2336 2162 tam
2365 2124 2534 2178 parva
2562 2109 2781 2179 sapiens
2810 2125 2907 2165 ero
2941 2129 2953 2172 ;
2985 2127 3082 2165 cur
3126 2127 3258 2184 ergo
3313 2113 3448 2168 mihi
3496 2115 3752 2171 laborem

2143 2196 2421 2267 imponam
2443 2198 2470 2249 εἰ
2506 2220 2528 2245 ι
2550 2198 2746 2253 Dicunt
2774 2215 2786 2250 :
2818 2220 2839 2246 «
2874 2199 2995 2252 Jam
3017 2199 3318 2271 quiescam,
3351 2201 3535 2258 vivam
3560 2213 3621 2260 ut
3655 2222 3755 2276 po-

2145 2294 2278 2354 tero,
2311 2286 2434 2357 quia
2457 2287 2626 2341 frusta
2665 2287 2951 2356 sapientia:
3007 2289 3242 2359 amplius
3296 2290 3573 2356 studebo;
3633 2311 3752 2350 non

2143 2375 2286 2429 enim
2307 2391 2496 2430 omnes
2523 2375 2776 2444 peribunt
2807 2377 2895 2445 qui
2921 2377 3197 2448 sapientes
3219 2395 3327 2434 non
3357 2389 3506 2436 sunt.
3552 2404 3576 2430 ιι
3613 2383 3749 2438 Haec

2141 2471 2194 2518 et
2224 2463 2311 2518 his
2326 2462 2526 2518 similia
2555 2463 2712 2534 piger
2739 2472 2795 2518 et
2823 2463 3083 2534 insipiens
3111 2465 3335 2523 sibimet
3357 2471 3612 2541 proponit
3642 2488 3750 2526 nec

2141 2551 2375 2624 percipit
2401 2551 2525 2622 quia
2555 2551 2808 2622 antiquus
2829 2553 2995 2607 hostis
3010 2555 3082 2608 ad
3105 2553 3374 2624 interitum
3393 2557 3510 2627 ejus
3523 2559 3653 2614 talia
3672 2558 3745 2587 ’⁷⁸

2139 2641 2241 2696 sibi
2266 2640 2533 2712 suggerit,
2565 2648 2833 2712 quatenus
2861 2641 2916 2696 in
2945 2642 3094 2698 omni
3127 2643 3237 2698 vita
3265 2660 3364 2700 sua
3396 2647 3526 2701 nulli
3556 2648 3748 2703 inten-

2139 2731 2232 2786 dat
2261 2729 2501 2794 utilitati,
2533 2727 2629 2783 sed
2664 2728 2719 2783 in
2749 2729 3084 2803 negligentia
3139 2740 3192 2788 et
3248 2740 3465 2804 torpore
3521 2753 3752 2809 semper

2138 2818 2288 2874 vivat
2316 2826 2369 2873 et
2396 2825 2602 2888 pereat.
2634 2818 2882 2888 Amplius
2913 2835 3130 2892 quoque
3161 2837 3176 2874 :
3216 2843 3238 2871 «ι
3272 2821 3436 2893 Satis,
3460 2821 3522 2852 ’τι
3543 2824 3749 2898 inquit,

2139 2915 2264 2962 sunt
2293 2907 2564 2976 sapientes
2595 2905 2649 2959 in
2679 2907 2904 2974 mundo,
2938 2907 3068 2963 satis
3095 2909 3411 2979 scriptores,
3457 2913 3592 2968 satis
3647 2916 3750 2987 qui

2138 2995 2343 3051 habent
2371 2995 2622 3068 peritiam
2653 2995 2870 3064 artium,
2904 3012 3015 3051 non
3069 3007 3150 3053 est
3205 3014 3341 3070 Opus
3399 3009 3456 3056 ut
3501 3017 3607 3074 ego
3653 3019 3749 3060 me

432 3101 634 3144 vacuos
664 3097 784 3138 esse
814 3077 1168 3135 ⁰⁰¹¹⁵ίδθ¹⁵⁸ηί
1199 3092 1211 3137 ἲ
1248 3081 1505 3146 ίειηιοίιιιθ
1535 3073 1749 3174 “fmus
1777 3075 1848 3129 ad
1863 3074 2034 3173 PfIBDi-
2062 3111 2112 3174 Ο
2141 3083 2373 3140 dicendo
2404 3084 2656 3156 fatigem.
2692 3085 2953 3140 Praeterea
2975 3085 3260 3158 pueritiam
3280 3089 3392 3157 jam
3421 3073 3571 3157 exui,
3619 3091 3743 3161 jam

434 3175 654 3232 tentiam
687 3175 1025 3230 revocantur,
1051 3170 1254 3236 quanto
1282 3161 1487 3233 plures,
1509 3169 1563 3218 et
1586 3161 1722 3216 forte
1738 3162 2033 3219 debiliores

428 3282 488 3323 se
505 3265 648 3320 bona
663 3257 877 3331 operari
889 3255 970 3313 eis
983 3253 1303 3310 referuntur.
1320 3251 1400 3307 Sit
1421 3250 1582 3324 igitur
1598 3251 1744 3306 omni
1767 3251 2032 3306 Christia-

429 3371 500 3412 no
513 3354 567 3408 in
589 3349 776 3407 sedula
793 3342 1186 3404 consuetudine
1199 3356 1418 3410 semper
1429 3339 1570 3396 bona
1589 3340 1657 3394 de
1675 3338 2035 3396 aliistnstima-

428 3460 506 3514 re,
530 3442 675 3499 bona
695 3436 864 3509 loqui,
890 3433 1022 3488 nihil
1053 3430 1178 3486 mali
1209 3429 1434 3485 credere
1466 3428 1708 3501 nihilque
1765 3429 2029 3499 proferre.

1001 3536 1236 3593 CAPUT
1280 3533 1458 3590 CLIII.

753 3633 826 3687 De
862 3626 1128 3691 scientia,
1160 3623 1461 3679 voluntate
1491 3626 1548 3678 et
1579 3639 1706 3679 usu.

502 3725 634 3780 Cum
664 3720 719 3774 in
761 3715 1012 3772 omnibus
1037 3711 1099 3740 ⁵⁸⁵
1161 3710 1467 3766 actionibus
1526 3711 1722 3766 nostris
1779 3727 2027 3766 summo-

435 3829 571 3886 pere
603 3803 956 3881 quaarendum
981 3801 1048 3856 sit
1075 3798 1138 3827 9“
1170 3807 1227 3854 ut
1255 3798 1383 3854 boni
1413 3798 1605 3867 simus,
1638 3798 1874 3870 alioquin
1888 3799 2032 3854 beati

433 3917 557 3959 esse
583 3914 690 3954 non
718 3892 1033 3967 poterimus,
1066 3886 1424 3962 quaerendum
1481 3887 1644 3941 etiam
1700 3896 1780 3942 est
1835 3887 2032 3960 quibus

429 3989 611 4064 potius
630 3981 926 4041 untendum
957 3978 1026 4034 sit
1053 3985 1109 4033 ut
1137 3976 1265 4031 boni
1295 3974 1613 4064 efﬁciamur.
1667 3975 1791 4030 Tria
1846 3976 2029 4050 itaque

431 4063 562 4135 mihi
620 4089 744 4132 esse
802 4070 1053 4127 videntur
1099 4083 1220 4139 qua:
1273 4063 1581 4121 necessaria
1623 4073 1746 4119 sunt
1829 4064 2030 4121 volenti

428 4167 566 4224 eﬁici
595 4165 789 4229 bonus,
822 4157 1036 4215 scilicet
1065 4154 1309 4220 scientia,
1345 4153 1592 4210 voluntas
1622 4162 1670 4208 et
1701 4170 1845 4208 usus.
1885 4154 2028 4208 Nam

337 4296 340 4298 η
425 4257 536 4315 nisi
567 4254 688 4326 quis
706 4249 904 4305 habeat
933 4244 1210 4301 scientiam
1242 4243 1444 4299 bonum
1503 4241 1760 4310 faciendi,
1814 4257 2028 4313 nequa-

427 4361 586 4419 quam
617 4343 845 4407 bonum,
876 4335 1020 4391 unde
1075 4332 1305 4388 salutem
1362 4337 1746 4400 consequatur,
1798 4331 2024 4401 operari

2141 3172 2405 3228 senectuti
2438 3171 2834 3244 apprOpinquo,
2885 3189 2990 3230 nec
3018 3175 3130 3246 jam
3159 3192 3378 3247 possem
3407 3176 3472 3206 η’
3500 3179 3571 3233 ad
3615 3196 3751 3236 ma-

2140 3278 2306 3334 gnum
2339 3261 2582 3317 scientia:
2622 3261 2850 3317 fructum
2881 3263 3096 3331 venire,
3129 3265 3172 3319 si
3223 3267 3387 3322 modo
3442 3267 3750 3339 inciperem

2140 3351 2418 3407 laborare.
2458 3374 2479 3396 ιι
2516 3348 2606 3406 Sic
2634 3365 2819 3406 secum
2851 3350 3009 3423 piger
3038 3360 3253 3421 tractat,
3272 3354 3393 3409 etin
3408 3355 3491 3411 sui
3507 3359 3749 3427 torporis

2139 3441 2352 3495 desidia
2382 3446 2721 3510 perseverat.
2760 3439 2935 3495 Simili
2963 3440 3124 3496 etiam
3156 3442 3317 3499 modo
3347 3459 3743 3518 nonnunquam

2137 3535 2392 3601 peccator
2421 3527 2658 3583 irrelitur
2680 3544 2751 3584 ne
2804 3526 2873 3583 ad
2929 3528 3089 3585 bonae
3145 3531 3477 3602 Operationis
3517 3535 3742 3591 exerci-

2137 3618 2269 3674 tium
2300 3616 2594 3688 aliquando
2626 3625 2898 3689 exsurgat.
2926 3616 3074 3674 Solet
3116 3621 3263 3674 enim
3318 3622 3639 3694 contingere
3679 3633 3741 3681 ut

2137 3707 2184 3762 is
2215 3706 2303 3777 qui
2335 3705 2560 3762 luxuriae
2591 3703 2996 3776 inquinamento
3024 3705 3280 3778 findatur,
3313 3709 3588 3767 interdum
3633 3729 3734 3769 se-

2139 3795 2430 3866 metipsum
2461 3801 2776 3867 cognoscat,
2808 3794 3012 3850 etfacti-
3025 3797 3106 3850 sui
3133 3797 3392 3867 paeniteat
3427 3814 3441 3868 ;
3472 3801 3573 3856 sed
3601 3818 3738 3857 cum

2137 3885 2331 3940 iterum
2361 3884 2584 3939 tentatio
2615 3883 2912 3952 advenerit,
2936 3893 2989 3939 et
3016 3883 3168 3941 locus
3195 3888 3458 3957 peccandi
3498 3888 3739 3960 affuerit,

2135 3973 2268 4029 dicit
2300 3988 2312 4028 :
2352 3995 2373 4020 «
2408 3970 2590 4041 Quare
2611 3971 2767 4027 istam
2798 3973 3130 4045 voluptatem
3188 3975 3472 4046 perderem
3515 3978 3544 4031 ?
3590 3978 3744 4034 Satis

2135 4061 2297 4116 etiam
2327 4061 2468 4116 hanc
2496 4061 2782 4116 admittere
2811 4069 3020 4132 potero,
3044 4062 3182 4118 sicut
3234 4071 3287 4119 et
3343 4065 3544 4120 multas
3600 4067 3743 4122 alias

2138 4150 2244 4206 feci
2279 4167 2291 4212 ;
2326 4151 2450 4204 etin
2484 4149 2662 4204 futuro
2693 4164 2812 4205 cum
2843 4150 3070 4206 satiatus
3095 4150 3266 4218 fuero,
3285 4153 3468 4208 omnia
3489 4154 3544 4209 in
3573 4155 3738 4211 simul

2135 4237 2452 4308 confitebor,
2484 4245 2536 4294 et
2559 4238 2638 4292 sic
2666 4237 2842 4292 bonus
2870 4235 3097 4294 efﬁciar.
3137 4239 3388 4296 Satiabor
3416 4242 3597 4313 igitur,
3625 4243 3742 4299 do-

2133 4344 2234 4384 nec
2263 4328 2378 4383 Deo
2409 4326 2478 4382 de
2508 4325 2762 4382 omnibus
2788 4324 2849 4354 ⁹⁷³
2873 4326 3204 4383 satisfaciam
3240 4346 3254 4396 ;
3280 4338 3332 4385 et
3361 4338 3491 4386 tunc
3523 4339 3737 4389 tantum

426 4414 650 4510 poterit.
691 4427 832 4485 Etsi
862 4425 1028 4480 habet
1047 4421 1356 4486 scientiam,
1387 4419 1482 4473 sed
1515 4417 1849 4474 voluntatem
1880 4435 2022 4489 ope-
2057 4463 2104 4526 Β
2127 4416 2414 4487 jejunabo,
2443 4422 2570 4470 tunc
2593 4421 2676 4514 tot
2689 4414 3100 4526 Laiilictionibus:
3133 4423 3211 4473 tot
3236 4417 3557 4518 verberibus
3604 4436 3740 4477 cor-

426 4505 586 4582 randi
617 4534 724 4575 non
753 4512 1019 4580 habuerit,
1045 4511 1219 4566 bonus
1239 4508 1386 4562 nullo
1420 4507 1583 4562 modo
1604 4507 1702 4561 erit
1728 4505 1813 4562 ⁸⁸⁷.
1865 4508 2023 4577 Quod

425 4616 472 4669 si
500 4610 626 4668 boni
665 4605 1000 4679 agnitionem
1055 4608 1108 4655 et
1156 4597 1485 4654 voluntatem
1543 4595 1809 4667 operandi
1868 4595 2014 4651 obti-

2134 4523 2236 4579 pus
2265 4521 2444 4560 meum
2477 4504 2778 4576 castigabo,
2814 4511 3018 4559 tantum
3051 4504 3412 4577 eleemosynis
3441 4516 3494 4562 et
3549 4511 3740 4580 parci-

2127 4595 2326 4651 monize
2354 4592 2415 4624 ’⁷⁸
2445 4593 2691 4662 studeho,
2724 4601 2783 4648 ut
2811 4592 2864 4647 in
2895 4609 2983 4648 me
3012 4593 3148 4648 nihil
3175 4604 3452 4651 remaneat
3506 4597 3740 4670 dignum

423 4701 618 4767 nuerit,
651 4711 751 4751 nec
807 4701 988 4748 tamen
1044 4689 1160 4758 ejus
1215 4702 1378 4741 usum
1427 4699 1594 4756 Opere
1645 4684 2018 4755 compleverit,
2120 4684 2406 4756 supplicio.
2442 4682 2580 4737 Cum
2611 4683 2752 4737 enim
2772 4682 2954 4738 adhuc
2984 4683 3079 4737 illa
3107 4691 3162 4738 et
3188 4683 3280 4739 illa
3311 4685 3366 4741 in
3397 4701 3484 4741 me
3533 4696 3747 4745 restant

423 4805 542 4846 cum
574 4783 765 4858 possit,
795 4781 970 4837 bonus
998 4790 1341 4849 nequaquam
1370 4773 1493 4830 erit.

2120 4774 2240 4829 sine
2254 4771 2726 4842 confessione,cur
2740 4787 2825 4827 me
2839 4771 2906 4828 ab
2922 4773 3022 4829 hac
3037 4772 3154 4828 sola
3171 4787 3576 4847 compescerem
3589 4775 3746 4834 dele-

1731 4941 1960 4998 VARLE
1988 4941 2291 5000 LECTION
2298 4942 2399 5000 ES.

487 5109 823 5166 "‘Czeterum
854 5117 985 5157 vero
1014 5099 1153 5156 sicut
1179 5097 1481 5171 mss._Vict.
1536 5096 1694 5171 Corb.
1743 5099 1860 5171 3077
1899 5104 2166 5171 caeterum
2194 5095 2373 5171 sicut:
2417 5092 2724 5171 _"‘Quanto
2772 5094 3258 5171 gloriosioresms.
3327 5099 3466 5171 Vict.
3524 5107 3735 5171 quanto

460 5180 768 5240 ratiosiores
781 5218 793 5231 .

472 5258 569 5312 ict.
604 5246 954 5312 quaerendum
987 5244 1172 5298 etiam.

426 5329 564 5386 Vict.

412 5379 702 5456 t'emnendo
733 5391 938 5445 dicunt.
995 5379 1151 5437 ’"Eis
1180 5382 1305 5436 talia
1329 5379 1460 5435 mss'.
1505 5381 1640 5437 Vict.
1671 5381 1827 5437 Corb.
1861 5386 1918 5437 et
1941 5382 2090 5436 Edit.
2115 5381 2244 5436 σοι.
2285 5381 2403 5450 ejus
2433 5380 2582 5434 talia.
2668 5379 2986 5452 "‘Amplius
3015 5398 3230 5453 quoque
3297 5383 3484 5438 dicunt
3534 5401 3549 5439 :
3591 5403 3624 5438 sa

412 5487 526 5511 .m.
578 5471 634 5511 ρί
660 5464 808 5511 Edit.
845 5458 959 5511 Col.
991 5454 1227 5511 amnlius
1258 5467 1491 5511 quoque,
1524 5452 1674 5506 satis.
1751 5449 1933 5508 "’Nec
1959 5449 2071 5511 iam
2105 5467 2322 5511 pessum
2353 5468 2488 5508 mss.
2527 5453 2663 5507 Vict.
2713 5454 2866 5509 σον-ὑ.
2927 5457 2984 5509 et
3041 5454 3192 5511 Edit.
3251 5453 3376 5510 Cat.
3449 5470 3555 5511 nec
3609 5456 3624 5511 ei

733 5467 808 5519 fit.
845 5467 959 5515 Col.
991 5467 1227 5525 amplius
1258 5467 1491 5522 quoque,
1524 5467 1674 5506 satis.
1753 5467 1933 5508 “Nec
1959 5468 2071 5522 Jam
2105 5467 2322 5523 possum
2353 5468 2488 5508 mss.
2528 5467 2663 5507 Vict.
2713 5467 2866 5509 coro.
2927 5467 2984 5509 et
3041 5467 3192 5511 adu.
3251 5467 3376 5510 unt.
3449 5470 3555 5512 nec
3606 5467 3730 5524 jam

733 5532 986 5588 mDonec
1009 5528 1122 5584 Deo
1149 5525 1218 5581 de
1239 5523 1506 5580 omnibus
1528 5538 1632 5580 ms.
1683 5523 1831 5580 Vict.
1867 5523 2040 5581 donec
2060 5522 2126 5580 de
2155 5523 2424 5581 omnibus.
2475 5518 2610 5578 "‘Et
2635 5524 2989 5595 parsimoniis
3029 5538 3164 5584 mss.
3227 5523 3376 5584 Vict.
3438 5530 3498 5584 et
3556 5527 3724 5586 σοι-ὑ.

408 5452 546 5528 mss.
578 5471 634 5523 et
659 5464 808 5520 Edit.
845 5458 959 5515 Col.
991 5454 1227 5528 amplius
1258 5467 1491 5528 quoque,
1524 5452 1674 5506 satis.

410 5555 650 5622 possem-
696 5606 708 5617 .

413 5622 783 5688 parsimonia.

879 5171 1008 5229 "5A.
1036 5173 1172 5227 Cum
1198 5168 1451 5225 omnibus
1486 5183 1617 5223 mss.
1661 5170 1794 5224 Vict.
1834 5170 1986 5224 Coro.
2030 5173 2088 5224 et
2125 5167 2283 5223 Edit.
2336 5166 2451 5235 Col,
2485 5184 2609 5222 cum
2643 5169 2699 5222 in
2720 5166 2990 5224 omnibus.
3047 5167 3494 5239 “Quaerendum
3516 5166 3598 5226 est
3617 5189 3733 5228 ms.

879 5261 954 5295 im
987 5244 1172 5295 etiam.
1255 5238 1484 5293 ’"Nullo
1521 5239 1681 5295 modo
1713 5247 1796 5294 est
1828 5256 1962 5294 mss.
2012 5236 2154 5295 Vict.
2183 5240 2335 5294 (ἴοι-ὸ.
2369 5238 2518 5292 nullo
2577 5238 2738 5294 modo
2787 5240 2902 5294 erit.
2984 5238 3172 5295 ’“Non
3212 5243 3534 5295 cognoverit
3587 5259 3732 5295 mss.

645 5246 954 5304 merendum
987 5244 1172 5298 etiam.
1255 5244 1484 5293 '"Nullo
1521 5244 1681 5295 modo
1713 5247 1796 5294 est
1828 5256 1962 5294 mss.
2013 5244 2154 5295 Vict.
2183 5244 2335 5294 Corb.
2369 5244 2518 5292 nullo
2577 5244 2738 5294 modo
2787 5244 2902 5294 erit.
2984 5244 3172 5296 "'Non
3212 5244 3534 5310 cognoverit
3587 5259 3732 5298 mss.

645 5321 758 5378 arb.
791 5321 847 5373 et
878 5317 1031 5381 Edit.
1073 5313 1185 5368 Col.
1219 5325 1325 5365 non
1355 5310 1632 5381 cognovit.
1699 5307 2179 5364 "’Contemncndo
2200 5310 2360 5364 etiam
2394 5309 2578 5381 dicunt
2607 5326 2742 5381 mss.
2789 5312 2920 5366 Vict.
2959 5311 3110 5369 σπι).
3144 5317 3200 5369 et
3230 5313 3377 5368 Edit.
3409 5312 3532 5370 Col.
3587 5329 3732 5370 con-

2668 5379 2986 5452 "‘Amplius
3015 5398 3230 5453 quoque
3297 5383 3484 5438 dicunt
3534 5401 3549 5439 :
3591 5387 3733 5442 satis
