4046 6076
342 329 448 387 689

1294 321 1429 379 LIB.
1478 321 1572 376 DE
1610 318 1674 375 S.
1721 310 2036 371 ANSELMI
2089 299 2714 364 SIMILITUDINIBUS.

3557 295 3661 350 690

346 452 656 510 elatione?»
674 452 824 508 Talia
837 448 1085 507 nonnulli
1108 448 1383 505 interdum
1405 445 1619 502 sibimet
1648 443 1778 515 ipsis
1821 457 1951 513 pra-
1978 435 2035 498 A
2065 427 2535 496 sermocinatione.
2569 424 2794 515 scientia
2824 419 3142 515 acguiritur-
3177 417 3512 515 Quia__cum_
3540 417 3665 515 quis

349 559 419 599 ve
450 541 730 599 consulunt
764 562 779 608 ;
810 555 912 596 nec
940 539 1124 596 miseri
1169 539 1450 594 attendunt
1497 539 1698 607 quanta
1753 530 1952 588 erroris

353 631 833 705 caligiueinterius
886 628 1325 686 obtenehrentur.
1378 627 1518 682 Nam
1576 632 1774 696 quanto
1831 626 1956 676 sunt

351 723 590 794 peccatis
617 721 845 794 obligati
874 721 1192 792 majoribus,
1218 735 1282 774 ac
1303 717 1540 772 bonitate
1571 715 1950 786 pauperiores,

355 822 505 869 tanto
535 813 801 868 deberent
827 827 950 868 esse
979 811 1050 865 ad
1081 826 1241 866 omne
1269 807 1724 864 delectamentum
1755 805 1951 860 diabo-

353 903 474 958 licae
538 901 904 974 suggestionis
959 899 1337 956 excutiendum
1395 897 1752 952 ardentiores.
1805 896 1952 950 Sicut

357 993 499 1049 enim
527 993 696 1047 virtus
745 990 929 1047 virtuti
984 989 1322 1045 accumulata
1349 985 1590 1057 prodest,
1624 987 1707 1041 sic
1759 985 1950 1040 vitium

356 1081 666 1152 appositum
726 1079 862 1135 vitio
917 1078 1098 1132 obest.
1136 1075 1394 1147 Quisquis
1424 1090 1556 1147 ergo
1593 1075 1758 1131 hodie
1787 1072 1952 1144 quid-

353 1185 515 1240 quam
548 1169 676 1223 boni
704 1167 919 1238 operari
941 1164 1002 1196 ""
1024 1166 1543 1237 potest,nullatenus
1575 1166 1685 1222 hoc
1721 1180 1952 1235 procra-

352 1259 554 1314 stinare
595 1258 781 1314 debet.
825 1257 977 1315 Unde
1015 1257 1303 1312 Salomon:
1349 1255 1720 1326 Quodcunque
1763 1259 1955 1328 potest

357 1363 566 1404 manus
589 1351 690 1403 tua
711 1351 920 1418 facere,
943 1346 1237 1402 instanter
1257 1362 1509 1417 operare,
1526 1345 1655 1418 quia
1679 1361 1780 1402 nec
1794 1362 1948 1417 opus,

355 1454 461 1493 nec
478 1439 648 1504 ratio,
669 1453 773 1492 nec
785 1434 1094 1509 sapientia,
1110 1451 1213 1492 nec
1226 1436 1470 1492 scientia
1481 1439 1564 1492 est
1578 1435 1728 1508 apud
1739 1436 1953 1508 inferos

350 1527 557 1598 (Eccle.
592 1543 668 1596 ιχ,
694 1525 807 1598 10).

929 1614 1152 1671 CAPUT
1198 1613 1382 1670 CLVI.

355 1705 683 1762 Similitudo
711 1706 868 1760 inter
908 1720 1206 1776 pauperes,
1251 1705 1455 1760 stultos
1485 1707 1542 1760 et
1570 1702 1944 1774 negligentes.

2061 517 2297 592 Iegit’”,
2326 525 2418 572 aut
2446 518 2714 587 legentem
2742 512 2858 568 sive
2890 512 3198 581 loquentem
3232 507 3400 575 audit,
3449 506 3516 560 ad
3556 505 3662 559 hoc

2061 616 2121 664 ut
2149 623 2334 663 eorum
2365 622 2488 678 quae
2543 604 2796 674 leguntur
2849 600 2966 656 sive
3023 598 3330 655 referuntur
3383 594 3664 650 scientiam

2063 697 2291 766 habeat;
2314 693 2562 751 intendit.

2640 797 2860 854 CAPUT
2899 796 3082 850 CLIX.

2417 890 2494 944 De
2529 887 2920 959 experimento
2959 888 3016 940 et
3046 883 3296 938 ratione.

2132 996 2535 1068 Experimento
2588 1008 2718 1048 vero
2767 990 3062 1063 acquiritur
3117 987 3363 1050 scientia,
3395 1001 3518 1041 cum
3574 983 3659 1038 rei

2063 1101 2225 1158 quam
2257 1083 2453 1155 aliquis
2484 1080 2752 1154 probavit,
2784 1088 2984 1135 certam
3042 1077 3207 1132 habet
3261 1074 3524 1130 notitiam.
3579 1073 3661 1127 Ex

2061 1175 2272 1229 ratione
2301 1171 2363 1200 "°
2391 1186 2610 1244 quoque
2657 1168 2969 1240 percipitur,
3027 1181 3149 1220 eum
3204 1180 3304 1234 per
3357 1161 3656 1217 naturalem

2061 1263 2257 1318 mentis
2288 1260 2673 1316 discretionem
2705 1258 2761 1311 in
2791 1256 2899 1310 illis
2927 1271 3053 1327 quae
3083 1252 3330 1308 facienda
3362 1251 3479 1306 sive
3503 1244 3687 1305 omit-'

2063 1351 2226 1407 tenda
2248 1357 2392 1418 sunt,
2416 1348 2538 1421 quis
2565 1345 2844 1402 solidatur.
2879 1341 3116 1400 Scientia
3146 1340 3318 1412 igitur
3347 1340 3430 1394 his
3486 1339 3661 1393 tribus

2061 1440 2228 1496 rebus
2254 1437 2569 1510 acquiritur.
2602 1435 2710 1491 Sed
2740 1433 2871 1506 quia
2901 1433 3074 1497 inilat,
3107 1429 3214 1484 nisi
3255 1445 3373 1485 eam
3426 1428 3661 1484 charitas

2062 1527 2314 1595 aediﬁcet,
2347 1525 2478 1580 nihil
2503 1539 2729 1595 prorsus
2758 1519 2969 1593 proﬁcit
3000 1519 3203 1589 absque
3232 1517 3510 1572 voluntate
3564 1515 3661 1571 bo-

2061 1616 2265 1672 nitatis.
2301 1614 2560 1671 Voluntas
2591 1615 2774 1684 itaque
2803 1611 2948 1665 bona
2995 1615 3095 1676 est,
3154 1622 3274 1678 quae
3311 1604 3412 1660 Dei
3469 1603 3663 1660 volun-

2064 1705 2157 1761 tati
2178 1705 2420 1774 subjecta
2450 1710 2572 1770 est;
2621 1717 2741 1772 quae
2769 1708 2895 1754 tunc
2949 1695 3210 1753 voluntati
3270 1693 3367 1749 Dei
3419 1692 3667 1763 subjecta

432 1793 629 1848 Verum
660 1793 972 1862 hujusmodi
1001 1793 1248 1848 homines
1278 1793 1351 1847 ita
1378 1793 1434 1847 in
1465 1793 1742 1863 peccando
1771 1791 1950 1864 negli—
1980 1790 2034 1851 B
2064 1802 2166 1862 est,
2199 1793 2420 1865 quando
2451 1792 2506 1847 id
2528 1791 2642 1846 vult
2671 1789 2816 1861 quod
2847 1789 2992 1842 Deus
3018 1784 3133 1840 vult
3161 1799 3280 1838 eam
3320 1781 3462 1838 velle
3492 1781 3666 1836 debe-

355 1889 549 1954 gentes
578 1882 853 1937 imitantur
879 1883 1042 1937 etiam
1074 1897 1345 1953 pauperes
1374 1881 1709 1952 insipientes.
1769 1881 1958 1953 Siqui-

357 1970 482 2027 dem
538 1987 744 2041 pauper
796 1970 1076 2041 insipiens,
1111 1986 1234 2026 eum
1287 1970 1511 2026 obolum
1566 1970 1812 2041 acquirit,
1871 1974 1965 2024 aut

365 2058 510 2115 aliud
542 2060 672 2130 quid
700 2060 853 2131 parvi
881 2059 1202 2129 munusculi,
1235 2060 1367 2116 dicit
1399 2078 1411 2113 :
1450 2083 1472 2108 ε
1507 2060 1602 2114 Ad
1646 2061 1778 2132 quid
1830 2059 1964 2114 illud

367 2149 634 2205 tantillum
689 2165 960 2205 servarem
992 2151 1021 2203 εἰ
1057 2150 1178 2205 Non
1230 2156 1454 2220 propter
1509 2151 1612 2204 hoc
1665 2149 1820 2204 dives
1849 2163 1964 2204 ero.

365 2238 690 2308 Expeudam
745 2239 925 2308 itaque
983 2239 1086 2293 hoc
1142 2238 1193 2292 in
1220 2239 1423 2309 pomis,
1481 2248 1576 2292 aut
1603 2237 1846 2306 nucibus,
1877 2253 1969 2301 aut

369 2327 614 2398 qualibet
645 2327 750 2383 alia
778 2344 840 2382 re
871 2328 1004 2382 mihi
1060 2326 1387 2382 delectabili.
1445 2328 1568 2382 Non
1619 2327 1770 2383 enim
1825 2326 1969 2381 istud

363 2416 719 2472 custodiendo
743 2417 1008 2473 sollicitus
1029 2415 1152 2471 volo
1183 2417 1394 2471 haberi.
1417 2439 1438 2464 ι
1466 2417 1554 2471 Sic
1568 2416 1817 2481 stolidus,
1837 2415 1968 2471 dum

368 2505 972 2577 parvipenditmodica,
1004 2521 1280 2575 nunquam
1335 2503 1553 2575 proﬁcit
1603 2506 1674 2558 ad
1720 2505 1962 2575 majora.

368 2594 608 2663 Sapiens
629 2602 809 2650 autem
840 2610 1050 2664 pauper
1079 2609 1245 2664 parva
1263 2610 1384 2664 quae
1402 2593 1753 2663 naneiscitur,
1787 2601 1970 2648 custo-

363 2681 468 2749 dit,
501 2689 556 2737 et
585 2697 693 2754 quo
723 2681 900 2736 minus
929 2697 990 2737 se
1042 2682 1244 2737 habere
1296 2681 1624 2749 considerat,
1674 2697 1739 2737 eo
1794 2680 1973 2752 magis

369 2779 535 2828 nacta
566 2771 798 2826 retinere
840 2771 1132 2839 desiderat,
1184 2776 1452 2841 quatenus
1499 2787 1566 2825 ex
1623 2771 1970 2840 parvulorum

369 2859 622 2931 congerie
644 2859 715 2914 ad
736 2859 946 2927 majora
981 2866 1142 2929 queat
1169 2858 1493 2930 quandoque
1539 2859 1847 2930 pertingere
1872 2855 1962 2912 ’7‘.

372 2949 463 3004 Sic
491 2948 747 3004 nimirum
780 2948 826 3002 is
853 2947 941 3017 qui
974 2964 1031 3002 se
1060 2963 1352 3019 pauperem
1378 2949 1622 3003 scientiae
1651 2962 1718 3002 ac
1749 2948 1970 3002 bonita-

368 3038 438 3092 tis
517 3037 681 3093 sentit
755 3037 917 3091 debet
985 3037 1180 3102 facere,
1223 3037 1268 3090 si
1300 3036 1368 3090 ad
1444 3037 1679 3107 aliquem
1720 3033 1972 3091 affectum

370 3125 616 3182 scientias
675 3140 740 3182 ac
791 3125 1046 3180 bonitatis
1101 3124 1233 3179 velit
1285 3124 1602 3194 pervenire.
1666 3125 1804 3178 Nam
1835 3122 2052 3210 sicutC

371 3215 535 3285 plura
563 3229 742 3284 grana.
796 3229 1053 3277 massam,
1113 3221 1165 3268 et
1215 3221 1381 3284 gutta:
1445 3213 1666 3280 flumen,
1724 3220 1778 3266 et
1819 3211 1974 3266 multi

366 3304 578 3359 nummi
602 3303 827 3359 divitem
849 3303 1080 3365 faciunt;
1113 3302 1193 3357 sic
1223 3301 1404 3356 multae
1435 3300 1782 3357 scientiarum
1841 3315 1974 3354 sen-

367 3388 635 3447 tentite’"
664 3391 993 3460 sapientem,
1054 3397 1107 3445 et
1161 3388 1348 3459 plures
1402 3387 1658 3444 bonitatis
1709 3386 1971 3453 actiones,

368 3479 574 3536 bonum
605 3479 903 3550 quemlibet
932 3478 1193 3535 efﬁciunt.

943 3585 1163 3641 CAPUT
1195 3584 1400 3639 CLVII.

604 3677 682 3731 De
717 3674 967 3732 scientia
996 3677 1050 3728 et
1086 3673 1268 3728 tribus
1308 3669 1568 3740 partibus
1598 3670 1740 3740 ejus.

447 3766 578 3820 Cum
638 3763 806 3835 igitur
857 3761 1090 3818 scientia
1136 3761 1207 3816 sit
1253 3758 1561 3816 necessaria
1614 3766 1671 3814 ut
1697 3755 1757 3787 ⁸⁷⁸
1805 3757 1978 3812 bonus

380 3853 501 3922 quis
530 3852 817 3920 efﬁciatur,
837 3859 887 3907 et
935 3851 1284 3905 manifestum
1315 3849 1382 3903 sit
1433 3847 1638 3902 nullum
1667 3863 1787 3902 eam
1818 3860 1980 3916 posse

373 3940 860 4012 comprehendere,
893 3941 983 4010 qui
1032 3938 1288 3993 minimas
1343 3938 1462 4007 ejus
1514 3933 1981 4007 partes‘negligit

381 4029 644 4102 colligere
670 4029 794 4096 (nisi
845 4030 986 4083 forte
1032 4028 1152 4097 quis
1205 4025 1384 4080 subito
1440 4023 1787 4087 illuminetur,
1845 4022 1982 4076 sicut

377 4119 610 4189 apostoli
639 4126 692 4174 et
722 4117 1042 4189 prephetae),
1075 4114 1426 4188 quaerendum
1457 4121 1510 4169 et
1551 4110 1826 4182 quomodo
1877 4125 1982 4180 per

371 4207 604 4280 gratiam
635 4207 731 4263 Dei
764 4207 911 4262 illam
942 4207 1225 4261 valeamus
1261 4201 1586 4273 acquirere?
1623 4200 1817 4254 Tribus
1869 4199 1979 4252 ita-

380 4311 486 4366 que
513 4296 694 4351 causis
721 4297 936 4351 videtur
965 4293 1096 4350 mihi
1128 4292 1278 4348 illam
1309 4307 1470 4363 posse
1498 4288 1744 4359 adipisci,
1775 4286 1980 4343 doctri-

378 4401 449 4439 na
477 4384 704 4454 scilicet,
737 4384 1110 4455 experimento
1139 4389 1192 4437 et
1218 4381 1446 4436 ratione.

935 4507 1160 4564 CAPUT
1191 4505 1416 4560 CLVIII.

1006 4599 1083 4652 De
1102 4595 1381 4652 doctrina.

450 4691 550 4746 Per
577 4687 881 4745 doctrinam
940 4686 1162 4757 quippe,
1218 4699 1337 4755 quae
1364 4681 1582 4754 capitur
1629 4677 1862 4736 lectione
1921 4683 1975 4732 et

2067 1895 2126 1934 re
2152 1897 2164 1943 ;
2198 1886 2252 1934 et
2279 1878 2564 1946 tunejusta
2593 1875 2709 1930 sive
2739 1879 2888 1928 recta
2919 1869 3134 1936 dicitur,
3168 1866 3382 1939 quando
3412 1865 3466 1922 id
3514 1865 3666 1938 quod

2069 1968 2217 2023 Deus
2242 1965 2355 2024 vult
2383 1980 2503 2022 eam
2532 1963 2674 2020 velle
2704 1961 2931 2027 debere,
2963 1957 3324 2029 amplectitur.

2659 2095 2880 2151 CAPUT
2923 2092 3080 2148 CLX.

2120 2207 2273 2279 Quod
2302 2223 2419 2264 non
2446 2219 2672 2277 semper
2699 2201 2960 2258 debemus
2989 2198 3129 2254 velle
3157 2195 3301 2269 quod
3321 2195 3467 2252 Deus
3496 2195 3637 2251 vult.

2147 2317 2268 2371 Non
2301 2313 2446 2370 enim
2475 2326 2692 2380 semper
2719 2308 2857 2365 velle
2889 2306 3153 2362 debemus
3182 2302 3331 2376 quod
3357 2303 3504 2358 Deus
3540 2302 3675 2370 vult,

2079 2406 2176 2462 sed
2207 2403 2352 2475 quod
2381 2403 2528 2458 Deus
2583 2397 2644 2428 "’
2700 2398 2815 2454 vult
2870 2411 2970 2452 nos
3022 2393 3164 2451 velle
3211 2393 3436 2447 debere.
3493 2391 3680 2446 Voluit

2079 2495 2223 2550 enim
2254 2493 2400 2548 Deus
2438 2490 2655 2545 beatum
2684 2487 2974 2542 Martinam
3004 2483 3075 2538 ab
3126 2483 3230 2538 hac
3284 2481 3396 2537 vita
3451 2479 3678 2544 tollere;

2079 2583 2176 2640 sed
2206 2582 2252 2636 si
2282 2582 2401 2652 ejus
2430 2577 2686 2649 discipuli
2741 2575 2849 2631 hoc
2904 2583 3029 2628 tunc
3057 2571 3376 2637 voluissent,
3433 2569 3682 2625 crudeles

2079 2671 2266 2742 utique
2295 2667 2649 2724 exstitissent.
2681 2667 2746 2719 At
2774 2663 3064 2717 noluerunt
3091 2659 3238 2729 quod
3295 2659 3442 2713 Deus
3486 2657 3679 2725 voluit,

2080 2759 2176 2815 sed
2207 2758 2491 2813 voluerunt
2522 2754 2668 2825 quod
2706 2753 2850 2807 Deus
2878 2748 3054 2804 voluit
3081 2762 3175 2802 eos
3203 2746 3345 2802 velle
3373 2745 3595 2812 debere,
3627 2751 3683 2799 et

2081 2849 2244 2904 vitam
2273 2845 2336 2874 ’"
2360 2844 2587 2916 justitiae
2616 2850 2860 2897 tenuere.
2894 2837 2997 2906 Qui
3029 2850 3160 2907 ergo
3191 2850 3315 2891 eum
3336 2833 3560 2889 scientia
3587 2847 3682 2889 vo-

2079 2938 2340 2993 luntatem
2391 2935 2532 2988 bene
2585 2928 2846 3000 operandi
2876 2933 3074 2997 portat,
3107 2923 3348 2978 maxima
3401 2938 3471 2978 ex
3527 2928 3681 2992 parte

2080 3025 2304 3081 bonitati
2336 3020 2756 3093 appropinquat.
2779 3014 2933 3072 Unde
2961 3012 3242 3068 sciendum
3276 3019 3358 3066 est
3378 3011 3505 3082 quia
3563 3009 3680 3080 qui-

2080 3130 2292 3185 cunque
2323 3112 2520 3166 bonam
2551 3108 2884 3163 voluntatem
2914 3103 3116 3157 habere
3142 3098 3434 3165 desiderat,
3459 3114 3685 3154 necesse

2081 3211 2164 3258 est
2189 3210 2241 3256 ut
2273 3215 2306 3254 a
2330 3197 2574 3254 vanitate
2603 3210 2725 3250 sese
2774 3193 3014 3246 alienare
3053 3189 3285 3244 studeat.
3345 3189 3484 3242 Nam
3541 3188 3687 3241 sicut

2081 3307 2189 3346 una
2209 3286 2455 3358 operatio
2484 3283 2647 3338 aliam
2678 3297 2706 3336 a
2727 3297 2788 3336 se
2809 3280 3087 3335 diversam
3109 3276 3484 3348 Operationem
3503 3274 3683 3330 exclu-

2080 3378 2180 3442 dit,
2213 3377 2291 3432 sic
2321 3371 2579 3445 cogitatio
2608 3368 2992 3442 cogitationem
3022 3364 3262 3436 expellit,
3320 3371 3374 3418 et
3430 3361 3686 3418 voluntas

2083 3464 2438 3521 nihilominus
2466 3459 2797 3515 voluntatem
2825 3454 3064 3526 repellit.
3137 3454 3278 3508 Cum
3321 3449 3464 3506 enim
3520 3465 3686 3504 manu

2083 3554 2282 3621 scribo,
2316 3566 2422 3606 non
2454 3563 2641 3621 agrum
2673 3544 2919 3611 semino;
2951 3541 3148 3597 deinde
3175 3540 3337 3594 etiam
3356 3554 3480 3594 eum
3509 3538 3684 3594 semi-

2083 3657 2305 3709 navero,
2337 3637 2678 3709 scriptionem
2711 3632 2966 3690 excludo.
3001 3631 3090 3686 Sic
3117 3628 3306 3700 utique
3335 3644 3456 3684 eum
3488 3634 3539 3683 et
3569 3627 3688 3697 ipse

2081 3731 2143 3760 ’⁸³
2174 3731 2338 3785 inane
2369 3725 2498 3798 quid
2527 3723 2734 3796 cogito,
2767 3737 2876 3776 non
2906 3719 3124 3776 interim
3153 3717 3434 3773 utilitatem
3468 3731 3682 3786 penso;

2083 3827 2138 3875 et
2166 3834 2288 3873 cum
2309 3823 2497 3885 postea
2525 3813 2656 3867 utile
2684 3809 2812 3881 quid
2843 3823 3165 3879 pensavero,
3215 3805 3530 3862 inanitatem
3584 3819 3685 3860 ex-

2084 3905 2229 3977 pello
2257 3903 2338 3958 ⁹⁸⁶.
2373 3901 2473 3957 His
2503 3899 2668 3972 igitur
2695 3914 2818 3968 quas
2856 3895 3094 3952 diximus
3123 3894 3193 3950 de
3220 3893 3453 3950 scientia
3499 3900 3554 3947 et
3582 3908 3686 3947 vo-

2083 3995 2288 4050 luutate
2320 3988 2663 4053 transcursis,
2695 3987 2984 4042 videamus
3014 3984 3176 4040 etiam
3207 3998 3368 4054 quam
3399 3980 3470 4036 sit
3498 3996 3688 4038 neces-

2083 4083 2258 4139 sarius
2285 4095 2413 4135 usus
2442 4081 2598 4134 bonas
2628 4074 2984 4146 operationis.

2652 4189 2873 4246 CAPUT
2927 4187 3113 4242 CLXI.

2755 4299 2832 4352 De
2870 4311 3004 4352 usu.

2158 4410 2370 4482 Quippe
2399 4407 2535 4464 sicut
2563 4420 2756 4476 corpus
2784 4403 3082 4457 humanum
3115 4398 3232 4455 sine
3250 4399 3515 4470 frequenti
3537 4397 3687 4454 cibo-

2004 4501 2060 4564 D
2093 4515 2212 4557 rum
2242 4515 2339 4554 usu
2369 4495 2556 4567 nequit
2588 4493 2907 4562 subsistere,
2932 4491 3012 4545 sic
3040 4487 3222 4544 anima
3275 4489 3482 4558 absque
3511 4487 3686 4542 virtu-

2087 4598 2200 4645 tum
2232 4585 2663 4659 frequentatione
2692 4597 2801 4636 non
2830 4586 3009 4650 potest
3047 4577 3246 4633 vivere.
3275 4576 3377 4646 Qui
3420 4593 3551 4647 ergo
3617 4573 3688 4632 ad

2081 4673 2332 4730 affectum
2393 4666 2658 4725 bonitatis
2721 4663 2907 4721 veneri
2973 4663 3265 4732 desiderat,
3330 4676 3549 4718 necesse
3604 4671 3688 4718 est

1690 4829 1917 4885 VARIrE
1956 4822 2364 4882 LECTIONES.

449 4969 510 5000 ’⁷⁵
544 4967 675 5024 Boni
705 4965 887 5037 Operis
908 4962 1122 5037 cperari
1155 4977 1288 5017 mss.
1327 4957 1659 5037 Vigt._Corb.
1693 4959 1748 5037 et
1805 4955 1952 5037 Edit.
2016 4952 2128 5008 Col.
2161 4948 2286 5037 boni
2317 4937 3681 5037 opermhij:“Quferat__qtiandpqqe:npeftinigng

381 5058 494 5117 ms.
699 5010 861 5117 queat
889 5010 1209 5116 pertingere
1230 5047 1340 5086 ms.
1374 5010 1534 5117 (fonti:
1551 5010 2079 5117 queat‘quandoqpe
2106 5010 2435 5117 pqutipgeie.
2456 5014 2717 5117 ’POMultae
2736 5012 3086 5117 sgje’ntialrum
3106 5010 3389 5117 seqte‘nltge
3411 5012 3682 5117 ηιιελινὶεξ.

385 5082 1602 5166 illulthSEn‘cenﬁarium‘scientiatiins:vCorb'.
1635 5082 1822 5152 multa:
1851 5082 2122 5150 scientiae:
2146 5091 2207 5120 ’⁷⁸
2236 5082 2458 5166 Adhuc
2485 5091 2544 5141 ut
2572 5102 2708 5166 mss:
2735 5084 2897 5166 Cprb.
2953 5085 3108 5166 Victa
3143 5088 3199 5138 et
3223 5083 3422 5166 ﬁdit.”
3450 5082 3566 5166 αἰξὶ
3605 5090 3684 5166 ut,

380 5160 912 5251 6*“ongnsenm
943 5177 1100 5251 ιρείι,
1135 5190 1258 5251 ms.
1296 5170 1709 5251 vict--eaedit.
1734 5166 2154 5251 σοις.
2179 5160 2424 5251 πφδ-Ἠ

2428 5158 2469 5213 it
2493 5174 2603 5213 ms.
2665 5156 2819 5212 Corb.
2853 5155 2995 5225 quod
3021 5153 3268 5225 quisquis
3295 5152 3447 5225 legit.
3503 5151 3566 5180 "°
3621 5155 3692 5225 Et

387 5223 1260 5309 mti33&"‘ini;.“iii2i."c°é§b("Et
1319 5223 1618 5298 Editicol.
1636 5223 1642 5224 ί
1661 5223 1751 5293 Exi
1771 5223 2066 5309 ratione.“_‘
2088 5223 2322 5290 Sed-hoc
2341 5223 2490 5309 velle
2506 5223 3182 5309 demus_quod’Deus‘piss‘I
3219 5223 3370 5309 Victi
3408 5225 3563 5309 Corb.
3583 5223 3690 5305 sed

751 5295 822 5348 "'5
839 5295 1767 5395 Ettnoverunt'quod‘Deus_voluit
1787 5309 1932 5395 ἱερά
1963 5307 2247 5395 νοιξιθτιξῐιῐ
2276 5299 2422 5395 quod
2452 5301 2630 5395 Βριξιῄ
2630 5295 2801 5353 voluit
2823 5312 2924 5395 pos
2950 5296 3094 5352 velle
3125 5296 3372 5395 "de‘be‘re,
3431 5303 3485 5350 et
3505 5372 3519 5395 .
3539 5295 3690 5376 viam

385 5365 531 5451 ius:
825 5365 1039 5446 Coll-at
1058 5365 1528 5453 noluei‘junvtﬁquod
1548 5365 1706 5436 Deus
1733 5365 1908 5453 voluit
1925 5377 2070 5453 ;_sed
2099 5365 2381 5453 voluerunt
2410 5369 2566 5453 quod
2584 5370 2733 5451 Deus
2752 5368 3196 5453 valuitepsvelle
3216 5365 3417 5453 debere
3435 5383 3451 5446 ξ
3469 5372 3524 5419 et
3545 5366 3690 5419 viam

554 5435 1033 5520 Viti-27"éfcnéei'
1054 5435 1132 5512 At
1142 5435 1608 5524 voluerunt-quod
1646 5435 1794 5507 Deus
1823 5435 2096 5524 voluiteos
2113 5435 2497 5524 velledebere,
2519 5449 2574 5496 et
2601 5441 2764 5524 viam.
2782 5437 2842 5467 "'
2874 5437 3420 5524 itaqqe.epmft
3432 5435 3556 5524 ipse
3581 5451 3690 5516 ms.

406 5505 1858 5602 Vict.'gic'etips‘evcum-rnsttlmbfsicutique-cum
1888 5527 1940 5576 et
1969 5519 2107 5592 ipse.
2134 5515 2196 5546 ”‘
2227 5505 2493 5570 Virtutem
2513 5511 2728 5586 expello
2747 5526 2854 5567 ms.
2888 5510 3020 5569 νέοι.
3052 5505 3288 5565 εῐεάὶι.
3349 5506 3466 5562 Col.
3511 5505 3693 5562 inani-

391 5615 554 5664 tatem
581 5604 822 5678 expello.
