4046 6076
463 330 562 386 691

1321 323 1641 383 EADMERI
1672 324 2230 384 CANTUARIENSIS
2259 325 2577 384 MONACHI

3663 329 3771 383 692

455 460 516 509 ut
574 469 697 510 cum
739 451 967 511 scientia
1022 461 1075 511 et
1103 451 1379 512 voluntate
1426 450 1590 506 etiam
1646 450 1828 523 ipsum
1891 467 2052 508 usum
2079 451 2135 513 A
2163 466 2278 507 rem
2303 449 2683 522 justificamur,
2716 467 2816 524 per
2841 469 2998 508 usum
3026 451 3418 514 beatiﬁcamur.
3476 455 3539 510 In
3586 469 3767 527 quan-

451 541 679 600 habeat.

1010 613 1240 669 CAPUT
1271 613 1479 674 CLXII.

565 703 717 772 Quod
745 704 920 760 bonus
945 701 1005 731 ’⁸⁵
1037 704 1198 846 hom/0
1229 700 1583 829 dctomnibus
1609 700 1712 757 sibi
1741 683 1948 759 bonum

617 827 632 840 .
1173 790 1295 829 acia
1337 814 1351 828 .

1173 790 1351 829 actas.

523 864 717 919 Bonus
747 863 910 919 homo
941 863 1009 920 de
1029 862 1285 919 omnibus
1314 861 1472 917 bonis
1503 867 1556 916 et
1584 860 1740 915 malis
1782 859 1842 889 "‘
1902 860 2051 917 utili-

453 960 618 1009 tatem
679 954 788 1008 sibi
819 953 1068 1023 acquirit.
1101 951 1404 1024 Siquidem,
1437 967 1561 1005 cum
1590 949 1793 1020 aliquid
1820 950 1952 1005 boni
1985 951 2052 1006 de

453 1042 682 1098 homine
710 1042 856 1098 bono
887 1043 973 1098 vel
1001 1041 1146 1097 malo
1175 1041 1342 1108 audit,
1393 1040 1596 1111 gaudet
1645 1048 1697 1094 et
1751 1040 1868 1094 Deo
1923 1039 2052 1095 inde

443 1131 654 1204 gratias
682 1132 799 1203 agit
831 1149 842 1184 :
878 1131 1023 1203 quod
1045 1131 1173 1185 dum
1197 1129 1342 1197 facit,
1366 1130 1678 1186 mercedem
1698 1144 1730 1183 a
1750 1129 1866 1184 Deo
1888 1129 2050 1184 bonae

448 1220 750 1276 voluntatis
781 1219 1004 1290 accipit,
1039 1234 1099 1274 ac
1128 1219 1170 1273 si
1201 1226 1522 1289 cooperator
1567 1217 1754 1273 fuisset
1808 1217 2050 1287 ejusdem

447 1309 651 1380 operis.
676 1309 875 1363 Malum
903 1316 1085 1363 autem
1117 1307 1160 1361 si
1182 1307 1434 1374 audierit,
1459 1306 1608 1362 dolet
1638 1307 1783 1376 quod
1837 1306 1941 1360 sibi
1994 1306 2050 1361 in

444 1397 760 1453 mercedem
790 1404 1070 1467 reputatur
1098 1394 1179 1464 ⁸⁸⁷,
1205 1396 1359 1468 quasi
1381 1395 1627 1465 ejusdem
1675 1395 1803 1449 mali
1836 1395 2049 1450 destru-

446 1492 566 1540 ctor
593 1484 786 1540 fuisset
813 1484 902 1540 vel
933 1483 1249 1540 diminutor.
1284 1484 1397 1539 Sed
1427 1483 1556 1539 dicit
1601 1482 1795 1554 aliquis
1825 1501 1838 1538 :
1885 1506 1906 1531 α
1968 1483 2050 1540 De

445 1573 594 1628 bono
623 1580 675 1627 et
702 1573 1064 1643 prosperitate
1095 1572 1306 1627 inimici
1337 1572 1444 1628 mei
1501 1587 1711 1642 nequeo
1761 1571 2046 1643 gratulari,

445 1677 624 1731 neque
694 1660 763 1716 de
818 1661 1019 1716 damno
1071 1662 1187 1731 ejus
1242 1659 1588 1729 contristari;
1640 1659 1784 1730 quod
1850 1660 1896 1716 si
1953 1676 2049 1717 ore

437 1749 721 1819 conﬁteor,
757 1766 846 1805 me
879 1750 1202 1818 condemno,
1234 1751 1397 1806 corde
1426 1749 1626 1806 etenim
1655 1748 1908 1806 mentior.
1947 1773 1970 1799 ι»

969 1857 1204 1912 CAPUT
1249 1857 1499 1913 CLXIII.

648 1941 814 1998 Ratio
847 1941 1113 2015 quomodo
1130 1943 1357 1998 inimici
1376 1942 1566 2014 diligit
1585 1943 1828 2014 possint.

507 2029 593 2083 Ad
626 2029 730 2083 hoc
757 2027 1215 2085 considerandum
1247 2036 1332 2083 est.
1356 2029 1584 2098 qualiter
1598 2028 1644 2082 is
1671 2028 1760 2098 qui
1789 2028 1844 2082 in
1899 2027 2044 2084 bon0

436 2116 702 2189 proﬁcere
731 2116 1020 2184 desiderat,
1055 2116 1160 2171 sibi
1191 2117 1307 2188 ipse
1355 2117 1467 2173 vim
1524 2117 1724 2172 inferre
1772 2116 1934 2172 debet
1987 2125 2046 2172 ut

432 2204 696 2276 proﬁcere
725 2205 924 2263 valeat.
959 2204 1108 2261 Licet
1159 2204 1392 2261 carnalis
1447 2205 1718 2278 appetitus
1773 2203 1834 2233 ’”
1890 2221 2044 2262 meus

435 2293 699 2348 damnum
729 2293 936 2348 inimici
966 2294 1074 2349 mei
1097 2301 1340 2364 appetat,
1389 2309 1500 2350 non
1556 2302 1738 2350 tamen
1793 2296 1898 2351 hoc
1949 2310 2043 2350 ore

435 2382 866 2454 proﬁteridebeo
887 2380 967 2454 ⁸⁸³,
994 2383 1091 2438 sed
1119 2383 1300 2455 potius
1321 2382 1581 2438 damnum
1611 2383 1730 2454 ejus
1757 2383 2040 2456 plangere,

437 2479 494 2527 et
525 2480 721 2527 contra
748 2470 1045 2543 appetitum
1076 2472 1252 2527 carnis
1289 2487 1445 2539 meae,
1505 2471 1649 2527 illius
1701 2473 2039 2545 prosperitati

433 2558 621 2617 favere
645 2574 659 2630 ;
722 2559 867 2615 illius
905 2561 1163 2615 damnum
1201 2561 1268 2590 "°
1303 2559 1486 2616 solum
1533 2561 1740 2630 verbis,
1783 2561 1830 2616 si
1877 2560 2042 2617 corde

433 2648 596 2703 simul
616 2664 848 2718 nequeo,
872 2649 1238 2705 demonstrare
1269 2649 1401 2704 mihi
1443 2649 1756 2719 displicere.
1824 2650 1967 2705 Nam
1995 2651 2040 2706 si

432 2736 697 2792 rationem
727 2738 1148 2806 consideramus,
1170 2739 1372 2794 rectius
1403 2739 1621 2811 agimus
1649 2739 1869 2810 quando
1920 2739 2038 2794 Deo

437 2825 742 2895 obedimus,
771 2841 938 2897 quam
967 2827 1232 2882 faciamus
1261 2827 1478 2898 quando
1509 2827 1715 2882 carnali
1770 2827 2039 2899 voluptati

437 2913 837 2971 consentimus.
873 2915 1216 2985 Praeceptum
1247 2915 1450 2970 etenim
1478 2915 1701 2970 Domini
1731 2918 1811 2970 est
1839 2920 1905 2972 ut
1923 2917 2037 2972 ini-

441 3003 617 3061 micos
645 3003 970 3074 diligamus.
1019 3002 1076 3057 Si
1133 3019 1266 3076 ergo
1324 3019 1419 3060 eos
1464 3003 1755 3060 affectuose
1806 3003 2037 3076 diligere

426 3107 664 3165 nequeo,
725 3090 980 3162 quoniam
1002 3092 1373 3148 carnalitatem
1427 3109 1607 3148 meam
1665 3092 1733 3149 ad
1790 3107 2034 3150 amorem

433 3196 623 3237 eorum
645 3179 823 3235 adhuc
853 3179 1073 3236 flectere
1101 3196 1212 3236 non
1237 3181 1416 3252 valeo,
1450 3189 1631 3236 tamen
1685 3180 1829 3237 velle
1859 3182 2037 3238 debeo
2069 3180 2119 3244 Ο

429 3285 525 3325 eos
554 3285 642 3323 me
671 3285 832 3340 posse
861 3285 1044 3325 amare
1077 3288 1091 3338 ;
1126 3279 1198 3338 et,
1226 3270 1399 3326 donec
1427 3269 1645 3326 valeam
1684 3272 1790 3327 hoc
1845 3286 2034 3344 agere,

427 3358 654 3415 verbum
685 3358 830 3429 quod
859 3359 1111 3430 potestati
1141 3375 1279 3416 meae
1297 3359 1555 3430 subjacet,
1582 3361 1789 3417 bonum
1820 3370 1872 3418 et
1927 3377 2038 3417 non

434 3446 642 3503 malum
673 3446 742 3502 de
773 3447 883 3502 illis
912 3449 1286 3521 promulgare.
1319 3450 1566 3520 Cumque
1613 3451 1716 3506 hoc
1754 3466 1879 3523 ago,
1929 3466 2039 3505 non

432 3536 670 3591 mentior
726 3537 948 3606 quando
1006 3537 1131 3593 dico
1195 3554 1284 3593 me
1337 3538 1460 3594 illos
1486 3537 1738 3611 diligere,
1787 3539 2041 3610 quoniam

432 3625 577 3680 velle
601 3625 822 3694 adjacct
838 3625 1003 3693 mihi,
1026 3627 1299 3698 perﬁcere
1324 3631 1518 3683 autem
1537 3643 1654 3684 non
1673 3627 1840 3685 habeo
1863 3630 2039 3700 (Rom.

434 3723 530 3772 vn,
567 3709 684 3778 18).
741 3707 1103 3764 Condelector
1156 3716 1342 3765 tamen
1406 3711 1694 3768 Dominico
1749 3720 2042 3784 praecepto,

439 3795 738 3849 secundum
794 3795 1059 3852 rationem
1115 3797 1334 3868 spiritus
1388 3799 1516 3868 mei,
1573 3807 1630 3854 ut
1660 3816 1754 3857 eos
1796 3801 2045 3874 diligam,

445 3884 692 3955 quamvis
721 3885 1142 3956 corruptibilitas
1175 3887 1354 3942 carnis
1389 3903 1526 3944 mese
1563 3899 1855 3962 repugnet.
1922 3892 2046 3948 Jam

443 3974 598 4030 enim
629 3990 746 4030 non
795 3990 994 4048 operor
1023 3991 1116 4048 ego
1137 3977 1304 4046 illud,
1329 3977 1430 4035 sed
1460 3977 1604 4051 quod
1634 3984 1836 4050 regnat
1867 3983 1929 4037 in
1959 3997 2048 4038 me

436 4068 739 4135 peccatum
781 4063 942 4133 (ibid.
975 4065 1083 4134 20).
1128 4065 1284 4121 Aliud
1312 4066 1457 4122 enim
1487 4075 1572 4124 est
1624 4069 1844 4138 sentire,
1904 4069 2048 4125 aliud

447 4152 781 4208 consentire.
815 4152 990 4209 Malus
1015 4169 1148 4211 vero
1191 4157 1355 4212 homo
1412 4172 1442 4212 e
1500 4158 1768 4213 contrario
1824 4159 1927 4213 sibi
1983 4159 2052 4214 de

446 4239 605 4295 bonis
663 4241 916 4297 omnibus
973 4250 1028 4298 et
1079 4244 1239 4299 malis
1269 4242 1332 4273 ⁹⁹¹
1386 4255 1669 4316 peccatum
1725 4247 2050 4316 accumulat,

442 4345 564 4385 cum
592 4329 752 4385 bonis
807 4331 1060 4386 omnibus
1123 4333 1380 4403 invideat,
1415 4334 1575 4389 malis
1631 4349 1759 4390 vero
1811 4335 2052 4392 favorem

449 4418 727 4474 exhibeat.
766 4419 944 4490 Hujus
974 4420 1102 4476 finis
1149 4421 1392 4490 interius,
1451 4439 1599 4479 mors
1655 4431 1708 4477 et
1761 4422 2053 4490 tribulatio,

445 4505 576 4581 justi
607 4515 785 4565 autem
816 4507 936 4565 finis
966 4516 1049 4566 est
1073 4510 1343 4580 Christus,
1379 4511 1487 4568 vite
1518 4519 1570 4567 et
1599 4510 1922 4568 exsultatio.

1001 4618 1227 4676 CAPUT
1257 4617 1488 4676 CLXIV.

800 4707 876 4764 De
906 4707 1228 4777 intellectu,
1262 4723 1452 4765 amore
1474 4713 1529 4764 et
1563 4725 1690 4766 usu.

518 4793 712 4851 Tribus
742 4796 919 4851 modis
970 4797 1200 4852 sentitur
1226 4797 1394 4865 Deus,
1454 4797 1708 4854 videlicet
1749 4797 2045 4864 intellectu,

447 4896 633 4940 amore
665 4893 716 4942 et
743 4901 872 4942 usu.
913 4887 1014 4941 Per
1040 4885 1372 4944 intellectum
1412 4888 1679 4960 sapimus,
1728 4903 1831 4959 per
1885 4902 2044 4942 amo-

2171 547 2281 596 tum
2309 541 2430 612 quis
2460 541 2636 596 Deum
2665 542 2936 615 intelligit,
2969 543 3191 614 sapiens
3216 548 3298 600 est
3329 562 3343 612 ;
3392 544 3447 600 in
3503 550 3768 616 quantum

2165 645 2294 685 vero
2326 639 2488 698 amat,
2507 630 2718 700 justus;
2752 648 2939 687 verum
2971 631 3025 686 in
3072 639 3332 703 quantum
3387 633 3569 699 utitur,
3625 632 3767 687 bea-

2165 725 2267 773 tus.
2291 717 2522 787 Quando
2547 717 2610 748 ²⁹²
2638 720 2782 790 quod
2810 729 3015 777 rectum
3047 730 3128 777 est
3156 722 3426 789 videmus,
3459 722 3632 777 Deum
3661 736 3767 792 per

2161 805 2492 863 intellectum
2548 809 2747 864 mentis
2805 811 3086 880 sentimus,
3135 809 3574 884 quandoquidem
3604 826 3762 881 quaa-

2159 910 2372 969 cunque
2398 897 2663 954 rectitude
2693 906 2774 954 est
2803 899 2872 954 ab
2905 899 2998 956 illo
3028 908 3132 955 est.

2727 1006 2952 1063 CAPUT
2979 1007 3181 1063 CLXV.

2449 1095 2774 1152 Similitudo
2807 1094 2964 1151 inter
2992 1098 3170 1152 Deum
3199 1099 3256 1152 et
3279 1096 3472 1154 solem.

2231 1180 2379 1237 Sicut
2409 1183 2555 1238 enim
2585 1199 2649 1239 ex
2679 1183 2982 1254 Splendore
3014 1184 3148 1241 solis
3177 1185 3360 1257 ipsum
3385 1183 3554 1242 solem
3584 1183 3760 1239 senti-

2159 1285 2301 1340 mus,
2346 1276 2637 1342 antequam
2705 1271 2857 1327 illum
2919 1274 3205 1345 perspicue
3251 1274 3554 1340 videamus,
3585 1272 3660 1328 sic
3689 1289 3762 1326 ex

2157 1359 2352 1415 mentis
2381 1370 2577 1416 nostrae
2617 1361 2986 1432 speculatione
3016 1363 3190 1419 Deum
3220 1364 3506 1433 sentimus,
3537 1362 3760 1434 quando

2156 1463 2344 1506 verum
2396 1449 2525 1519 quid
2572 1466 2639 1505 ex
2687 1450 2804 1521 ipsa
2870 1450 3115 1507 veritatis
3189 1451 3311 1508 luce
3357 1451 3755 1522 perspicimus;

2156 1535 2344 1608 sicque
2370 1535 2520 1591 illum
2577 1537 2938 1610 intelligendo
2968 1547 3022 1595 et
3047 1539 3302 1606 amando,
3334 1555 3432 1610 per
3483 1536 3647 1594 ﬁdem
3702 1545 3760 1593 ct

2155 1641 2307 1696 spem
2338 1625 2407 1680 ad
2435 1642 2681 1696 praesens
2747 1630 3038 1685 sentimus.
3103 1631 3165 1684 In
3203 1628 3385 1684 futuro
3422 1634 3621 1697 autem,
3639 1626 3758 1696 jam

2154 1729 2252 1784 per
2280 1714 2517 1786 speciem
2547 1713 2609 1744 ⁹⁹³
2641 1719 2927 1787 sentimus,
2946 1721 3081 1790 quia
3097 1718 3405 1775 videbimus
3434 1733 3562 1773 cum
3582 1717 3760 1772 sicuti

2070 1821 2124 1883 Β
2155 1807 2239 1860 est
2262 1804 2478 1875 (IJoan.
2504 1820 2586 1873 ur,
2611 1806 2834 1874 2);non
2881 1814 3066 1862 tamen
3106 1823 3230 1862 eum
3284 1821 3476 1862 omnes
3526 1803 3756 1878 aequali-

2153 1899 2236 1948 ter
2251 1893 2535 1963 videbunt,
2558 1911 2660 1952 nec
2690 1895 2807 1967 ejus
2839 1912 3023 1953 amore
3053 1911 3242 1953 omnes
3269 1894 3551 1970 aqualiter
3603 1894 3754 1951 cale-

2153 1981 2303 2037 bunt.

2700 2057 2930 2113 CAPUT
2961 2057 3192 2115 CLXVI.

2298 2141 2640 2202 Similitudo
2691 2146 2848 2203 inter
2874 2147 3066 2218 ignem
3097 2153 3154 2204 et
3189 2146 3290 2204 Dei
3329 2161 3606 2203 amorem.

2221 2231 2371 2288 Sicut
2401 2233 2548 2288 enim
2579 2234 2805 2291 diverso
2837 2235 3000 2291 modo
3027 2237 3235 2308 lignum
3267 2240 3321 2291 et
3351 2235 3553 2290 ferrum
3609 2233 3756 2306 ignis

2150 2320 2350 2377 ardore
2379 2322 2578 2389 calent,
2611 2322 2680 2377 sit
2707 2323 2959 2380 caelestes
2986 2325 3209 2396 spiritus
3240 2333 3291 2380 et
3323 2324 3602 2381 beatorum
3625 2321 3751 2380 ani-

2149 2425 2253 2465 mae
2271 2410 2609 2482 inaequaliter
2635 2411 2736 2467 Dei
2765 2427 2956 2468 amore
2988 2414 3224 2470 fervent.

2686 2501 2908 2558 CAPUT
2948 2501 3211 2559 CLXVII.

2439 2589 2717 2657 Quomodo
2746 2592 2936 2647 sancti
2976 2592 3148 2648 Deum
3179 2591 3464 2649 videbunt.

2219 2678 2379 2735 Nunc
2409 2688 2605 2735 autem
2630 2678 2884 2735 videmus
2914 2696 3045 2736 eum
3080 2682 3145 2735 in
3203 2681 3506 2752 aenigmate
3529 2679 3589 2753 (Ι
3603 2680 3736 2738 Cor.

2147 2768 2466 2836 xm,12),et
2492 2767 2644 2838 quasi
2666 2768 2720 2822 in
2750 2768 2962 2838 pictura
2990 2785 3055 2824 ea
3102 2785 3222 2840 qua;
3278 2769 3531 2838 dicimus,
3580 2771 3753 2829 veluti

2145 2855 2350 2927 pictum
2371 2856 2541 2912 solem
2577 2865 2669 2911 aut
2707 2873 2857 2913 mare
2915 2857 3243 2914 videremus.
3313 2858 3496 2915 Solem
3546 2861 3753 2933 quippe

2146 2952 2238 2999 aut
2267 2961 2418 2999 mare
2439 2961 2562 3000 cum
2593 2944 2805 3017 depicta
2836 2944 3106 3016 videmus,
3139 2963 3248 3003 non
3279 2947 3415 3004 sicut
3442 2956 3524 3004 est
3552 2949 3607 3004 in
3634 2949 3757 3020 ipsa

2144 3049 2309 3102 re,ca
2344 3033 2626 3089 habemus.
2678 3035 2811 3090 Cum
2861 3051 2990 3092 vero
3053 3036 3228 3092 solem
3273 3036 3417 3092 clare
3481 3037 3753 3093 lucentem

2143 3122 2524 3194 perspicimus,
2557 3131 2809 3180 autmare
2842 3124 3208 3180 turbulentem
3264 3125 3352 3183 vel
3403 3127 3756 3198 tranquillum

2145 3212 2435 3281 cernimus,
2468 3227 2578 3267 rem
2619 3212 2774 3269 sicuti
2819 3222 2900 3268 est
2929 3214 3193 3270 veraciter
3231 3213 3519 3283 intuemur,
3553 3230 3755 3285 quam-

2145 3300 2230 3357 vis
2263 3307 2463 3356 tantam
2521 3308 2724 3373 quanta
2757 3301 2812 3356 in
2847 3319 2906 3357 se
2956 3310 3035 3358 est
3055 3303 3248 3357 intueri
3279 3319 3632 3373 nequeamus.
3664 3303 3760 3360 Sic

2148 3390 2318 3445 sancti
2340 3389 2447 3445 Dei
2483 3388 2538 3445 in
2573 3391 2746 3462 gloria
2768 3407 2865 3446 sua
2895 3392 3072 3447 Deum
3105 3391 3392 3461 videbunt,
3417 3393 3511 3448 sed
3533 3393 3758 3464 magni-

2151 3479 2394 3533 tudinem
2442 3478 2745 3534 divinitatis
2784 3481 2904 3551 ejus
2947 3481 3062 3537 sive
3098 3481 3513 3537 immensitatem
3556 3489 3756 3552 poten-

2150 3566 2240 3621 tiae
2263 3566 2410 3620 illius
2435 3569 2899 3638 comprehendere
2926 3568 3254 3641 nequibunt.
3311 3570 3434 3625 Non
3473 3569 3615 3625 enim
3642 3570 3755 3624 im-

2153 3663 2552 3725 mensusesset,
2580 3656 2629 3711 si
2658 3655 2934 3714 intellectu
2982 3657 3046 3688 ”‘
3095 3657 3319 3729 alicujus
3363 3658 3758 3732 comprehendi

2150 3744 2434 3816 potuisset.

2671 3817 2892 3874 CAPUT
2929 3817 3220 3875 CLXVIII.

2156 3905 2232 3961 De
2253 3909 2496 3974 quatuor
2515 3905 2695 3961 modis
2713 3907 3080 3978 praecipiendi
3109 3909 3164 3964 et
3187 3907 3422 3965 totidem
3440 3908 3756 3966 obedicndi.

2227 3993 2536 4066 Aliquando
2553 3993 2689 4049 bene
2718 3993 3118 4066 praecipitur”,
3169 4004 3221 4052 et
3275 3996 3414 4053 bene
3464 3997 3759 4066 obeditur;

2159 4090 2211 4138 et
2275 4099 2306 4138 e
2371 4091 2558 4139 contra
2622 4083 2892 4139 interdum
2922 4085 3062 4140 male
3126 4085 3460 4156 praecipitur,
3525 4096 3578 4142 et
3615 4085 3762 4143 male

2159 4173 2599 4243 obtemperatur;
2633 4172 2926 4242 aliquando
2952 4174 3091 4230 bene
3137 4174 3472 4246 praecipitur,
3521 4184 3574 4231 et
3614 4174 3762 4231 male

2161 4261 2445 4323 obeditur;
2480 4261 2776 4333 aliquando
2808 4262 2948 4317 male
2979 4263 3316 4334 praecipitur,
3349 4271 3403 4320 et
3449 4263 3590 4320 bene
3620 4263 3761 4320 obe-

2161 4349 2326 4405 ditur.
2352 4351 2496 4406 Bona
2524 4351 2936 4420 estprasceptio,
2972 4359 3024 4406 et
3054 4351 3199 4408 bona
3227 4361 3312 4408 est
3340 4352 3600 4421 obeditio,
3631 4368 3761 4409 cum

2162 4439 2478 4510 praecipitur
2494 4454 2561 4493 ne
2588 4438 2886 4494 castitatem
2911 4439 3030 4511 quis
3058 4441 3243 4508 violet,
3287 4450 3339 4497 et
3384 4449 3628 4497 servatur
3661 4439 3752 4497 ”‘.

2081 4540 2135 4601 D
2166 4528 2305 4583 Mala
2334 4536 2412 4583 est
2427 4527 2618 4598 jussio,
2643 4536 2694 4582 et
2720 4529 2862 4583 mala
2907 4528 3163 4598 obeditio,
3210 4529 3256 4583 si
3309 4530 3530 4601 jubetur
3571 4529 3758 4598 furari,

2157 4619 2244 4674 vel
2273 4617 2610 4687 hujusmodi,
2643 4625 2695 4672 et
2751 4615 2864 4672 ﬁat.
2925 4619 3130 4673 Bonum
3189 4623 3272 4674 est
3326 4618 3644 4691 praecipere,
3701 4626 3762 4675 et

2157 4708 2359 4762 malum
2416 4705 2661 4773 obedire,
2721 4714 2778 4761 ut
2821 4708 2887 4775 si,
2935 4707 3088 4762 verbi
3117 4707 3308 4779 gratia,
3341 4707 3538 4780 aliquis
3585 4707 3762 4779 capti-

2158 4805 2333 4865 vetur,
2363 4803 2417 4852 et
2441 4796 2511 4850 ad
2540 4794 2732 4866 capitis
2788 4795 3112 4867 plectionem
3139 4796 3408 4865 veniatur,
3437 4812 3506 4852 ne
3560 4797 3757 4870 fugiat,

2161 4885 2387 4958 ligatur.
2442 4884 2581 4940 Iluic
2601 4886 2784 4940 autem
2831 4885 2875 4940 si
2905 4884 3046 4942 forte
3076 4885 3273 4956 aliquis
3297 4883 3442 4942 dicat
3473 4903 3486 4940 :
3525 4908 3548 4936 α
3583 4887 3756 4958 Fuge,

1750 5039 1975 5096 VARIE
2013 5036 2402 5093 LECTIONES
2415 5077 2427 5091 .

513 5133 574 5162 ’⁸⁸
605 5135 768 5204 Quod
788 5134 946 5190 bonis
973 5151 1079 5193 ms.
1120 5143 1256 5199 Vict.
1290 5143 1346 5195 et
1367 5138 1515 5196 Edit.
1551 5139 1665 5195 Col.

1699 5137 1857 5207 Quod
1885 5137 2082 5192 bonus.
2114 5134 2258 5190 "‘De
2275 5134 2530 5207 omnibus
2555 5133 2874 5189 hominibus
2899 5135 3059 5207 bonis
3083 5143 3135 5190 et
3165 5133 3321 5207 malis
3353 5151 3460 5192 ms.
3502 5134 3649 5207 Vict.
3672 5135 3741 5191 de

443 5207 695 5265 omnibus
724 5206 882 5280 bonis
911 5216 965 5280 et
992 5212 1170 5280 malis.
1203 5209 1581 5280 "’Deputatur
1601 5227 1707 5265 ms.
1728 5205 1906 5265 'Vict.
1948 5207 2097 5263 Corb.
2159 5207 2386 5280 etlidit.
2424 5206 2867 5280 Q0t._reputatur.
2901 5205 3238 5280 ”'__ACarnalis
3251 5223 3350 5280 seu
3372 5205 3637 5280 naturalis
3641 5223 3744 5280 ap-_

441 5280 642 5352 petitus
670 5279 990 5352 mss-ﬂori
1017 5278 1184 5340 Vict.
1216 5275 1433 5339 etEdit.
1470 5282 1596 5337 Col.
1634 5280 1868 5336 carnalis
1897 5275 2282 5352 appe_titus._”_’
2309 5276 2573 5352 confiteri
2592 5275 2768 5332 debeo
2798 5277 3082 5352 msLVict.
3105 5282 3162 5352 et
3183 5278 3330 5352 Edit.
3363 5278 3479 5335 Col.
3503 5275 3745 5352 proﬁteri

438 5345 637 5407 debeo.
669 5348 732 5378 ⁹⁹⁰
761 5349 1020 5421 llliusque
1050 5354 1308 5409 damnum
1338 5368 1445 5408 ms.
1487 5354 1620 5408 Vict.
1678 5353 1829 5408 Corb.
1865 5345 2115 5406 et—Edit.
2179 5349 2293 5404 Col.
2353 5348 2496 5402 illius
2542 5347 2823 5421 damnum.
2852 5345 2951 5421 Α”ξ
3000 5348 3283 5421 Βθμδοῃῇξ
3322 5356 3386 5421 _e_t
3443 5345 3602 5421 malis
3641 5365 3747 5404 ms.

450 5423 598 5481 Vict.
631 5421 873 5478 debonis
903 5424 1155 5480 omnibus
1185 5421 1240 5480 et
1271 5422 1447 5478 malis.
1478 5421 1542 5452 ’"
1567 5424 1675 5480 Sed

1705 5423 1922 5495 quando
1937 5437 2080 5495 mss.
2119 5423 2254 5477 Vict.
2291 5420 2444 5495 Gorb.
2479 5417 2883 5495 e_t__E:1_it.__('ol.

2917 5417 3170 5488 Quando.
3209 5417 3271 5446 ”’
3318 5419 3440 5473 Non
3485 5419 3600 5488 jam
3649 5435 3746 5490 per

437 5511 590 5575 s_p_em
607 5511 723 5575 ms.
756 5494 923 5574 Coi-b2
943 5508 1057 5575 non
1074 5496 1192 5566 jam
1222 5511 1319 5575 per
1337 5493 1576 5575 speciem
1603 5488 1738 5575 ins."
1773 5496 1905 5575 Vict.
1925 5491 2044 5573 jam
2077 5507 2178 5575 per
2201 5491 2465 5575 speciem.
2504 5488 2564 5575 ’3‘
2703 5489 2797 5544 ille
2824 5489 3102 5575 intellectu
3132 5506 3273 5575 mss:
3290 5488 3664 5575 “Vict‘LCgrbI
3685 5493 3742 5546 et

432 5560 582 5622 Edit.
629 5567 749 5623 Col.
808 5563 850 5618 si
910 5560 1311 5625 intelléctu.""
1362 5560 1668 5635 Aliquando
1700 5566 1840 5620 male
1871 5560 2206 5634 praecipitur,
2239 5569 2292 5618 et
2319 5561 2456 5618 bene
2486 5560 2741 5616 obeditur
2784 5577 2889 5617 ms.
2946 5560 3090 5619 Vict.
3133 5561 3399 5620 omittit..
3435 5562 3496 5592 ⁹⁹⁶
3529 5561 3594 5616 Et
3623 5575 3743 5617 ser-

433 5645 625 5694 ventur
653 5654 758 5694 ms.
806 5635 951 5693 Vict.
981 5638 1134 5697 Corb.
1169 5644 1226 5698 et
1251 5638 1404 5696 Edit.
1438 5638 1552 5696 Col.
1585 5642 1640 5692 et
1669 5644 1936 5695 servatur.
