  <div class='ocr_page' id='page_1' title='image "/cluster/home/n/w/nwhite01/storage/ocr_20150623/159/hvd.32044054760178/352.png"; bbox 0 0 4046 6076; ppageno 0'>
   <div class='ocr_carea' id='block_1_1' title="bbox 391 251 493 308">
    <p class='ocr_par' dir='ltr' id='par_1_1' title="bbox 391 251 493 308">
     <span class='ocr_line' id='line_1_1' title="bbox 391 251 493 308; baseline -0.01 0"><span class='ocrx_word' id='word_1_1' title='bbox 391 251 493 308; x_wconf 83' lang='lat'>693</span> 
     </span>
    </p>
   </div>
   <div class='ocr_carea' id='block_1_2' title="bbox 388 375 2074 453">
    <p class='ocr_par' dir='ltr' id='par_1_2' title="bbox 388 375 2074 453">
     <span class='ocr_line' id='line_1_2' title="bbox 388 375 2074 453; baseline 0.003 -22"><span class='ocrx_word' id='word_1_2' title='bbox 388 391 492 447; x_wconf 90' lang='lat' dir='ltr'>pro</span> <span class='ocrx_word' id='word_1_3' title='bbox 534 382 588 432; x_wconf 91' lang='lat' dir='ltr'>te</span> <span class='ocrx_word' id='word_1_4' title='bbox 635 375 690 431; x_wconf 89' lang='lat' dir='ltr'>in</span> <span class='ocrx_word' id='word_1_5' title='bbox 713 375 946 434; x_wconf 80' lang='lat' dir='ltr'>vinculis</span> <span class='ocrx_word' id='word_1_6' title='bbox 987 378 1107 434; x_wconf 81' lang='lat' dir='ltr'>istis</span> <span class='ocrx_word' id='word_1_7' title='bbox 1151 395 1240 435; x_wconf 92' lang='lat' dir='ltr'>me</span> <span class='ocrx_word' id='word_1_8' title='bbox 1264 395 1486 450; x_wconf 89' lang='lat' dir='ltr'>ponam,</span> <span class='ocrx_word' id='word_1_9' title='bbox 1536 395 1754 448; x_wconf 80' lang='lat' dir='ltr'>poenam</span> <span class='ocrx_word' id='word_1_10' title='bbox 1796 396 1897 453; x_wconf 89' lang='lat' dir='ltr'>pro</span> <span class='ocrx_word' id='word_1_11' title='bbox 1942 380 2074 442; x_wconf 82' lang='lat' dir='ltr'>teA</span> 
     </span>
    </p>
   </div>
   <div class='ocr_carea' id='block_1_3' title="bbox 389 463 1992 542">
    <p class='ocr_par' dir='ltr' id='par_1_3' title="bbox 389 463 1992 542">
     <span class='ocr_line' id='line_1_3' title="bbox 389 463 1992 542; baseline 0.002 -22"><span class='ocrx_word' id='word_1_12' title='bbox 389 465 661 536; x_wconf 84' lang='lat' dir='ltr'>excipiam</span> <span class='ocrx_word' id='word_1_13' title='bbox 686 463 768 520; x_wconf 83' lang='lat'>”&quot;.</span> <span class='ocrx_word' id='word_1_14' title='bbox 806 489 827 514; x_wconf 71' lang='grc' dir='ltr'><strong>ιι</strong></span> <span class='ocrx_word' id='word_1_15' title='bbox 865 469 1012 524; x_wconf 90' lang='lat' dir='ltr'>Bona</span> <span class='ocrx_word' id='word_1_16' title='bbox 1041 469 1260 542; x_wconf 88' lang='lat' dir='ltr'>quidem</span> <span class='ocrx_word' id='word_1_17' title='bbox 1293 469 1414 524; x_wconf 88' lang='lat' dir='ltr'>talis</span> <span class='ocrx_word' id='word_1_18' title='bbox 1436 469 1750 538; x_wconf 52' lang='lat' dir='ltr'>preceptio,</span> <span class='ocrx_word' id='word_1_19' title='bbox 1771 469 1898 541; x_wconf 84' lang='lat' dir='ltr'>quia</span> <span class='ocrx_word' id='word_1_20' title='bbox 1924 485 1992 524; x_wconf 80' lang='lat' dir='ltr'>ex</span> 
     </span>
    </p>
   </div>
   <div class='ocr_carea' id='block_1_4' title="bbox 389 554 1989 626">
    <p class='ocr_par' dir='ltr' id='par_1_4' title="bbox 389 554 1989 626">
     <span class='ocr_line' id='line_1_4' title="bbox 389 554 1989 626; baseline 0.001 -17"><span class='ocrx_word' id='word_1_21' title='bbox 389 554 631 624; x_wconf 83' lang='lat' dir='ltr'>perfecta</span> <span class='ocrx_word' id='word_1_22' title='bbox 660 556 920 613; x_wconf 86' lang='lat' dir='ltr'>charitate</span> <span class='ocrx_word' id='word_1_23' title='bbox 945 557 1258 626; x_wconf 88' lang='lat' dir='ltr'>descendit;</span> <span class='ocrx_word' id='word_1_24' title='bbox 1307 557 1406 613; x_wconf 90' lang='lat' dir='ltr'>sed</span> <span class='ocrx_word' id='word_1_25' title='bbox 1450 557 1592 612; x_wconf 89' lang='lat' dir='ltr'>mala</span> <span class='ocrx_word' id='word_1_26' title='bbox 1623 557 1692 613; x_wconf 89' lang='lat' dir='ltr'>ad</span> <span class='ocrx_word' id='word_1_27' title='bbox 1723 560 1825 612; x_wconf 91' lang='lat' dir='ltr'>hoc</span> <span class='ocrx_word' id='word_1_28' title='bbox 1853 573 1989 614; x_wconf 90' lang='lat' dir='ltr'>con-</span> 
     </span>
    </p>
   </div>
   <div class='ocr_carea' id='block_1_5' title="bbox 389 643 1992 716">
    <p class='ocr_par' dir='ltr' id='par_1_5' title="bbox 389 643 1992 716">
     <span class='ocr_line' id='line_1_5' title="bbox 389 643 1992 716; baseline 0.002 -18"><span class='ocrx_word' id='word_1_29' title='bbox 389 643 600 712; x_wconf 83' lang='lat' dir='ltr'>cessio,</span> <span class='ocrx_word' id='word_1_30' title='bbox 646 644 770 714; x_wconf 84' lang='lat' dir='ltr'>quia</span> <span class='ocrx_word' id='word_1_31' title='bbox 823 661 1049 716; x_wconf 81' lang='lat' dir='ltr'>prorsus</span> <span class='ocrx_word' id='word_1_32' title='bbox 1117 646 1302 702; x_wconf 92' lang='lat' dir='ltr'>obviat</span> <span class='ocrx_word' id='word_1_33' title='bbox 1362 646 1635 702; x_wconf 85' lang='lat' dir='ltr'>cliaritati.</span> <span class='ocrx_word' id='word_1_34' title='bbox 1693 647 1833 701; x_wconf 92' lang='lat' dir='ltr'>Nam</span> <span class='ocrx_word' id='word_1_35' title='bbox 1899 645 1992 701; x_wconf 91' lang='lat' dir='ltr'>ubi</span> 
     </span>
    </p>
   </div>
   <div class='ocr_carea' id='block_1_6' title="bbox 391 731 1987 807">
    <p class='ocr_par' dir='ltr' id='par_1_6' title="bbox 391 731 1987 807">
     <span class='ocr_line' id='line_1_6' title="bbox 391 731 1987 807; baseline 0.002 -21"><span class='ocrx_word' id='word_1_36' title='bbox 391 731 596 788; x_wconf 90' lang='lat' dir='ltr'>dictum</span> <span class='ocrx_word' id='word_1_37' title='bbox 627 740 740 787; x_wconf 89' lang='lat' dir='ltr'>est:</span> <span class='ocrx_word' id='word_1_38' title='bbox 761 735 926 791; x_wconf 82' lang='lat' dir='ltr'><strong><em>Alter</em></strong></span> <span class='ocrx_word' id='word_1_39' title='bbox 953 736 1192 792; x_wconf 79' lang='lat' dir='ltr'>alterius</span> <span class='ocrx_word' id='word_1_40' title='bbox 1222 752 1394 792; x_wconf 86' lang='lat' dir='ltr'>onera</span> <span class='ocrx_word' id='word_1_41' title='bbox 1415 739 1646 807; x_wconf 83' lang='lat' dir='ltr'>portare</span> <span class='ocrx_word' id='word_1_42' title='bbox 1667 734 1885 804; x_wconf 82' lang='lat' dir='ltr'>(Galat.</span> <span class='ocrx_word' id='word_1_43' title='bbox 1911 751 1987 804; x_wconf 77' lang='lat' dir='ltr'>vr,</span> 
     </span>
    </p>
   </div>
   <div class='ocr_carea' id='block_1_7' title="bbox 389 821 1989 894">
    <p class='ocr_par' dir='ltr' id='par_1_7' title="bbox 389 821 1989 894">
     <span class='ocr_line' id='line_1_7' title="bbox 389 821 1989 894; baseline 0.003 -20"><span class='ocrx_word' id='word_1_44' title='bbox 389 821 469 889; x_wconf 77' lang='lat'>2),</span> <span class='ocrx_word' id='word_1_45' title='bbox 497 837 604 875; x_wconf 91' lang='lat' dir='ltr'>non</span> <span class='ocrx_word' id='word_1_46' title='bbox 633 821 836 876; x_wconf 89' lang='lat' dir='ltr'>dictum</span> <span class='ocrx_word' id='word_1_47' title='bbox 869 831 970 890; x_wconf 89' lang='lat' dir='ltr'>est,</span> <span class='ocrx_word' id='word_1_48' title='bbox 1000 839 1168 880; x_wconf 90' lang='lat' dir='ltr'>onera</span> <span class='ocrx_word' id='word_1_49' title='bbox 1192 823 1471 894; x_wconf 75' lang='lat' dir='ltr'>imponite.</span> <span class='ocrx_word' id='word_1_50' title='bbox 1517 824 1658 878; x_wconf 88' lang='lat' dir='ltr'>Mala</span> <span class='ocrx_word' id='word_1_51' title='bbox 1687 828 1765 878; x_wconf 89' lang='lat' dir='ltr'>est</span> <span class='ocrx_word' id='word_1_52' title='bbox 1791 822 1989 893; x_wconf 89' lang='lat' dir='ltr'>jussio,</span> 
     </span>
    </p>
   </div>
   <div class='ocr_carea' id='block_1_8' title="bbox 389 909 1989 984">
    <p class='ocr_par' dir='ltr' id='par_1_8' title="bbox 389 909 1989 984">
     <span class='ocr_line' id='line_1_8' title="bbox 389 909 1989 984; baseline 0.001 -20"><span class='ocrx_word' id='word_1_53' title='bbox 389 917 443 964; x_wconf 90' lang='lat' dir='ltr'>et</span> <span class='ocrx_word' id='word_1_54' title='bbox 471 909 618 965; x_wconf 89' lang='lat' dir='ltr'>bona</span> <span class='ocrx_word' id='word_1_55' title='bbox 646 911 912 981; x_wconf 89' lang='lat' dir='ltr'>obeditio,</span> <span class='ocrx_word' id='word_1_56' title='bbox 945 920 1001 967; x_wconf 90' lang='lat' dir='ltr'>ut</span> <span class='ocrx_word' id='word_1_57' title='bbox 1029 912 1075 967; x_wconf 88' lang='lat' dir='ltr'>si</span> <span class='ocrx_word' id='word_1_58' title='bbox 1106 913 1227 983; x_wconf 83' lang='lat' dir='ltr'>quis</span> <span class='ocrx_word' id='word_1_59' title='bbox 1256 929 1420 984; x_wconf 91' lang='lat' dir='ltr'>poma</span> <span class='ocrx_word' id='word_1_60' title='bbox 1451 912 1694 980; x_wconf 79' lang='lat' dir='ltr'>cedi-ina,</span> <span class='ocrx_word' id='word_1_61' title='bbox 1721 913 1807 967; x_wconf 89' lang='lat' dir='ltr'>vel</span> <span class='ocrx_word' id='word_1_62' title='bbox 1837 911 1989 983; x_wconf 91' lang='lat' dir='ltr'>quip-</span> 
     </span>
    </p>
   </div>
   <div class='ocr_carea' id='block_1_9' title="bbox 386 997 1986 1072">
    <p class='ocr_par' dir='ltr' id='par_1_9' title="bbox 386 997 1986 1072">
     <span class='ocr_line' id='line_1_9' title="bbox 386 997 1986 1072; baseline 0.003 -20"><span class='ocrx_word' id='word_1_63' title='bbox 386 997 535 1068; x_wconf 85' lang='lat' dir='ltr'>piam</span> <span class='ocrx_word' id='word_1_64' title='bbox 583 998 749 1068; x_wconf 82' lang='lat' dir='ltr'>aliud,</span> <span class='ocrx_word' id='word_1_65' title='bbox 783 1001 928 1072; x_wconf 92' lang='lat' dir='ltr'>quod</span> <span class='ocrx_word' id='word_1_66' title='bbox 957 1000 1072 1056; x_wconf 85' lang='lat' dir='ltr'>sine</span> <span class='ocrx_word' id='word_1_67' title='bbox 1102 1002 1344 1072; x_wconf 90' lang='lat' dir='ltr'>periculo</span> <span class='ocrx_word' id='word_1_68' title='bbox 1396 1001 1585 1056; x_wconf 87' lang='lat' dir='ltr'>haberi</span> <span class='ocrx_word' id='word_1_69' title='bbox 1631 1017 1740 1056; x_wconf 91' lang='lat' dir='ltr'>non</span> <span class='ocrx_word' id='word_1_70' title='bbox 1784 1009 1986 1072; x_wconf 89' lang='lat' dir='ltr'>posset,</span> 
     </span>
    </p>
   </div>
   <div class='ocr_carea' id='block_1_10' title="bbox 388 1087 1988 1160">
    <p class='ocr_par' dir='ltr' id='par_1_10' title="bbox 388 1087 1988 1160">
     <span class='ocr_line' id='line_1_10' title="bbox 388 1087 1988 1160; baseline 0.003 -20"><span class='ocrx_word' id='word_1_71' title='bbox 388 1087 510 1158; x_wconf 88' lang='lat' dir='ltr'>quis</span> <span class='ocrx_word' id='word_1_72' title='bbox 554 1087 804 1158; x_wconf 77' lang='lat' dir='ltr'>praelatus</span> <span class='ocrx_word' id='word_1_73' title='bbox 845 1089 949 1142; x_wconf 83' lang='lat' dir='ltr'>sibi</span> <span class='ocrx_word' id='word_1_74' title='bbox 994 1089 1170 1144; x_wconf 74' lang='lat' dir='ltr'>afferri</span> <span class='ocrx_word' id='word_1_75' title='bbox 1220 1089 1558 1160; x_wconf 82' lang='lat' dir='ltr'>praeciperet.</span> <span class='ocrx_word' id='word_1_76' title='bbox 1605 1091 1761 1145; x_wconf 91' lang='lat' dir='ltr'>Unde</span> <span class='ocrx_word' id='word_1_77' title='bbox 1811 1089 1988 1144; x_wconf 81' lang='lat' dir='ltr'>David</span> 
     </span>
    </p>
   </div>
   <div class='ocr_carea' id='block_1_11' title="bbox 389 1177 1990 1250">
    <p class='ocr_par' dir='ltr' id='par_1_11' title="bbox 389 1177 1990 1250">
     <span class='ocr_line' id='line_1_11' title="bbox 389 1177 1990 1250; baseline 0.003 -21"><span class='ocrx_word' id='word_1_78' title='bbox 389 1190 587 1245; x_wconf 88' lang='lat' dir='ltr'>aquam</span> <span class='ocrx_word' id='word_1_79' title='bbox 619 1177 688 1231; x_wconf 88' lang='lat' dir='ltr'>de</span> <span class='ocrx_word' id='word_1_80' title='bbox 715 1177 947 1232; x_wconf 83' lang='lat' dir='ltr'>cisterna</span> <span class='ocrx_word' id='word_1_81' title='bbox 996 1177 1096 1232; x_wconf 90' lang='lat' dir='ltr'>sibi</span> <span class='ocrx_word' id='word_1_82' title='bbox 1145 1177 1323 1233; x_wconf 69' lang='lat' dir='ltr'>alierri</span> <span class='ocrx_word' id='word_1_83' title='bbox 1373 1178 1666 1249; x_wconf 70' lang='lat' dir='ltr'>prazcepit;</span> <span class='ocrx_word' id='word_1_84' title='bbox 1710 1195 1830 1250; x_wconf 80' lang='lat' dir='ltr'>quae</span> <span class='ocrx_word' id='word_1_85' title='bbox 1861 1179 1990 1249; x_wconf 90' lang='lat' dir='ltr'>quia</span> 
     </span>
    </p>
   </div>
   <div class='ocr_carea' id='block_1_12' title="bbox 387 1263 1986 1338">
    <p class='ocr_par' dir='ltr' id='par_1_12' title="bbox 387 1263 1986 1338">
     <span class='ocr_line' id='line_1_12' title="bbox 387 1263 1986 1338; baseline 0.004 -22"><span class='ocrx_word' id='word_1_86' title='bbox 387 1263 446 1317; x_wconf 92' lang='lat' dir='ltr'>in</span> <span class='ocrx_word' id='word_1_87' title='bbox 498 1265 737 1335; x_wconf 88' lang='lat' dir='ltr'>periculo</span> <span class='ocrx_word' id='word_1_88' title='bbox 784 1281 1003 1321; x_wconf 89' lang='lat' dir='ltr'>suorum</span> <span class='ocrx_word' id='word_1_89' title='bbox 1053 1266 1215 1321; x_wconf 88' lang='lat' dir='ltr'>allata</span> <span class='ocrx_word' id='word_1_90' title='bbox 1261 1274 1364 1335; x_wconf 91' lang='lat' dir='ltr'>est,</span> <span class='ocrx_word' id='word_1_91' title='bbox 1403 1267 1654 1337; x_wconf 72' lang='lat' dir='ltr'>pmnituit</span> <span class='ocrx_word' id='word_1_92' title='bbox 1701 1267 1986 1338; x_wconf 75' lang='lat' dir='ltr'>praecepti,</span> 
     </span>
    </p>
   </div>
   <div class='ocr_carea' id='block_1_13' title="bbox 391 1352 1842 1426">
    <p class='ocr_par' dir='ltr' id='par_1_13' title="bbox 391 1352 1842 1426">
     <span class='ocr_line' id='line_1_13' title="bbox 391 1352 1842 1426; baseline 0.002 -19"><span class='ocrx_word' id='word_1_93' title='bbox 391 1352 672 1426; x_wconf 89' lang='lat' dir='ltr'>noluitque</span> <span class='ocrx_word' id='word_1_94' title='bbox 703 1369 820 1410; x_wconf 87' lang='lat' dir='ltr'>eam</span> <span class='ocrx_word' id='word_1_95' title='bbox 851 1354 1060 1424; x_wconf 85' lang='lat' dir='ltr'>bibere,</span> <span class='ocrx_word' id='word_1_96' title='bbox 1101 1355 1198 1410; x_wconf 88' lang='lat' dir='ltr'>sed</span> <span class='ocrx_word' id='word_1_97' title='bbox 1227 1371 1344 1411; x_wconf 90' lang='lat' dir='ltr'>eam</span> <span class='ocrx_word' id='word_1_98' title='bbox 1374 1354 1606 1411; x_wconf 90' lang='lat' dir='ltr'>Domino</span> <span class='ocrx_word' id='word_1_99' title='bbox 1632 1354 1842 1413; x_wconf 80' lang='lat' dir='ltr'>libavit.</span> 
     </span>
    </p>
   </div>
   <div class='ocr_carea' id='block_1_14' title="bbox 932 1463 1442 1520">
    <p class='ocr_par' dir='ltr' id='par_1_14' title="bbox 932 1463 1442 1520">
     <span class='ocr_line' id='line_1_14' title="bbox 932 1463 1442 1520; baseline 0.002 -3"><span class='ocrx_word' id='word_1_100' title='bbox 932 1463 1167 1520; x_wconf 85' lang='lat' dir='ltr'><strong>CAPUT</strong></span> <span class='ocrx_word' id='word_1_101' title='bbox 1206 1463 1442 1518; x_wconf 86' lang='lat' dir='ltr'>CLXIX.</span> 
     </span>
    </p>
   </div>
   <div class='ocr_carea' id='block_1_15' title="bbox 699 1551 1676 1618">
    <p class='ocr_par' dir='ltr' id='par_1_15' title="bbox 699 1551 1676 1618">
     <span class='ocr_line' id='line_1_15' title="bbox 699 1551 1676 1618; baseline 0.002 -11"><span class='ocrx_word' id='word_1_102' title='bbox 699 1552 777 1607; x_wconf 86' lang='lat' dir='ltr'>De</span> <span class='ocrx_word' id='word_1_103' title='bbox 808 1552 1032 1618; x_wconf 85' lang='lat' dir='ltr'>timore,</span> <span class='ocrx_word' id='word_1_104' title='bbox 1065 1551 1349 1609; x_wconf 88' lang='lat' dir='ltr'>commodo</span> <span class='ocrx_word' id='word_1_105' title='bbox 1379 1556 1435 1608; x_wconf 90' lang='lat' dir='ltr'>et</span> <span class='ocrx_word' id='word_1_106' title='bbox 1465 1568 1676 1609; x_wconf 89' lang='lat' dir='ltr'>amore.</span> 
     </span>
    </p>
   </div>
   <div class='ocr_carea' id='block_1_16' title="bbox 457 1639 1984 1710">
    <p class='ocr_par' dir='ltr' id='par_1_16' title="bbox 457 1639 1984 1710">
     <span class='ocr_line' id='line_1_16' title="bbox 457 1639 1984 1710; baseline 0.001 -16"><span class='ocrx_word' id='word_1_107' title='bbox 457 1639 574 1695; x_wconf 92' lang='lat' dir='ltr'>Deo</span> <span class='ocrx_word' id='word_1_108' title='bbox 603 1639 824 1710; x_wconf 89' lang='lat' dir='ltr'>quidem</span> <span class='ocrx_word' id='word_1_109' title='bbox 865 1641 1039 1696; x_wconf 87' lang='lat' dir='ltr'>tribus</span> <span class='ocrx_word' id='word_1_110' title='bbox 1086 1641 1154 1696; x_wconf 92' lang='lat' dir='ltr'>de</span> <span class='ocrx_word' id='word_1_111' title='bbox 1203 1641 1382 1696; x_wconf 84' lang='lat' dir='ltr'>causis</span> <span class='ocrx_word' id='word_1_112' title='bbox 1427 1640 1675 1696; x_wconf 88' lang='lat' dir='ltr'>homines</span> <span class='ocrx_word' id='word_1_113' title='bbox 1722 1641 1984 1708; x_wconf 87' lang='lat' dir='ltr'>serviunt,</span> 
     </span>
    </p>
   </div>
   <div class='ocr_carea' id='block_1_17' title="bbox 389 1725 1987 1800">
    <p class='ocr_par' dir='ltr' id='par_1_17' title="bbox 389 1725 1987 1800">
     <span class='ocr_line' id='line_1_17' title="bbox 389 1725 1987 1800; baseline 0.001 -18"><span class='ocrx_word' id='word_1_114' title='bbox 389 1725 642 1783; x_wconf 81' lang='lat' dir='ltr'>videlicet</span> <span class='ocrx_word' id='word_1_115' title='bbox 674 1730 886 1796; x_wconf 88' lang='lat' dir='ltr'>timore,</span> <span class='ocrx_word' id='word_1_116' title='bbox 917 1729 1205 1784; x_wconf 90' lang='lat' dir='ltr'>commodo</span> <span class='ocrx_word' id='word_1_117' title='bbox 1238 1737 1290 1785; x_wconf 90' lang='lat' dir='ltr'>et</span> <span class='ocrx_word' id='word_1_118' title='bbox 1317 1746 1530 1785; x_wconf 89' lang='lat' dir='ltr'>amore.</span> <span class='ocrx_word' id='word_1_119' title='bbox 1589 1731 1724 1786; x_wconf 87' lang='lat' dir='ltr'>Sunt</span> <span class='ocrx_word' id='word_1_120' title='bbox 1751 1744 1987 1800; x_wconf 86' lang='lat' dir='ltr'>namque</span> 
     </span>
    </p>
   </div>
   <div class='ocr_carea' id='block_1_18' title="bbox 385 1816 1989 1888">
    <p class='ocr_par' dir='ltr' id='par_1_18' title="bbox 385 1816 1989 1888">
     <span class='ocr_line' id='line_1_18' title="bbox 385 1816 1989 1888; baseline 0.002 -19"><span class='ocrx_word' id='word_1_121' title='bbox 385 1816 633 1870; x_wconf 84' lang='lat' dir='ltr'>nonnulli</span> <span class='ocrx_word' id='word_1_122' title='bbox 666 1817 758 1888; x_wconf 92' lang='lat' dir='ltr'>qui</span> <span class='ocrx_word' id='word_1_123' title='bbox 789 1817 830 1871; x_wconf 88' lang='lat' dir='ltr'>si</span> <span class='ocrx_word' id='word_1_124' title='bbox 861 1833 1054 1888; x_wconf 87' lang='lat' dir='ltr'>poenas</span> <span class='ocrx_word' id='word_1_125' title='bbox 1084 1817 1283 1872; x_wconf 82' lang='lat' dir='ltr'>inferni</span> <span class='ocrx_word' id='word_1_126' title='bbox 1325 1834 1434 1873; x_wconf 91' lang='lat' dir='ltr'>non</span> <span class='ocrx_word' id='word_1_127' title='bbox 1483 1834 1599 1874; x_wconf 87' lang='lat' dir='ltr'>esse</span> <span class='ocrx_word' id='word_1_128' title='bbox 1640 1818 1858 1884; x_wconf 82' lang='lat' dir='ltr'>scirent,</span> <span class='ocrx_word' id='word_1_129' title='bbox 1889 1834 1989 1888; x_wconf 89' lang='lat' dir='ltr'>pro</span> 
     </span>
    </p>
   </div>
   <div class='ocr_carea' id='block_1_19' title="bbox 386 1905 1991 1975">
    <p class='ocr_par' dir='ltr' id='par_1_19' title="bbox 386 1905 1991 1975">
     <span class='ocr_line' id='line_1_19' title="bbox 386 1905 1991 1975; baseline 0.001 -17"><span class='ocrx_word' id='word_1_130' title='bbox 386 1905 541 1958; x_wconf 88' lang='lat' dir='ltr'>nulla</span> <span class='ocrx_word' id='word_1_131' title='bbox 593 1906 1019 1975; x_wconf 81' lang='lat' dir='ltr'>repromissione</span> <span class='ocrx_word' id='word_1_132' title='bbox 1082 1914 1406 1962; x_wconf 67' lang='lat' dir='ltr'>aeternorum</span> <span class='ocrx_word' id='word_1_133' title='bbox 1471 1907 1737 1963; x_wconf 86' lang='lat' dir='ltr'>bonorum</span> <span class='ocrx_word' id='word_1_134' title='bbox 1792 1922 1826 1962; x_wconf 91' lang='lat' dir='ltr'>a</span> <span class='ocrx_word' id='word_1_135' title='bbox 1882 1905 1991 1961; x_wconf 89' lang='lat' dir='ltr'>suis</span> 
     </span>
    </p>
   </div>
   <div class='ocr_carea' id='block_1_20' title="bbox 383 1993 1988 2067">
    <p class='ocr_par' dir='ltr' id='par_1_20' title="bbox 383 1993 1988 2067">
     <span class='ocr_line' id='line_1_20' title="bbox 383 1993 1988 2067; baseline 0.001 -20"><span class='ocrx_word' id='word_1_136' title='bbox 383 1993 759 2063; x_wconf 83' lang='lat' dir='ltr'>voluptatibus</span> <span class='ocrx_word' id='word_1_137' title='bbox 797 2003 1072 2050; x_wconf 87' lang='lat' dir='ltr'>cessarent</span> <span class='ocrx_word' id='word_1_138' title='bbox 1099 1993 1181 2048; x_wconf 80' lang='lat'>”°.</span> <span class='ocrx_word' id='word_1_139' title='bbox 1239 1994 1359 2064; x_wconf 88' lang='lat' dir='ltr'>Qui,</span> <span class='ocrx_word' id='word_1_140' title='bbox 1395 1995 1522 2050; x_wconf 90' lang='lat' dir='ltr'>licet</span> <span class='ocrx_word' id='word_1_141' title='bbox 1549 2011 1741 2067; x_wconf 85' lang='lat' dir='ltr'>poenas</span> <span class='ocrx_word' id='word_1_142' title='bbox 1768 1995 1988 2051; x_wconf 87' lang='lat' dir='ltr'>illorum</span> 
     </span>
    </p>
   </div>
   <div class='ocr_carea' id='block_1_21' title="bbox 381 2082 1988 2152">
    <p class='ocr_par' dir='ltr' id='par_1_21' title="bbox 381 2082 1988 2152">
     <span class='ocr_line' id='line_1_21' title="bbox 381 2082 1988 2152; baseline 0.002 -17"><span class='ocrx_word' id='word_1_143' title='bbox 381 2082 478 2152; x_wconf 90' lang='lat' dir='ltr'>qui</span> <span class='ocrx_word' id='word_1_144' title='bbox 509 2083 683 2138; x_wconf 89' lang='lat' dir='ltr'>Deum</span> <span class='ocrx_word' id='word_1_145' title='bbox 731 2083 955 2140; x_wconf 90' lang='lat' dir='ltr'>minime</span> <span class='ocrx_word' id='word_1_146' title='bbox 1005 2093 1282 2152; x_wconf 87' lang='lat' dir='ltr'>verentur,</span> <span class='ocrx_word' id='word_1_147' title='bbox 1332 2084 1599 2152; x_wconf 79' lang='lat' dir='ltr'>evadant,</span> <span class='ocrx_word' id='word_1_148' title='bbox 1649 2101 1757 2140; x_wconf 91' lang='lat' dir='ltr'>non</span> <span class='ocrx_word' id='word_1_149' title='bbox 1807 2093 1988 2139; x_wconf 90' lang='lat' dir='ltr'>tamen</span> 
     </span>
    </p>
   </div>
   <div class='ocr_carea' id='block_1_22' title="bbox 379 2171 1988 2241">
    <p class='ocr_par' dir='ltr' id='par_1_22' title="bbox 379 2171 1988 2241">
     <span class='ocr_line' id='line_1_22' title="bbox 379 2171 1988 2241; baseline 0.002 -17"><span class='ocrx_word' id='word_1_150' title='bbox 379 2171 598 2241; x_wconf 86' lang='lat' dir='ltr'>plenam</span> <span class='ocrx_word' id='word_1_151' title='bbox 651 2173 1075 2228; x_wconf 89' lang='lat' dir='ltr'>retributionem</span> <span class='ocrx_word' id='word_1_152' title='bbox 1123 2173 1424 2229; x_wconf 89' lang='lat' dir='ltr'>invenient.</span> <span class='ocrx_word' id='word_1_153' title='bbox 1492 2172 1595 2228; x_wconf 84' lang='lat' dir='ltr'>Alii</span> <span class='ocrx_word' id='word_1_154' title='bbox 1644 2178 1828 2228; x_wconf 89' lang='lat' dir='ltr'>autem</span> <span class='ocrx_word' id='word_1_155' title='bbox 1871 2174 1988 2228; x_wconf 88' lang='lat' dir='ltr'>Deo</span> 
     </span>
    </p>
   </div>
   <div class='ocr_carea' id='block_1_23' title="bbox 385 2259 1988 2332">
    <p class='ocr_par' dir='ltr' id='par_1_23' title="bbox 385 2259 1988 2332">
     <span class='ocr_line' id='line_1_23' title="bbox 385 2259 1988 2332; baseline 0.002 -19"><span class='ocrx_word' id='word_1_156' title='bbox 385 2259 645 2327; x_wconf 83' lang='lat' dir='ltr'>serviunt,</span> <span class='ocrx_word' id='word_1_157' title='bbox 679 2268 736 2316; x_wconf 89' lang='lat' dir='ltr'>ut</span> <span class='ocrx_word' id='word_1_158' title='bbox 765 2277 1026 2332; x_wconf 79' lang='lat' dir='ltr'>magnum</span> <span class='ocrx_word' id='word_1_159' title='bbox 1058 2262 1186 2317; x_wconf 90' lang='lat' dir='ltr'>inde</span> <span class='ocrx_word' id='word_1_160' title='bbox 1213 2261 1449 2317; x_wconf 84' lang='lat' dir='ltr'>habeant</span> <span class='ocrx_word' id='word_1_161' title='bbox 1477 2262 1828 2317; x_wconf 89' lang='lat' dir='ltr'>commodum</span> <span class='ocrx_word' id='word_1_162' title='bbox 1871 2261 1988 2318; x_wconf 88' lang='lat' dir='ltr'>sive</span> 
     </span>
    </p>
   </div>
   <div class='ocr_carea' id='block_1_24' title="bbox 381 2348 1978 2418">
    <p class='ocr_par' dir='ltr' id='par_1_24' title="bbox 381 2348 1978 2418">
     <span class='ocr_line' id='line_1_24' title="bbox 381 2348 1978 2418; baseline 0.002 -16"><span class='ocrx_word' id='word_1_163' title='bbox 381 2348 437 2402; x_wconf 92' lang='lat' dir='ltr'>in</span> <span class='ocrx_word' id='word_1_164' title='bbox 487 2350 747 2417; x_wconf 64' lang='lat' dir='ltr'>praesenti</span> <span class='ocrx_word' id='word_1_165' title='bbox 798 2350 930 2418; x_wconf 89' lang='lat' dir='ltr'>vita,</span> <span class='ocrx_word' id='word_1_166' title='bbox 980 2351 1094 2407; x_wconf 88' lang='lat' dir='ltr'>sive</span> <span class='ocrx_word' id='word_1_167' title='bbox 1140 2359 1194 2406; x_wconf 91' lang='lat' dir='ltr'>et</span> <span class='ocrx_word' id='word_1_168' title='bbox 1242 2351 1298 2405; x_wconf 92' lang='lat' dir='ltr'>in</span> <span class='ocrx_word' id='word_1_169' title='bbox 1344 2351 1448 2406; x_wconf 88' lang='lat' dir='ltr'>hac</span> <span class='ocrx_word' id='word_1_170' title='bbox 1482 2349 1543 2377; x_wconf 68' lang='grc' dir='ltr'>’θ’</span> <span class='ocrx_word' id='word_1_171' title='bbox 1575 2359 1628 2406; x_wconf 91' lang='lat' dir='ltr'>et</span> <span class='ocrx_word' id='word_1_172' title='bbox 1674 2351 1728 2405; x_wconf 91' lang='lat' dir='ltr'>in</span> <span class='ocrx_word' id='word_1_173' title='bbox 1776 2351 1978 2406; x_wconf 88' lang='lat' dir='ltr'>futura.</span> 
     </span>
    </p>
   </div>
   <div class='ocr_carea' id='block_1_25' title="bbox 389 2437 1986 2510">
    <p class='ocr_par' dir='ltr' id='par_1_25' title="bbox 389 2437 1986 2510">
     <span class='ocr_line' id='line_1_25' title="bbox 389 2437 1986 2510; baseline 0.003 -19"><span class='ocrx_word' id='word_1_174' title='bbox 389 2437 620 2508; x_wconf 88' lang='lat' dir='ltr'>Quibus,</span> <span class='ocrx_word' id='word_1_175' title='bbox 653 2439 702 2492; x_wconf 92' lang='lat' dir='ltr'>si</span> <span class='ocrx_word' id='word_1_176' title='bbox 731 2439 876 2494; x_wconf 82' lang='lat' dir='ltr'>Deus</span> <span class='ocrx_word' id='word_1_177' title='bbox 901 2439 1148 2505; x_wconf 88' lang='lat' dir='ltr'>voluerit,</span> <span class='ocrx_word' id='word_1_178' title='bbox 1182 2456 1249 2494; x_wconf 83' lang='lat' dir='ltr'>ex</span> <span class='ocrx_word' id='word_1_179' title='bbox 1281 2439 1516 2510; x_wconf 90' lang='lat' dir='ltr'>quadam</span> <span class='ocrx_word' id='word_1_180' title='bbox 1568 2439 1778 2494; x_wconf 87' lang='lat' dir='ltr'>ratione</span> <span class='ocrx_word' id='word_1_181' title='bbox 1827 2447 1986 2510; x_wconf 88' lang='lat' dir='ltr'>pote-</span> 
     </span>
    </p>
   </div>
   <div class='ocr_carea' id='block_1_26' title="bbox 384 2519 1988 2597">
    <p class='ocr_par' dir='ltr' id='par_1_26' title="bbox 384 2519 1988 2597">
     <span class='ocr_line' id='line_1_26' title="bbox 384 2519 1988 2597; baseline 0.002 -17"><span class='ocrx_word' id='word_1_182' title='bbox 384 2526 455 2581; x_wconf 88' lang='lat' dir='ltr'>rit</span> <span class='ocrx_word' id='word_1_183' title='bbox 481 2527 667 2582; x_wconf 89' lang='lat' dir='ltr'>dicere</span> <span class='ocrx_word' id='word_1_184' title='bbox 698 2544 714 2581; x_wconf 88' lang='lat'><strong>:</strong></span> <span class='ocrx_word' id='word_1_185' title='bbox 750 2548 774 2576; x_wconf 70' lang='grc' dir='ltr'><strong><em>α</em></strong></span> <span class='ocrx_word' id='word_1_186' title='bbox 807 2527 996 2583; x_wconf 88' lang='lat' dir='ltr'>Gratia</span> <span class='ocrx_word' id='word_1_187' title='bbox 1026 2529 1302 2584; x_wconf 88' lang='lat' dir='ltr'>commodi</span> <span class='ocrx_word' id='word_1_188' title='bbox 1344 2519 1532 2597; x_wconf 77' lang='lat' dir='ltr'>vestri,</span> <span class='ocrx_word' id='word_1_189' title='bbox 1587 2528 1838 2583; x_wconf 86' lang='lat' dir='ltr'>mandata</span> <span class='ocrx_word' id='word_1_190' title='bbox 1866 2543 1988 2583; x_wconf 89' lang='lat' dir='ltr'>mea</span> 
     </span>
    </p>
   </div>
   <div class='ocr_carea' id='block_1_27' title="bbox 382 2615 1984 2689">
    <p class='ocr_par' dir='ltr' id='par_1_27' title="bbox 382 2615 1984 2689">
     <span class='ocr_line' id='line_1_27' title="bbox 382 2615 1984 2689; baseline 0 -19"><span class='ocrx_word' id='word_1_191' title='bbox 382 2615 667 2684; x_wconf 83' lang='lat' dir='ltr'>servastis,</span> <span class='ocrx_word' id='word_1_192' title='bbox 688 2631 798 2671; x_wconf 90' lang='lat' dir='ltr'>non</span> <span class='ocrx_word' id='word_1_193' title='bbox 823 2616 952 2686; x_wconf 90' lang='lat' dir='ltr'>quia</span> <span class='ocrx_word' id='word_1_194' title='bbox 980 2632 1118 2686; x_wconf 90' lang='lat' dir='ltr'>pure</span> <span class='ocrx_word' id='word_1_195' title='bbox 1139 2633 1227 2672; x_wconf 93' lang='lat' dir='ltr'>me</span> <span class='ocrx_word' id='word_1_196' title='bbox 1247 2617 1576 2689; x_wconf 87' lang='lat' dir='ltr'>diligebatis,</span> <span class='ocrx_word' id='word_1_197' title='bbox 1599 2617 1698 2671; x_wconf 89' lang='lat' dir='ltr'>sed</span> <span class='ocrx_word' id='word_1_198' title='bbox 1725 2617 1984 2687; x_wconf 89' lang='lat' dir='ltr'>quoniam</span> 
     </span>
    </p>
   </div>
   <div class='ocr_carea' id='block_1_28' title="bbox 381 2703 1984 2777">
    <p class='ocr_par' dir='ltr' id='par_1_28' title="bbox 381 2703 1984 2777">
     <span class='ocr_line' id='line_1_28' title="bbox 381 2703 1984 2777; baseline 0 -19"><span class='ocrx_word' id='word_1_199' title='bbox 381 2719 414 2758; x_wconf 91' lang='lat' dir='ltr'>a</span> <span class='ocrx_word' id='word_1_200' title='bbox 446 2719 534 2759; x_wconf 90' lang='lat' dir='ltr'>me</span> <span class='ocrx_word' id='word_1_201' title='bbox 559 2703 758 2759; x_wconf 88' lang='lat' dir='ltr'>lucrari</span> <span class='ocrx_word' id='word_1_202' title='bbox 789 2705 1071 2760; x_wconf 85' lang='lat' dir='ltr'>volebatis.</span> <span class='ocrx_word' id='word_1_203' title='bbox 1109 2727 1134 2752; x_wconf 72' lang='grc' dir='ltr'><strong><em>ι</em></strong></span> <span class='ocrx_word' id='word_1_204' title='bbox 1196 2706 1347 2762; x_wconf 90' lang='lat' dir='ltr'>Sicut</span> <span class='ocrx_word' id='word_1_205' title='bbox 1377 2706 1430 2760; x_wconf 81' lang='lat' dir='ltr'>lii</span> <span class='ocrx_word' id='word_1_206' title='bbox 1459 2705 1548 2776; x_wconf 87' lang='lat' dir='ltr'>qui</span> <span class='ocrx_word' id='word_1_207' title='bbox 1579 2705 1694 2777; x_wconf 83' lang='lat' dir='ltr'>regi</span> <span class='ocrx_word' id='word_1_208' title='bbox 1722 2705 1984 2774; x_wconf 88' lang='lat' dir='ltr'>serviunt,</span> 
     </span>
    </p>
   </div>
   <div class='ocr_carea' id='block_1_29' title="bbox 385 2792 1976 2866">
    <p class='ocr_par' dir='ltr' id='par_1_29' title="bbox 385 2792 1976 2866">
     <span class='ocr_line' id='line_1_29' title="bbox 385 2792 1976 2866; baseline 0.001 -20"><span class='ocrx_word' id='word_1_209' title='bbox 385 2807 493 2847; x_wconf 92' lang='lat' dir='ltr'>non</span> <span class='ocrx_word' id='word_1_210' title='bbox 540 2808 728 2865; x_wconf 83' lang='lat' dir='ltr'>regem</span> <span class='ocrx_word' id='word_1_211' title='bbox 759 2792 841 2822; x_wconf 80' lang='grc'>¹⁰⁰⁰</span> <span class='ocrx_word' id='word_1_212' title='bbox 872 2793 1048 2860; x_wconf 87' lang='lat' dir='ltr'>multi,</span> <span class='ocrx_word' id='word_1_213' title='bbox 1093 2795 1192 2849; x_wconf 89' lang='lat' dir='ltr'>sed</span> <span class='ocrx_word' id='word_1_214' title='bbox 1241 2794 1467 2850; x_wconf 88' lang='lat' dir='ltr'>donaria</span> <span class='ocrx_word' id='word_1_215' title='bbox 1513 2794 1752 2866; x_wconf 81' lang='lat' dir='ltr'>diligunt</span> <span class='ocrx_word' id='word_1_216' title='bbox 1797 2794 1976 2864; x_wconf 79' lang='lat' dir='ltr'>regis.</span> 
     </span>
    </p>
   </div>
   <div class='ocr_carea' id='block_1_30' title="bbox 383 2880 1986 2954">
    <p class='ocr_par' dir='ltr' id='par_1_30' title="bbox 383 2880 1986 2954">
     <span class='ocr_line' id='line_1_30' title="bbox 383 2880 1986 2954; baseline 0 -19"><span class='ocrx_word' id='word_1_217' title='bbox 383 2880 533 2936; x_wconf 79' lang='lat' dir='ltr'>Alius</span> <span class='ocrx_word' id='word_1_218' title='bbox 562 2889 641 2936; x_wconf 87' lang='lat' dir='ltr'>est</span> <span class='ocrx_word' id='word_1_219' title='bbox 671 2881 763 2953; x_wconf 87' lang='lat' dir='ltr'>qui</span> <span class='ocrx_word' id='word_1_220' title='bbox 797 2899 925 2937; x_wconf 89' lang='lat' dir='ltr'>vere</span> <span class='ocrx_word' id='word_1_221' title='bbox 955 2884 1129 2937; x_wconf 85' lang='lat' dir='ltr'>Deum</span> <span class='ocrx_word' id='word_1_222' title='bbox 1167 2883 1368 2954; x_wconf 82' lang='lat' dir='ltr'>diligit,</span> <span class='ocrx_word' id='word_1_223' title='bbox 1400 2888 1454 2939; x_wconf 86' lang='lat' dir='ltr'>et</span> <span class='ocrx_word' id='word_1_224' title='bbox 1483 2883 1601 2938; x_wconf 91' lang='lat' dir='ltr'>solo</span> <span class='ocrx_word' id='word_1_225' title='bbox 1645 2898 1832 2938; x_wconf 90' lang='lat' dir='ltr'>amore</span> <span class='ocrx_word' id='word_1_226' title='bbox 1867 2882 1986 2951; x_wconf 85' lang='lat' dir='ltr'>ejus</span> 
     </span>
    </p>
   </div>
   <div class='ocr_carea' id='block_1_31' title="bbox 374 2970 1979 3041">
    <p class='ocr_par' dir='ltr' id='par_1_31' title="bbox 374 2970 1979 3041">
     <span class='ocr_line' id='line_1_31' title="bbox 374 2970 1979 3041; baseline 0.001 -18"><span class='ocrx_word' id='word_1_227' title='bbox 374 2977 656 3040; x_wconf 70' lang='lat' dir='ltr'>praecepta</span> <span class='ocrx_word' id='word_1_228' title='bbox 684 2971 803 3040; x_wconf 90' lang='lat' dir='ltr'>ejus</span> <span class='ocrx_word' id='word_1_229' title='bbox 831 2971 1084 3026; x_wconf 87' lang='lat' dir='ltr'>custodit.</span> <span class='ocrx_word' id='word_1_230' title='bbox 1117 2973 1220 3026; x_wconf 86' lang='lat' dir='ltr'>Iste</span> <span class='ocrx_word' id='word_1_231' title='bbox 1250 2971 1500 3041; x_wconf 81' lang='lat' dir='ltr'>profecto</span> <span class='ocrx_word' id='word_1_232' title='bbox 1528 2970 1775 3041; x_wconf 82' lang='lat' dir='ltr'>legaliter</span> <span class='ocrx_word' id='word_1_233' title='bbox 1801 2970 1979 3035; x_wconf 86' lang='lat' dir='ltr'>servit,</span> 
     </span>
    </p>
   </div>
   <div class='ocr_carea' id='block_1_32' title="bbox 372 3057 1979 3129">
    <p class='ocr_par' dir='ltr' id='par_1_32' title="bbox 372 3057 1979 3129">
     <span class='ocr_line' id='line_1_32' title="bbox 372 3057 1979 3129; baseline 0.001 -17"><span class='ocrx_word' id='word_1_234' title='bbox 372 3065 432 3112; x_wconf 86' lang='lat' dir='ltr'>et</span> <span class='ocrx_word' id='word_1_235' title='bbox 483 3057 686 3113; x_wconf 85' lang='lat' dir='ltr'>bonam</span> <span class='ocrx_word' id='word_1_236' title='bbox 738 3058 1150 3129; x_wconf 86' lang='lat' dir='ltr'>perfectamque</span> <span class='ocrx_word' id='word_1_237' title='bbox 1206 3060 1512 3115; x_wconf 85' lang='lat' dir='ltr'>mercedem</span> <span class='ocrx_word' id='word_1_238' title='bbox 1570 3059 1674 3113; x_wconf 90' lang='lat' dir='ltr'>sibi</span> <span class='ocrx_word' id='word_1_239' title='bbox 1731 3058 1979 3129; x_wconf 88' lang='lat' dir='ltr'>acquirit.</span> 
     </span>
    </p>
   </div>
   <div class='ocr_carea' id='block_1_33' title="bbox 1359 252 2706 314">
    <p class='ocr_par' dir='ltr' id='par_1_33' title="bbox 1359 252 2706 314">
     <span class='ocr_line' id='line_1_33' title="bbox 1359 252 2706 314; baseline 0 -4"><span class='ocrx_word' id='word_1_240' title='bbox 1359 255 1486 310; x_wconf 88' lang='lat' dir='ltr'><strong>LIB.</strong></span> <span class='ocrx_word' id='word_1_241' title='bbox 1526 254 1623 310; x_wconf 85' lang='lat' dir='ltr'>DE</span> <span class='ocrx_word' id='word_1_242' title='bbox 1658 254 1716 311; x_wconf 90' lang='lat' dir='ltr'>S.</span> <span class='ocrx_word' id='word_1_243' title='bbox 1755 254 2060 313; x_wconf 81' lang='lat' dir='ltr'>ANSELMI</span> <span class='ocrx_word' id='word_1_244' title='bbox 2100 252 2706 314; x_wconf 80' lang='lat' dir='ltr'>SIMILITUDINIBUS.</span> 
     </span>
    </p>
   </div>
   <div class='ocr_carea' id='block_1_34' title="bbox 3600 254 3704 310">
    <p class='ocr_par' dir='ltr' id='par_1_34' title="bbox 3600 254 3704 310">
     <span class='ocr_line' id='line_1_34' title="bbox 3600 254 3704 310; baseline 0 0"><span class='ocrx_word' id='word_1_245' title='bbox 3600 254 3704 310; x_wconf 73' lang='grc'>694</span> 
     </span>
    </p>
   </div>
   <div class='ocr_carea' id='block_1_35' title="bbox 2643 379 3147 438">
    <p class='ocr_par' dir='ltr' id='par_1_35' title="bbox 2643 379 3147 438">
     <span class='ocr_line' id='line_1_35' title="bbox 2643 379 3147 438; baseline -0.004 -2"><span class='ocrx_word' id='word_1_246' title='bbox 2643 380 2869 438; x_wconf 74' lang='lat' dir='ltr'><strong>CAPUT</strong></span> <span class='ocrx_word' id='word_1_247' title='bbox 2904 379 3147 436; x_wconf 84' lang='lat' dir='ltr'>CLXXI.</span> 
     </span>
    </p>
   </div>
   <div class='ocr_carea' id='block_1_36' title="bbox 2254 469 3628 542">
    <p class='ocr_par' dir='ltr' id='par_1_36' title="bbox 2254 469 3628 542">
     <span class='ocr_line' id='line_1_36' title="bbox 2254 469 3628 542; baseline -0.001 -18"><span class='ocrx_word' id='word_1_248' title='bbox 2254 470 2330 524; x_wconf 86' lang='lat' dir='ltr'>De</span> <span class='ocrx_word' id='word_1_249' title='bbox 2358 469 2733 542; x_wconf 75' lang='lat' dir='ltr'>suggestione,</span> <span class='ocrx_word' id='word_1_250' title='bbox 2771 471 3148 527; x_wconf 82' lang='lat' dir='ltr'>delectatione</span> <span class='ocrx_word' id='word_1_251' title='bbox 3178 471 3232 526; x_wconf 90' lang='lat' dir='ltr'>el</span> <span class='ocrx_word' id='word_1_252' title='bbox 3260 483 3563 525; x_wconf 86' lang='lat' dir='ltr'>consensu.</span> <span class='ocrx_word' id='word_1_253' title='bbox 3626 480 3628 482; x_wconf 76' lang='lat'><strong>&#39;</strong></span> 
     </span>
    </p>
   </div>
   <div class='ocr_carea' id='block_1_37' title="bbox 2131 553 3698 635">
    <p class='ocr_par' dir='ltr' id='par_1_37' title="bbox 2131 553 3698 635">
     <span class='ocr_line' id='line_1_37' title="bbox 2131 553 3698 635; baseline -0.001 -24"><span class='ocrx_word' id='word_1_254' title='bbox 2131 557 2136 564; x_wconf 90' lang='grc'><strong>’</strong></span> <span class='ocrx_word' id='word_1_255' title='bbox 2169 558 2301 612; x_wconf 90' lang='lat' dir='ltr'>Tres</span> <span class='ocrx_word' id='word_1_256' title='bbox 2329 573 2563 630; x_wconf 89' lang='lat' dir='ltr'>namque</span> <span class='ocrx_word' id='word_1_257' title='bbox 2593 559 2982 614; x_wconf 87' lang='lat' dir='ltr'>delectationes</span> <span class='ocrx_word' id='word_1_258' title='bbox 3010 566 3132 613; x_wconf 89' lang='lat' dir='ltr'>sunt</span> <span class='ocrx_word' id='word_1_259' title='bbox 3165 576 3177 612; x_wconf 88' lang='lat'>:</span> <span class='ocrx_word' id='word_1_260' title='bbox 3212 575 3318 613; x_wconf 90' lang='lat' dir='ltr'>una</span> <span class='ocrx_word' id='word_1_261' title='bbox 3356 574 3479 629; x_wconf 71' lang='lat' dir='ltr'>quae</span> <span class='ocrx_word' id='word_1_262' title='bbox 3525 553 3698 635; x_wconf 85' lang='lat' dir='ltr'>senti-</span> 
     </span>
    </p>
   </div>
   <div class='ocr_carea' id='block_1_38' title="bbox 2099 646 3696 718">
    <p class='ocr_par' dir='ltr' id='par_1_38' title="bbox 2099 646 3696 718">
     <span class='ocr_line' id='line_1_38' title="bbox 2099 646 3696 718; baseline -0.001 -18"><span class='ocrx_word' id='word_1_263' title='bbox 2099 653 2184 700; x_wconf 89' lang='lat' dir='ltr'>tur</span> <span class='ocrx_word' id='word_1_264' title='bbox 2209 646 2266 699; x_wconf 91' lang='lat' dir='ltr'>in</span> <span class='ocrx_word' id='word_1_265' title='bbox 2294 650 2459 702; x_wconf 87' lang='lat' dir='ltr'>car&#39;ne</span> <span class='ocrx_word' id='word_1_266' title='bbox 2489 655 2685 717; x_wconf 81' lang='lat' dir='ltr'>praeter</span> <span class='ocrx_word' id='word_1_267' title='bbox 2714 647 3067 714; x_wconf 81' lang='lat' dir='ltr'>voluntatem,</span> <span class='ocrx_word' id='word_1_268' title='bbox 3117 664 3241 718; x_wconf 68' lang='lat' dir='ltr'>quae</span> <span class='ocrx_word' id='word_1_269' title='bbox 3288 654 3514 702; x_wconf 84' lang='lat' dir='ltr'>vocatur</span> <span class='ocrx_word' id='word_1_270' title='bbox 3558 661 3696 715; x_wconf 82' lang='lat' dir='ltr'>sug-</span> 
     </span>
    </p>
   </div>
   <div class='ocr_carea' id='block_1_39' title="bbox 2098 733 3698 805">
    <p class='ocr_par' dir='ltr' id='par_1_39' title="bbox 2098 733 3698 805">
     <span class='ocr_line' id='line_1_39' title="bbox 2098 733 3698 805; baseline -0.002 -16"><span class='ocrx_word' id='word_1_271' title='bbox 2098 733 2296 805; x_wconf 78' lang='lat' dir='ltr'>gestio.</span> <span class='ocrx_word' id='word_1_272' title='bbox 2354 735 2472 788; x_wconf 80' lang='lat' dir='ltr'>Alia</span> <span class='ocrx_word' id='word_1_273' title='bbox 2536 752 2656 804; x_wconf 69' lang='lat' dir='ltr'>quae</span> <span class='ocrx_word' id='word_1_274' title='bbox 2702 737 2927 790; x_wconf 87' lang='lat' dir='ltr'>sentitur</span> <span class='ocrx_word' id='word_1_275' title='bbox 2967 735 3023 789; x_wconf 90' lang='lat' dir='ltr'>in</span> <span class='ocrx_word' id='word_1_276' title='bbox 3069 736 3346 792; x_wconf 87' lang='lat' dir='ltr'>voluntate</span> <span class='ocrx_word' id='word_1_277' title='bbox 3405 733 3698 805; x_wconf 82' lang='lat' dir='ltr'>cogitatio-</span> 
     </span>
    </p>
   </div>
   <div class='ocr_carea' id='block_1_40' title="bbox 2097 821 3696 894">
    <p class='ocr_par' dir='ltr' id='par_1_40' title="bbox 2097 821 3696 894">
     <span class='ocr_line' id='line_1_40' title="bbox 2097 821 3696 894; baseline -0.001 -18"><span class='ocrx_word' id='word_1_278' title='bbox 2097 821 2183 877; x_wconf 90' lang='lat' dir='ltr'>nis</span> <span class='ocrx_word' id='word_1_279' title='bbox 2216 821 2317 890; x_wconf 70' lang='lat'>‘°°&#39;,</span> <span class='ocrx_word' id='word_1_280' title='bbox 2350 838 2458 876; x_wconf 90' lang='lat' dir='ltr'>non</span> <span class='ocrx_word' id='word_1_281' title='bbox 2490 831 2669 878; x_wconf 88' lang='lat' dir='ltr'>tamen</span> <span class='ocrx_word' id='word_1_282' title='bbox 2714 823 2769 877; x_wconf 90' lang='lat' dir='ltr'>in</span> <span class='ocrx_word' id='word_1_283' title='bbox 2813 823 3090 879; x_wconf 86' lang='lat' dir='ltr'>voluntate</span> <span class='ocrx_word' id='word_1_284' title='bbox 3120 824 3371 890; x_wconf 87' lang='lat' dir='ltr'>actionis,</span> <span class='ocrx_word' id='word_1_285' title='bbox 3406 839 3528 894; x_wconf 76' lang='lat' dir='ltr'>quae</span> <span class='ocrx_word' id='word_1_286' title='bbox 3556 821 3696 875; x_wconf 88' lang='lat' dir='ltr'>dici-</span> 
     </span>
    </p>
   </div>
   <div class='ocr_carea' id='block_1_41' title="bbox 2099 910 3696 982">
    <p class='ocr_par' dir='ltr' id='par_1_41' title="bbox 2099 910 3696 982">
     <span class='ocr_line' id='line_1_41' title="bbox 2099 910 3696 982; baseline -0.002 -16"><span class='ocrx_word' id='word_1_287' title='bbox 2099 919 2182 966; x_wconf 93' lang='lat' dir='ltr'>tur</span> <span class='ocrx_word' id='word_1_288' title='bbox 2228 910 2539 966; x_wconf 90' lang='lat' dir='ltr'>delectatio.</span> <span class='ocrx_word' id='word_1_289' title='bbox 2581 911 2761 966; x_wconf 90' lang='lat' dir='ltr'>Tertia</span> <span class='ocrx_word' id='word_1_290' title='bbox 2809 929 2928 982; x_wconf 66' lang='lat' dir='ltr'>quae</span> <span class='ocrx_word' id='word_1_291' title='bbox 2981 913 3208 967; x_wconf 89' lang='lat' dir='ltr'>sentitur</span> <span class='ocrx_word' id='word_1_292' title='bbox 3253 928 3376 968; x_wconf 92' lang='lat' dir='ltr'>cum</span> <span class='ocrx_word' id='word_1_293' title='bbox 3424 911 3696 966; x_wconf 89' lang='lat' dir='ltr'>voluntate</span> 
     </span>
    </p>
   </div>
   <div class='ocr_carea' id='block_1_42' title="bbox 2097 998 3698 1068">
    <p class='ocr_par' dir='ltr' id='par_1_42' title="bbox 2097 998 3698 1068">
     <span class='ocr_line' id='line_1_42' title="bbox 2097 998 3698 1068; baseline -0.003 -13"><span class='ocrx_word' id='word_1_294' title='bbox 2097 998 2359 1068; x_wconf 89' lang='lat' dir='ltr'>operandi</span> <span class='ocrx_word' id='word_1_295' title='bbox 2389 999 2490 1067; x_wconf 66' lang='grc' dir='ltr'>Μ’,</span> <span class='ocrx_word' id='word_1_296' title='bbox 2542 1007 2596 1055; x_wconf 92' lang='lat' dir='ltr'>et</span> <span class='ocrx_word' id='word_1_297' title='bbox 2647 999 2962 1054; x_wconf 88' lang='lat' dir='ltr'>nominatur</span> <span class='ocrx_word' id='word_1_298' title='bbox 3013 1017 3337 1056; x_wconf 88' lang='lat' dir='ltr'>consensus.</span> <span class='ocrx_word' id='word_1_299' title='bbox 3386 1000 3496 1056; x_wconf 88' lang='lat' dir='ltr'>Sed</span> <span class='ocrx_word' id='word_1_300' title='bbox 3546 998 3698 1052; x_wconf 90' lang='lat' dir='ltr'>illam</span> 
     </span>
    </p>
   </div>
   <div class='ocr_carea' id='block_1_43' title="bbox 2099 1087 3688 1160">
    <p class='ocr_par' dir='ltr' id='par_1_43' title="bbox 2099 1087 3688 1160">
     <span class='ocr_line' id='line_1_43' title="bbox 2099 1087 3688 1160; baseline -0.001 -18"><span class='ocrx_word' id='word_1_301' title='bbox 2099 1104 2218 1157; x_wconf 87' lang='lat' dir='ltr'>quae</span> <span class='ocrx_word' id='word_1_302' title='bbox 2257 1087 2568 1143; x_wconf 88' lang='lat' dir='ltr'>nominatur</span> <span class='ocrx_word' id='word_1_303' title='bbox 2597 1088 2913 1159; x_wconf 81' lang='lat' dir='ltr'>suggestio,</span> <span class='ocrx_word' id='word_1_304' title='bbox 2964 1090 3113 1144; x_wconf 87' lang='lat' dir='ltr'>nulla</span> <span class='ocrx_word' id='word_1_305' title='bbox 3165 1105 3328 1160; x_wconf 85' lang='lat' dir='ltr'>poena</span> <span class='ocrx_word' id='word_1_306' title='bbox 3373 1089 3688 1144; x_wconf 89' lang='lat' dir='ltr'>comitatur.</span> 
     </span>
    </p>
   </div>
   <div class='ocr_carea' id='block_1_44' title="bbox 2097 1175 3696 1246">
    <p class='ocr_par' dir='ltr' id='par_1_44' title="bbox 2097 1175 3696 1246">
     <span class='ocr_line' id='line_1_44' title="bbox 2097 1175 3696 1246; baseline -0.002 -15"><span class='ocrx_word' id='word_1_307' title='bbox 2097 1178 2237 1231; x_wconf 82' lang='lat' dir='ltr'>Nam</span> <span class='ocrx_word' id='word_1_308' title='bbox 2267 1175 2360 1230; x_wconf 91' lang='lat' dir='ltr'>ubi</span> <span class='ocrx_word' id='word_1_309' title='bbox 2388 1192 2496 1232; x_wconf 90' lang='lat' dir='ltr'>non</span> <span class='ocrx_word' id='word_1_310' title='bbox 2527 1183 2608 1230; x_wconf 90' lang='lat' dir='ltr'>est</span> <span class='ocrx_word' id='word_1_311' title='bbox 2639 1191 2940 1232; x_wconf 88' lang='lat' dir='ltr'>consensus</span> <span class='ocrx_word' id='word_1_312' title='bbox 2982 1178 3299 1244; x_wconf 84' lang='lat' dir='ltr'>voluntatis,</span> <span class='ocrx_word' id='word_1_313' title='bbox 3331 1178 3481 1232; x_wconf 89' lang='lat' dir='ltr'>nulla</span> <span class='ocrx_word' id='word_1_314' title='bbox 3510 1175 3696 1246; x_wconf 87' lang='lat' dir='ltr'>sequi-</span> 
     </span>
    </p>
   </div>
   <div class='ocr_carea' id='block_1_45' title="bbox 2097 1265 3696 1336">
    <p class='ocr_par' dir='ltr' id='par_1_45' title="bbox 2097 1265 3696 1336">
     <span class='ocr_line' id='line_1_45' title="bbox 2097 1265 3696 1336; baseline 0.001 -16"><span class='ocrx_word' id='word_1_315' title='bbox 2097 1268 2186 1320; x_wconf 90' lang='lat' dir='ltr'>tur</span> <span class='ocrx_word' id='word_1_316' title='bbox 2214 1281 2374 1336; x_wconf 71' lang='lat' dir='ltr'>pwna</span> <span class='ocrx_word' id='word_1_317' title='bbox 2404 1265 2802 1321; x_wconf 86' lang='lat' dir='ltr'>delectationis.</span> <span class='ocrx_word' id='word_1_318' title='bbox 2827 1266 2981 1321; x_wconf 87' lang='lat' dir='ltr'>Unde</span> <span class='ocrx_word' id='word_1_319' title='bbox 3008 1267 3300 1336; x_wconf 84' lang='lat' dir='ltr'>Apostolus</span> <span class='ocrx_word' id='word_1_320' title='bbox 3325 1284 3338 1320; x_wconf 89' lang='lat'><strong>:</strong></span> <span class='ocrx_word' id='word_1_321' title='bbox 3361 1267 3513 1323; x_wconf 80' lang='lat' dir='ltr'>Nihil</span> <span class='ocrx_word' id='word_1_322' title='bbox 3543 1267 3696 1322; x_wconf 87' lang='lat' dir='ltr'>dam-</span> 
     </span>
    </p>
   </div>
   <div class='ocr_carea' id='block_1_46' title="bbox 2095 1355 3698 1428">
    <p class='ocr_par' dir='ltr' id='par_1_46' title="bbox 2095 1355 3698 1428">
     <span class='ocr_line' id='line_1_46' title="bbox 2095 1355 3698 1428; baseline 0.001 -19"><span class='ocrx_word' id='word_1_323' title='bbox 2095 1355 2351 1410; x_wconf 80' lang='lat' dir='ltr'>nationis</span> <span class='ocrx_word' id='word_1_324' title='bbox 2371 1358 2457 1410; x_wconf 85' lang='lat' dir='ltr'>est</span> <span class='ocrx_word' id='word_1_325' title='bbox 2489 1355 2575 1410; x_wconf 90' lang='lat' dir='ltr'>his</span> <span class='ocrx_word' id='word_1_326' title='bbox 2599 1357 2695 1427; x_wconf 90' lang='lat' dir='ltr'>qui</span> <span class='ocrx_word' id='word_1_327' title='bbox 2710 1359 2848 1410; x_wconf 90' lang='lat' dir='ltr'>sunt</span> <span class='ocrx_word' id='word_1_328' title='bbox 2869 1356 2930 1410; x_wconf 85' lang='lat' dir='ltr'>in</span> <span class='ocrx_word' id='word_1_329' title='bbox 2955 1355 3173 1412; x_wconf 77' lang='lat' dir='ltr'>Christo</span> <span class='ocrx_word' id='word_1_330' title='bbox 3193 1358 3344 1424; x_wconf 88' lang='lat' dir='ltr'>Jesu,</span> <span class='ocrx_word' id='word_1_331' title='bbox 3364 1359 3460 1428; x_wconf 85' lang='lat' dir='ltr'>qui</span> <span class='ocrx_word' id='word_1_332' title='bbox 3479 1370 3591 1410; x_wconf 83' lang='lat' dir='ltr'>non</span> <span class='ocrx_word' id='word_1_333' title='bbox 3613 1371 3698 1410; x_wconf 88' lang='lat' dir='ltr'>se-</span> 
     </span>
    </p>
   </div>
   <div class='ocr_carea' id='block_1_47' title="bbox 2096 1442 3696 1514">
    <p class='ocr_par' dir='ltr' id='par_1_47' title="bbox 2096 1442 3696 1514">
     <span class='ocr_line' id='line_1_47' title="bbox 2096 1442 3696 1514; baseline -0.001 -14"><span class='ocrx_word' id='word_1_334' title='bbox 2096 1443 2347 1500; x_wconf 88' lang='lat' dir='ltr'>cundum</span> <span class='ocrx_word' id='word_1_335' title='bbox 2368 1459 2600 1499; x_wconf 88' lang='lat' dir='ltr'>carnem</span> <span class='ocrx_word' id='word_1_336' title='bbox 2641 1443 3149 1513; x_wconf 82' lang='lat' dir='ltr'>ambulant(Rom.</span> <span class='ocrx_word' id='word_1_337' title='bbox 3169 1461 3284 1511; x_wconf 87' lang='lat' dir='ltr'>vm,</span> <span class='ocrx_word' id='word_1_338' title='bbox 3311 1445 3385 1514; x_wconf 87' lang='grc'>1).</span> <span class='ocrx_word' id='word_1_339' title='bbox 3421 1446 3486 1498; x_wconf 88' lang='lat' dir='ltr'>Et</span> <span class='ocrx_word' id='word_1_340' title='bbox 3515 1442 3647 1499; x_wconf 86' lang='lat' dir='ltr'>alibi</span> <span class='ocrx_word' id='word_1_341' title='bbox 3679 1462 3696 1498; x_wconf 89' lang='lat'><strong><em>:</em></strong></span> 
     </span>
    </p>
   </div>
   <div class='ocr_carea' id='block_1_48' title="bbox 2099 1529 3696 1604">
    <p class='ocr_par' dir='ltr' id='par_1_48' title="bbox 2099 1529 3696 1604">
     <span class='ocr_line' id='line_1_48' title="bbox 2099 1529 3696 1604; baseline -0.001 -19"><span class='ocrx_word' id='word_1_342' title='bbox 2099 1529 2468 1588; x_wconf 82' lang='lat' dir='ltr'>Condelector</span> <span class='ocrx_word' id='word_1_343' title='bbox 2483 1533 2589 1604; x_wconf 87' lang='lat' dir='ltr'>legi</span> <span class='ocrx_word' id='word_1_344' title='bbox 2601 1533 2700 1587; x_wconf 85' lang='lat' dir='ltr'>Dei</span> <span class='ocrx_word' id='word_1_345' title='bbox 2713 1532 3029 1589; x_wconf 86' lang='lat' dir='ltr'>secundum</span> <span class='ocrx_word' id='word_1_346' title='bbox 3043 1534 3101 1587; x_wconf 89' lang='lat' dir='ltr'>in</span> <span class='ocrx_word' id='word_1_347' title='bbox 3111 1535 3374 1589; x_wconf 81' lang='lat' dir='ltr'>teriurem</span> <span class='ocrx_word' id='word_1_348' title='bbox 3388 1533 3670 1588; x_wconf 83' lang='lat' dir='ltr'>hominem</span> <span class='ocrx_word' id='word_1_349' title='bbox 3683 1571 3696 1584; x_wconf 94' lang='lat'><strong>.</strong></span> 
     </span>
    </p>
   </div>
   <div class='ocr_carea' id='block_1_49' title="bbox 2103 1620 3698 1692">
    <p class='ocr_par' dir='ltr' id='par_1_49' title="bbox 2103 1620 3698 1692">
     <span class='ocr_line' id='line_1_49' title="bbox 2103 1620 3698 1692; baseline -0.001 -15"><span class='ocrx_word' id='word_1_350' title='bbox 2103 1620 2260 1677; x_wconf 84' lang='lat' dir='ltr'>Video</span> <span class='ocrx_word' id='word_1_351' title='bbox 2282 1624 2478 1676; x_wconf 88' lang='lat' dir='ltr'>autem</span> <span class='ocrx_word' id='word_1_352' title='bbox 2517 1621 2694 1676; x_wconf 90' lang='lat' dir='ltr'>aliam</span> <span class='ocrx_word' id='word_1_353' title='bbox 2737 1621 2910 1692; x_wconf 85' lang='lat' dir='ltr'>legem</span> <span class='ocrx_word' id='word_1_354' title='bbox 2945 1623 3008 1677; x_wconf 88' lang='lat' dir='ltr'>in</span> <span class='ocrx_word' id='word_1_355' title='bbox 3048 1621 3318 1677; x_wconf 84' lang='lat' dir='ltr'>membris</span> <span class='ocrx_word' id='word_1_356' title='bbox 3339 1621 3504 1691; x_wconf 76' lang='lat' dir='ltr'>meis,</span> <span class='ocrx_word' id='word_1_357' title='bbox 3525 1635 3698 1692; x_wconf 81' lang='lat' dir='ltr'>repu—</span> 
     </span>
    </p>
   </div>
   <div class='ocr_carea' id='block_1_50' title="bbox 2098 1710 3698 1784">
    <p class='ocr_par' dir='ltr' id='par_1_50' title="bbox 2098 1710 3698 1784">
     <span class='ocr_line' id='line_1_50' title="bbox 2098 1710 3698 1784; baseline 0 -20"><span class='ocrx_word' id='word_1_358' title='bbox 2098 1713 2370 1780; x_wconf 81' lang='lat' dir='ltr'>gnantem</span> <span class='ocrx_word' id='word_1_359' title='bbox 2401 1711 2508 1780; x_wconf 86' lang='lat' dir='ltr'>legi</span> <span class='ocrx_word' id='word_1_360' title='bbox 2537 1712 2747 1766; x_wconf 88' lang='lat' dir='ltr'>mentis</span> <span class='ocrx_word' id='word_1_361' title='bbox 2777 1727 2936 1777; x_wconf 73' lang='lat' dir='ltr'>mere,</span> <span class='ocrx_word' id='word_1_362' title='bbox 2970 1714 3026 1766; x_wconf 91' lang='lat' dir='ltr'>et</span> <span class='ocrx_word' id='word_1_363' title='bbox 3058 1712 3344 1784; x_wconf 84' lang='lat' dir='ltr'>captivum</span> <span class='ocrx_word' id='word_1_364' title='bbox 3372 1726 3461 1766; x_wconf 90' lang='lat' dir='ltr'>me</span> <span class='ocrx_word' id='word_1_365' title='bbox 3482 1710 3698 1765; x_wconf 80' lang='lat' dir='ltr'>ducen-</span> 
     </span>
    </p>
   </div>
   <div class='ocr_carea' id='block_1_51' title="bbox 2101 1796 3700 1872">
    <p class='ocr_par' dir='ltr' id='par_1_51' title="bbox 2101 1796 3700 1872">
     <span class='ocr_line' id='line_1_51' title="bbox 2101 1796 3700 1872; baseline 0.001 -20"><span class='ocrx_word' id='word_1_366' title='bbox 2101 1805 2216 1853; x_wconf 86' lang='lat' dir='ltr'>tem</span> <span class='ocrx_word' id='word_1_367' title='bbox 2262 1799 2326 1853; x_wconf 90' lang='lat' dir='ltr'>in</span> <span class='ocrx_word' id='word_1_368' title='bbox 2369 1796 2482 1869; x_wconf 87' lang='lat' dir='ltr'>lege</span> <span class='ocrx_word' id='word_1_369' title='bbox 2533 1799 2774 1870; x_wconf 84' lang='lat' dir='ltr'>peccati,</span> <span class='ocrx_word' id='word_1_370' title='bbox 2827 1816 2950 1872; x_wconf 71' lang='lat' dir='ltr'>quae</span> <span class='ocrx_word' id='word_1_371' title='bbox 2995 1803 3080 1856; x_wconf 90' lang='lat' dir='ltr'>est</span> <span class='ocrx_word' id='word_1_372' title='bbox 3130 1801 3193 1855; x_wconf 91' lang='lat' dir='ltr'>in</span> <span class='ocrx_word' id='word_1_373' title='bbox 3241 1800 3510 1854; x_wconf 87' lang='lat' dir='ltr'>membris</span> <span class='ocrx_word' id='word_1_374' title='bbox 3557 1800 3700 1854; x_wconf 84' lang='lat' dir='ltr'>meis</span> 
     </span>
    </p>
   </div>
   <div class='ocr_carea' id='block_1_52' title="bbox 2100 1886 3702 1958">
    <p class='ocr_par' dir='ltr' id='par_1_52' title="bbox 2100 1886 3702 1958">
     <span class='ocr_line' id='line_1_52' title="bbox 2100 1886 3702 1958; baseline 0.001 -18"><span class='ocrx_word' id='word_1_375' title='bbox 2100 1887 2284 1955; x_wconf 81' lang='lat' dir='ltr'>(Rom.</span> <span class='ocrx_word' id='word_1_376' title='bbox 2319 1903 2412 1955; x_wconf 91' lang='lat' dir='ltr'>vn,</span> <span class='ocrx_word' id='word_1_377' title='bbox 2464 1888 2571 1956; x_wconf 77' lang='grc'>22).</span> <span class='ocrx_word' id='word_1_378' title='bbox 2630 1886 2946 1943; x_wconf 88' lang='lat' dir='ltr'>Interiorem</span> <span class='ocrx_word' id='word_1_379' title='bbox 2994 1887 3270 1943; x_wconf 90' lang='lat' dir='ltr'>hominem</span> <span class='ocrx_word' id='word_1_380' title='bbox 3318 1896 3479 1945; x_wconf 88' lang='lat' dir='ltr'>vocat</span> <span class='ocrx_word' id='word_1_381' title='bbox 3525 1888 3702 1958; x_wconf 89' lang='lat' dir='ltr'>ipsam</span> 
     </span>
    </p>
   </div>
   <div class='ocr_carea' id='block_1_53' title="bbox 2096 1975 3703 2048">
    <p class='ocr_par' dir='ltr' id='par_1_53' title="bbox 2096 1975 3703 2048">
     <span class='ocr_line' id='line_1_53' title="bbox 2096 1975 3703 2048; baseline 0.001 -18"><span class='ocrx_word' id='word_1_382' title='bbox 2096 1976 2397 2045; x_wconf 89' lang='lat' dir='ltr'>rationem;</span> <span class='ocrx_word' id='word_1_383' title='bbox 2444 1975 2621 2048; x_wconf 83' lang='lat' dir='ltr'>legem</span> <span class='ocrx_word' id='word_1_384' title='bbox 2665 1975 3054 2042; x_wconf 87' lang='lat' dir='ltr'>membrorum,</span> <span class='ocrx_word' id='word_1_385' title='bbox 3113 1977 3530 2034; x_wconf 85' lang='lat' dir='ltr'>delectationem</span> <span class='ocrx_word' id='word_1_386' title='bbox 3587 1977 3703 2031; x_wconf 89' lang='lat' dir='ltr'>sine</span> 
     </span>
    </p>
   </div>
   <div class='ocr_carea' id='block_1_54' title="bbox 2096 2064 3698 2136">
    <p class='ocr_par' dir='ltr' id='par_1_54' title="bbox 2096 2064 3698 2136">
     <span class='ocr_line' id='line_1_54' title="bbox 2096 2064 3698 2136; baseline -0.001 -17"><span class='ocrx_word' id='word_1_387' title='bbox 2096 2065 2374 2120; x_wconf 87' lang='lat' dir='ltr'>voluntate</span> <span class='ocrx_word' id='word_1_388' title='bbox 2409 2083 2420 2126; x_wconf 89' lang='lat'><em>;</em></span> <span class='ocrx_word' id='word_1_389' title='bbox 2456 2064 2635 2136; x_wconf 81' lang='lat' dir='ltr'>legem</span> <span class='ocrx_word' id='word_1_390' title='bbox 2667 2065 2785 2131; x_wconf 88' lang='lat' dir='ltr'>Dei,</span> <span class='ocrx_word' id='word_1_391' title='bbox 2832 2065 3273 2121; x_wconf 88' lang='lat' dir='ltr'>observationem</span> <span class='ocrx_word' id='word_1_392' title='bbox 3322 2065 3698 2120; x_wconf 88' lang='lat' dir='ltr'>mandatorum</span> 
     </span>
    </p>
   </div>
   <div class='ocr_carea' id='block_1_55' title="bbox 2097 2152 3698 2225">
    <p class='ocr_par' dir='ltr' id='par_1_55' title="bbox 2097 2152 3698 2225">
     <span class='ocr_line' id='line_1_55' title="bbox 2097 2152 3698 2225; baseline 0 -18"><span class='ocrx_word' id='word_1_393' title='bbox 2097 2153 2234 2223; x_wconf 82' lang='lat' dir='ltr'>ejus,</span> <span class='ocrx_word' id='word_1_394' title='bbox 2260 2169 2380 2223; x_wconf 72' lang='lat' dir='ltr'>qua:</span> <span class='ocrx_word' id='word_1_395' title='bbox 2410 2161 2463 2208; x_wconf 89' lang='lat' dir='ltr'>et</span> <span class='ocrx_word' id='word_1_396' title='bbox 2493 2152 2576 2208; x_wconf 85' lang='lat' dir='ltr'>lex</span> <span class='ocrx_word' id='word_1_397' title='bbox 2609 2153 2800 2208; x_wconf 86' lang='lat' dir='ltr'>mentis</span> <span class='ocrx_word' id='word_1_398' title='bbox 2829 2153 3045 2220; x_wconf 90' lang='lat' dir='ltr'>dicitur,</span> <span class='ocrx_word' id='word_1_399' title='bbox 3067 2154 3194 2225; x_wconf 88' lang='lat' dir='ltr'>quia</span> <span class='ocrx_word' id='word_1_400' title='bbox 3215 2161 3392 2209; x_wconf 88' lang='lat' dir='ltr'>mente</span> <span class='ocrx_word' id='word_1_401' title='bbox 3416 2161 3698 2216; x_wconf 89' lang='lat' dir='ltr'>servatur;</span> 
     </span>
    </p>
   </div>
   <div class='ocr_carea' id='block_1_56' title="bbox 2097 2242 3702 2315">
    <p class='ocr_par' dir='ltr' id='par_1_56' title="bbox 2097 2242 3702 2315">
     <span class='ocr_line' id='line_1_56' title="bbox 2097 2242 3702 2315; baseline 0.001 -19"><span class='ocrx_word' id='word_1_402' title='bbox 2097 2243 2278 2312; x_wconf 83' lang='lat' dir='ltr'>legem</span> <span class='ocrx_word' id='word_1_403' title='bbox 2311 2249 2488 2297; x_wconf 88' lang='lat' dir='ltr'>autem</span> <span class='ocrx_word' id='word_1_404' title='bbox 2517 2243 2746 2313; x_wconf 89' lang='lat' dir='ltr'>peccati,</span> <span class='ocrx_word' id='word_1_405' title='bbox 2771 2255 2934 2313; x_wconf 84' lang='lat' dir='ltr'>quam</span> <span class='ocrx_word' id='word_1_406' title='bbox 2949 2242 3103 2313; x_wconf 89' lang='lat' dir='ltr'>prius</span> <span class='ocrx_word' id='word_1_407' title='bbox 3125 2244 3306 2315; x_wconf 81' lang='lat' dir='ltr'>legem</span> <span class='ocrx_word' id='word_1_408' title='bbox 3328 2242 3702 2300; x_wconf 86' lang='lat' dir='ltr'>membrorum</span> 
     </span>
    </p>
   </div>
   <div class='ocr_carea' id='block_1_57' title="bbox 2097 2330 2492 2388">
    <p class='ocr_par' dir='ltr' id='par_1_57' title="bbox 2097 2330 2492 2388">
     <span class='ocr_line' id='line_1_57' title="bbox 2097 2330 2492 2388; baseline 0.008 -4"><span class='ocrx_word' id='word_1_409' title='bbox 2097 2330 2492 2388; x_wconf 87' lang='lat' dir='ltr'>nominaverat.</span> 
     </span>
    </p>
   </div>
   <div class='ocr_carea' id='block_1_58' title="bbox 2630 2420 3156 2476">
    <p class='ocr_par' dir='ltr' id='par_1_58' title="bbox 2630 2420 3156 2476">
     <span class='ocr_line' id='line_1_58' title="bbox 2630 2420 3156 2476; baseline -0.002 0"><span class='ocrx_word' id='word_1_410' title='bbox 2630 2420 2852 2476; x_wconf 82' lang='lat' dir='ltr'><strong>CAPUT</strong></span> <span class='ocrx_word' id='word_1_411' title='bbox 2891 2421 3156 2476; x_wconf 81' lang='lat' dir='ltr'>CLXXII.</span> 
     </span>
    </p>
   </div>
   <div class='ocr_carea' id='block_1_59' title="bbox 2542 2509 3239 2567">
    <p class='ocr_par' dir='ltr' id='par_1_59' title="bbox 2542 2509 3239 2567">
     <span class='ocr_line' id='line_1_59' title="bbox 2542 2509 3239 2567; baseline 0.001 -3"><span class='ocrx_word' id='word_1_412' title='bbox 2542 2509 2617 2565; x_wconf 91' lang='lat' dir='ltr'>De</span> <span class='ocrx_word' id='word_1_413' title='bbox 2646 2510 2973 2567; x_wconf 85' lang='lat' dir='ltr'>nominibus</span> <span class='ocrx_word' id='word_1_414' title='bbox 3003 2512 3239 2566; x_wconf 64' lang='lat' dir='ltr'>animus.</span> 
     </span>
    </p>
   </div>
   <div class='ocr_carea' id='block_1_60' title="bbox 2167 2596 3707 2671">
    <p class='ocr_par' dir='ltr' id='par_1_60' title="bbox 2167 2596 3707 2671">
     <span class='ocr_line' id='line_1_60' title="bbox 2167 2596 3707 2671; baseline 0.001 -19"><span class='ocrx_word' id='word_1_415' title='bbox 2167 2598 2311 2653; x_wconf 86' lang='lat' dir='ltr'>Nota</span> <span class='ocrx_word' id='word_1_416' title='bbox 2358 2596 2510 2669; x_wconf 90' lang='lat' dir='ltr'>quod</span> <span class='ocrx_word' id='word_1_417' title='bbox 2557 2597 2718 2668; x_wconf 88' lang='lat' dir='ltr'>plura</span> <span class='ocrx_word' id='word_1_418' title='bbox 2765 2606 2888 2653; x_wconf 90' lang='lat' dir='ltr'>sunt</span> <span class='ocrx_word' id='word_1_419' title='bbox 2932 2599 3151 2655; x_wconf 91' lang='lat' dir='ltr'>nomina</span> <span class='ocrx_word' id='word_1_420' title='bbox 3197 2599 3415 2655; x_wconf 74' lang='lat' dir='ltr'>animae.</span> <span class='ocrx_word' id='word_1_421' title='bbox 3469 2601 3707 2671; x_wconf 60' lang='lat' dir='ltr'>Vocatur</span> 
     </span>
    </p>
   </div>
   <div class='ocr_carea' id='block_1_61' title="bbox 2097 2686 3702 2758">
    <p class='ocr_par' dir='ltr' id='par_1_61' title="bbox 2097 2686 3702 2758">
     <span class='ocr_line' id='line_1_61' title="bbox 2097 2686 3702 2758; baseline 0.001 -18"><span class='ocrx_word' id='word_1_422' title='bbox 2097 2686 2243 2740; x_wconf 89' lang='lat' dir='ltr'>enim</span> <span class='ocrx_word' id='word_1_423' title='bbox 2273 2686 2569 2756; x_wconf 83' lang='lat' dir='ltr'>aliquando</span> <span class='ocrx_word' id='word_1_424' title='bbox 2601 2687 2851 2757; x_wconf 87' lang='lat' dir='ltr'>spiritus,</span> <span class='ocrx_word' id='word_1_425' title='bbox 2885 2705 3059 2754; x_wconf 90' lang='lat' dir='ltr'>mens,</span> <span class='ocrx_word' id='word_1_426' title='bbox 3093 2689 3324 2755; x_wconf 88' lang='lat' dir='ltr'>animus,</span> <span class='ocrx_word' id='word_1_427' title='bbox 3359 2688 3514 2758; x_wconf 88' lang='lat' dir='ltr'>ratio,</span> <span class='ocrx_word' id='word_1_428' title='bbox 3549 2688 3702 2742; x_wconf 84' lang='lat' dir='ltr'>intel-</span> 
     </span>
    </p>
   </div>
   <div class='ocr_carea' id='block_1_62' title="bbox 2097 2775 3705 2847">
    <p class='ocr_par' dir='ltr' id='par_1_62' title="bbox 2097 2775 3705 2847">
     <span class='ocr_line' id='line_1_62' title="bbox 2097 2775 3705 2847; baseline 0.003 -20"><span class='ocrx_word' id='word_1_429' title='bbox 2097 2775 2301 2841; x_wconf 88' lang='lat' dir='ltr'>lectus,</span> <span class='ocrx_word' id='word_1_430' title='bbox 2335 2775 2562 2831; x_wconf 89' lang='lat' dir='ltr'>interior</span> <span class='ocrx_word' id='word_1_431' title='bbox 2593 2777 2778 2832; x_wconf 88' lang='lat' dir='ltr'>homo.</span> <span class='ocrx_word' id='word_1_432' title='bbox 2832 2776 3042 2831; x_wconf 88' lang='lat' dir='ltr'>Dicitur</span> <span class='ocrx_word' id='word_1_433' title='bbox 3069 2776 3232 2832; x_wconf 91' lang='lat' dir='ltr'>etiam</span> <span class='ocrx_word' id='word_1_434' title='bbox 3262 2777 3446 2832; x_wconf 89' lang='lat' dir='ltr'>anima</span> <span class='ocrx_word' id='word_1_435' title='bbox 3475 2785 3705 2847; x_wconf 80' lang='lat' dir='ltr'>vegeta—</span> 
     </span>
    </p>
   </div>
   <div class='ocr_carea' id='block_1_63' title="bbox 2095 2863 3706 2937">
    <p class='ocr_par' dir='ltr' id='par_1_63' title="bbox 2095 2863 3706 2937">
     <span class='ocr_line' id='line_1_63' title="bbox 2095 2863 3706 2937; baseline 0.002 -20"><span class='ocrx_word' id='word_1_436' title='bbox 2095 2863 2239 2932; x_wconf 87' lang='lat' dir='ltr'>bilis,</span> <span class='ocrx_word' id='word_1_437' title='bbox 2283 2863 2575 2933; x_wconf 84' lang='lat' dir='ltr'>sensibilis,</span> <span class='ocrx_word' id='word_1_438' title='bbox 2627 2864 2928 2920; x_wconf 86' lang='lat' dir='ltr'>rationalis.</span> <span class='ocrx_word' id='word_1_439' title='bbox 2963 2866 3075 2921; x_wconf 88' lang='lat' dir='ltr'>Sed</span> <span class='ocrx_word' id='word_1_440' title='bbox 3108 2882 3228 2920; x_wconf 88' lang='lat' dir='ltr'>cum</span> <span class='ocrx_word' id='word_1_441' title='bbox 3278 2866 3434 2937; x_wconf 89' lang='lat' dir='ltr'>plura</span> <span class='ocrx_word' id='word_1_442' title='bbox 3481 2866 3706 2921; x_wconf 83' lang='lat' dir='ltr'>nomina</span> 
     </span>
    </p>
   </div>
   <div class='ocr_carea' id='block_1_64' title="bbox 2097 2951 3702 3024">
    <p class='ocr_par' dir='ltr' id='par_1_64' title="bbox 2097 2951 3702 3024">
     <span class='ocr_line' id='line_1_64' title="bbox 2097 2951 3702 3024; baseline 0.001 -18"><span class='ocrx_word' id='word_1_443' title='bbox 2097 2951 2317 3020; x_wconf 81' lang='lat' dir='ltr'>habeat,</span> <span class='ocrx_word' id='word_1_444' title='bbox 2349 2953 2420 3007; x_wconf 90' lang='lat' dir='ltr'>ad</span> <span class='ocrx_word' id='word_1_445' title='bbox 2467 2952 2560 3008; x_wconf 88' lang='lat' dir='ltr'>illa</span> <span class='ocrx_word' id='word_1_446' title='bbox 2606 2953 2782 3008; x_wconf 88' lang='lat' dir='ltr'>adhuc</span> <span class='ocrx_word' id='word_1_447' title='bbox 2827 2954 3114 3009; x_wconf 89' lang='lat' dir='ltr'>redeamus</span> <span class='ocrx_word' id='word_1_448' title='bbox 3163 2955 3232 3009; x_wconf 89' lang='lat' dir='ltr'>de</span> <span class='ocrx_word' id='word_1_449' title='bbox 3281 2954 3478 3024; x_wconf 89' lang='lat' dir='ltr'>quibus</span> <span class='ocrx_word' id='word_1_450' title='bbox 3523 2970 3702 3009; x_wconf 85' lang='lat' dir='ltr'>sermo</span> 
     </span>
    </p>
   </div>
   <div class='ocr_carea' id='block_1_65' title="bbox 2095 3040 3702 3111">
    <p class='ocr_par' dir='ltr' id='par_1_65' title="bbox 2095 3040 3702 3111">
     <span class='ocr_line' id='line_1_65' title="bbox 2095 3040 3702 3111; baseline 0.002 -17"><span class='ocrx_word' id='word_1_451' title='bbox 2095 3040 2196 3095; x_wconf 81' lang='lat' dir='ltr'>fuit</span> <span class='ocrx_word' id='word_1_452' title='bbox 2226 3041 2391 3111; x_wconf 90' lang='lat' dir='ltr'>prius.</span> <span class='ocrx_word' id='word_1_453' title='bbox 2426 3040 2564 3109; x_wconf 89' lang='lat' dir='ltr'>Quia</span> <span class='ocrx_word' id='word_1_454' title='bbox 2594 3042 2843 3096; x_wconf 89' lang='lat' dir='ltr'>voluntas</span> <span class='ocrx_word' id='word_1_455' title='bbox 2873 3045 2932 3095; x_wconf 91' lang='lat' dir='ltr'>in</span> <span class='ocrx_word' id='word_1_456' title='bbox 2965 3042 3073 3096; x_wconf 87' lang='lat' dir='ltr'>illis</span> <span class='ocrx_word' id='word_1_457' title='bbox 3103 3051 3196 3097; x_wconf 89' lang='lat' dir='ltr'>aut</span> <span class='ocrx_word' id='word_1_458' title='bbox 3225 3050 3368 3098; x_wconf 89' lang='lat' dir='ltr'>recte</span> <span class='ocrx_word' id='word_1_459' title='bbox 3413 3059 3477 3097; x_wconf 90' lang='lat' dir='ltr'>se</span> <span class='ocrx_word' id='word_1_460' title='bbox 3526 3043 3702 3098; x_wconf 87' lang='lat' dir='ltr'>habe-</span> 
     </span>
    </p>
   </div>
   <div class='ocr_carea' id='block_1_66' title="bbox 371 3122 1977 3218">
    <p class='ocr_par' dir='ltr' id='par_1_66' title="bbox 371 3122 1977 3218">
     <span class='ocr_line' id='line_1_66' title="bbox 371 3122 1977 3218; baseline 0.001 -18"><span class='ocrx_word' id='word_1_461' title='bbox 371 3145 564 3217; x_wconf 84' lang='lat' dir='ltr'>Igitur,</span> <span class='ocrx_word' id='word_1_462' title='bbox 598 3122 883 3202; x_wconf 49' lang='lat' dir='ltr'>sicut—Deo</span> <span class='ocrx_word' id='word_1_463' title='bbox 932 3146 1022 3202; x_wconf 90' lang='lat' dir='ltr'>ille</span> <span class='ocrx_word' id='word_1_464' title='bbox 1061 3122 1204 3202; x_wconf 69' lang='lat' dir='ltr'>nihil</span> <span class='ocrx_word' id='word_1_465' title='bbox 1253 3147 1573 3218; x_wconf 68' lang='lat' dir='ltr'>praeposuit,</span> <span class='ocrx_word' id='word_1_466' title='bbox 1605 3147 1683 3203; x_wconf 91' lang='lat' dir='ltr'>sic</span> <span class='ocrx_word' id='word_1_467' title='bbox 1724 3148 1800 3202; x_wconf 90' lang='lat' dir='ltr'>illi</span> <span class='ocrx_word' id='word_1_468' title='bbox 1816 3122 1977 3202; x_wconf 42' lang='lat' dir='ltr'>&#39;Deus</span> 
     </span>
    </p>
   </div>
   <div class='ocr_carea' id='block_1_67' title="bbox 2095 3122 3696 3218">
    <p class='ocr_par' dir='ltr' id='par_1_67' title="bbox 2095 3129 3696 3201">
     <span class='ocr_line' id='line_1_67' title="bbox 2095 3129 3696 3201; baseline 0.002 -20"><span class='ocrx_word' id='word_1_469' title='bbox 2095 3129 2188 3196; x_wconf 89' lang='lat' dir='ltr'>bit,</span> <span class='ocrx_word' id='word_1_470' title='bbox 2221 3137 2276 3184; x_wconf 90' lang='lat' dir='ltr'>et</span> <span class='ocrx_word' id='word_1_471' title='bbox 2305 3129 2406 3184; x_wconf 88' lang='lat' dir='ltr'>erit</span> <span class='ocrx_word' id='word_1_472' title='bbox 2436 3129 2712 3201; x_wconf 82' lang='lat' dir='ltr'>legitima;</span> <span class='ocrx_word' id='word_1_473' title='bbox 2744 3138 2837 3184; x_wconf 91' lang='lat' dir='ltr'>aut</span> <span class='ocrx_word' id='word_1_474' title='bbox 2865 3130 2961 3184; x_wconf 92' lang='lat' dir='ltr'>illa</span> <span class='ocrx_word' id='word_1_475' title='bbox 2992 3130 3321 3192; x_wconf 87' lang='lat' dir='ltr'>deserendo.</span> <span class='ocrx_word' id='word_1_476' title='bbox 3353 3131 3696 3199; x_wconf 84' lang='lat' dir='ltr'>fornicatrix,</span> 
     </span>
    </p>
   </div>
   <div class='ocr_carea' id='block_1_68' title="bbox 366 3235 1978 3308">
    <p class='ocr_par' dir='ltr' id='par_1_68' title="bbox 366 3235 1978 3308">
     <span class='ocr_line' id='line_1_68' title="bbox 366 3235 1978 3308; baseline 0.001 -20"><span class='ocrx_word' id='word_1_477' title='bbox 366 3235 509 3304; x_wconf 89' lang='lat' dir='ltr'>justa</span> <span class='ocrx_word' id='word_1_478' title='bbox 550 3236 1057 3304; x_wconf 88' lang='lat' dir='ltr'>recompensatione</span> <span class='ocrx_word' id='word_1_479' title='bbox 1105 3237 1336 3292; x_wconf 89' lang='lat' dir='ltr'>reddere</span> <span class='ocrx_word' id='word_1_480' title='bbox 1385 3237 1549 3292; x_wconf 89' lang='lat' dir='ltr'>debet</span> <span class='ocrx_word' id='word_1_481' title='bbox 1593 3235 1855 3308; x_wconf 86' lang='lat' dir='ltr'>seipsum,</span> <span class='ocrx_word' id='word_1_482' title='bbox 1887 3235 1978 3306; x_wconf 91' lang='lat' dir='ltr'>qui</span> 
     </span>
    </p>
   </div>
   <div class='ocr_carea' id='block_1_69' title="bbox 369 3322 1084 3381">
    <p class='ocr_par' dir='ltr' id='par_1_69' title="bbox 369 3322 1084 3381">
     <span class='ocr_line' id='line_1_69' title="bbox 369 3322 1084 3381; baseline 0.001 -1"><span class='ocrx_word' id='word_1_483' title='bbox 369 3322 534 3380; x_wconf 88' lang='lat' dir='ltr'>rebus</span> <span class='ocrx_word' id='word_1_484' title='bbox 563 3322 817 3379; x_wconf 89' lang='lat' dir='ltr'>omnibus</span> <span class='ocrx_word' id='word_1_485' title='bbox 847 3325 1084 3381; x_wconf 80' lang='lat' dir='ltr'>excellit.</span> 
     </span>
    </p>
   </div>
   <div class='ocr_carea' id='block_1_70' title="bbox 937 3432 1422 3489">
    <p class='ocr_par' dir='ltr' id='par_1_70' title="bbox 937 3432 1422 3489">
     <span class='ocr_line' id='line_1_70' title="bbox 937 3432 1422 3489; baseline 0 -2"><span class='ocrx_word' id='word_1_486' title='bbox 937 3434 1165 3489; x_wconf 85' lang='lat' dir='ltr'><strong>CAPUT</strong></span> <span class='ocrx_word' id='word_1_487' title='bbox 1204 3432 1422 3488; x_wconf 84' lang='lat' dir='ltr'><strong>CLXX.</strong></span> 
     </span>
    </p>
   </div>
   <div class='ocr_carea' id='block_1_71' title="bbox 619 3524 1715 3594">
    <p class='ocr_par' dir='ltr' id='par_1_71' title="bbox 619 3524 1715 3594">
     <span class='ocr_line' id='line_1_71' title="bbox 619 3524 1715 3594; baseline -0.001 -16"><span class='ocrx_word' id='word_1_488' title='bbox 619 3525 692 3579; x_wconf 86' lang='lat' dir='ltr'>De</span> <span class='ocrx_word' id='word_1_489' title='bbox 734 3526 980 3589; x_wconf 83' lang='lat' dir='ltr'>ratione,</span> <span class='ocrx_word' id='word_1_490' title='bbox 1014 3524 1312 3580; x_wconf 84' lang='lat' dir='ltr'>voluntate</span> <span class='ocrx_word' id='word_1_491' title='bbox 1341 3531 1399 3579; x_wconf 89' lang='lat' dir='ltr'>et</span> <span class='ocrx_word' id='word_1_492' title='bbox 1427 3524 1715 3594; x_wconf 84' lang='lat' dir='ltr'>appetitu.</span> 
     </span>
    </p>
   </div>
   <div class='ocr_carea' id='block_1_72' title="bbox 439 3609 1970 3680">
    <p class='ocr_par' dir='ltr' id='par_1_72' title="bbox 439 3609 1970 3680">
     <span class='ocr_line' id='line_1_72' title="bbox 439 3609 1970 3680; baseline 0 -14"><span class='ocrx_word' id='word_1_493' title='bbox 439 3613 500 3666; x_wconf 92' lang='lat' dir='ltr'><strong>In</strong></span> <span class='ocrx_word' id='word_1_494' title='bbox 529 3611 714 3667; x_wconf 90' lang='lat' dir='ltr'>anima</span> <span class='ocrx_word' id='word_1_495' title='bbox 759 3620 868 3668; x_wconf 89' lang='lat' dir='ltr'>tres</span> <span class='ocrx_word' id='word_1_496' title='bbox 916 3619 1042 3668; x_wconf 90' lang='lat' dir='ltr'>sunt</span> <span class='ocrx_word' id='word_1_497' title='bbox 1090 3621 1311 3680; x_wconf 63' lang='lat' dir='ltr'>natura),</span> <span class='ocrx_word' id='word_1_498' title='bbox 1358 3610 1610 3668; x_wconf 88' lang='lat' dir='ltr'>videlicet</span> <span class='ocrx_word' id='word_1_499' title='bbox 1653 3609 1816 3678; x_wconf 88' lang='lat' dir='ltr'>ratio,</span> <span class='ocrx_word' id='word_1_500' title='bbox 1862 3625 1970 3666; x_wconf 89' lang='lat' dir='ltr'>vo-</span> 
     </span>
    </p>
   </div>
   <div class='ocr_carea' id='block_1_73' title="bbox 366 3698 1966 3773">
    <p class='ocr_par' dir='ltr' id='par_1_73' title="bbox 366 3698 1966 3773">
     <span class='ocr_line' id='line_1_73' title="bbox 366 3698 1966 3773; baseline -0.001 -19"><span class='ocrx_word' id='word_1_501' title='bbox 366 3699 545 3756; x_wconf 89' lang='lat' dir='ltr'>luntas</span> <span class='ocrx_word' id='word_1_502' title='bbox 595 3709 649 3756; x_wconf 90' lang='lat' dir='ltr'>et</span> <span class='ocrx_word' id='word_1_503' title='bbox 706 3701 997 3773; x_wconf 86' lang='lat' dir='ltr'>appetitus.</span> <span class='ocrx_word' id='word_1_504' title='bbox 1060 3701 1294 3756; x_wconf 82' lang='lat' dir='ltr'>Ratione</span> <span class='ocrx_word' id='word_1_505' title='bbox 1349 3699 1684 3755; x_wconf 87' lang='lat' dir='ltr'>assimilatur</span> <span class='ocrx_word' id='word_1_506' title='bbox 1736 3698 1966 3773; x_wconf 67' lang='lat' dir='ltr'>angelis,</span> 
     </span>
    </p>
   </div>
   <div class='ocr_carea' id='block_1_74' title="bbox 368 3788 1966 3860">
    <p class='ocr_par' dir='ltr' id='par_1_74' title="bbox 368 3788 1966 3860">
     <span class='ocr_line' id='line_1_74' title="bbox 368 3788 1966 3860; baseline -0.003 -17"><span class='ocrx_word' id='word_1_507' title='bbox 368 3790 613 3860; x_wconf 89' lang='lat' dir='ltr'>appetitu</span> <span class='ocrx_word' id='word_1_508' title='bbox 661 3790 834 3844; x_wconf 88' lang='lat' dir='ltr'>brutis</span> <span class='ocrx_word' id='word_1_509' title='bbox 878 3789 1236 3858; x_wconf 84' lang='lat' dir='ltr'>animalibus,</span> <span class='ocrx_word' id='word_1_510' title='bbox 1285 3788 1563 3845; x_wconf 88' lang='lat' dir='ltr'>voluntate</span> <span class='ocrx_word' id='word_1_511' title='bbox 1594 3788 1674 3817; x_wconf 76' lang='grc'>³⁰⁰¹</span> <span class='ocrx_word' id='word_1_512' title='bbox 1705 3788 1966 3859; x_wconf 85' lang='lat' dir='ltr'>utrisque.</span> 
     </span>
    </p>
   </div>
   <div class='ocr_carea' id='block_1_75' title="bbox 367 3877 1960 3949">
    <p class='ocr_par' dir='ltr' id='par_1_75' title="bbox 367 3877 1960 3949">
     <span class='ocr_line' id='line_1_75' title="bbox 367 3877 1960 3949; baseline -0.002 -16"><span class='ocrx_word' id='word_1_513' title='bbox 367 3877 627 3934; x_wconf 82' lang='lat' dir='ltr'>Voluntas</span> <span class='ocrx_word' id='word_1_514' title='bbox 675 3878 814 3933; x_wconf 89' lang='lat' dir='ltr'>inter</span> <span class='ocrx_word' id='word_1_515' title='bbox 859 3879 1128 3934; x_wconf 86' lang='lat' dir='ltr'>rationem</span> <span class='ocrx_word' id='word_1_516' title='bbox 1177 3886 1230 3933; x_wconf 92' lang='lat' dir='ltr'>et</span> <span class='ocrx_word' id='word_1_517' title='bbox 1277 3877 1572 3949; x_wconf 85' lang='lat' dir='ltr'>appetitum</span> <span class='ocrx_word' id='word_1_518' title='bbox 1619 3877 1807 3932; x_wconf 87' lang='lat' dir='ltr'>media</span> <span class='ocrx_word' id='word_1_519' title='bbox 1847 3885 1960 3946; x_wconf 85' lang='lat' dir='ltr'>est;</span> 
     </span>
    </p>
   </div>
   <div class='ocr_carea' id='block_1_76' title="bbox 363 3965 1966 4040">
    <p class='ocr_par' dir='ltr' id='par_1_76' title="bbox 363 3965 1966 4040">
     <span class='ocr_line' id='line_1_76' title="bbox 363 3965 1966 4040; baseline -0.001 -20"><span class='ocrx_word' id='word_1_520' title='bbox 363 3965 660 4038; x_wconf 88' lang='lat' dir='ltr'>aliquando</span> <span class='ocrx_word' id='word_1_521' title='bbox 693 3965 837 4022; x_wconf 91' lang='lat' dir='ltr'>enim</span> <span class='ocrx_word' id='word_1_522' title='bbox 890 3967 958 4020; x_wconf 89' lang='lat' dir='ltr'>ad</span> <span class='ocrx_word' id='word_1_523' title='bbox 1008 3967 1296 4040; x_wconf 85' lang='lat' dir='ltr'>rationem,</span> <span class='ocrx_word' id='word_1_524' title='bbox 1328 3965 1623 4036; x_wconf 87' lang='lat' dir='ltr'>aliquando</span> <span class='ocrx_word' id='word_1_525' title='bbox 1653 3965 1722 4020; x_wconf 90' lang='lat' dir='ltr'>ad</span> <span class='ocrx_word' id='word_1_526' title='bbox 1748 3965 1966 4036; x_wconf 89' lang='lat' dir='ltr'>appeti-</span> 
     </span>
    </p>
   </div>
   <div class='ocr_carea' id='block_1_77' title="bbox 364 4055 1962 4126">
    <p class='ocr_par' dir='ltr' id='par_1_77' title="bbox 364 4055 1962 4126">
     <span class='ocr_line' id='line_1_77' title="bbox 364 4055 1962 4126; baseline -0.001 -17"><span class='ocrx_word' id='word_1_527' title='bbox 364 4063 477 4109; x_wconf 90' lang='lat' dir='ltr'>tum</span> <span class='ocrx_word' id='word_1_528' title='bbox 508 4072 565 4110; x_wconf 90' lang='lat' dir='ltr'>se</span> <span class='ocrx_word' id='word_1_529' title='bbox 595 4055 778 4110; x_wconf 88' lang='lat' dir='ltr'>habet.</span> <span class='ocrx_word' id='word_1_530' title='bbox 812 4055 918 4111; x_wconf 88' lang='lat' dir='ltr'>Sed</span> <span class='ocrx_word' id='word_1_531' title='bbox 948 4056 1166 4126; x_wconf 89' lang='lat' dir='ltr'>quando</span> <span class='ocrx_word' id='word_1_532' title='bbox 1203 4055 1274 4108; x_wconf 89' lang='lat' dir='ltr'>ad</span> <span class='ocrx_word' id='word_1_533' title='bbox 1318 4055 1581 4110; x_wconf 90' lang='lat' dir='ltr'>rationem</span> <span class='ocrx_word' id='word_1_534' title='bbox 1628 4069 1688 4109; x_wconf 92' lang='lat' dir='ltr'>se</span> <span class='ocrx_word' id='word_1_535' title='bbox 1728 4069 1962 4110; x_wconf 86' lang='lat' dir='ltr'>conver-</span> 
     </span>
    </p>
   </div>
   <div class='ocr_carea' id='block_1_78' title="bbox 363 4141 1961 4214">
    <p class='ocr_par' dir='ltr' id='par_1_78' title="bbox 363 4141 1961 4214">
     <span class='ocr_line' id='line_1_78' title="bbox 363 4141 1961 4214; baseline 0.001 -18"><span class='ocrx_word' id='word_1_536' title='bbox 363 4143 446 4210; x_wconf 88' lang='lat' dir='ltr'>tit,</span> <span class='ocrx_word' id='word_1_537' title='bbox 480 4144 610 4214; x_wconf 88' lang='lat' dir='ltr'>quia</span> <span class='ocrx_word' id='word_1_538' title='bbox 640 4158 704 4198; x_wconf 90' lang='lat' dir='ltr'>ea</span> <span class='ocrx_word' id='word_1_539' title='bbox 735 4160 856 4213; x_wconf 74' lang='lat' dir='ltr'>qua:</span> <span class='ocrx_word' id='word_1_540' title='bbox 885 4151 1010 4197; x_wconf 87' lang='lat' dir='ltr'>sunt</span> <span class='ocrx_word' id='word_1_541' title='bbox 1039 4142 1386 4198; x_wconf 89' lang='lat' dir='ltr'>rationabilia</span> <span class='ocrx_word' id='word_1_542' title='bbox 1407 4151 1454 4197; x_wconf 89' lang='lat' dir='ltr'>et</span> <span class='ocrx_word' id='word_1_543' title='bbox 1476 4141 1775 4213; x_wconf 88' lang='lat' dir='ltr'>spiritualia</span> <span class='ocrx_word' id='word_1_544' title='bbox 1794 4143 1961 4212; x_wconf 87' lang='lat' dir='ltr'>sapit,</span> 
     </span>
    </p>
   </div>
   <div class='ocr_carea' id='block_1_79' title="bbox 360 4230 1960 4303">
    <p class='ocr_par' dir='ltr' id='par_1_79' title="bbox 360 4230 1960 4303">
     <span class='ocr_line' id='line_1_79' title="bbox 360 4230 1960 4303; baseline 0 -18"><span class='ocrx_word' id='word_1_545' title='bbox 360 4232 561 4286; x_wconf 85' lang='lat' dir='ltr'>dicitur</span> <span class='ocrx_word' id='word_1_546' title='bbox 611 4233 774 4288; x_wconf 91' lang='lat' dir='ltr'>homo</span> <span class='ocrx_word' id='word_1_547' title='bbox 821 4231 1101 4287; x_wconf 87' lang='lat' dir='ltr'>rationalis</span> <span class='ocrx_word' id='word_1_548' title='bbox 1133 4239 1186 4287; x_wconf 93' lang='lat' dir='ltr'>et</span> <span class='ocrx_word' id='word_1_549' title='bbox 1213 4230 1528 4303; x_wconf 88' lang='lat' dir='ltr'>spiritualis.</span> <span class='ocrx_word' id='word_1_550' title='bbox 1570 4230 1801 4300; x_wconf 86' lang='lat' dir='ltr'>Quando</span> <span class='ocrx_word' id='word_1_551' title='bbox 1830 4247 1960 4287; x_wconf 90' lang='lat' dir='ltr'>vero</span> 
     </span>
    </p>
   </div>
   <div class='ocr_carea' id='block_1_80' title="bbox 359 4320 1957 4392">
    <p class='ocr_par' dir='ltr' id='par_1_80' title="bbox 359 4320 1957 4392">
     <span class='ocr_line' id='line_1_80' title="bbox 359 4320 1957 4392; baseline -0.001 -17"><span class='ocrx_word' id='word_1_552' title='bbox 359 4321 430 4376; x_wconf 86' lang='lat' dir='ltr'>ad</span> <span class='ocrx_word' id='word_1_553' title='bbox 459 4321 758 4392; x_wconf 87' lang='lat' dir='ltr'>appetitum</span> <span class='ocrx_word' id='word_1_554' title='bbox 783 4337 844 4376; x_wconf 89' lang='lat' dir='ltr'>se</span> <span class='ocrx_word' id='word_1_555' title='bbox 874 4329 1037 4391; x_wconf 87' lang='lat' dir='ltr'>tenet,</span> <span class='ocrx_word' id='word_1_556' title='bbox 1065 4320 1192 4391; x_wconf 88' lang='lat' dir='ltr'>quia</span> <span class='ocrx_word' id='word_1_557' title='bbox 1219 4336 1284 4375; x_wconf 92' lang='lat' dir='ltr'>ea</span> <span class='ocrx_word' id='word_1_558' title='bbox 1313 4320 1450 4391; x_wconf 89' lang='lat' dir='ltr'>sapit</span> <span class='ocrx_word' id='word_1_559' title='bbox 1495 4337 1614 4390; x_wconf 74' lang='lat' dir='ltr'>quae</span> <span class='ocrx_word' id='word_1_560' title='bbox 1662 4329 1787 4375; x_wconf 91' lang='lat' dir='ltr'>sunt</span> <span class='ocrx_word' id='word_1_561' title='bbox 1832 4335 1957 4376; x_wconf 87' lang='lat' dir='ltr'>car-</span> 
     </span>
    </p>
   </div>
   <div class='ocr_carea' id='block_1_81' title="bbox 358 4409 1956 4478">
    <p class='ocr_par' dir='ltr' id='par_1_81' title="bbox 358 4409 1956 4478">
     <span class='ocr_line' id='line_1_81' title="bbox 358 4409 1956 4478; baseline 0.001 -15"><span class='ocrx_word' id='word_1_562' title='bbox 358 4409 506 4465; x_wconf 87' lang='lat' dir='ltr'>nalia</span> <span class='ocrx_word' id='word_1_563' title='bbox 554 4417 609 4465; x_wconf 88' lang='lat' dir='ltr'>et</span> <span class='ocrx_word' id='word_1_564' title='bbox 655 4409 1108 4465; x_wconf 85' lang='lat' dir='ltr'>irrationabilium</span> <span class='ocrx_word' id='word_1_565' title='bbox 1151 4409 1500 4478; x_wconf 89' lang='lat' dir='ltr'>animalium,</span> <span class='ocrx_word' id='word_1_566' title='bbox 1548 4409 1746 4465; x_wconf 90' lang='lat' dir='ltr'>dicitur</span> <span class='ocrx_word' id='word_1_567' title='bbox 1791 4411 1956 4466; x_wconf 86' lang='lat' dir='ltr'>homo</span> 
     </span>
    </p>
   </div>
   <div class='ocr_carea' id='block_1_82' title="bbox 2086 3217 3698 3290">
    <p class='ocr_par' dir='ltr' id='par_1_82' title="bbox 2086 3217 3698 3290">
     <span class='ocr_line' id='line_1_82' title="bbox 2086 3217 3698 3290; baseline -0.001 -16"><span class='ocrx_word' id='word_1_568' title='bbox 2086 3217 2206 3274; x_wconf 89' lang='lat' dir='ltr'>vilis</span> <span class='ocrx_word' id='word_1_569' title='bbox 2237 3225 2290 3273; x_wconf 92' lang='lat' dir='ltr'>et</span> <span class='ocrx_word' id='word_1_570' title='bbox 2320 3217 2555 3286; x_wconf 87' lang='lat' dir='ltr'>abjccta.</span> <span class='ocrx_word' id='word_1_571' title='bbox 2589 3219 2837 3288; x_wconf 85' lang='lat' dir='ltr'>Namque</span> <span class='ocrx_word' id='word_1_572' title='bbox 2866 3218 2909 3273; x_wconf 85' lang='lat' dir='ltr'>si</span> <span class='ocrx_word' id='word_1_573' title='bbox 2941 3219 3213 3283; x_wconf 88' lang='lat' dir='ltr'>voluntas,</span> <span class='ocrx_word' id='word_1_574' title='bbox 3251 3236 3369 3290; x_wconf 66' lang='lat' dir='ltr'>quae</span> <span class='ocrx_word' id='word_1_575' title='bbox 3403 3228 3486 3274; x_wconf 88' lang='lat' dir='ltr'>est</span> <span class='ocrx_word' id='word_1_576' title='bbox 3515 3221 3698 3276; x_wconf 88' lang='lat' dir='ltr'>media</span> 
     </span>
    </p>
   </div>
   <div class='ocr_carea' id='block_1_83' title="bbox 2084 3305 3689 3377">
    <p class='ocr_par' dir='ltr' id='par_1_83' title="bbox 2084 3305 3689 3377">
     <span class='ocr_line' id='line_1_83' title="bbox 2084 3305 3689 3377; baseline 0.001 -17"><span class='ocrx_word' id='word_1_577' title='bbox 2084 3305 2228 3360; x_wconf 87' lang='lat' dir='ltr'>inter</span> <span class='ocrx_word' id='word_1_578' title='bbox 2271 3305 2538 3361; x_wconf 88' lang='lat' dir='ltr'>rationem</span> <span class='ocrx_word' id='word_1_579' title='bbox 2578 3311 2634 3361; x_wconf 86' lang='lat' dir='ltr'>et</span> <span class='ocrx_word' id='word_1_580' title='bbox 2663 3305 2963 3377; x_wconf 89' lang='lat' dir='ltr'>appetitum</span> <span class='ocrx_word' id='word_1_581' title='bbox 3011 3306 3207 3361; x_wconf 87' lang='lat' dir='ltr'>rationi</span> <span class='ocrx_word' id='word_1_582' title='bbox 3257 3308 3689 3374; x_wconf 87' lang='lat' dir='ltr'>concordaverit,</span> 
     </span>
    </p>
   </div>
   <div class='ocr_carea' id='block_1_84' title="bbox 2084 3393 3682 3466">
    <p class='ocr_par' dir='ltr' id='par_1_84' title="bbox 2084 3393 3682 3466">
     <span class='ocr_line' id='line_1_84' title="bbox 2084 3393 3682 3466; baseline 0.001 -18"><span class='ocrx_word' id='word_1_583' title='bbox 2084 3393 2325 3465; x_wconf 70' lang='lat' dir='ltr'>legitime</span> <span class='ocrx_word' id='word_1_584' title='bbox 2373 3394 2552 3460; x_wconf 85' lang='lat' dir='ltr'>vivit;</span> <span class='ocrx_word' id='word_1_585' title='bbox 2607 3395 2651 3449; x_wconf 91' lang='lat' dir='ltr'>si</span> <span class='ocrx_word' id='word_1_586' title='bbox 2693 3411 2823 3450; x_wconf 85' lang='lat' dir='ltr'>vero</span> <span class='ocrx_word' id='word_1_587' title='bbox 2874 3395 3152 3466; x_wconf 88' lang='lat' dir='ltr'>appetitui,</span> <span class='ocrx_word' id='word_1_588' title='bbox 3206 3395 3518 3449; x_wconf 81' lang='lat' dir='ltr'>fornicatrix</span> <span class='ocrx_word' id='word_1_589' title='bbox 3557 3396 3682 3450; x_wconf 89' lang='lat' dir='ltr'>erit.</span> 
     </span>
    </p>
   </div>
   <div class='ocr_carea' id='block_1_85' title="bbox 2080 3483 3694 3555">
    <p class='ocr_par' dir='ltr' id='par_1_85' title="bbox 2080 3483 3694 3555">
     <span class='ocr_line' id='line_1_85' title="bbox 2080 3483 3694 3555; baseline 0 -17"><span class='ocrx_word' id='word_1_590' title='bbox 2080 3483 2173 3538; x_wconf 85' lang='lat' dir='ltr'>Est</span> <span class='ocrx_word' id='word_1_591' title='bbox 2205 3499 2338 3555; x_wconf 80' lang='lat' dir='ltr'>ergo</span> <span class='ocrx_word' id='word_1_592' title='bbox 2381 3483 2518 3540; x_wconf 87' lang='lat' dir='ltr'>ratio</span> <span class='ocrx_word' id='word_1_593' title='bbox 2563 3483 2680 3539; x_wconf 88' lang='lat' dir='ltr'>sive</span> <span class='ocrx_word' id='word_1_594' title='bbox 2726 3483 2966 3555; x_wconf 89' lang='lat' dir='ltr'>spiritus,</span> <span class='ocrx_word' id='word_1_595' title='bbox 2996 3483 3146 3554; x_wconf 87' lang='lat' dir='ltr'>quasi</span> <span class='ocrx_word' id='word_1_596' title='bbox 3177 3483 3295 3546; x_wconf 85' lang='lat' dir='ltr'>vir;</span> <span class='ocrx_word' id='word_1_597' title='bbox 3331 3483 3601 3551; x_wconf 80' lang='lat' dir='ltr'>voluntas,</span> <span class='ocrx_word' id='word_1_598' title='bbox 3636 3493 3694 3538; x_wconf 92' lang='lat' dir='ltr'>ut</span> 
     </span>
    </p>
   </div>
   <div class='ocr_carea' id='block_1_86' title="bbox 2081 3573 3689 3645">
    <p class='ocr_par' dir='ltr' id='par_1_86' title="bbox 2081 3573 3689 3645">
     <span class='ocr_line' id='line_1_86' title="bbox 2081 3573 3689 3645; baseline 0 -18"><span class='ocrx_word' id='word_1_599' title='bbox 2081 3588 2284 3643; x_wconf 85' lang='lat' dir='ltr'>sponsa</span> <span class='ocrx_word' id='word_1_600' title='bbox 2310 3589 2322 3635; x_wconf 93' lang='lat'>;</span> <span class='ocrx_word' id='word_1_601' title='bbox 2374 3574 2644 3644; x_wconf 89' lang='lat' dir='ltr'>appetitus</span> <span class='ocrx_word' id='word_1_602' title='bbox 2673 3574 2877 3639; x_wconf 88' lang='lat' dir='ltr'>carnis,</span> <span class='ocrx_word' id='word_1_603' title='bbox 2911 3573 3066 3644; x_wconf 89' lang='lat' dir='ltr'>quasi</span> <span class='ocrx_word' id='word_1_604' title='bbox 3096 3573 3328 3629; x_wconf 90' lang='lat' dir='ltr'>adulter.</span> <span class='ocrx_word' id='word_1_605' title='bbox 3370 3574 3490 3628; x_wconf 91' lang='lat' dir='ltr'>Non</span> <span class='ocrx_word' id='word_1_606' title='bbox 3521 3573 3689 3645; x_wconf 76' lang='lat' dir='ltr'>igitur</span> 
     </span>
    </p>
   </div>
   <div class='ocr_carea' id='block_1_87' title="bbox 2079 3661 3685 3734">
    <p class='ocr_par' dir='ltr' id='par_1_87' title="bbox 2079 3661 3685 3734">
     <span class='ocr_line' id='line_1_87' title="bbox 2079 3661 3685 3734; baseline 0 -18"><span class='ocrx_word' id='word_1_607' title='bbox 2079 3661 2129 3716; x_wconf 87' lang='lat' dir='ltr'>ei</span> <span class='ocrx_word' id='word_1_608' title='bbox 2186 3661 2437 3717; x_wconf 89' lang='lat' dir='ltr'>voluntas</span> <span class='ocrx_word' id='word_1_609' title='bbox 2510 3662 2568 3716; x_wconf 91' lang='lat' dir='ltr'>in</span> <span class='ocrx_word' id='word_1_610' title='bbox 2645 3662 2828 3734; x_wconf 88' lang='lat' dir='ltr'>aliquo</span> <span class='ocrx_word' id='word_1_611' title='bbox 2877 3663 3221 3728; x_wconf 86' lang='lat' dir='ltr'>consentiat;</span> <span class='ocrx_word' id='word_1_612' title='bbox 3282 3661 3542 3732; x_wconf 88' lang='lat' dir='ltr'>scriptum</span> <span class='ocrx_word' id='word_1_613' title='bbox 3605 3670 3685 3716; x_wconf 86' lang='lat' dir='ltr'>est</span> 
     </span>
    </p>
   </div>
   <div class='ocr_carea' id='block_1_88' title="bbox 2078 3748 3681 3824">
    <p class='ocr_par' dir='ltr' id='par_1_88' title="bbox 2078 3748 3681 3824">
     <span class='ocr_line' id='line_1_88' title="bbox 2078 3748 3681 3824; baseline 0.002 -21"><span class='ocrx_word' id='word_1_614' title='bbox 2078 3748 2221 3804; x_wconf 89' lang='lat' dir='ltr'>enim</span> <span class='ocrx_word' id='word_1_615' title='bbox 2243 3767 2258 3805; x_wconf 90' lang='lat'><strong>:</strong></span> <span class='ocrx_word' id='word_1_616' title='bbox 2281 3750 2776 3822; x_wconf 85' lang='lat' dir='ltr'>Concupiscentia,</span> <span class='ocrx_word' id='word_1_617' title='bbox 2792 3767 2921 3808; x_wconf 89' lang='lat' dir='ltr'>cum</span> <span class='ocrx_word' id='word_1_618' title='bbox 2949 3754 3292 3824; x_wconf 81' lang='lat' dir='ltr'>conceperit,</span> <span class='ocrx_word' id='word_1_619' title='bbox 3315 3751 3470 3823; x_wconf 86' lang='lat' dir='ltr'>parit</span> <span class='ocrx_word' id='word_1_620' title='bbox 3487 3767 3681 3823; x_wconf 83' lang='lat' dir='ltr'>pecca-</span> 
     </span>
    </p>
   </div>
   <div class='ocr_carea' id='block_1_89' title="bbox 2077 3841 3680 3912">
    <p class='ocr_par' dir='ltr' id='par_1_89' title="bbox 2077 3841 3680 3912">
     <span class='ocr_line' id='line_1_89' title="bbox 2077 3841 3680 3912; baseline 0.001 -18"><span class='ocrx_word' id='word_1_621' title='bbox 2077 3841 2239 3904; x_wconf 84' lang='lat' dir='ltr'>tum;</span> <span class='ocrx_word' id='word_1_622' title='bbox 2265 3843 2564 3911; x_wconf 86' lang='lat' dir='ltr'>peccatum</span> <span class='ocrx_word' id='word_1_623' title='bbox 2590 3857 2719 3897; x_wconf 87' lang='lat' dir='ltr'>cum</span> <span class='ocrx_word' id='word_1_624' title='bbox 2741 3845 3198 3898; x_wconf 87' lang='lat' dir='ltr'>consummatum</span> <span class='ocrx_word' id='word_1_625' title='bbox 3220 3841 3420 3912; x_wconf 79' lang='lat' dir='ltr'>fuerit,</span> <span class='ocrx_word' id='word_1_626' title='bbox 3445 3844 3680 3912; x_wconf 83' lang='lat' dir='ltr'>generat</span> 
     </span>
    </p>
   </div>
   <div class='ocr_carea' id='block_1_90' title="bbox 2073 3926 2773 3999">
    <p class='ocr_par' dir='ltr' id='par_1_90' title="bbox 2073 3926 2773 3999">
     <span class='ocr_line' id='line_1_90' title="bbox 2073 3926 2773 3999; baseline 0.004 -17"><span class='ocrx_word' id='word_1_627' title='bbox 2073 3933 2312 3984; x_wconf 85' lang='lat' dir='ltr'>mortem</span> <span class='ocrx_word' id='word_1_628' title='bbox 2341 3926 2554 3997; x_wconf 86' lang='lat' dir='ltr'>(Jacob.</span> <span class='ocrx_word' id='word_1_629' title='bbox 2590 3945 2628 3997; x_wconf 85' lang='grc' dir='ltr'>ι,</span> <span class='ocrx_word' id='word_1_630' title='bbox 2664 3931 2773 3999; x_wconf 69' lang='lat' dir='ltr'>lli).</span> 
     </span>
    </p>
   </div>
   <div class='ocr_carea' id='block_1_91' title="bbox 2614 4035 3163 4092">
    <p class='ocr_par' dir='ltr' id='par_1_91' title="bbox 2614 4035 3163 4092">
     <span class='ocr_line' id='line_1_91' title="bbox 2614 4035 3163 4092; baseline 0 -3"><span class='ocrx_word' id='word_1_631' title='bbox 2614 4035 2834 4092; x_wconf 79' lang='lat' dir='ltr'><strong>CAPUT</strong></span> <span class='ocrx_word' id='word_1_632' title='bbox 2872 4036 3163 4091; x_wconf 79' lang='lat' dir='ltr'><strong>CLXXIII.</strong></span> 
     </span>
    </p>
   </div>
   <div class='ocr_carea' id='block_1_92' title="bbox 2497 4123 3202 4196">
    <p class='ocr_par' dir='ltr' id='par_1_92' title="bbox 2497 4123 3202 4196">
     <span class='ocr_line' id='line_1_92' title="bbox 2497 4123 3202 4196; baseline 0.001 -19"><span class='ocrx_word' id='word_1_633' title='bbox 2497 4123 2572 4179; x_wconf 91' lang='lat' dir='ltr'>De</span> <span class='ocrx_word' id='word_1_634' title='bbox 2603 4124 2825 4180; x_wconf 87' lang='lat' dir='ltr'>sordido</span> <span class='ocrx_word' id='word_1_635' title='bbox 2855 4141 2922 4181; x_wconf 74' lang='lat' dir='ltr'>ea</span> <span class='ocrx_word' id='word_1_636' title='bbox 2932 4126 3202 4196; x_wconf 86' lang='lat' dir='ltr'>emplum.</span> 
     </span>
    </p>
   </div>
   <div class='ocr_carea' id='block_1_93' title="bbox 2142 4210 3674 4285">
    <p class='ocr_par' dir='ltr' id='par_1_93' title="bbox 2142 4210 3674 4285">
     <span class='ocr_line' id='line_1_93' title="bbox 2142 4210 3674 4285; baseline 0.002 -20"><span class='ocrx_word' id='word_1_637' title='bbox 2142 4210 2617 4280; x_wconf 83' lang='lat' dir='ltr'>Quemadmodum</span> <span class='ocrx_word' id='word_1_638' title='bbox 2647 4212 2691 4267; x_wconf 90' lang='lat' dir='ltr'>si</span> <span class='ocrx_word' id='word_1_639' title='bbox 2721 4212 2974 4268; x_wconf 88' lang='lat' dir='ltr'>sordidus</span> <span class='ocrx_word' id='word_1_640' title='bbox 3006 4213 3206 4285; x_wconf 91' lang='lat' dir='ltr'>aliquis</span> <span class='ocrx_word' id='word_1_641' title='bbox 3234 4220 3287 4268; x_wconf 90' lang='lat' dir='ltr'>et</span> <span class='ocrx_word' id='word_1_642' title='bbox 3317 4211 3465 4267; x_wconf 90' lang='lat' dir='ltr'>omni</span> <span class='ocrx_word' id='word_1_643' title='bbox 3503 4212 3674 4268; x_wconf 84' lang='lat' dir='ltr'>fetore</span> 
     </span>
    </p>
   </div>
   <div class='ocr_carea' id='block_1_94' title="bbox 2069 4299 3674 4371">
    <p class='ocr_par' dir='ltr' id='par_1_94' title="bbox 2069 4299 3674 4371">
     <span class='ocr_line' id='line_1_94' title="bbox 2069 4299 3674 4371; baseline 0.001 -18"><span class='ocrx_word' id='word_1_644' title='bbox 2069 4299 2265 4371; x_wconf 86' lang='lat' dir='ltr'>plenus</span> <span class='ocrx_word' id='word_1_645' title='bbox 2329 4309 2637 4357; x_wconf 88' lang='lat' dir='ltr'>occurreret</span> <span class='ocrx_word' id='word_1_646' title='bbox 2684 4301 2845 4358; x_wconf 89' lang='lat' dir='ltr'>alicui</span> <span class='ocrx_word' id='word_1_647' title='bbox 2897 4302 3082 4358; x_wconf 88' lang='lat' dir='ltr'>dicens</span> <span class='ocrx_word' id='word_1_648' title='bbox 3141 4319 3198 4356; x_wconf 89' lang='lat' dir='ltr'>se</span> <span class='ocrx_word' id='word_1_649' title='bbox 3251 4317 3375 4356; x_wconf 87' lang='lat' dir='ltr'>cum</span> <span class='ocrx_word' id='word_1_650' title='bbox 3422 4316 3487 4356; x_wconf 92' lang='lat' dir='ltr'>eo</span> <span class='ocrx_word' id='word_1_651' title='bbox 3532 4302 3674 4356; x_wconf 88' lang='lat' dir='ltr'>velle</span> 
     </span>
    </p>
   </div>
   <div class='ocr_carea' id='block_1_95' title="bbox 2069 4387 3672 4460">
    <p class='ocr_par' dir='ltr' id='par_1_95' title="bbox 2069 4387 3672 4460">
     <span class='ocr_line' id='line_1_95' title="bbox 2069 4387 3672 4460; baseline 0.001 -15"><span class='ocrx_word' id='word_1_652' title='bbox 2069 4389 2378 4456; x_wconf 84' lang='lat' dir='ltr'>consiliari,</span> <span class='ocrx_word' id='word_1_653' title='bbox 2427 4405 2536 4445; x_wconf 92' lang='lat' dir='ltr'>non</span> <span class='ocrx_word' id='word_1_654' title='bbox 2588 4391 2811 4446; x_wconf 88' lang='lat' dir='ltr'>deberet</span> <span class='ocrx_word' id='word_1_655' title='bbox 2856 4392 3088 4446; x_wconf 89' lang='lat' dir='ltr'>mundus</span> <span class='ocrx_word' id='word_1_656' title='bbox 3133 4390 3428 4446; x_wconf 89' lang='lat' dir='ltr'>subsistere</span> <span class='ocrx_word' id='word_1_657' title='bbox 3462 4387 3564 4460; x_wconf 68' lang='lat'>’°“,</span> <span class='ocrx_word' id='word_1_658' title='bbox 3596 4391 3672 4448; x_wconf 88' lang='lat' dir='ltr'>sic</span> 
     </span>
    </p>
   </div>
   <div class='ocr_carea' id='block_1_96' title="bbox 358 4478 3378 4568">
    <p class='ocr_par' dir='ltr' id='par_1_96' title="bbox 358 4478 3378 4568">
     <span class='ocr_line' id='line_1_96' title="bbox 358 4478 3378 4568; baseline -0.001 -14"><span class='ocrx_word' id='word_1_659' title='bbox 358 4498 593 4554; x_wconf 81' lang='lat' dir='ltr'>carnalis</span> <span class='ocrx_word' id='word_1_660' title='bbox 619 4499 733 4554; x_wconf 88' lang='lat' dir='ltr'>sive</span> <span class='ocrx_word' id='word_1_661' title='bbox 765 4499 1046 4554; x_wconf 88' lang='lat' dir='ltr'>animalis.</span> <span class='ocrx_word' id='word_1_662' title='bbox 1070 4499 1223 4554; x_wconf 91' lang='lat' dir='ltr'>Unde</span> <span class='ocrx_word' id='word_1_663' title='bbox 1244 4497 1500 4568; x_wconf 88' lang='lat' dir='ltr'>scriptum</span> <span class='ocrx_word' id='word_1_664' title='bbox 1530 4507 1648 4554; x_wconf 88' lang='lat' dir='ltr'>est:</span> <span class='ocrx_word' id='word_1_665' title='bbox 1673 4499 1958 4554; x_wconf 84' lang='lat' dir='ltr'>Animalis</span> <span class='ocrx_word' id='word_1_666' title='bbox 1989 4487 2038 4549; x_wconf 74' lang='grc' dir='ltr'>Ι)</span> <span class='ocrx_word' id='word_1_667' title='bbox 2069 4495 2167 4535; x_wconf 72' lang='lat' dir='ltr'>nec</span> <span class='ocrx_word' id='word_1_668' title='bbox 2196 4478 2448 4534; x_wconf 67' lang='lat' dir='ltr'>&quot;Olunms</span> <span class='ocrx_word' id='word_1_669' title='bbox 2477 4481 2745 4550; x_wconf 55' lang='lat' dir='ltr'>appetitui</span> <span class='ocrx_word' id='word_1_670' title='bbox 2776 4481 2983 4537; x_wconf 62' lang='lat' dir='ltr'>carnali</span> <span class='ocrx_word' id='word_1_671' title='bbox 3014 4482 3378 4552; x_wconf 61' lang='lat' dir='ltr'>“C‘IUicscem-</span> 
     </span>
    </p>
   </div>
   <div class='ocr_carea' id='block_1_97' title="bbox 359 4585 1958 4659">
    <p class='ocr_par' dir='ltr' id='par_1_97' title="bbox 359 4585 1958 4659">
     <span class='ocr_line' id='line_1_97' title="bbox 359 4585 1958 4659; baseline 0 -18"><span class='ocrx_word' id='word_1_672' title='bbox 359 4587 521 4644; x_wconf 88' lang='lat' dir='ltr'>homo</span> <span class='ocrx_word' id='word_1_673' title='bbox 534 4604 648 4644; x_wconf 91' lang='lat' dir='ltr'>non</span> <span class='ocrx_word' id='word_1_674' title='bbox 662 4588 981 4659; x_wconf 85' lang='lat' dir='ltr'>percipitea</span> <span class='ocrx_word' id='word_1_675' title='bbox 993 4603 1116 4658; x_wconf 72' lang='lat' dir='ltr'>qua:</span> <span class='ocrx_word' id='word_1_676' title='bbox 1135 4586 1232 4642; x_wconf 82' lang='lat' dir='ltr'>Dei</span> <span class='ocrx_word' id='word_1_677' title='bbox 1243 4603 1348 4642; x_wconf 86' lang='lat' dir='ltr'>sun</span> <span class='ocrx_word' id='word_1_678' title='bbox 1359 4591 1400 4640; x_wconf 90' lang='lat' dir='ltr'>t.</span> <span class='ocrx_word' id='word_1_679' title='bbox 1415 4585 1754 4658; x_wconf 85' lang='lat' dir='ltr'>Spiritualis</span> <span class='ocrx_word' id='word_1_680' title='bbox 1766 4593 1958 4643; x_wconf 86' lang='lat' dir='ltr'>autem</span> 
     </span>
    </p>
   </div>
   <div class='ocr_carea' id='block_1_98' title="bbox 359 4675 1954 4748">
    <p class='ocr_par' dir='ltr' id='par_1_98' title="bbox 359 4675 1954 4748">
     <span class='ocr_line' id='line_1_98' title="bbox 359 4675 1954 4748; baseline -0.001 -18"><span class='ocrx_word' id='word_1_681' title='bbox 359 4675 640 4748; x_wconf 84' lang='lat' dir='ltr'>dijudicat</span> <span class='ocrx_word' id='word_1_682' title='bbox 676 4676 964 4744; x_wconf 86' lang='lat' dir='ltr'>omnia,et</span> <span class='ocrx_word' id='word_1_683' title='bbox 987 4678 1105 4748; x_wconf 83' lang='lat' dir='ltr'>ipse</span> <span class='ocrx_word' id='word_1_684' title='bbox 1141 4693 1175 4730; x_wconf 90' lang='lat' dir='ltr'>a</span> <span class='ocrx_word' id='word_1_685' title='bbox 1209 4675 1439 4732; x_wconf 86' lang='lat' dir='ltr'>nemine</span> <span class='ocrx_word' id='word_1_686' title='bbox 1451 4675 1815 4746; x_wconf 86' lang='lat' dir='ltr'>judicalur(l</span> <span class='ocrx_word' id='word_1_687' title='bbox 1833 4678 1954 4733; x_wconf 86' lang='lat' dir='ltr'>Cor.</span> 
     </span>
    </p>
   </div>
   <div class='ocr_carea' id='block_1_99' title="bbox 358 4762 1958 4834">
    <p class='ocr_par' dir='ltr' id='par_1_99' title="bbox 358 4762 1958 4834">
     <span class='ocr_line' id='line_1_99' title="bbox 358 4762 1958 4834; baseline 0.001 -16"><span class='ocrx_word' id='word_1_688' title='bbox 358 4779 417 4832; x_wconf 83' lang='lat' dir='ltr'><strong>II,</strong></span> <span class='ocrx_word' id='word_1_689' title='bbox 453 4766 560 4834; x_wconf 73' lang='grc'>14).</span> <span class='ocrx_word' id='word_1_690' title='bbox 593 4765 726 4819; x_wconf 91' lang='lat' dir='ltr'>Cum</span> <span class='ocrx_word' id='word_1_691' title='bbox 757 4765 937 4834; x_wconf 90' lang='lat' dir='ltr'>itaque</span> <span class='ocrx_word' id='word_1_692' title='bbox 961 4765 1117 4833; x_wconf 80' lang='lat' dir='ltr'>juxta</span> <span class='ocrx_word' id='word_1_693' title='bbox 1147 4765 1252 4819; x_wconf 89' lang='lat' dir='ltr'>hoc</span> <span class='ocrx_word' id='word_1_694' title='bbox 1281 4762 1424 4833; x_wconf 88' lang='lat' dir='ltr'>quod</span> <span class='ocrx_word' id='word_1_695' title='bbox 1454 4764 1705 4819; x_wconf 86' lang='lat' dir='ltr'>voluntas</span> <span class='ocrx_word' id='word_1_696' title='bbox 1752 4781 1811 4819; x_wconf 91' lang='lat' dir='ltr'>se</span> <span class='ocrx_word' id='word_1_697' title='bbox 1856 4765 1958 4820; x_wconf 88' lang='lat' dir='ltr'>ha-</span> 
     </span>
    </p>
   </div>
   <div class='ocr_carea' id='block_1_100' title="bbox 358 4850 1958 4922">
    <p class='ocr_par' dir='ltr' id='par_1_100' title="bbox 358 4850 1958 4922">
     <span class='ocr_line' id='line_1_100' title="bbox 358 4850 1958 4922; baseline -0.001 -14"><span class='ocrx_word' id='word_1_698' title='bbox 358 4852 468 4921; x_wconf 88' lang='lat' dir='ltr'>bet,</span> <span class='ocrx_word' id='word_1_699' title='bbox 503 4853 701 4910; x_wconf 86' lang='lat' dir='ltr'>dicitur</span> <span class='ocrx_word' id='word_1_700' title='bbox 730 4852 897 4909; x_wconf 88' lang='lat' dir='ltr'>homo</span> <span class='ocrx_word' id='word_1_701' title='bbox 938 4852 1169 4908; x_wconf 84' lang='lat' dir='ltr'>carnalis</span> <span class='ocrx_word' id='word_1_702' title='bbox 1198 4851 1313 4907; x_wconf 80' lang='lat' dir='ltr'>sive</span> <span class='ocrx_word' id='word_1_703' title='bbox 1341 4850 1649 4922; x_wconf 86' lang='lat' dir='ltr'>spiritualis,</span> <span class='ocrx_word' id='word_1_704' title='bbox 1681 4853 1958 4909; x_wconf 89' lang='lat' dir='ltr'>sciendum</span> 
     </span>
    </p>
   </div>
   <div class='ocr_carea' id='block_1_101' title="bbox 357 4939 1958 5012">
    <p class='ocr_par' dir='ltr' id='par_1_101' title="bbox 357 4939 1958 5012">
     <span class='ocr_line' id='line_1_101' title="bbox 357 4939 1958 5012; baseline 0 -14"><span class='ocrx_word' id='word_1_705' title='bbox 357 4949 437 4997; x_wconf 87' lang='lat' dir='ltr'>est</span> <span class='ocrx_word' id='word_1_706' title='bbox 494 4942 640 5012; x_wconf 90' lang='lat' dir='ltr'>quod</span> <span class='ocrx_word' id='word_1_707' title='bbox 704 4942 974 4997; x_wconf 90' lang='lat' dir='ltr'>interdum</span> <span class='ocrx_word' id='word_1_708' title='bbox 1022 4942 1272 5011; x_wconf 67' lang='lat' dir='ltr'>quaedam</span> <span class='ocrx_word' id='word_1_709' title='bbox 1321 4939 1624 4995; x_wconf 87' lang='lat' dir='ltr'>sentiuntur</span> <span class='ocrx_word' id='word_1_710' title='bbox 1669 4941 1726 4996; x_wconf 90' lang='lat' dir='ltr'>in</span> <span class='ocrx_word' id='word_1_711' title='bbox 1772 4957 1958 5010; x_wconf 90' lang='lat' dir='ltr'>carne,</span> 
     </span>
    </p>
   </div>
   <div class='ocr_carea' id='block_1_102' title="bbox 358 5028 1399 5103">
    <p class='ocr_par' dir='ltr' id='par_1_102' title="bbox 358 5028 1399 5103">
     <span class='ocr_line' id='line_1_102' title="bbox 358 5028 1399 5103; baseline -0.002 -17"><span class='ocrx_word' id='word_1_712' title='bbox 358 5030 556 5103; x_wconf 88' lang='lat' dir='ltr'>quibus</span> <span class='ocrx_word' id='word_1_713' title='bbox 581 5029 826 5088; x_wconf 87' lang='lat' dir='ltr'>voluntas</span> <span class='ocrx_word' id='word_1_714' title='bbox 855 5030 1080 5086; x_wconf 87' lang='lat' dir='ltr'>minime</span> <span class='ocrx_word' id='word_1_715' title='bbox 1111 5028 1399 5087; x_wconf 88' lang='lat' dir='ltr'>consentit.</span> 
     </span>
    </p>
   </div>
   <div class='ocr_carea' id='block_1_103' title="bbox 2603 4588 3155 4644">
    <p class='ocr_par' dir='ltr' id='par_1_103' title="bbox 2603 4588 3155 4644">
     <span class='ocr_line' id='line_1_103' title="bbox 2603 4588 3155 4644; baseline 0.005 -4"><span class='ocrx_word' id='word_1_716' title='bbox 2603 4588 2831 4644; x_wconf 85' lang='lat' dir='ltr'><strong>CAPUT</strong></span> <span class='ocrx_word' id='word_1_717' title='bbox 2870 4588 3155 4644; x_wconf 87' lang='lat' dir='ltr'><strong>CLXXIV.</strong></span> 
     </span>
    </p>
   </div>
   <div class='ocr_carea' id='block_1_104' title="bbox 2555 4677 3180 4751">
    <p class='ocr_par' dir='ltr' id='par_1_104' title="bbox 2555 4677 3180 4751">
     <span class='ocr_line' id='line_1_104' title="bbox 2555 4677 3180 4751; baseline -0.003 -17"><span class='ocrx_word' id='word_1_718' title='bbox 2555 4681 2631 4734; x_wconf 89' lang='lat' dir='ltr'>De</span> <span class='ocrx_word' id='word_1_719' title='bbox 2661 4677 2936 4751; x_wconf 83' lang='lat' dir='ltr'>quadrato</span> <span class='ocrx_word' id='word_1_720' title='bbox 2968 4677 3180 4750; x_wconf 85' lang='lat' dir='ltr'>lapide.</span> 
     </span>
    </p>
   </div>
   <div class='ocr_carea' id='block_1_105' title="bbox 2140 4765 3672 4838">
    <p class='ocr_par' dir='ltr' id='par_1_105' title="bbox 2140 4765 3672 4838">
     <span class='ocr_line' id='line_1_105' title="bbox 2140 4765 3672 4838; baseline 0 -16"><span class='ocrx_word' id='word_1_721' title='bbox 2140 4767 2455 4835; x_wconf 88' lang='lat' dir='ltr'>Quadratus</span> <span class='ocrx_word' id='word_1_722' title='bbox 2484 4766 2630 4836; x_wconf 88' lang='lat' dir='ltr'>lapis</span> <span class='ocrx_word' id='word_1_723' title='bbox 2660 4782 2755 4821; x_wconf 85' lang='lat' dir='ltr'>sex</span> <span class='ocrx_word' id='word_1_724' title='bbox 2785 4766 3020 4838; x_wconf 67' lang='lat' dir='ltr'>mqualia</span> <span class='ocrx_word' id='word_1_725' title='bbox 3048 4766 3212 4820; x_wconf 85' lang='lat' dir='ltr'>habet</span> <span class='ocrx_word' id='word_1_726' title='bbox 3235 4765 3425 4836; x_wconf 86' lang='lat' dir='ltr'>latera,</span> <span class='ocrx_word' id='word_1_727' title='bbox 3450 4765 3504 4820; x_wconf 89' lang='lat' dir='ltr'>in</span> <span class='ocrx_word' id='word_1_728' title='bbox 3525 4766 3672 4837; x_wconf 90' lang='lat' dir='ltr'>quod</span> 
     </span>
    </p>
   </div>
   <div class='ocr_carea' id='block_1_106' title="bbox 2068 4854 3672 4927">
    <p class='ocr_par' dir='ltr' id='par_1_106' title="bbox 2068 4854 3672 4927">
     <span class='ocr_line' id='line_1_106' title="bbox 2068 4854 3672 4927; baseline 0 -17"><span class='ocrx_word' id='word_1_729' title='bbox 2068 4855 2266 4926; x_wconf 90' lang='lat' dir='ltr'>horum</span> <span class='ocrx_word' id='word_1_730' title='bbox 2322 4855 2610 4921; x_wconf 87' lang='lat' dir='ltr'>ceciderit,</span> <span class='ocrx_word' id='word_1_731' title='bbox 2670 4854 2894 4910; x_wconf 88' lang='lat' dir='ltr'>ﬁrmiter</span> <span class='ocrx_word' id='word_1_732' title='bbox 2943 4854 3187 4926; x_wconf 87' lang='lat' dir='ltr'>jacebit;</span> <span class='ocrx_word' id='word_1_733' title='bbox 3235 4855 3321 4911; x_wconf 88' lang='lat' dir='ltr'>sic</span> <span class='ocrx_word' id='word_1_734' title='bbox 3367 4856 3672 4927; x_wconf 87' lang='lat' dir='ltr'>providen-</span> 
     </span>
    </p>
   </div>
   <div class='ocr_carea' id='block_1_107' title="bbox 2068 4942 3664 5016">
    <p class='ocr_par' dir='ltr' id='par_1_107' title="bbox 2068 4942 3664 5016">
     <span class='ocr_line' id='line_1_107' title="bbox 2068 4942 3664 5016; baseline 0.002 -17"><span class='ocrx_word' id='word_1_735' title='bbox 2068 4943 2198 4999; x_wconf 90' lang='lat' dir='ltr'>dum</span> <span class='ocrx_word' id='word_1_736' title='bbox 2231 4952 2312 5000; x_wconf 91' lang='lat' dir='ltr'>est</span> <span class='ocrx_word' id='word_1_737' title='bbox 2338 4945 2456 5000; x_wconf 90' lang='lat' dir='ltr'>viro</span> <span class='ocrx_word' id='word_1_738' title='bbox 2496 4943 2663 5014; x_wconf 90' lang='lat' dir='ltr'>justo,</span> <span class='ocrx_word' id='word_1_739' title='bbox 2717 4951 2777 4999; x_wconf 89' lang='lat' dir='ltr'>ut</span> <span class='ocrx_word' id='word_1_740' title='bbox 2820 4942 2876 4998; x_wconf 93' lang='lat' dir='ltr'>in</span> <span class='ocrx_word' id='word_1_741' title='bbox 2921 4959 3021 5000; x_wconf 88' lang='lat' dir='ltr'>suo</span> <span class='ocrx_word' id='word_1_742' title='bbox 3063 4943 3320 5014; x_wconf 89' lang='lat' dir='ltr'>persistat</span> <span class='ocrx_word' id='word_1_743' title='bbox 3348 4944 3664 5016; x_wconf 86' lang='lat' dir='ltr'>preposito.</span> 
     </span>
    </p>
   </div>
   <div class='ocr_carea' id='block_1_108' title="bbox 2069 5031 3667 5105">
    <p class='ocr_par' dir='ltr' id='par_1_108' title="bbox 2069 5031 3667 5105">
     <span class='ocr_line' id='line_1_108' title="bbox 2069 5031 3667 5105; baseline 0.002 -18"><span class='ocrx_word' id='word_1_744' title='bbox 2069 5033 2251 5104; x_wconf 86' lang='lat' dir='ltr'>Hujus</span> <span class='ocrx_word' id='word_1_745' title='bbox 2306 5040 2484 5088; x_wconf 89' lang='lat' dir='ltr'>autem</span> <span class='ocrx_word' id='word_1_746' title='bbox 2537 5031 2709 5089; x_wconf 88' lang='lat' dir='ltr'>latera</span> <span class='ocrx_word' id='word_1_747' title='bbox 2763 5046 2868 5088; x_wconf 81' lang='lat' dir='ltr'>sex</span> <span class='ocrx_word' id='word_1_748' title='bbox 2908 5032 3030 5089; x_wconf 57' lang='lat' dir='ltr'>hare</span> <span class='ocrx_word' id='word_1_749' title='bbox 3087 5039 3248 5088; x_wconf 87' lang='lat' dir='ltr'>sunt:</span> <span class='ocrx_word' id='word_1_750' title='bbox 3306 5034 3667 5105; x_wconf 89' lang='lat' dir='ltr'>prosperitas,</span> 
     </span>
    </p>
   </div>
   <div class='ocr_carea' id='block_1_109' title="bbox 1665 5127 2338 5188">
    <p class='ocr_par' dir='ltr' id='par_1_109' title="bbox 1665 5127 2338 5188">
     <span class='ocr_line' id='line_1_109' title="bbox 1665 5127 2338 5188; baseline 0.004 -6"><span class='ocrx_word' id='word_1_751' title='bbox 1665 5127 1894 5183; x_wconf 69' lang='lat' dir='ltr'><strong>VARIE</strong></span> <span class='ocrx_word' id='word_1_752' title='bbox 1931 5129 2338 5188; x_wconf 84' lang='lat' dir='ltr'>LECTIONES.</span> 
     </span>
    </p>
   </div>
   <div class='ocr_carea' id='block_1_110' title="bbox 426 5225 2644 5301">
    <p class='ocr_par' dir='ltr' id='par_1_110' title="bbox 426 5225 2644 5301">
     <span class='ocr_line' id='line_1_110' title="bbox 426 5225 2644 5301; baseline -0 -16"><span class='ocrx_word' id='word_1_753' title='bbox 426 5226 490 5258; x_wconf 75' lang='grc'>’³⁷</span> <span class='ocrx_word' id='word_1_754' title='bbox 521 5230 621 5285; x_wconf 88' lang='lat' dir='ltr'>Pro</span> <span class='ocrx_word' id='word_1_755' title='bbox 652 5244 866 5301; x_wconf 67' lang='lat' dir='ltr'>pinnam</span> <span class='ocrx_word' id='word_1_756' title='bbox 898 5237 948 5284; x_wconf 89' lang='lat' dir='ltr'>te</span> <span class='ocrx_word' id='word_1_757' title='bbox 973 5225 1236 5301; x_wconf 59' lang='lat' dir='ltr'>accipian</span> <span class='ocrx_word' id='word_1_758' title='bbox 1264 5242 1372 5301; x_wconf 63' lang='lat' dir='ltr'>nis.</span> <span class='ocrx_word' id='word_1_759' title='bbox 1391 5228 1545 5301; x_wconf 88' lang='lat' dir='ltr'>_Vict.</span> <span class='ocrx_word' id='word_1_760' title='bbox 1578 5241 1795 5301; x_wconf 57' lang='lat' dir='ltr'>poenam</span> <span class='ocrx_word' id='word_1_761' title='bbox 1825 5242 1920 5301; x_wconf 84' lang='lat' dir='ltr'>pro</span> <span class='ocrx_word' id='word_1_762' title='bbox 1963 5236 2015 5301; x_wconf 82' lang='lat' dir='ltr'>te</span> <span class='ocrx_word' id='word_1_763' title='bbox 2061 5229 2330 5301; x_wconf 81' lang='lat' dir='ltr'>excipiam</span> <span class='ocrx_word' id='word_1_764' title='bbox 2351 5246 2458 5286; x_wconf 86' lang='lat' dir='ltr'>ms.</span> <span class='ocrx_word' id='word_1_765' title='bbox 2494 5231 2644 5287; x_wconf 84' lang='lat' dir='ltr'>Carb.</span> 
     </span>
    </p>
   </div>
   <div class='ocr_carea' id='block_1_111' title="bbox 355 5295 2479 5359">
    <p class='ocr_par' dir='ltr' id='par_1_111' title="bbox 355 5295 2479 5359">
     <span class='ocr_line' id='line_1_111' title="bbox 355 5295 2479 5359; baseline -0 -3"><span class='ocrx_word' id='word_1_766' title='bbox 355 5317 464 5358; x_wconf 88' lang='lat' dir='ltr'>ms.</span> <span class='ocrx_word' id='word_1_767' title='bbox 507 5295 982 5359; x_wconf 46' lang='lat' dir='ltr'>Vict-cessassent.</span> <span class='ocrx_word' id='word_1_768' title='bbox 1058 5297 1118 5326; x_wconf 83' lang='lat'><strong>’”</strong></span> <span class='ocrx_word' id='word_1_769' title='bbox 1151 5299 1278 5353; x_wconf 87' lang='lat' dir='ltr'>Sive</span> <span class='ocrx_word' id='word_1_770' title='bbox 1307 5296 1362 5350; x_wconf 90' lang='lat' dir='ltr'>in</span> <span class='ocrx_word' id='word_1_771' title='bbox 1391 5299 1491 5352; x_wconf 90' lang='lat' dir='ltr'>hac</span> <span class='ocrx_word' id='word_1_772' title='bbox 1517 5313 1651 5352; x_wconf 87' lang='lat' dir='ltr'>mss.</span> <span class='ocrx_word' id='word_1_773' title='bbox 1695 5295 1842 5353; x_wconf 77' lang='lat' dir='ltr'>Vict.</span> <span class='ocrx_word' id='word_1_774' title='bbox 1867 5299 2024 5355; x_wconf 84' lang='lat' dir='ltr'>Corb.</span> <span class='ocrx_word' id='word_1_775' title='bbox 2045 5299 2159 5357; x_wconf 83' lang='lat' dir='ltr'>sive</span> <span class='ocrx_word' id='word_1_776' title='bbox 2184 5295 2238 5356; x_wconf 80' lang='lat' dir='ltr'>et</span> <span class='ocrx_word' id='word_1_777' title='bbox 2268 5301 2322 5355; x_wconf 91' lang='lat' dir='ltr'>in</span> <span class='ocrx_word' id='word_1_778' title='bbox 2356 5301 2479 5356; x_wconf 87' lang='lat' dir='ltr'>hac.</span> 
     </span>
    </p>
   </div>
   <div class='ocr_carea' id='block_1_112' title="bbox 358 5389 710 5446">
    <p class='ocr_par' dir='ltr' id='par_1_112' title="bbox 358 5389 710 5446">
     <span class='ocr_line' id='line_1_112' title="bbox 358 5389 710 5446; baseline -0.003 -18"><span class='ocrx_word' id='word_1_779' title='bbox 358 5389 467 5446; x_wconf 87' lang='lat' dir='ltr'>non</span> <span class='ocrx_word' id='word_1_780' title='bbox 499 5389 710 5446; x_wconf 81' lang='lat' dir='ltr'>regem.</span> 
     </span>
    </p>
   </div>
   <div class='ocr_carea' id='block_1_113' title="bbox 358 5445 660 5500">
    <p class='ocr_par' dir='ltr' id='par_1_113' title="bbox 358 5445 660 5500">
     <span class='ocr_line' id='line_1_113' title="bbox 358 5445 660 5500; baseline -0.003 0"><span class='ocrx_word' id='word_1_781' title='bbox 358 5445 660 5500; x_wconf 78' lang='lat' dir='ltr'>voluntate.</span> 
     </span>
    </p>
   </div>
   <div class='ocr_carea' id='block_1_114' title="bbox 357 5510 1938 5587">
    <p class='ocr_par' dir='ltr' id='par_1_114' title="bbox 357 5510 1938 5587">
     <span class='ocr_line' id='line_1_114' title="bbox 357 5510 1938 5587; baseline -0.003 -18"><span class='ocrx_word' id='word_1_782' title='bbox 357 5516 639 5572; x_wconf 84' lang='lat' dir='ltr'>voluntate</span> <span class='ocrx_word' id='word_1_783' title='bbox 663 5514 925 5587; x_wconf 85' lang='lat' dir='ltr'>operandi</span> <span class='ocrx_word' id='word_1_784' title='bbox 954 5528 1062 5587; x_wconf 70' lang='lat' dir='ltr'>ms.</span> <span class='ocrx_word' id='word_1_785' title='bbox 1103 5510 1321 5587; x_wconf 42' lang='lat' dir='ltr'>Victi};</span> <span class='ocrx_word' id='word_1_786' title='bbox 1347 5510 1622 5587; x_wconf 65' lang='lat' dir='ltr'>voluntate</span> <span class='ocrx_word' id='word_1_787' title='bbox 1652 5511 1938 5587; x_wconf 69' lang='lat' dir='ltr'>operandi.</span> 
     </span>
    </p>
   </div>
   <div class='ocr_carea' id='block_1_115' title="bbox 359 5579 1639 5647">
    <p class='ocr_par' dir='ltr' id='par_1_115' title="bbox 359 5579 1639 5647">
     <span class='ocr_line' id='line_1_115' title="bbox 359 5579 1639 5647; baseline -0.005 -2"><span class='ocrx_word' id='word_1_788' title='bbox 359 5589 585 5647; x_wconf 87' lang='lat' dir='ltr'>deberet</span> <span class='ocrx_word' id='word_1_789' title='bbox 613 5579 851 5646; x_wconf 75' lang='lat' dir='ltr'>mundus</span> <span class='ocrx_word' id='word_1_790' title='bbox 880 5584 1153 5645; x_wconf 74' lang='lat' dir='ltr'>sustinere</span> <span class='ocrx_word' id='word_1_791' title='bbox 1184 5581 1333 5637; x_wconf 76' lang='grc' dir='ltr'>Εάίε.</span> <span class='ocrx_word' id='word_1_792' title='bbox 1371 5579 1496 5639; x_wconf 87' lang='lat' dir='ltr'>Col.</span> <span class='ocrx_word' id='word_1_793' title='bbox 1527 5595 1639 5636; x_wconf 86' lang='lat' dir='ltr'>non</span> 
     </span>
    </p>
   </div>
   <div class='ocr_carea' id='block_1_116' title="bbox 741 5437 3331 5514">
    <p class='ocr_par' dir='ltr' id='par_1_116' title="bbox 741 5437 3331 5514">
     <span class='ocr_line' id='line_1_116' title="bbox 741 5437 3331 5514; baseline 0 -17"><span class='ocrx_word' id='word_1_794' title='bbox 741 5442 825 5474; x_wconf 76' lang='grc'>¹⁰⁰¹</span> <span class='ocrx_word' id='word_1_795' title='bbox 856 5445 916 5497; x_wconf 90' lang='lat' dir='ltr'><strong>In</strong></span> <span class='ocrx_word' id='word_1_796' title='bbox 946 5441 1222 5514; x_wconf 74' lang='lat' dir='ltr'>voluntate</span> <span class='ocrx_word' id='word_1_797' title='bbox 1252 5437 1619 5514; x_wconf 77' lang='lat' dir='ltr'>suggestionis</span> <span class='ocrx_word' id='word_1_798' title='bbox 1648 5455 1785 5494; x_wconf 85' lang='lat' dir='ltr'>mss.</span> <span class='ocrx_word' id='word_1_799' title='bbox 1823 5442 1953 5514; x_wconf 75' lang='lat' dir='ltr'>Vict.</span> <span class='ocrx_word' id='word_1_800' title='bbox 1980 5442 2236 5514; x_wconf 79' lang='lat' dir='ltr'>Corb.et</span> <span class='ocrx_word' id='word_1_801' title='bbox 2259 5445 2406 5514; x_wconf 81' lang='lat' dir='ltr'>Edit.</span> <span class='ocrx_word' id='word_1_802' title='bbox 2434 5445 2547 5500; x_wconf 85' lang='lat' dir='ltr'>Col.</span> <span class='ocrx_word' id='word_1_803' title='bbox 2581 5443 2636 5498; x_wconf 89' lang='lat' dir='ltr'>in</span> <span class='ocrx_word' id='word_1_804' title='bbox 2664 5445 2940 5500; x_wconf 88' lang='lat' dir='ltr'>voluntate</span> <span class='ocrx_word' id='word_1_805' title='bbox 2960 5443 3331 5514; x_wconf 77' lang='lat' dir='ltr'>cogitationis.</span> 
     </span>
    </p>
   </div>
   <div class='ocr_carea' id='block_1_117' title="bbox 2735 5229 3663 5302">
    <p class='ocr_par' dir='ltr' id='par_1_117' title="bbox 2735 5229 3663 5302">
     <span class='ocr_line' id='line_1_117' title="bbox 2735 5229 3663 5302; baseline 0.002 -17"><span class='ocrx_word' id='word_1_806' title='bbox 2735 5247 2792 5288; x_wconf 87' lang='lat' dir='ltr'>ro</span> <span class='ocrx_word' id='word_1_807' title='bbox 2823 5240 2874 5286; x_wconf 84' lang='lat' dir='ltr'>te</span> <span class='ocrx_word' id='word_1_808' title='bbox 2921 5229 3168 5302; x_wconf 88' lang='lat' dir='ltr'>eripiam.</span> <span class='ocrx_word' id='word_1_809' title='bbox 3283 5229 3344 5259; x_wconf 83' lang='lat'><strong>’”</strong></span> <span class='ocrx_word' id='word_1_810' title='bbox 3376 5231 3663 5287; x_wconf 89' lang='lat' dir='ltr'>Cessarent</span> 
     </span>
    </p>
   </div>
   <div class='ocr_carea' id='block_1_118' title="bbox 2556 5301 3658 5374">
    <p class='ocr_par' dir='ltr' id='par_1_118' title="bbox 2556 5301 3658 5374">
     <span class='ocr_line' id='line_1_118' title="bbox 2556 5301 3658 5374; baseline 0 -17"><span class='ocrx_word' id='word_1_811' title='bbox 2556 5301 2636 5330; x_wconf 76' lang='grc'>¹⁰⁰⁰</span> <span class='ocrx_word' id='word_1_812' title='bbox 2666 5301 2786 5358; x_wconf 86' lang='grc' dir='ltr'>Νοη</span> <span class='ocrx_word' id='word_1_813' title='bbox 2817 5301 2944 5372; x_wconf 84' lang='lat' dir='ltr'>quia</span> <span class='ocrx_word' id='word_1_814' title='bbox 2973 5301 3161 5374; x_wconf 11' lang='lat' dir='ltr'>regem,</span> <span class='ocrx_word' id='word_1_815' title='bbox 3180 5319 3314 5359; x_wconf 90' lang='lat' dir='ltr'>mss.</span> <span class='ocrx_word' id='word_1_816' title='bbox 3337 5303 3491 5358; x_wconf 83' lang='lat' dir='ltr'>Corb.</span> <span class='ocrx_word' id='word_1_817' title='bbox 3521 5304 3658 5358; x_wconf 78' lang='lat' dir='ltr'>Vict.</span> 
     </span>
    </p>
   </div>
   <div class='ocr_carea' id='block_1_119' title="bbox 796 5368 3662 5437">
    <p class='ocr_par' dir='ltr' id='par_1_119' title="bbox 796 5368 3662 5437">
     <span class='ocr_line' id='line_1_119' title="bbox 796 5368 3662 5437; baseline 0 -12"><span class='ocrx_word' id='word_1_818' title='bbox 796 5370 876 5400; x_wconf 82' lang='grc'>¹⁰⁹¹</span> <span class='ocrx_word' id='word_1_819' title='bbox 911 5369 1070 5426; x_wconf 82' lang='lat' dir='ltr'>Ratio</span> <span class='ocrx_word' id='word_1_820' title='bbox 1102 5368 1501 5424; x_wconf 85' lang='lat' dir='ltr'>assimilatur...</span> <span class='ocrx_word' id='word_1_821' title='bbox 1533 5368 1868 5437; x_wconf 88' lang='lat' dir='ltr'>appetitus...</span> <span class='ocrx_word' id='word_1_822' title='bbox 1904 5371 2156 5425; x_wconf 89' lang='lat' dir='ltr'>voluntas</span> <span class='ocrx_word' id='word_1_823' title='bbox 2181 5389 2318 5427; x_wconf 88' lang='lat' dir='ltr'>mss.</span> <span class='ocrx_word' id='word_1_824' title='bbox 2351 5373 2486 5428; x_wconf 88' lang='lat' dir='ltr'>Vict.</span> <span class='ocrx_word' id='word_1_825' title='bbox 2513 5373 2667 5430; x_wconf 86' lang='lat' dir='ltr'>Corb.</span> <span class='ocrx_word' id='word_1_826' title='bbox 2710 5368 2921 5429; x_wconf 78' lang='lat' dir='ltr'>ratione</span> <span class='ocrx_word' id='word_1_827' title='bbox 2959 5368 3334 5428; x_wconf 75' lang='lat' dir='ltr'>as§imilatur..</span> <span class='ocrx_word' id='word_1_828' title='bbox 3368 5374 3662 5437; x_wconf 85' lang='lat' dir='ltr'>appetitu..</span> 
     </span>
    </p>
   </div>
   <div class='ocr_carea' id='block_1_120' title="bbox 3436 5441 3670 5498">
    <p class='ocr_par' dir='ltr' id='par_1_120' title="bbox 3436 5441 3670 5498">
     <span class='ocr_line' id='line_1_120' title="bbox 3436 5441 3670 5498; baseline 0 -29"><span class='ocrx_word' id='word_1_829' title='bbox 3436 5441 3495 5469; x_wconf 68' lang='lat'>00.</span> 
     </span>
    </p>
   </div>
   <div class='ocr_carea' id='block_1_121' title="bbox 2023 5511 3663 5586">
    <p class='ocr_par' dir='ltr' id='par_1_121' title="bbox 2023 5511 3663 5586">
     <span class='ocr_line' id='line_1_121' title="bbox 2023 5511 3663 5586; baseline 0.001 -18"><span class='ocrx_word' id='word_1_830' title='bbox 2023 5511 2103 5586; x_wconf 47' lang='lat'>9“</span> <span class='ocrx_word' id='word_1_831' title='bbox 2122 5513 2243 5586; x_wconf 83' lang='lat' dir='ltr'>Non</span> <span class='ocrx_word' id='word_1_832' title='bbox 2258 5513 2425 5586; x_wconf 80' lang='lat' dir='ltr'>debet</span> <span class='ocrx_word' id='word_1_833' title='bbox 2453 5514 2542 5586; x_wconf 89' lang='lat' dir='ltr'>qui</span> <span class='ocrx_word' id='word_1_834' title='bbox 2572 5516 2805 5571; x_wconf 90' lang='lat' dir='ltr'>mundus</span> <span class='ocrx_word' id='word_1_835' title='bbox 2827 5523 2909 5571; x_wconf 86' lang='lat' dir='ltr'>est</span> <span class='ocrx_word' id='word_1_836' title='bbox 2930 5511 3224 5571; x_wconf 76' lang='lat' dir='ltr'>subsistere</span> <span class='ocrx_word' id='word_1_837' title='bbox 3247 5530 3353 5570; x_wconf 88' lang='lat' dir='ltr'>ms.</span> <span class='ocrx_word' id='word_1_838' title='bbox 3390 5513 3524 5570; x_wconf 85' lang='lat' dir='ltr'>Vict.</span> <span class='ocrx_word' id='word_1_839' title='bbox 3551 5531 3663 5570; x_wconf 89' lang='lat' dir='ltr'>non</span> 
     </span>
    </p>
   </div>
   <div class='ocr_carea' id='block_1_122' title="bbox 1709 5580 2446 5644">
    <p class='ocr_par' dir='ltr' id='par_1_122' title="bbox 1709 5580 2446 5644">
     <span class='ocr_line' id='line_1_122' title="bbox 1709 5580 2446 5644; baseline 0.007 -8"><span class='ocrx_word' id='word_1_840' title='bbox 1709 5580 1834 5638; x_wconf 88' lang='lat' dir='ltr'>ebet</span> <span class='ocrx_word' id='word_1_841' title='bbox 1863 5583 2096 5640; x_wconf 89' lang='lat' dir='ltr'>mundus</span> <span class='ocrx_word' id='word_1_842' title='bbox 2124 5584 2446 5644; x_wconf 86' lang='lat' dir='ltr'>subsistere.</span> 
     </span>
    </p>
   </div>
  </div>
