3970 6088
465 329 573 388 695

1474 326 1792 384 KADMERI
1832 325 2392 383 CANTUARIENSIS
2428 324 2754 383 MONACHI

3674 330 3789 385 696

467 450 794 520 adversitas,
845 449 927 508 sui
968 449 1212 521 libertas,
1242 451 1525 523 subjectio,
1566 452 1621 508 in
1661 458 1872 508 secreto
1917 467 2058 521 esse,
2089 451 2139 514 A
2173 451 2366 509 neﬁcio
2413 452 2684 526 ingratum
2733 454 2995 521 existere,
3051 455 3198 526 justo
3251 454 3353 510 Dei
3407 451 3620 525 judicio
3679 469 3790 508 nec

465 541 600 598 etin
630 540 878 612 publico;
929 539 987 596 in
1033 541 1228 612 quibus
1273 541 1523 614 singulis,
1554 540 1599 596 si
1628 558 1661 596 a
1689 541 1910 598 diabolo
1953 540 2062 596 im-

467 629 731 704 pulsetur,
753 636 874 699 stet,
907 645 1009 686 nec
1037 644 1070 685 a
1097 629 1373 702 proposito
1403 638 1706 687 moveatur.

989 737 1215 794 CAPUT
1252 738 1529 794 CLXXV.

1085 828 1162 883 De
1194 831 1446 898 peccato.

535 918 615 972 De
667 923 890 987 peccato
949 915 1122 970 tribus
1173 915 1351 970 modis
1409 914 1707 986 loquimur.
1753 914 2066 972 Secundum

459 1008 732 1071 naturam,
782 1005 839 1060 id
886 1011 972 1060 est
1009 1003 1312 1059 districtam
1339 1003 1626 1074 justitiam,
1658 1007 1717 1058 ut
1745 1003 1878 1058 illud
1911 1022 1924 1059 :
1960 1004 2066 1072 Qui

462 1095 681 1150 dixerit
710 1095 888 1161 fratri
916 1109 1035 1159 suo,
1068 1096 1255 1162 fatue,
1286 1109 1418 1149 reus
1460 1094 1573 1148 erit
1612 1092 1885 1164 gehennae
1912 1093 2064 1164 ignis

460 1184 683 1253 (Matth.
716 1198 774 1250 v,
805 1181 917 1249 22).
959 1182 1271 1237 Secundum
1303 1179 1554 1252 gratiam,
1583 1188 1641 1235 ut
1674 1199 1685 1234 :
1723 1181 2062 1253 Quacunque

461 1271 598 1328 hora
623 1272 967 1343 ingemuerit
993 1275 1273 1341 peccator,
1293 1273 1596 1341 peccatum
1618 1287 1783 1326 suum
1801 1272 2063 1326 remitte-

460 1366 560 1417 tur
585 1363 640 1417 ei
667 1361 890 1428 (Ezech.
912 1359 1088 1430 xvm).
1123 1360 1223 1414 Et:
1255 1358 1679 1415 Convertimini
1697 1359 1769 1414 ad
1790 1375 1900 1424 me,
1923 1359 2065 1414 dicit

461 1451 757 1517 Dominus,
804 1452 861 1504 et
908 1464 1004 1519 ego
1046 1452 1347 1504 convertar
1387 1449 1460 1502 ad
1506 1463 1598 1504 vos
1651 1447 1852 1516 (Zach.
1892 1463 1932 1516 ι,
1983 1447 2059 1517 3).

460 1536 772 1593 Secundum
815 1535 1195 1606 disciplinam,
1241 1543 1297 1591 ut
1339 1552 1461 1590 cum
1508 1536 1823 1608 pracipitur
1858 1535 2063 1591 homini

464 1633 668 1680 tantum
690 1625 774 1680 vel
799 1633 1004 1680 tantum
1022 1625 1302 1696 paenitere.
1326 1625 1627 1696 Disciplina
1646 1633 1727 1681 est
1745 1624 1845 1680 sub
1864 1623 2062 1696 gratia,

462 1713 592 1784 quia
619 1711 799 1768 nullus
827 1713 1095 1784 poenitere
1114 1712 1198 1769 vel
1220 1712 1533 1770 satisfacere
1554 1718 1742 1786 posset
1765 1712 1866 1768 nisi
1889 1713 2068 1785 gratia

456 1801 810 1875 praveniret.

984 1873 1204 1929 CAPUT
1240 1871 1532 1929 CLXXVI.

903 1963 981 2019 De
1031 1962 1414 2018 similitudine
1459 1977 1622 2018 cerae.

531 2050 730 2108 Videas
757 2049 1039 2107 hominem
1073 2049 1157 2079 ¹⁰⁰⁵
1185 2050 1241 2106 in
1267 2050 1505 2106 vanitate
1537 2050 1606 2106 ab
1633 2049 1857 2106 infantia
1885 2067 2065 2123 usque

459 2142 529 2198 ad
576 2141 902 2213 profundam
947 2146 1284 2195 senectutem
1327 2147 1736 2208 conversatum,
1785 2139 1902 2195 sola
1951 2148 2062 2196 ter-

462 2247 594 2286 rena
623 2229 943 2302 sapientem,
980 2236 1032 2285 et
1061 2229 1117 2282 in
1144 2230 1233 2283 his
1281 2228 1494 2300 penitus
1539 2228 1888 2284 obduratum.
1927 2229 2062 2285 Cum

458 2321 564 2376 hoc
595 2334 697 2391 age
728 2318 795 2374 de
823 2317 1221 2389 spiritualibus,
1253 2317 1380 2372 huic
1426 2318 1495 2372 de
1542 2316 1833 2384 subtilitate
1863 2318 2066 2374 divina

459 2407 931 2478 contemplationis
959 2406 1210 2477 loquere,
1242 2407 1385 2461 hunc
1414 2414 1628 2462 secreta
1669 2406 1852 2460 rimari
1892 2407 2064 2463 coele-

462 2498 564 2553 stia
594 2497 751 2564 doce,
786 2503 838 2551 et
867 2495 1167 2567 prospicies
1194 2511 1316 2550 eum
1345 2511 1694 2567 nequaquam
1742 2511 1900 2567 posse
1947 2498 2065 2551 hac

459 2586 653 2641 videre
682 2585 782 2639 ποθ’.
833 2586 948 2641 Nec
993 2584 1211 2653 mirum,
1262 2583 1506 2639 indurata
1553 2592 1636 2639 est
1689 2599 1832 2652 cera,
1865 2584 1919 2640 in
1949 2584 2066 2639 istis

459 2682 674 2730 atatem
705 2672 942 2743 nutrivit,
975 2673 1151 2728 aliena
1177 2671 1248 2726 ab
1278 2671 1401 2727 istis
1431 2671 1585 2741 sequi
1615 2672 1823 2727 didicit.
1857 2673 1898 2728 E
1927 2687 2064 2729 con-

469 2769 554 2817 tra
580 2762 901 2820 consideres
946 2777 1178 2832 puerum
1221 2768 1382 2815 atate
1429 2769 1480 2815 et
1528 2761 1751 2816 scientia
1801 2769 2066 2829 tenerum,

459 2867 564 2908 nec
592 2851 816 2919 bonum,
865 2866 966 2906 nec
1013 2849 1215 2904 malum
1264 2849 1576 2904 discernere
1614 2849 1916 2917 valentem,
1967 2864 2069 2906 nec

471 2947 521 2995 te
565 2939 790 3011 quidem
831 2938 1138 3010 intelligere
1183 2938 1254 2993 de
1303 2937 1618 3007 bujusmodi
1675 2937 2060 2996 disserentem.

458 3029 574 3085 Nec
604 3027 824 3100 quidem
855 3026 1072 3081 mirum.
1096 3026 1272 3081 Mollis
1301 3026 1443 3081 enim
1469 3033 1548 3081 est
1577 3042 1720 3096 cera,
1744 3035 1797 3082 et
1827 3027 1981 3097 quasi
2003 3027 2063 3082 li-

2169 541 2238 596 ad
2265 540 2349 570 ¹⁰¹⁰
2377 540 2601 597 meliora
2629 541 2898 612 proﬁciat,
2939 559 3042 599 nec
3091 544 3238 617 quod
3287 544 3505 614 accepit
3549 543 3647 597 diu
3691 550 3785 597 te-

2168 639 2290 685 neat
2318 628 2419 699 "“,
2445 638 2535 685 aut
2563 631 2623 685 in
2651 647 2716 687 eo
2746 632 2952 688 utiliter
2981 633 3256 704 persistat.
3281 632 3499 704 Quippe
3528 633 3661 686 dum
3697 632 3789 686 in-

2170 724 2448 775 cessanter
2476 719 2772 776 laboriosis
2815 722 3242 794 cogitationibus
3270 722 3340 776 de
3369 722 3655 787 mutando,
3691 730 3792 775 aut

2172 806 2219 862 si
2243 808 2442 862 mutari
2465 823 2575 863 non
2605 809 2983 876 valet,saltem
3011 811 3080 866 de
3111 809 3469 881 improbando
3497 809 3790 880 proposito

2171 896 2485 963 meditatur,
2529 913 2806 970 nunquam
2850 899 3064 954 interim
3105 899 3173 954 ad
3219 899 3380 954 ﬁnem
3412 898 3790 968 perfectionis

2172 985 2398 1041 tendere
2444 995 2687 1042 conatur.
2733 987 2874 1043 Nam
2923 989 3183 1058 quoniam
3226 987 3305 1042 illi
3334 986 3416 1015 m’
3444 988 3788 1042 fundamen-

2171 1078 2287 1128 tum
2319 1075 2462 1145 quod
2488 1075 2665 1146 posuit
2693 1075 2966 1146 displicet,
3009 1077 3311 1132 nullatenus
3345 1076 3424 1130 illi
3453 1083 3788 1132 structuram

2170 1162 2330 1218 bona
2363 1160 2441 1190 ¹⁰¹⁸
2472 1164 2596 1219 vita
2643 1165 3086 1235 superadiﬁcare
3132 1164 3284 1221 libet.
3336 1164 3492 1222 Unde
3521 1165 3582 1220 ﬁt
3609 1175 3668 1220 ut
3695 1165 3783 1195 ¹⁰³⁴

2172 1252 2635 1321 quemadmodum
2681 1253 2990 1322 arbuscula,
3035 1255 3080 1308 si
3140 1270 3286 1326 sape
3329 1253 3784 1324 transplantetur,

2171 1347 2261 1394 aut
2292 1356 2470 1409 nuper
2513 1341 2752 1412 plantata
2802 1341 2856 1396 in
2902 1343 3096 1398 eodem
3137 1343 3278 1411 loco,
3323 1343 3519 1399 crebra
3541 1345 3783 1398 convul-

2170 1427 2322 1484 sione
2351 1427 2434 1457 ¹⁰³⁸
2467 1428 2828 1500 inquietetur,
2868 1447 3213 1504 nequaquam
3263 1432 3519 1488 radicare
3564 1433 3780 1499 valens,

2171 1516 2476 1571 ariditatem
2544 1517 2649 1574 cito
2707 1519 2928 1574 attrahit
2983 1536 3085 1576 nec
3140 1521 3210 1576 ad
3265 1521 3501 1591 aliquam
3570 1521 3780 1576 fructus

2173 1604 2508 1662 fertilitatem
2538 1607 2784 1678 pervenit
2815 1624 2834 1660 :
2865 1609 2949 1664 sic
2977 1609 3164 1665 infelix
3210 1610 3529 1674 monachus,
3579 1610 3628 1663 si
3671 1626 3780 1665 sa-

2171 1693 2295 1764 pius
2323 1695 2392 1750 de
2422 1694 2541 1751 loco
2572 1697 2642 1751 ad
2672 1697 2850 1752 locum
2882 1700 3104 1770 proprio
3132 1699 3373 1770 appetitu
3403 1707 3650 1754 movetur
3667 1698 3774 1765 ιη’,

2089 1804 2145 1864 Β
2174 1790 2265 1837 aut
2295 1783 2347 1837 in
2377 1799 2486 1840 uno
2515 1800 2862 1857 permanens,
2895 1787 3210 1858 frequenter
3246 1789 3366 1860 ejus
3409 1787 3535 1844 odio
3564 1801 3779 1844 concu-

2173 1871 2325 1926 titur.

2658 1959 2880 2016 CAPUT
2928 1960 3271 2017 CLXXVIII.

2507 2049 2586 2103 De
2609 2050 2806 2120 pueris
2833 2050 3049 2122 plantae
3075 2054 3442 2124 comparatis.

2247 2137 2367 2204 Dic,
2401 2152 2610 2206 quaso,
2636 2137 2681 2191 si
2713 2138 2953 2207 plantam
2986 2139 3198 2195 arboris
3228 2142 3285 2195 in
3315 2143 3473 2198 horto
3505 2150 3596 2198 tuo
3625 2145 3783 2216 plan-

2177 2233 2342 2294 tares,
2371 2233 2424 2280 et
2450 2241 2578 2281 mox
2607 2225 2756 2280 illam
2807 2243 2872 2281 ex
2913 2227 3062 2282 omni
3091 2237 3244 2300 parte
3290 2231 3371 2285 ita
3418 2234 3783 2289 concluderes

2176 2323 2236 2369 ut
2292 2329 2476 2369 ramos
2530 2330 2656 2368 suos
2711 2315 3017 2370 nullatenus
3071 2319 3361 2374 extendere
3407 2327 3614 2391 posset,
3655 2339 3782 2378 cum

2178 2417 2302 2459 eam
2357 2411 2481 2473 post
2531 2418 2702 2457 annos
2759 2405 3120 2472 excluderes,
3179 2408 3352 2477 qualis
3426 2410 3590 2466 arbor
3655 2412 3784 2467 inde

2178 2491 2424 2563 prodiret
2439 2490 2562 2546 1°""?
2607 2491 2856 2548 Profecto
2894 2494 3096 2549 inutilis
3124 2495 3309 2562 arbor,
3341 2513 3548 2570 rugosa
3575 2507 3632 2554 et
3657 2499 3787 2572 gib—

2177 2580 2265 2635 bis
2293 2581 2477 2650 plena,
2511 2581 2678 2635 ramis
2706 2581 2819 2636 suis
2847 2581 3086 2638 incurvis
3113 2585 3391 2656 perplexa.
3449 2587 3566 2643 Hoc
3593 2589 3788 2660 utique

2180 2669 2373 2735 facitis,
2407 2685 2440 2724 ο
2471 2685 2569 2724 vos
2616 2686 2907 2739 puerorum
2951 2672 3223 2744 magistri,
3257 2674 3324 2729 de
3353 2676 3534 2745 pueris
3564 2677 3782 2746 vestris,

2179 2759 2272 2830 qui
2301 2759 2527 2829 plantati
2557 2763 2682 2813 sunt
2711 2775 2810 2830 per
2838 2760 3172 2817 oblationem
3202 2763 3257 2816 in
3288 2763 3550 2819 Ecclesia
3601 2767 3783 2834 horto,

2177 2855 2236 2901 ut
2289 2855 2532 2902 crescant
2558 2846 2639 2876 ¹⁰¹⁸
2685 2856 2738 2903 et
2782 2849 3102 2905 fructiﬁcent
3148 2852 3290 2906 Deo.
3339 2853 3449 2908 Vos
3495 2863 3676 2909 autem
3726 2855 3785 2910 in

2179 2943 2384 2990 tantum
2445 2936 2780 3003 terroribus,
2839 2937 3004 2992 minis
3039 2947 3092 2993 et
3147 2940 3466 2996 verberibus
3539 2943 3783 3014 undique

2179 3024 2303 3079 illos
2331 3025 2636 3092 coarctatis,
2667 3033 2728 3079 ut
2756 3026 2904 3080 nulla
2933 3027 3147 3096 penitus
3184 3027 3348 3084 liceat
3388 3029 3492 3084 sibi
3531 3030 3784 3087 libertate

460 3133 651 3188 quens,
684 3132 782 3172 nec
811 3115 1107 3188 imaginem
1137 3115 1308 3188 sigilli
1340 3115 1728 3187 quoquomodo
1760 3115 2051 3186 recipiens.
2090 3162 2139 3226 Ο
2179 3112 2357 3184 potiri.
2417 3115 2602 3184 Itaque
2633 3114 2928 3170 indiscrete
2958 3116 3221 3186 oppressi,
3254 3133 3450 3188 pravas
3495 3128 3548 3173 et
3589 3120 3786 3189 spina-

460 3205 661 3226 Il__lf-s_
692 3207 879 3226 L-_.____A
919 3205 1233 3226 -J-l______._
1280 3207 1323 3226 ,ι
1377 3204 1588 3226 2-----_:_
1626 3213 1699 3226 --ι
1762 3221 1822 3226 Α..
1853 3205 2022 3226 .-_-_.:
2173 3217 2287 3226 ..η-ρ
2333 3217 2483 3226 ...Α-Α
2530 3203 2822 3226 ’-μ-1----
2877 3204 3233 3226 --με.-ιξ-,.--
3280 3206 3411 3226 Lena-
3465 3223 3513 3226 _-
3576 3223 3661 3226 --η
3726 3225 3737 3226 γ

457 3205 664 3262 Medius
692 3207 884 3261 horum
917 3205 1237 3261 adolescens
1274 3207 1328 3260 et
1369 3204 1591 3274 juvenis
1620 3213 1723 3272 est,
1756 3221 1824 3260 ex
1853 3205 2062 3261 teneri—

458 3295 644 3351 tudine
675 3303 835 3365 atque
864 3293 1061 3350 duritia
1093 3294 1247 3366 quasi
1288 3310 1361 3349 ex
1409 3297 1688 3351 senectute
1735 3303 1789 3349 et
1836 3294 2067 3366 pueritia

459 3400 702 3457 congrue
746 3391 1095 3456 temperatus.
1150 3382 1212 3438 Si
1256 3397 1388 3456 ergo
1438 3385 1580 3440 hunc
1626 3383 1963 3452 instruxeris,
1997 3383 2069 3438 ad

464 3489 837 3544 quemcunque
864 3472 1110 3528 utilitatis
1155 3473 1463 3543 profectum
1512 3473 1684 3541 voles,
1725 3472 1842 3530 sive
1889 3473 2067 3529 hone-

464 3561 638 3630 statis,
669 3569 795 3635 apte
829 3561 1131 3616 informare
1160 3560 1386 3615 valebis.

974 3675 1208 3731 CAPUT
1241 3674 1553 3729 CLXXVII.

710 3766 787 3820 De
817 3767 1030 3820 conatu
1057 3763 1268 3820 diaboli
1296 3767 1497 3819 contra
1527 3763 1828 3821 nouitium.

543 3852 678 3906 Cum
737 3851 993 3907 diabolus
1049 3851 1240 3923 nequit
1298 3851 1624 3906 monachum
1679 3851 1907 3907 obruere
1953 3852 2075 3908 vita

473 3957 633 4012 quam
667 3941 953 4012 professus
983 3949 1064 3996 est
1094 3940 1245 4009 odio,
1277 3940 1470 3994 nititur
1498 3937 1580 3968 ¹⁰⁰⁷
1608 3957 1736 3996 eum
1779 3955 2077 3996 conversa-

474 4029 634 4087 tionis
678 4031 732 4085 in
781 4046 889 4102 qua
933 4037 1016 4086 est
1063 4029 1356 4097 subruere,
1417 4029 1655 4085 fastidio.
1719 4030 1789 4084 Et
1830 4029 1956 4085 licet
2002 4029 2080 4084 illi

479 4119 858 4176 monachicum
902 4118 1237 4190 propositum
1270 4116 1350 4146 ‘°°'
1379 4118 1670 4173 tenendum
1701 4119 1854 4190 quasi
1878 4133 2081 4174 conce-

478 4207 594 4276 dat,
626 4212 816 4263 tamen
853 4209 957 4264 hoc
1000 4207 1128 4279 quia
1171 4207 1269 4261 sub
1314 4207 1546 4276 talibus,
1592 4215 1685 4262 aut
1729 4206 1894 4262 etiam
1942 4207 2084 4262 inter

481 4295 636 4364 tales,
669 4302 762 4352 aut
789 4295 844 4352 in
876 4296 970 4351 tali
1017 4295 1141 4352 loco
1189 4295 1392 4367 incepit
1421 4294 1521 4363 ποθ’,
1554 4295 1708 4350 illum
1747 4294 1962 4350 stultum
1994 4295 2083 4350 ni-
2112 4305 2167 4366 1)

477 4384 583 4440 mis
611 4383 1126 4456 imprudentemque
1169 4383 1507 4439 multimodis
1558 4383 1807 4438 versutiis
1851 4399 2082 4455 arguere

480 4489 589 4531 non
619 4480 822 4531 cessat.
856 4473 924 4532 Ut
950 4473 1080 4530 dum
1128 4471 1208 4528 illi
1250 4473 1549 4544 persuadet
1588 4472 1826 4544 incoepto
1855 4473 1956 4529 Dei
1984 4473 2089 4529 be-

2172 3217 2290 3257 rum
2332 3217 2486 3256 more
2530 3203 2824 3274 perplexas
2872 3204 3236 3275 cogitationes
3279 3206 3421 3260 infra
3461 3223 3522 3262 se
3567 3223 3786 3281 conge-

2172 3298 2317 3357 runt,
2351 3291 2538 3346 fovent
2571 3295 2623 3346 et
2649 3291 2908 3348 nutriunt.
2941 3293 3097 3348 Unde
3127 3292 3185 3347 ﬁt
3214 3301 3272 3348 ut
3300 3295 3426 3364 quia
3457 3295 3593 3350 nihil
3621 3311 3790 3353 amo-

2173 3379 2270 3447 ris,
2317 3379 2449 3434 nihil
2492 3381 2745 3451 pietatis,
2801 3381 2937 3436 nihil
2986 3381 3385 3438 benevolentia
3429 3383 3578 3440 circa
3619 3401 3678 3440 se
3730 3386 3789 3440 in

2177 3469 2334 3525 nobis
2358 3468 2616 3534 sentiunt,
2649 3485 2750 3524 nec
2794 3469 2874 3524 illi
2917 3469 3143 3539 alicujus
3185 3471 3316 3526 boni
3365 3473 3421 3527 in
3468 3474 3654 3544 vobis;
3687 3475 3789 3530 sed

2179 3557 2442 3629 quidquid
2490 3565 2572 3612 est
2617 3557 2751 3626 odii,
2803 3558 3113 3630 impietatis,
3146 3559 3558 3628 malevolentia,
3601 3572 3792 3633 postea

2179 3661 2332 3715 spem
2371 3645 2630 3701 habeant.
2679 3645 2957 3718 Contiugit
3001 3647 3184 3717 itaque
3209 3648 3504 3704 miserabili
3534 3651 3700 3706 modo
3730 3660 3791 3706 ut

2180 3735 2321 3789 sicut
2349 3749 2579 3806 corpore
2607 3744 2879 3803 crescunt,
2911 3735 2991 3793 sic
3014 3743 3065 3791 et
3091 3736 3147 3791 in
3177 3737 3256 3793 eis
3286 3738 3449 3793 timor
3476 3747 3705 3808 tantum,
3739 3748 3792 3796 et

2182 3822 2408 3892 invidia,
2463 3832 2518 3879 et
2555 3823 2799 3895 suspicio
2843 3825 3025 3881 omnis
3067 3826 3199 3880 mali
3247 3836 3453 3883 crescat
3493 3845 3554 3883 ex
3606 3830 3789 3899 vobis,

2184 3927 2403 3982 semper
2431 3911 2588 3982 proni
2616 3920 2668 3967 et
2697 3913 2906 3969 incurvi
2951 3914 3020 3969 ad
3063 3914 3213 3983 vitia,
3257 3931 3441 3970 secum
3488 3919 3794 3987 praemedi-

2184 4009 2363 4056 tantes
2391 4009 2482 4056 aut
2511 4002 2788 4073 quomodo
2809 4009 3016 4057 vestras
3042 4001 3272 4058 insidias
3290 4012 3342 4059 et
3363 4005 3798 4064 machinationes

2187 4090 2404 4146 valeant
2432 4089 2654 4158 evitare,
2688 4098 2778 4145 aut
2806 4091 3004 4147 deinde
3035 4092 3236 4148 saculo
3264 4091 3460 4148 redire.

2704 4207 2929 4264 CAPUT
2971 4209 3270 4263 CLXXIX.

2554 4297 2891 4367 Exemplum
2925 4297 2992 4352 de
3024 4298 3242 4353 lamina
3271 4299 3421 4354 auri.

2268 4383 2509 4454 Vidistis,
2541 4399 2728 4454 quaso
2758 4382 2860 4452 1°",
2889 4401 3129 4456 unquam
3169 4385 3428 4442 artiﬁcem
3473 4401 3542 4442 ex
3589 4385 3800 4445 lamina

2197 4472 2319 4529 auri
2349 4474 2432 4530 vel
2476 4473 2692 4545 argenti
2740 4473 2870 4529 solis
2915 4473 3357 4546 percussionibus
3384 4474 3467 4505 ‘°’°
3493 4475 3798 4550 imaginem

1773 4704 2007 4763 VARIE
2061 4704 2460 4761 LECTIONES
2473 4744 2488 4760 .

559 4855 640 4886 ι⁰⁰⁸
671 4855 882 4913 Videns
905 4856 1184 4912 hominem
1213 4874 1350 4914 mss.
1382 4861 1438 4915 et
1467 4859 1619 4915 Edit.
1659 4857 1781 4916 Col.
1815 4858 1998 4914 videas
2026 4857 2325 4915 hominem.

489 4929 593 4983 hoc
621 4927 836 4983 videre.

2410 4857 2490 4887 ²⁰⁰⁶
2519 4861 2600 4913 Ad
2633 4859 2753 4915 hac
2774 4859 2961 4916 videre
2989 4875 3123 4914 mss.
3156 4859 3274 4916 hac
3302 4860 3490 4916 videre
3514 4877 3626 4916 ms.
3659 4863 3797 4916 Vict.

920 4925 1003 5002 ³⁰⁰ῖ
1027 4928 1160 5002 Cum
1190 4930 1441 5002 diabolus
1468 4930 1652 5002 nequit
1683 4932 2064 5002 monachatum
2094 4931 2250 5002 alicui
2283 4930 2411 5002 dare
2441 4929 2800 5002 0(lio,_uititur
2829 4949 2934 4986 ms.
2968 4931 3119 4986 Gem.
3157 4931 3226 4985 G.
3258 4931 3348 5002 4,0.
3381 4932 3514 4987 Cum
3547 4932 3802 4988 diabolus

487 4998 814 5082 monachum
846 4998 1036 5082 nequit
1062 4999 1448 5082 obruere-vita
1478 4998 1948 5082 quamprofesshus
1979 5009 2059 5082 est
2087 5001 2233 5082 odio,
2257 5001 2468 5082 nititur.
2505 5000 3043 5082 nff‘j_ltl_onach_atum
3075 5001 3578 5082 propositumﬁmss.
3613 5019 3801 5082 mona-

491 5069 704 5140 chicum
735 5069 950 5140 prOposi
959 5077 1069 5140 tum
1085 5110 1100 5126 .

1181 5068 1263 5100 m’
1294 5072 1436 5143 Loco
1462 5068 1696 5143 suscepit
1719 5089 1823 5143 ms.
1860 5073 2010 5143 Gem.
2044 5072 2164 5127 loco
2192 5072 2423 5143 incepit.

2505 5069 2588 5100 ‘°‘°
2615 5072 2990 5128 Multimodis..
3024 5069 3126 5128 nec
3154 5069 3355 5129 ad-ms.
3386 5073 3553 5129 Gem.
3609 5073 3677 5128 G.
3731 5077 3796 5129 40

485 5139 638 5216 illum
668 5139 887 5216 stultum
913 5139 1101 5216 nimis,
1131 5139 1640 5216 imprudentemque
1669 5142 2011 5216 multimodis
2029 5143 2280 5216 versutiis
2306 5139 2530 5216 arguere
2560 5159 2668 5198 non
2693 5153 2898 5209 cessat;
2931 5149 2990 5216 ut
3007 5143 3134 5198 dum
3158 5144 3236 5216 illi
3259 5145 3546 5216 persuadet
3575 5145 3793 5216 incepto

485 5209 881 5292 Dei.ben_eﬁcio
910 5211 1184 5292 ingratum
1211 5209 1452 5292 existere
1473 5232 1484 5276 ;
1506 5209 1652 5292 justo
1675 5213 1900 5292 judicio
1915 5213 2014 5292 Dei
2030 5229 2148 5292 nec
2176 5214 2270 5292 ad.

487 5281 776 5354 probando
762 5281 1087 5408 Nproposito
1112 5287 1221 5338 etc.
1255 5300 1360 5338 ms.
1397 5281 1547 5339 Geni.
1581 5281 1939 5356 improbando
1969 5283 2122 5339 initio
2144 5281 2466 5348 meditatur;
2501 5300 2792 5356 namquam
2843 5286 2913 5340 ad
2959 5284 3120 5339 ﬁnem

487 5362 728 5409 conatur.
816 5369 902 5408 am
934 5352 1188 5412 quoniam
1220 5353 1324 5408 illi.
1409 5351 1489 5382 ‘m
1522 5355 1859 5410 Structuram
1895 5355 2052 5410 bona
2080 5371 2184 5410 ms.
2225 5357 2360 5412 Vict.
2396 5357 2629 5410 fructum
2661 5357 2844 5410 bona.
2931 5355 3010 5385 ‘°“
3040 5357 3108 5412 Ut

484 5352 728 5409 conatur.
762 5352 1188 5423 Namgquoniam
1220 5353 1324 5408 illi.

487 5423 573 5456 ²⁰¹⁸
612 5421 1032 5481 Conculcatione
1061 5440 1168 5479 ms.
1206 5423 1365 5480 Gem.
1399 5425 1777 5481 convulsione.

1864 5425 1941 5455 ‘°“
1970 5426 2607 5498 Appetitumovetunm.
2655 5429 2804 5498 Gem.
2853 5427 3091 5498 appetitu
3133 5435 3395 5482 mutatur.
3476 5426 3562 5498 “‘7

3575 5214 3657 5244 tota
3680 5214 3794 5269 l‘m_

3172 5285 3525 5355 perfectionis
3571 5286 3794 5341 tendere

2931 5355 3010 5385 ‘°“
3040 5357 3108 5412 Ut
3137 5356 3194 5410 ﬁt
3221 5365 3279 5411 ut
3304 5372 3408 5412 ms.
3436 5357 3582 5411 unde
3632 5357 3692 5410 ﬁt
3737 5365 3795 5412 ut

2931 5427 3091 5496 petitu
3133 5435 3395 5482 mutatur.
3476 5426 3562 5456 “‘7
3587 5426 3792 5496 Quales

2353 5212 2561 5284 1°",Diu
2595 5222 2770 5269 teneat
2795 5231 2902 5270 ms.
2931 5212 3345 5282 Gem.omittit,
3373 5215 3488 5269 diu.

523 5504 643 5596 aes
672 5511 852 5596 £2295
891 5495 1206 5596 εξιεξιὲξῑςξ
1235 5496 1936 5596 φέλςέςω·.εςξ²1ί.ελξτὶ’ρν
1965 5496 2092 5596 ίιξξιξ
2114 5497 2441 5596 suam...
2469 5496 2550 5596 1‘."
2583 5497 2798 5554 εοίιίοει
2827 5495 3318 5596 υξζετεῖιξθηιπξξεε
3355 5496 3790 5596 Cet-ﬂet“

526 5569 636 5624 dit.
678 5567 880 5624 Colon.
919 5566 1219 5629 omittunt.
1254 5565 1477 5623 scilicet.
1554 5566 1570 5596 ¹

481 5653 589 5692 ms.
627 5640 770 5695 Vict.
813 5637 975 5694 Corb.
1015 5641 1072 5696 et
1101 5639 1250 5694 Edit.
1283 5638 1412 5696 Col.
1448 5637 1583 5694 solis
1605 5637 2071 5708 percussionibus.

1666 5567 2145 5642 Audis_tis,__quaso
2174 5584 2305 5624 mss.
2335 5568 2562 5638 vidistis,
2596 5585 2807 5642 quaso.
2865 5567 2947 5598 1°”
2975 5567 3116 5624 Solis
3133 5568 3315 5624 mallei
3344 5567 3789 5641 percussionibus
