4046 6076
483 348 590 405 699

1475 338 1786 396 EADMERI
1827 337 2394 396 CANTUARIENSIS
2432 336 2775 396 MONACHI.

3672 345 3777 403 700

483 490 760 545 amemus,
791 474 886 530 sed
917 475 1018 530 hoc
1048 479 1102 528 et
1129 470 1260 526 illud
1290 467 1602 540 improprie.
1634 464 1931 521 Virtutibus
1960 462 2070 537 igi-
2101 462 2155 524 A
2186 460 2401 518 laetatur
2445 470 2498 518 et
2525 479 2621 519 suo
2670 464 2834 522 modo
2864 463 3004 521 bene
3033 465 3134 520 sibi
3183 473 3280 534 est,
3331 465 3460 522 dum
3490 483 3617 526 vero
3645 469 3778 538 inte,

485 571 572 620 tur
599 565 971 620 adheereamus
1005 559 1382 633 postponendo
1425 558 1574 624 vilia,
1607 565 1661 612 et
1688 557 1829 612 hanc
1859 554 2076 627 patien-

487 653 623 709 tiam
655 652 1031 723 amplectendo
1080 667 1204 707 cum
1228 649 1351 720 jugi
1382 646 1658 703 exercitio.
1692 645 1955 701 Patientia
1985 652 2074 699 et-

487 742 653 809 enim,
686 741 772 797 vel
803 741 1060 814 quaalibet
1083 739 1251 797 virtus
1277 737 1391 793 sine
1412 735 1692 803 exercitio,
1716 733 1868 807 quasi
1899 733 2076 805 plum-

485 830 588 886 bea
623 831 812 886 lancea
841 837 939 886 est.

974 919 1199 974 CAPUT
1247 918 1585 973 CLXXXVI.

901 1009 1040 1065 Visio
1080 1009 1336 1064 Anselmi
1369 1007 1436 1062 de
1464 1007 1659 1075 ﬂuvio.

555 1097 726 1169 Vidit,
758 1105 814 1153 ut
843 1114 1084 1154 asserere
1113 1097 1344 1164 solebat,
1377 1096 1668 1150 Anselmus
1697 1094 1751 1147 in
1774 1092 2080 1147 inﬁrmitate

485 1188 712 1258 positus,
746 1196 798 1242 et
827 1187 880 1241 in
913 1186 1116 1242 cxstasi
1163 1185 1563 1256 quodammodo
1603 1192 1754 1238 extra
1785 1199 1843 1237 se
1873 1189 2076 1252 raptus,

494 1276 647 1344 vidit,
681 1277 929 1346 inquam,
963 1276 1184 1330 ﬂuvium
1215 1291 1376 1328 unum
1411 1273 1661 1343 rapidum
1699 1281 1859 1343 atque
1890 1269 2081 1340 praeci-

486 1365 674 1436 pitem,
723 1364 778 1419 in
809 1381 969 1434 quem
1006 1363 1352 1418 continebant
1390 1363 1631 1418 omnium
1679 1362 1916 1416 ﬂuxuum
1949 1377 2080 1432 pur-

494 1462 706 1525 gatura:
751 1462 804 1509 et
850 1467 1290 1522 quarumcunque
1335 1451 1668 1508 terrestrium
1710 1467 1888 1506 rerum
1928 1451 2081 1504 lava-

503 1550 662 1597 turas.
741 1541 1038 1596 Videbatur
1101 1541 1280 1611 itaque
1349 1557 1489 1613 aqua
1536 1541 1695 1595 nimis
1755 1539 2080 1606 turbulenta,

489 1639 544 1686 et
571 1631 852 1684 immunda
881 1639 932 1686 et
954 1630 1194 1684 omnium
1225 1629 1603 1701 spurcitiarum
1633 1629 1794 1685 sorde
1823 1629 2074 1684 horrida.

497 1719 760 1789 Rapiebat
805 1719 970 1791 igitur
1016 1719 1068 1773 in
1118 1736 1176 1773 se
1225 1718 1488 1790 quidquid
1540 1719 1803 1791 attingere
1848 1725 2082 1790 poterat,

2181 567 2375 607 corvos
2404 560 2454 607 et
2503 552 2805 609 comiculas
2843 570 2938 610 seu
2990 555 3124 610 alias
3164 571 3315 620 aves,
3360 557 3662 614 incursatur
3705 557 3781 615 ad

2183 641 2470 697 dilaniatur
2499 649 2552 696 et
2581 643 2801 698 omnino
2831 642 2932 698 sibi
2956 644 3104 699 male
3134 647 3252 700 est:
3286 653 3473 716 utpote
3503 664 3660 719 quem
3686 647 3782 704 hic

2185 737 2359 784 rostro
2388 730 2531 784 male
2559 731 2787 800 percutit
2816 733 2917 798 "’5,
2942 731 3033 786 ille
3079 731 3180 786 alis
3209 732 3264 786 in
3290 748 3414 788 eum
3444 734 3614 801 irruit,
3647 735 3787 790 alter

2184 833 2311 873 vero
2342 818 2612 889 unguibus
2651 819 2926 887 discindit,
2977 820 3048 874 ita
3097 828 3150 875 et
3180 820 3330 875 mihi.
3380 821 3606 891 Quando
3635 824 3783 878 enim

2185 922 2306 961 cum
2338 908 2636 976 monachis,
2672 909 2804 962 meis
2834 908 3036 963 scilicet
3080 907 3224 978 ﬁliis,
3275 911 3583 966 conversari
3617 927 3781 982 queo-

2185 995 2318 1050 mihi
2368 995 2506 1050 bene
2533 1004 2614 1050 est
2659 1004 2713 1052 et
2753 1005 2914 1068 grata
2959 997 3079 1052 haec
3125 997 3415 1069 singularis
3472 1000 3594 1054 vita:
3647 1015 3787 1056 meae

2186 1082 2508 1137 consolatio.
2556 1083 2784 1151 Quando
2829 1099 2959 1140 vero
2988 1093 3229 1140 remotus
3273 1085 3343 1140 ab
3375 1086 3480 1142 illis
3509 1086 3645 1142 inter
3672 1103 3784 1142 ste-

2187 1171 2398 1225 culares
2429 1186 2738 1238 conversor,
2775 1172 2900 1227 hinc
2926 1173 3052 1228 inde
3083 1189 3170 1228 me
3199 1173 3468 1228 variarum
3497 1191 3786 1230 causarum

2186 1258 2432 1315 incursus
2478 1260 2793 1329 dilacerant,
2835 1268 2888 1316 et
2953 1278 3073 1333 qua:
3148 1277 3256 1316 non
3314 1277 3441 1317 amo
3499 1263 3787 1320 saecularia

2188 1349 2409 1420 negotia
2451 1357 2675 1404 vexant.
2725 1350 2862 1404 Male
2911 1349 3092 1420 itaque
3140 1350 3270 1406 mihi
3301 1358 3402 1420 est,
3452 1353 3668 1422 quando
3709 1351 3791 1407 sic

2190 1453 2328 1503 sum,
2362 1452 2425 1492 ac
2448 1441 2684 1492 tremens
2703 1439 3027 1508 pertimesco
3043 1439 3242 1494 anima:
3273 1456 3409 1495 mea:
3437 1439 3776 1510 dispensum.

2190 1525 2291 1581 Hie
2321 1525 2465 1581 idem
2511 1527 2667 1582 Pater
2695 1535 2878 1582 noster
2908 1527 3144 1599 quadam
3187 1527 3305 1584 vice
3350 1528 3418 1583 de
3449 1533 3598 1584 trans
3643 1545 3794 1584 mare

2191 1629 2503 1686 regressum
2551 1631 2737 1688 regem
2792 1616 3147 1672 Guillelmum
3198 1617 3472 1686 juniorem
3527 1616 3681 1686 adiit,
3739 1627 3798 1673 et

2193 1710 2252 1757 ut
2285 1703 2512 1759 Romam
2557 1704 2625 1758 ad
2655 1719 2854 1775 papam
2884 1703 3164 1760 Urbanum
3196 1721 3294 1776 pro
3323 1705 3459 1762 stola
3490 1705 3573 1761 sui
3615 1705 3797 1760 archi-

488 1816 542 1864 ει
581 1808 900 1864 devolvch
952 1815 1064 1862 tam
1107 1807 1252 1862 viros
1303 1825 1460 1880 quam
1513 1808 1768 1864 mulieres
1818 1807 1958 1862 infra
2001 1823 2077 1872 se,
2110 1822 2164 1882 Β
2196 1793 2540 1862 episcopatus
2588 1792 2749 1882 eundi
2793 1793 2893 1847 sibi
2938 1792 3208 1882 licentiam
3253 1794 3406 1849 daret
3435 1794 3714 1850 humiliter
3741 1801 3799 1850 et

493 1897 693 1952 divites
724 1905 776 1952 et
805 1897 994 1968 inopes
1022 1895 1200 1951 simul.
1237 1897 1402 1952 Fazda
1439 1897 1659 1967 quidem
1690 1905 1806 1952 erat
1835 1913 1993 1966 aqua,
2016 1913 2085 1950 ex

487 2001 549 2041 ea
583 1994 760 2040 tamen
791 1985 1064 2055 vivebant,
1113 1994 1168 2040 et
1213 1985 1620 2042 delectabantur
1647 1987 1702 2040 in
1735 1985 1844 2052 illa,
1898 1994 1950 2039 ut
1997 1985 2086 2040 ille

486 2074 768 2131 asserebat
797 2075 889 2146 qui
918 2091 1041 2129 eum
1071 2075 1321 2130 ducebat.
1356 2075 1455 2130 Illo
1485 2090 1614 2130 vero
1645 2075 1714 2128 ab
1744 2074 1860 2144 ipso
1890 2072 1970 2101 ¹⁰³⁰
1998 2073 2086 2128 in-

489 2163 735 2236 quirente
765 2163 1012 2234 quisnam
1055 2167 1263 2219 torrens
1291 2163 1383 2218 ille
1423 2171 1582 2231 esset,
1616 2163 1702 2218 vel
1735 2163 1866 2233 quid
1897 2157 2084 2216 multi-4

489 2251 616 2307 tudo
665 2253 780 2319 illa,
821 2252 876 2306 in
918 2269 983 2308 eo
1017 2253 1282 2321 volutans,
1331 2251 1711 2323 praetenderet,
1753 2251 1954 2322 abjecit
1995 2252 2085 2306 ille

488 2340 718 2412 prazdux
739 2341 911 2396 Patris
933 2342 1117 2411 nostri,
1143 2347 1304 2412 atque
1325 2341 1428 2396 ait:
1455 2363 1476 2388 α
1501 2341 1584 2397 Ne
1596 2341 1827 2396 mireris.
1853 2342 2084 2396 Torrens

488 2430 751 2485 mundum
798 2429 1067 2503 significat
1097 2447 1203 2501 quo
1247 2431 1551 2502 rapiuntur,
1602 2430 1656 2484 in
1700 2431 1850 2500 cujus
1891 2429 2082 2486 illece-

489 2518 666 2573 brosis
684 2520 954 2589 spurcitiis
976 2519 1334 2576 involvuntur
1353 2535 1542 2576 omnes
1561 2520 1742 2591 ipsum
1765 2527 2026 2577 amantes.
2053 2542 2075 2567 ι»

483 2607 550 2663 Et
579 2607 662 2664 his
688 2607 867 2678 dictis,
904 2609 1109 2681 inquit:

965 2717 1191 2772 CAPUT
1236 2716 1602 2774 CLXXXVII.

952 2807 1028 2861 De
1067 2821 1194 2862 vero
1221 2806 1582 2862 monacham.

565 2915 587 2940 «
627 2893 788 2948 Visne
807 2893 994 2949 videre
1011 2894 1136 2965 quid
1156 2893 1222 2948 sit
1237 2895 1591 2950 monachatus
1606 2909 1787 2950 verus.
1831 2918 1852 2943 η
1879 2893 1962 2949 Ad
1978 2894 2082 2951 hoc

490 2980 658 3038 alter:
695 3006 717 3030 α
757 2982 914 3040 Volo.
939 3005 960 3032 ι»
996 2983 1159 3038 Duxit
1186 2982 1364 3054 itaque
1395 2984 1548 3038 illum
1581 2983 1732 3054 quasi
1757 2982 1810 3038 in
1842 2999 2079 3054 conspe—

493 3078 638 3126 ctum
670 3071 959 3141 cujusdam
990 3072 1174 3144 magni
1200 3071 1441 3140 claustri,
1461 3079 1512 3127 et
1541 3071 1836 3128 admodum
1859 3073 2078 3142 spatiosi

486 3167 540 3214 et
558 3159 813 3230 speciosi.
837 3162 904 3215 Et
920 3161 990 3216 ait
1017 3179 1028 3214 :
1059 3160 1472 3232 «Circumspice.
1498 3183 1519 3208 »
1554 3160 1778 3232 Aspexit
1807 3170 1858 3216 et
1878 3162 1989 3215 ille.
2015 3162 2078 3214 Et
2107 3173 2157 3236 ο

485 3263 610 3303 ecce
657 3249 895 3318 parietes
931 3249 1156 3305 claustri
1205 3249 1350 3304 illius
1391 3249 1615 3305 obducti
1662 3258 1822 3304 erant.
1853 3257 2078 3321 argento

482 3335 794 3407 purissimo.
844 3339 1024 3394 Herba
1071 3355 1285 3410 quoque
1333 3339 1513 3396 virens
1540 3339 1595 3393 in
1641 3339 1821 3394 medio
1859 3348 1992 3409 erat,
2027 3347 2081 3394 et

484 3426 605 3496 ipsa
647 3435 927 3499 argentea,
961 3428 1142 3483 mollis
1184 3428 1423 3499 quidem,
1469 3437 1520 3483 et
1545 3428 1812 3497 redolens,
1846 3437 1897 3483 et
1943 3428 2080 3482 ultra

484 3515 780 3570 humanum
810 3516 1120 3585 Opinionem
1148 3517 1501 3572 delectabilis.
1526 3518 1654 3571 Haec
1677 3532 1825 3573 more
1855 3517 2079 3571 alterius

484 3602 671 3658 herbae
699 3604 798 3657 sub
829 3605 911 3658 his
927 3605 1018 3674 qui
1048 3604 1103 3658 in
1128 3621 1191 3660 ea
1213 3605 1522 3676 pausabant
1539 3605 2077 3671 leviterllectebatur,

485 3699 536 3746 et
565 3691 907 3762 surgentibus
953 3692 1079 3758 illis,
1112 3692 1233 3762 ipsa
1277 3707 1492 3763 quoque
1541 3692 1851 3763 erigebatur
1882 3692 1982 3746 ‘m.
2016 3694 2081 3747 Ut

491 3777 617 3848 quid
648 3779 955 3835 immorer?
987 3779 1262 3852 Quidquid
1300 3780 1766 3849 estjucunditatis,
1803 3780 1881 3835 ibi
1931 3789 2070 3836 erat.

490 3867 620 3922 Cum
652 3882 784 3939 ergo
815 3868 903 3924 hic
932 3875 1196 3940 perpetuo
1227 3868 1580 3923 habitandum
1612 3868 1866 3940 elegisset
1893 3870 2082 3924 Ansel-

487 3970 629 4021 mus,
675 3955 867 4011 ductor
897 3957 1014 4026 ejus
1060 3972 1119 4011 se
1149 3957 1197 4012 ei
1227 3955 1536 4028 spopondit,
1583 3957 1627 4011 si
1663 3957 1846 4028 vellet,
1898 3973 2080 4012 veram

485 4051 835 4100 ostensurum
860 4045 1194 4116 patientiam.
1219 4045 1328 4100 Sed
1353 4046 1500 4117 quia,
1519 4055 1574 4100 ut
1603 4046 1822 4112 assolet,
1856 4046 2076 4100 interim

485 4132 786 4205 evigilavit,
829 4143 880 4189 et
906 4134 1228 4204 promissum
1267 4142 1320 4190 et
1348 4133 1596 4204 promissi
1629 4133 1710 4162 ‘°”
1732 4135 2082 4190 demonstra-

483 4229 654 4278 torem
702 4222 904 4278 amisit.
961 4223 1068 4277 Has
1114 4223 1279 4294 igitur
1327 4225 1464 4278 duas
1516 4223 1775 4292 visiones,
1822 4239 1854 4278 a
1893 4233 2082 4279 sancta

482 4311 802 4381 paternitate
836 4320 887 4367 et
915 4327 945 4364 a
994 4319 1218 4382 paterna
1248 4312 1528 4368 sanctitate
1559 4311 1716 4366 nobis
1743 4312 1944 4367 relatae
1975 4312 2078 4387 m’,

481 4397 718 4454 libenter
765 4399 1065 4467 audiamus,
1113 4408 1166 4454 ct
1204 4399 1475 4454 audiendo
1523 4399 1718 4455 devote
1777 4409 2076 4470 teneamus,

2199 1888 2478 1936 mansuete
2508 1881 2685 1951 petiit.
2724 1884 2789 1936 At
2819 1897 2937 1948 rex,
2967 1881 3037 1936 ad
3073 1897 3269 1937 nomen
3295 1883 3497 1938 Urbani
3530 1883 3794 1950 turbatus,

2196 1969 2333 2024 dixit
2375 1986 2434 2024 se
2482 1969 2634 2024 illum
2681 1985 2781 2040 pro
2829 1987 2965 2041 papa
2997 1986 3104 2026 non
3137 1979 3336 2039 tenere,
3383 1987 3485 2026 nec
3513 1988 3624 2026 suae
3653 1987 3797 2028 con-

2193 2059 2494 2114 suetudinis
2522 2075 2640 2113 esse
2672 2067 2727 2113 ut
2757 2060 2960 2130 absque
2991 2075 3086 2114 sua
3125 2059 3390 2115 electione
3417 2059 3575 2114 alicui
3607 2061 3802 2117 liceret

2196 2148 2249 2202 in
2296 2162 2467 2219 regno
2514 2163 2612 2203 suo
2663 2164 2860 2218 papam
2911 2148 3208 2203 nominare.
3262 2149 3398 2204 Ilinc
3445 2147 3618 2221 igitur
3673 2159 3794 2204 orta

2196 2237 2445 2308 quardam
2494 2237 2677 2305 gravis
2707 2237 2972 2291 dissensio
3005 2245 3084 2291 est
3113 2238 3252 2292 inter
3271 2254 3497 2309 regnum
3521 2246 3575 2293 et
3603 2254 3791 2292 sacer-

2195 2327 2423 2392 dotium,
2446 2325 2584 2380 adeo
2618 2325 2836 2396 quidam
2861 2341 3058 2397 magna
3081 2327 3224 2394 quod
3256 2332 3309 2382 et
3338 2327 3456 2396 ipse
3484 2327 3691 2398 absque
3711 2325 3796 2356 ³⁸³⁸

2194 2430 2420 2469 assensu
2467 2414 2616 2486 regis
2656 2415 2854 2486 Anglia
2905 2415 3071 2469 exivit
3113 2413 3194 2443 ¹⁰⁸⁷
3240 2423 3293 2470 et
3345 2417 3574 2470 Romam
3613 2415 3792 2486 petiit.

2193 2503 2384 2573 Ibique
2432 2503 2745 2573 aliquandiu
2800 2518 2925 2559 cum
2971 2504 3211 2559 maximo
3261 2506 3466 2560 honore
3527 2512 3582 2560 et
3629 2521 3795 2561 reve-

2191 2593 2386 2661 rentia,
2430 2601 2537 2646 tam
2585 2591 2654 2646 ab
2685 2593 2804 2662 ipso
2851 2608 2991 2663 papa
3037 2609 3200 2664 quam
3241 2593 3310 2647 ab
3339 2592 3475 2662 ipsis
3503 2593 3791 2663 Romanis,

2192 2681 2498 2737 sublimiter
2534 2695 2893 2747 commorans,
2925 2697 2987 2737 ac
3029 2682 3244 2736 tandem
3275 2687 3498 2751 precatu
3525 2683 3606 2712 ³⁸³⁸
3634 2683 3792 2755 regis

2192 2785 2258 2826 ac
2301 2770 2462 2825 totius
2524 2769 2674 2839 regni
2731 2770 2982 2841 Angliam
3053 2771 3314 2836 revisens,
3387 2787 3500 2826 sua:
3547 2772 3793 2841 profecto

2191 2859 2328 2924 sedi,
2377 2859 2492 2914 Deo
2522 2858 2738 2930 quidem
2780 2866 3047 2914 annuente
3093 2874 3158 2915 ac
3189 2859 3390 2931 populo
3436 2858 3655 2916 favente
3685 2876 3783 2915 re-

2191 2947 2347 3002 stitus
2371 2955 2470 3002 est.

2679 3061 2905 3118 CAPUT
2948 3057 3290 3118 CLXXXIX.

2636 3160 2975 3232 Exemplum
3005 3161 3072 3217 de
3119 3163 3321 3234 lepore.

2258 3267 2582 3323 Discedonte
2624 3275 2800 3321 autem
2849 3268 3079 3338 quadam
3114 3269 3229 3325 vice
3272 3271 3464 3326 eodem
3498 3271 3654 3325 Patre
3687 3285 3793 3325 no-

2186 3366 2298 3412 stro
2347 3374 2376 3410 a
2424 3355 2670 3426 praedicti
2719 3356 2867 3409 curia
2912 3357 3078 3428 regis,
3125 3359 3278 3428 pueri
3327 3375 3462 3429 quos
3511 3358 3793 3413 nutriebat

2188 3448 2427 3516 leporem
2476 3443 2578 3499 sibi
2643 3453 3016 3499 occursantcm
3049 3446 3104 3499 in
3159 3447 3244 3502 via
3298 3447 3520 3502 canibus
3563 3445 3793 3501 insecuti

2186 3543 2307 3589 sunt
2363 3533 2680 3603 fugientem,
2739 3531 2902 3586 etiam
2962 3533 3098 3588 intra
3153 3535 3323 3605 pedes
3399 3535 3547 3606 equi,
3623 3550 3790 3606 quem

2188 3625 2348 3678 Pater
2397 3622 2517 3691 ipse
2564 3619 2858 3687 insidebat,
2921 3621 3304 3678 subsistentem
3382 3623 3654 3679 consecuti
3704 3621 3791 3650 ω’

2187 3720 2330 3766 sunt.
2385 3711 2480 3764 Ille
2511 3724 2638 3764 vero
2669 3709 2844 3764 sciens
2885 3710 3134 3766 miseram
3178 3713 3459 3767 bestiolam
3490 3713 3572 3768 sic
3596 3729 3655 3766 se
3685 3729 3782 3767 re-

2187 3799 2343 3872 fugio
2374 3797 2724 3865 consuluisse,
2761 3799 2980 3852 retentis
3015 3800 3242 3856 habenis
3273 3818 3470 3871 cquum
3497 3801 3619 3857 loco
3650 3800 3788 3868 ﬁxit,

2188 3906 2287 3944 nec
2334 3887 2574 3958 cupitum
2625 3885 2812 3940 bestiae
2873 3887 3043 3943 voluit
3110 3890 3421 3960 praesidium
3485 3889 3789 3961 denegare.

2188 3979 2362 4048 Quam
2429 3991 2594 4031 canes
2645 3973 3061 4046 circumdantes,
3113 3987 3166 4033 et
3224 3979 3426 4050 linguis
3474 3977 3584 4033 suis
3649 3979 3793 4033 hanc

2186 4079 2341 4142 grato
2365 4070 2624 4140 obsequio
2649 4061 2731 4091 ‘°‘°
2755 4069 2882 4123 hinc
2901 4067 3026 4121 inde
3057 4067 3344 4138 lingentcs,
3367 4083 3468 4121 nec
3487 4067 3556 4122 de
3583 4065 3684 4120 sub
3703 4067 3790 4098 "“

2186 4175 2325 4229 equo
2355 4165 2616 4229 poterant
2656 4159 2873 4228 ejicere,
2907 4173 3007 4212 nec
3058 4156 3113 4209 in
3143 4156 3327 4226 aliquo
3359 4156 3584 4211 laedere.
3625 4154 3795 4223 Quod

2186 4247 2451 4314 videntes,
2501 4247 2751 4301 admirati
2783 4253 2903 4300 sunt
2956 4244 3048 4317 qui
3077 4245 3321 4299 aderant.
3369 4247 3434 4298 At
3463 4252 3616 4316 pater
3643 4242 3786 4313 pius,

2184 4336 2278 4391 ubi
2327 4336 2590 4406 quosdam
2629 4334 2844 4406 aspexit
2896 4350 2963 4389 ex
2995 4333 3258 4388 militibus
3301 4332 3502 4402 ridere,
3532 4339 3589 4387 et
3618 4332 3776 4403 quasi

2185 4442 2281 4496 pro
2328 4433 2484 4495 capta
2521 4425 2748 4479 bestiola
2796 4422 2994 4478 laetitiae
3044 4422 3194 4477 frena
3223 4421 3426 4487 laxare,
3459 4420 3673 4476 solutus
3725 4421 3790 4475 in

485 4489 716 4584 ίθυθηξίο
746 4497 924 4544 meme
965 4489 1168 4584 -Ῑξιὲίξθτ
1193 4487 1556 4584 ΓενοῙΫδῖηξδν
1589 4497 1646 4541 υί
1687 4487 1843 4584 “PES
1872 4489 2070 4546 homo“
2100 4523 2152 4584 D
2184 4487 2466 4583 lacrymas,
2495 4512 2595 4566 ait:
2635 4535 2656 4558 ιι
2675 4511 2881 4566 Ridctis
2905 4528 2916 4572 ;
2942 4519 2996 4566 et
3016 4511 3138 4566 huic
3161 4511 3348 4581 utique
3375 4509 3577 4564 infelici
3599 4509 3787 4563 nullus

476 4593 608 4646 rem,
635 4577 763 4631 dum
786 4586 958 4645 vacat,
986 4577 1256 4649 fugiamus
1281 4595 1294 4644 ;
1329 4576 1548 4632 alterius
1585 4592 1714 4632 vero
1737 4574 1819 4604 ²⁰³⁴
1839 4595 2070 4636 amoena:

473 4664 801 4734 jucunditati
848 4675 897 4721 et
941 4665 1200 4736 jucunda)
1248 4665 1542 4721 amamitati
1588 4666 1919 4737 insistamus,
1971 4687 2072 4725 nos

477 4753 567 4826 qui
598 4756 978 4810 monachatum
1027 4765 1288 4811 tenemus.

939 4863 1162 4919 CAPUT
1216 4864 1607 4920 CLXXXVIII.

727 4950 802 5006 De
832 4950 1142 5007 securitate
1172 4956 1229 5008 et
1259 4967 1396 5023 pace
1433 4953 1496 5008 in
1519 4953 1816 5026 religione.

551 5037 699 5094 Sicut
727 5037 896 5108 bubo,
944 5040 1069 5094 dum
1102 5040 1158 5094 in
1201 5055 1436 5096 caverna
1475 5057 1596 5096 cum
1636 5041 1799 5114 pullis
1828 5042 1940 5097 suis
1970 5051 2072 5112 est,

2181 4602 2339 4669 risus,
2386 4601 2535 4654 nulla
2564 4599 2772 4666 laetitia,
2825 4599 3010 4654 hostes
3041 4599 3158 4668 ejus
3206 4599 3346 4653 circa
3389 4614 3509 4652 eam
3556 4606 3700 4666 sunt,
3727 4607 3788 4653 et

2179 4692 2297 4762 ipsa
2316 4689 2430 4746 sola
2461 4690 2527 4743 de
2549 4689 2655 4744 vita
2677 4687 2904 4744 sollicita
2921 4687 3166 4759 confugit
3196 4687 3265 4741 ad
3295 4702 3412 4752 nos,
3444 4685 3788 4756 prtesidiumi

2182 4794 2279 4834 suo
2311 4779 2474 4833 modo
2506 4778 2785 4848 flagitans.
2825 4777 2938 4831 Hoc
2968 4775 3150 4847 plane,
3206 4775 3323 4844 ﬁlii,
3356 4783 3436 4830 est
3488 4772 3786 4829 similitudo

2183 4867 2419 4923 hominis
2465 4875 2517 4921 et
2545 4866 2747 4920 anima:
2778 4865 3076 4920 morientis.
3124 4865 3261 4918 Nam
3294 4880 3414 4918 cum
3447 4863 3515 4919 de
3553 4877 3787 4933 corpore

2184 4956 2312 5024 exit,
2347 4971 2474 5012 mox
2521 4954 2722 5010 inimici
2769 4953 2872 5017 sui,
2905 4952 3132 5025 maligni
3165 4951 3369 5008 scilicet
3411 4951 3655 5024 spiritus,
3685 4951 3785 5022 qui

2185 5059 2306 5100 eam
2355 5045 2410 5098 in
2462 5060 2696 5114 corpore
2740 5043 3030 5115 degentem
3064 5058 3163 5113 per
3207 5041 3482 5098 anfractus
3528 5040 3786 5097 vitiorum

1793 5159 2024 5216 VARI/I5
2056 5158 2475 5215 LECTIONES.

550 5253 736 5328 lmine
767 5253 1004 5328 verouab
1032 5252 1152 5328 ipso
1193 5255 1344 5328 Edit.
1379 5256 1492 5328 Col.
1525 5255 1619 5328 illo
1647 5271 1776 5312 vero
1806 5256 1875 5311 ab
1920 5257 2058 5328 ipso.
2109 5258 2328 5328 ""Ipsa
2350 5272 2563 5328 quoque
2593 5255 2853 5328 surgebat
2883 5271 3014 5310 mss.
3060 5253 3202 5328 Vict.
3237 5254 3390 5328 Cori],

479 5325 814 5408 erigebatur.
877 5323 1276 5408 ’V’I‘Zvig‘i‘lavit,
1316 5327 1573 5408 promissi
1620 5344 1760 5383 mss.
1810 5323 2139 5408 [’iclf'Cprb:
2170 5323 2554 5408 evigila-viget
2597 5323 2917 5408 promissum
2941 5334 2994 5381 et
3021 5325 3290 5406 promissi.

3350 5267 3789 5378 ἵειέΚέῗεὲἒθὲπῗῗ

479 5393 613 5455 Υἱοὶ.
657 5395 812 5452 nobis
845 5393 1174 5452 relatasﬂm
1205 5393 1436 5451 Alterius
1463 5399 1607 5453 velut
1637 5415 1768 5453 mss.
1810 5398 1956 5454 Vict.
1995 5399 2150 5454 Corb.
2185 5393 2408 5453 sltérius
2456 5393 2614 5453 vero:
2663 5396 2746 5425 ‘°“
2780 5399 2970 5453 Rostro
3002 5393 3234 5465 perc-itit
3277 5412 3384 5465 ms.
3430 5393 3576 5450 Vict.
3604 5402 3785 5465 rostro

472 5469 614 5525 male
634 5468 884 5539 percutit.

470 5557 608 5597 mu.
635 5537 692 5596 et
712 5539 837 5595 Edit
860 5537 991 5610 Col.
1007 5538 1204 5610 Anglia
1224 5538 1420 5610 exivit.
1441 5537 1454 5539 ἡ
1480 5539 1558 5610 1⁸³⁸
1578 5541 1817 5595 Tandem
1841 5549 2057 5610 precatu
2076 5557 2180 5610 ms.
2218 5541 2414 5598 Victor.
2444 5537 2763 5595 ito—tandem
2793 5537 3030 5610 precatu.

970 5465 1048 5494 ¹⁰⁸⁶
1082 5467 1148 5540 Ut
1176 5466 1526 5540 ipsegabsque
1555 5486 1660 5523 ms.
1709 5469 1849 5525 Vict.
1887 5470 2048 5526 Corb.
2091 5478 2146 5524 ct
2182 5470 2325 5525 Edit.
2362 5471 2477 5526 Col.
2509 5469 2734 5540 quodet
2775 5470 2891 5538 ipse
2919 5464 3185 5540 absque.”
3207 5464 3578 5540 f°"_angliam
3610 5464 3788 5540 exivit

3104 5536 3188 5566 ω’
3211 5536 3484 5592 Insidebat
3500 5536 3784 5591 consecuti

470 5627 613 5666 mu.
660 5612 801 5666 Vict.
863 5608 1024 5665 Corb.
1057 5605 1330 5682 insidebat
1356 5609 1732 5682 subsistentem
1788 5605 2084 5667 consecuti.
2143 5609 2225 5640 ¹⁰⁴⁰
2256 5611 2405 5682 Hanc
2452 5617 2614 5680 grato
2657 5605 2920 5681 obsequia
2948 5625 3084 5666 mss.
3136 5609 3278 5666 hanc
3325 5616 3482 5682 grato
3515 5605 3785 5679 obsequio

472 5697 577 5737 ms.
636 5683 779 5738 Vict.
818 5696 882 5738 ac
909 5689 1066 5754 grato
1091 5681 1376 5754 obsequio.
1436 5680 1516 5713 Im
1543 5681 1658 5738 Nec
1685 5697 1742 5736 se
1781 5681 1883 5737 sub
1912 5698 2015 5737 ms.
2059 5682 2192 5738 Vict.
2218 5696 2318 5738 nec
2346 5681 2415 5737 de
2444 5681 2568 5737 sub.
