4046 6076
352 342 453 403 ’101

351 468 538 526 multis
597 467 788 525 modis
839 467 1116 541 persecuti
1180 476 1347 537 sunt,
1400 468 1692 526 crudeliter
1745 470 1960 541 adsunt,
1990 471 2045 537 Α

348 558 526 632 parati
550 573 668 615 eam
697 556 784 590 ¹⁰⁶³
809 574 1024 631 rapere,
1057 566 1112 614 et
1148 558 1203 614 in
1231 565 1470 615 mortem
1498 567 1758 615 teternam
1814 576 1965 632 prae-

350 647 602 718 cipitare.
653 649 724 704 At
782 648 889 703 ista
948 647 1119 702 nimis
1186 647 1370 715 anxia,
1428 649 1534 704 huc
1572 648 1810 721 illucque
1851 648 1965 704 cir-

351 735 667 807 cumspicit,
728 744 783 791 et
836 752 1062 792 manum
1120 735 1455 792 defensionis
1501 744 1554 793 et
1590 736 1795 808 auxilii,
1858 751 1967 808 qua

354 840 416 882 se
448 832 679 894 tueatur,
710 824 815 879 sibi
858 824 1065 898 porrigi
1107 824 1373 881 ineffabili
1428 825 1700 882 desiderio
1756 840 1964 882 concu-

355 913 538 987 piscit.
571 914 864 969 Daemones
920 921 1102 969 autem
1158 914 1467 970 econtrario
1521 914 1720 985 rident,
1772 923 1826 970 et
1852 915 1964 969 im-

352 1018 544 1059 mensa
590 1001 779 1058 laetitia
836 1002 1097 1075 gaudent,
1159 1002 1205 1058 si
1259 1003 1410 1059 nullo
1461 1018 1583 1059 eam
1634 1004 1963 1059 adminiculo

356 1090 552 1147 fultam
583 1090 827 1148 invenire
858 1097 1079 1163 queant.
1125 1112 1145 1139 ι
1182 1090 1394 1162 Quibus
1410 1091 1565 1148 dictis
1605 1092 1784 1149 laxato
1810 1092 1963 1149 freno

355 1177 464 1235 iter
490 1179 736 1251 arripuit,
773 1187 827 1236 et
856 1180 1083 1236 bestiam
1112 1178 1255 1237 ultra
1309 1180 1568 1252 persequi
1619 1181 1769 1237 clara
1822 1197 1961 1239 voce

356 1268 592 1324 canibus
621 1268 917 1325 interdixit.
950 1270 1100 1325 Tunc
1131 1268 1225 1324 illa
1255 1269 1323 1326 ab
1353 1271 1501 1326 omni
1524 1269 1963 1328 lmsioneimmu-

352 1357 458 1424 nis,
493 1357 772 1414 exsultans
798 1365 853 1414 et
885 1357 1071 1414 hilaris
1096 1360 1330 1431 praepeti
1376 1375 1538 1416 cursu
1585 1375 1804 1433 campos
1859 1360 1959 1416 sil-

355 1460 561 1521 vasque
589 1446 793 1506 revisit.

944 1537 1168 1596 CAPUT
1220 1538 1357 1595 CXC
1369 1579 1383 1594 .

787 1629 1135 1702 Exemplum
1174 1628 1241 1685 de
1286 1628 1534 1685 avicula.

428 1714 552 1771 Alio
581 1730 800 1789 quoque
828 1716 951 1774 vice
988 1716 1234 1788 respexit
1261 1732 1489 1789 puerum
1516 1717 1805 1787 quemdam
1834 1732 1959 1773 cum

1309 343 1453 399 LIB.
1498 343 1594 400 DE
1630 343 1695 402 S.
1744 345 2053 403 ANSELMI
2091 343 2703 404 SIMILITUDINIBUS.

3564 353 3669 409 702

2631 469 2865 528 CAPUT
2886 470 3099 529 CXCII.

2567 561 2644 617 De
2671 560 2850 617 verbis
2889 561 3173 632 defuncti.

2148 647 2320 703 Verba
2350 646 2589 704 defuncti
2620 646 2855 705 Osberni
2907 650 3175 717 monachi,
3235 651 3306 706 ad
3356 652 3667 711 Anselmum

2070 735 2129 789 in
2157 735 2350 806 spiritu
2380 736 2556 792 delata
2584 744 2638 793 et
2693 737 2762 792 ab
2787 738 2982 794 eodem
3009 739 3264 795 Anselmo
3320 740 3665 811 postmodum

2070 823 2319 895 exposita
2352 824 2507 892 :Ter,
2538 824 2712 895 inquit
2740 825 2832 882 ille
2873 826 3179 896 defunctus,
3241 828 3491 900 antiquus
3548 846 3671 885 ser-

2068 928 2214 983 pens
2248 912 2545 969 insurrexit
2574 912 2627 968 in
2676 930 2784 983 me,
2843 915 2938 970 sed
2989 916 3240 972 Ursarius
3299 916 3507 973 domini
3563 919 3675 975 mei

2071 999 2319 1057 liberavit
2348 1016 2472 1065 me;
2508 1002 2627 1057 haec
2651 1001 2861 1069 dicens,
2895 1004 3131 1059 evanuit.
3164 1004 3484 1060 Benedictus
3540 1022 3671 1063 vero

2068 1088 2227 1146 Pater
2253 1098 2437 1145 noster
2464 1089 2727 1145 visionem
2756 1090 2905 1145 illam
2929 1092 3352 1164 expergefactus
3390 1109 3423 1148 a
3474 1109 3669 1152 somno

2069 1177 2141 1233 ad
2170 1179 2489 1234 memoriam
2525 1194 2789 1235 revocans
2819 1195 2882 1234 ac
2911 1180 3125 1252 singula
3154 1182 3474 1252 propensius
3504 1183 3671 1255 inspi-

2069 1263 2237 1333 ciens,
2270 1265 2489 1336 quando
2520 1271 2571 1320 et
2602 1264 2796 1334 quibus
2846 1264 3004 1320 libuit
3059 1265 3134 1321 sic
3186 1281 3307 1321 eam
3365 1269 3617 1337 exposuit
3650 1286 3663 1322 :

2068 1352 2268 1421 Primo,
2290 1352 2559 1424 inquiens,
2586 1368 2684 1424 pro
2712 1354 2954 1423 peccatis
2984 1354 3183 1425 quibus
3217 1355 3487 1427 obligatus
3544 1365 3671 1413 ante

2068 1439 2401 1512 baptismum
2431 1441 2625 1511 fuerat,
2659 1441 2714 1495 in
2743 1458 2867 1497 eum
2896 1442 3248 1499 insurrexisse
3297 1445 3507 1500 hostem
3561 1461 3668 1500 an-

2068 1528 2310 1600 tiquum;
2345 1531 2606 1595 secundo,
2637 1545 2739 1601 pro
2767 1530 3011 1603 peccatis
3041 1548 3166 1604 quae
3194 1531 3325 1587 fecit
3378 1540 3503 1602 post
3558 1533 3667 1588 ba-

2066 1617 2349 1689 ptismatis
2377 1627 2795 1687 sacramentum,
2856 1628 2979 1675 ante
3034 1618 3428 1690 professionem
3485 1621 3665 1691 tertio,

2066 1722 2168 1777 pro
2198 1705 2303 1762 illis
2332 1723 2454 1777 quae
2484 1707 2614 1764 fecit
2638 1715 2760 1779 post
2786 1708 3209 1779 professionem,
3242 1717 3369 1764 ante
3417 1709 3655 1765 obitum.

351 1802 571 1897 avicula
598 1805 658 1860 in
690 1803 783 1862 via
811 1805 1112 1877 ludentem,
1145 1822 1268 1878 quae
1312 1805 1508 1878 pedem
1562 1804 1656 1861 ﬁlo
1701 1806 1955 1862 innexum
1982 1834 2037 1897 Β
2068 1795 2175 1851 Sed
2206 1803 2288 1897 ter
2312 1795 2509 1896 cecidit
2530 1814 2543 1859 ;
2568 1803 2794 1897 Ρξῆοᾶιὸ
2822 1797 2967 1852 enim
2995 1797 3466 1897 quibusustri‘etus
3495 1797 3671 1855 fuerat

346 1889 594 1949 habebat
620 1893 723 1950 ’“’.
773 1896 932 1966 Saepe
990 1911 1114 1950 cum
1156 1894 1338 1950 laxius
1393 1895 1475 1951 ire
1520 1895 1953 1965 permittebatur,

345 1982 480 2055 fuga
509 1982 616 2038 sibi
643 1983 929 2040 consulere
960 1983 1206 2056 cupiens,
1256 1983 1477 2041 avolare
1531 1983 1826 2039 nitebatur.
1890 1987 1958 2040 At

345 2087 450 2145 per
480 2071 632 2127 ﬁlum
661 2088 827 2128 manu
857 2076 1049 2128 tenens
1078 2072 1358 2128 retrahens
1388 2072 1652 2128 irretitam
1686 2072 1951 2131 aviculam

346 2161 420 2217 ad
451 2177 510 2218 se
540 2177 713 2234 usque
741 2161 1054 2232 dejiciebat,
1087 2169 1142 2218 et
1169 2163 1276 2218 hoc
1302 2161 1500 2235 ingens
1528 2162 1791 2236 gaudium
1826 2162 1955 2235 pul-

345 2250 650 2324 chrumque
676 2250 1052 2323 spectaculum
1082 2266 1254 2323 puero
1282 2252 1600 2322 prmstabat.
1634 2253 1854 2308 Factum
1876 2261 1955 2309 est

345 2338 452 2396 hoc
479 2340 653 2396 semel
714 2349 768 2397 et
832 2340 1051 2410 iterum,
1118 2340 1320 2395 factum
1374 2340 1732 2411 frequentius.
1792 2340 1956 2411 Quod

344 2436 501 2501 pater
527 2429 796 2503 benignus
853 2430 1143 2503 ascipiens,
1175 2429 1402 2486 aviculae
1455 2428 1737 2486 condoluit
1792 2437 1846 2485 et
1899 2439 1956 2486 ut

349 2525 513 2589 rupto
562 2517 654 2575 filo
710 2518 951 2575 libertati
1005 2519 1328 2574 redderetur
1387 2516 1670 2591 pracepit.
1715 2518 1786 2573 Et
1827 2533 1956 2575 ecce

345 2604 499 2663 ﬁlum
525 2607 814 2678 rumpitur,
846 2607 1073 2681 avisque
1103 2607 1284 2664 avolat
1317 2626 1329 2662 :
1363 2624 1498 2680 puer
1541 2607 1743 2678 plorat,
1799 2615 1955 2680 pater

348 2695 605 2754 exsultat.
625 2695 693 2751 Et
713 2695 923 2752 vocatis
946 2696 1039 2768 qui
1059 2695 1319 2752 aderant:
1348 2718 1371 2748 α
1409 2695 1827 2765 Considerastis,
1859 2697 1950 2751 in-

341 2785 457 2858 quit
476 2783 669 2855 jocum
697 2784 857 2856 pueri
876 2786 905 2838 ‘l
934 2808 955 2834 ι
976 2785 1049 2841 Et
1075 2784 1344 2841 confessis
1369 2784 1768 2855 considerasse,
1827 2784 1901 2841 ait
1932 2800 1946 2842 :

343 2896 369 2924 ο
402 2872 580 2930 Simili
608 2873 1048 2931 consideratione
1062 2875 1277 2945 jocatur
1304 2872 1554 2929 diabolus
1569 2888 1694 2930 cum
1714 2874 1952 2929 homini-

340 2962 444 3019 bus
472 2961 680 3032 multis,
711 2977 849 3035 quos
885 2962 1123 3019 irretitos
1150 2963 1262 3019 suis
1288 2962 1503 3037 laqueis
1531 2978 1632 3033 pro
1687 2978 1789 3019 sua
1845 2978 1951 3020 vo-

336 3052 545 3108 luntate
569 3052 626 3106 in
653 3050 875 3108 diversa
916 3050 1169 3108 vitiorum
1222 3050 1614 3123 impedimenta
1666 3052 1947 3122 pertrahit.

336 3140 475 3197 Sunt
503 3139 646 3195 enim
666 3139 890 3211 quidam
920 3141 1002 3211 (ut
1027 3140 1182 3196 verbi
1220 3139 1398 3213 gratia
1443 3139 1645 3212 dicam)
1676 3140 1944 3209 avaritia,

338 3246 437 3285 seu
493 3227 718 3284 luxuriae
757 3237 811 3285 et
871 3229 1134 3285 similium
1172 3229 1409 3284 ﬂammis
1470 3228 1741 3298 succensi,
1782 3235 1838 3285 et
1876 3244 1944 3283 ex

337 3318 488 3374 mala
524 3315 916 3373 consuetudine
969 3316 1078 3371 illis
1116 3316 1344 3372 addicti.
1391 3316 1488 3372 His
1529 3316 1797 3388 contingit
1834 3315 1942 3370 ali-

339 3405 563 3478 quando
600 3413 658 3460 ut
701 3421 797 3461 sua
854 3405 998 3461 facta
1032 3404 1447 3461 considerantes
1511 3403 1697 3472 ﬂeant,
1777 3418 1946 3474 seque

340 3493 542 3550 amodo
573 3509 603 3549 e
634 3491 829 3549 talibus
857 3500 1162 3549 cessaturos
1191 3508 1288 3549 ore
1331 3492 1669 3563 promittant,
1712 3499 1765 3547 et
1793 3506 1946 3546 more

340 3582 461 3638 avis
487 3581 571 3611 1°“
599 3582 821 3638 irretitus
850 3581 1053 3638 liberos
1119 3598 1178 3637 se
1244 3580 1431 3638 volare
1489 3586 1769 3637 autument
1827 3578 1937 3637 1°“.

340 3670 451 3728 Sed
480 3671 611 3743 quia
637 3686 809 3743 pravo
836 3687 938 3726 usu
966 3670 1155 3727 irretiti
1195 3670 1265 3725 ab
1301 3672 1455 3726 hoste
1513 3676 1779 3738 tenentur,
1838 3684 1943 3724 no—

341 3758 515 3816 lentes
551 3760 606 3815 in
643 3759 838 3815 eadem
876 3758 1006 3815 vitia
1046 3757 1408 3828 dejiciuntur;
1466 3756 1632 3830 ﬁtque
1688 3759 1793 3814 hoc
1846 3773 1946 3813 sae-

341 3848 486 3920 pius,
517 3863 620 3905 nec
649 3847 963 3905 omnimode
986 3848 1301 3917 liberantur,
1334 3846 1439 3901 nisi
1496 3861 1698 3919 magno
1752 3854 1947 3901 conatu

341 3944 394 3993 et
421 3936 597 4008 gratia
652 3937 753 3993 Dei
808 3936 889 3967 1°“
920 3936 1067 3992 funis
1096 3943 1381 4008 rumpatur
1407 3949 1593 4005 pravae
1649 3941 1943 3991 consuetu-

341 4023 511 4083 diuis.
543 4048 572 4078 η

911 4115 1131 4173 CAPUT
1187 4115 1375 4173 CXCI.

653 4206 729 4261 De
757 4205 991 4261 malitia
1021 4209 1078 4262 et
1097 4203 1358 4276 fwditate
1384 4203 1630 4278 peccati.

427 4316 448 4343 α
482 4293 538 4349 Si
570 4293 694 4350 hinc
714 4291 817 4363 1°",
856 4293 1033 4365 inquit
1060 4293 1359 4361 Anselmus,
1403 4292 1622 4365 peccati
1658 4290 1945 4364 pudorem,

339 4393 394 4441 et
420 4382 567 4439 illinc
598 4397 887 4453 cernerem
906 4380 1107 4437 inferni
1163 4382 1477 4451 horrorem,
1534 4388 1588 4436 et
1643 4378 1948 4435 necessario

337 4472 430 4529 uni
460 4470 680 4529 illorum
708 4470 967 4527 haberem
995 4470 1435 4543 immergi,prius
1470 4486 1557 4525 me
1587 4469 1644 4523 in
1664 4468 1940 4523 infernum

2064 1892 2189 1941 ante
2217 1884 2564 1956 baptismum,
2596 1884 2703 1940 ﬁde
2729 1892 3023 1956 parentum
3084 1886 3140 1940 in
3193 1886 3313 1956 ipso
3342 1885 3423 1916 1°“
3479 1903 3669 1942 sacra-

2059 1981 2245 2029 mento
2275 1973 2475 2044 delata,
2508 1973 2755 2030 diabolus
2782 1973 3007 2030 invenit.
3065 1973 3166 2029 Illa
3221 1974 3386 2031 etiam
3438 1991 3561 2046 qua
3610 1974 3667 2030 in

2059 2062 2261 2118 saeculo
2289 2061 2375 2117 vel
2403 2062 2459 2117 in
2515 2062 2845 2118 monasterio
2901 2070 3025 2118 ante
3054 2062 3452 2134 professionem
3506 2077 3664 2118 com-

2061 2150 2225 2217 misit,
2257 2150 2312 2205 in
2340 2150 2461 2223 ipsa
2487 2150 2827 2222 professione
2882 2150 3181 2207 monastica
3226 2167 3382 2223 aeque
3439 2150 3663 2220 abolita,

2058 2255 2289 2312 serpens
2312 2239 2403 2295 ille
2433 2240 2684 2310 antiquus
2712 2238 2934 2311 reperit.
2959 2239 3093 2307 Quae
3120 2254 3256 2296 vero
3284 2246 3407 2311 post
3446 2239 3663 2311 profes-

2058 2328 2265 2383 sionem
2296 2327 2447 2398 fecit,
2479 2344 2609 2385 vera
2663 2328 3008 2384 confessione
3039 2334 3163 2383 ante
3210 2328 3421 2384 obitum
3467 2342 3665 2384 mona-

2058 2416 2195 2474 chus
2235 2404 2355 2472 'ille
2420 2415 2644 2473 delevit.
2713 2417 2817 2471 Per
2851 2415 3006 2470 illum
3072 2415 3356 2472 dominum
3389 2416 3665 2472 Ursarium

2060 2504 2338 2577 designari
2374 2504 2513 2560 dixit
2549 2504 2795 2561 ordinem
2824 2503 3152 2576 angelicum.
3196 2504 3345 2561 Sicut
3392 2504 3537 2560 enim
3567 2520 3663 2559 ur-

2058 2592 2186 2649 sarii
2214 2609 2385 2663 ursos,
2408 2592 2480 2649 ita
2511 2593 2689 2666 angeli
2715 2592 2938 2665 spiritus
2967 2592 3238 2665 malignos
3265 2609 3296 2648 a
3325 2608 3427 2649 sua
3447 2591 3664 2648 saevitia

2057 2692 2309 2739 coercent
2333 2690 2390 2739 et
2418 2682 2753 2755 Opprimunt,
2786 2696 2853 2738 ne
2894 2680 3054 2737 nobis
3107 2688 3340 2739 noceant
3399 2685 3663 2755 quantum

2058 2770 2264 2828 volunt.
2754 2844 2759 2847 ﬂ
2948 2812 2961 2823 .

2606 2860 2828 2916 CAPUT
2865 2860 3103 2917 CXCIII.

2552 2949 2881 3008 Similitudo
2930 2950 3160 3007 militis.

2132 3036 2281 3095 Sicut
2310 3036 2468 3093 miles
2496 3037 2804 3109 temporalis
2833 3038 2998 3093 armis
3027 3038 3269 3095 munitus
3300 3044 3380 3094 est
3436 3045 3654 3109 tempo-

2056 3127 2284 3195 ralibus,
2323 3125 2402 3183 sic
2432 3127 2590 3181 miles
2643 3126 2935 3197 spiritualis
2990 3127 3152 3183 debet
3207 3126 3374 3182 armis
3421 3126 3662 3182 munitus

2054 3232 2172 3272 esse
2201 3213 2597 3286 spiritualibus.
2628 3213 2977 3285 Quaecunque
3007 3213 3154 3270 enim
3192 3213 3347 3269 militi
3381 3213 3663 3285 temporali

2051 3311 2241 3360 contra
2269 3305 2477 3358 hostem
2507 3300 2775 3357 visibilem
2803 3309 2927 3356 sunt
2953 3301 3290 3368 necessaria,
3320 3301 3439 3371 ipsa
3468 3301 3661 3356 eadem

2052 3390 2401 3463 spiritualiter
2428 3389 2715 3458 intellecta,
2738 3389 3007 3459 spirituali
3037 3389 3195 3444 militi
3227 3396 3418 3444 contra
3446 3390 3662 3446 hostem

2052 3480 2386 3537 invisibilem
2417 3485 2543 3534 sunt
2569 3479 2993 3549 pernecessaria.
3042 3477 3152 3535 Sed
3207 3494 3328 3549 quae
3385 3485 3505 3532 sunt
3558 3477 3656 3537 illa

2055 3586 2174 3641 quae
2231 3566 2514 3639 temporali
2544 3566 2699 3621 militi
2756 3574 2882 3621 sunt
2934 3564 3240 3623 necessaria
3267 3567 3296 3620 ?
3339 3567 3400 3620 In
3464 3566 3657 3637 primis

2052 3659 2320 3729 siquidem
2350 3656 2594 3714 caballus
2640 3654 2732 3728 qui
2775 3654 2825 3711 ei
2879 3654 3015 3711 adeo
3070 3662 3152 3710 est
3196 3653 3535 3710 necessarius
3590 3658 3652 3710 ut

2053 3755 2199 3805 recte
2229 3746 2336 3803 dici
2362 3745 2537 3819 possit
2562 3762 2656 3801 sus
2696 3743 3044 3800 ﬁdelissimus
3101 3743 3322 3807 socius;
3383 3758 3508 3799 cum
3563 3742 3658 3799 illo

2055 3853 2288 3910 namque
2318 3844 2369 3893 et
2398 3842 2775 3892 occurrentem
2804 3833 3128 3907 aggreditur
3169 3835 3399 3902 hostem,
3435 3839 3489 3888 et
3535 3848 3659 3903 per-

2055 3927 2298 3998 sequitur
2327 3925 2647 3997 fugientem,
2679 3930 2729 3978 et
2760 3938 2884 3979 cum
2932 3930 3148 3993 tempus
3202 3920 3461 3992 postulet,
3518 3919 3661 3992 fugit

2053 4022 2493 4086 persequentem.
2530 4012 2733 4069 Deinde
2751 4012 2963 4066 frenum
2985 4011 3203 4066 additur
3224 4024 3329 4081 quo
3346 4009 3463 4081 ipse
3488 4024 3661 4080 equus

2054 4103 2300 4176 regitur;
2333 4117 2442 4157 non
2498 4100 2643 4156 enim
2693 4099 2749 4154 in
2808 4098 3071 4154 directum
3126 4098 3266 4154 viam
3327 4105 3551 4166 teneret,
3611 4098 3658 4152 si

2054 4192 2214 4248 miles
2243 4207 2365 4247 eum
2399 4190 2554 4245 freno
2576 4188 2805 4242 minime
2832 4193 3070 4258 regeret.
3104 4185 3420 4257 Apponitur
3435 4192 3486 4241 et
3503 4184 3657 4254 sella,

2054 4280 2160 4353 ipsi
2184 4278 2338 4336 militi
2367 4277 2661 4333 admodum
2692 4276 2911 4345 idonea,
2946 4275 3073 4346 quia
3094 4282 3215 4330 tunc
3231 4274 3467 4345 primum
3497 4289 3661 4344 super

2054 4385 2253 4441 equum
2283 4383 2447 4423 suum
2479 4366 2731 4422 decenter
2759 4362 3052 4420 ascendere
3082 4371 3135 4420 et
3178 4362 3401 4417 ﬁrmiter
3456 4361 3658 4433 poterit

2053 4458 2266 4528 sedere,
2298 4473 2422 4513 cum
2452 4454 2647 4513 viderit
2700 4470 2820 4509 enm
2880 4468 3044 4523 super
3099 4467 3159 4508 se
3218 4449 3408 4506 sellam
3430 4448 3656 4508 habere.

339 4577 648 4635 mergerem
678 4575 842 4633 quam
871 4567 1152 4632 peccatum
1184 4521 1358 4615 i'n'me
1396 4557 1764 4613 immitterem.
1799 4556 1936 4610 Μει-
1967 4521 2020 4583 D
2050 4548 2349 4603 Adduntnr
2376 4545 2538 4601 etiam
2570 4542 2875 4635 etcalcaria
2896 4541 2965 4596 ad
2998 4539 3248 4635 eumdem
3276 4555 3474 4609 equum
3500 4538 3658 4593 exci-

335 4650 449 4706 lem
477 4649 623 4706 enim
650 4665 821 4720 purus
848 4664 881 4703 a
934 4656 1157 4718 peccato
1215 4656 1267 4704 et
1320 4646 1580 4704 innocens
1634 4647 1940 4719 gehennam

336 4738 545 4795 intrare
574 4753 739 4810 quam
766 4736 976 4809 peccati
1005 4735 1165 4792 sorde
1194 4735 1433 4809 pollutus
1462 4735 1723 4792 caelorum
1770 4747 1945 4805 regna

337 4835 547 4894 tenere,
579 4843 702 4882 cum
730 4832 938 4882 constet
961 4823 1107 4882 solus
1135 4825 1311 4883 malos
1340 4825 1397 4880 in
1427 4825 1651 4880 inferno
1682 4821 1943 4893 torqueri,

339 4925 394 4973 et
417 4916 563 4973 solos
587 4916 761 4973 bonos
786 4914 843 4970 in
879 4912 1090 4973 caelesti
1118 4912 1458 4971 beatitudine
1494 4912 1703 4971 foveri.
1750 4933 1771 4960 υ

2048 4637 2278 4693 tandum
2310 4634 2471 4691 valde
2498 4631 2806 4688 necessaria
2833 4648 2848 4699 ;
2895 4628 3092 4700 saepius
3152 4642 3381 4698 namque
3412 4642 3659 4700 gressum

2051 4742 2158 4782 non
2190 4730 2436 4780 moveret
2464 4722 2508 4777 si
2538 4721 2695 4776 miles
2725 4736 2851 4775 eum
2892 4716 3196 4773 calcaribus
3252 4732 3360 4772 non
3415 4724 3658 4789 urgeret,

2056 4830 2283 4885 quorum
2311 4813 2540 4867 alterum
2596 4817 2677 4865 est
2722 4807 2991 4872 dextrum,
3048 4805 3279 4861 alterum
3335 4820 3466 4861 vero
3521 4804 3659 4861 sini-

2059 4912 2251 4960 strum.
2284 4899 2492 4957 Dehinc
2521 4897 2682 4953 miles
2710 4895 2822 4953 suis
2852 4893 3089 4952 induitur
3117 4895 3299 4964 armis,
3331 4893 3528 4968 quibus
3585 4893 3657 4950 ab

1648 5083 1872 5142 VARIE
1919 5076 2314 5137 LECTIONES
2327 5116 2343 5132 .

404 5232 490 5266 ³ου
517 5234 696 5290 Parati
723 5242 847 5291 sunt
875 5250 997 5291 eum
1028 5250 1163 5291 mss.
1193 5236 1328 5293 Vict.
1366 5235 1519 5295 Corb.

330 5306 561 5362 habens.
591 5304 675 5335 ³⁸⁸⁸
702 5307 772 5362 Et
797 5321 950 5362 more
979 5307 1098 5361 avis
1125 5322 1241 5362 ms.
1278 5308 1414 5364 Vict.
1447 5312 1505 5362 et
1551 5303 1698 5362 Edit.
1749 5305 1940 5361 Colon.
2002 5306 2047 5361 si
2106 5321 2257 5362 more
2313 5303 2452 5361 avis.

1549 5232 1722 5306 parati
1752 5248 1895 5306 eam.
1933 5233 2015 5264 ³⁸⁸⁸
2044 5236 2331 5290 Annexum
2360 5231 2597 5306 habebat
2624 5247 2730 5306 ms.
2772 5231 2907 5286 Vict.
2942 5232 2999 5286 et
3020 5229 3337 5306 εάίιεμσρι.
3370 5243 3647 5306 annexum

2500 5301 2583 5331 1°“
2644 5304 2941 5357 Autument
2993 5316 3103 5355 ms.
3164 5300 3301 5356 Vict.
3360 5308 3419 5355 et
3481 5301 3641 5355 Edit.

336 5378 460 5451 Col.
477 5384 776 5451 autumant.
806 5375 891 5451 “ff
913 5378 1174 5449 Etgratia
1194 5394 1339 5451 mss.
1367 5380 1502 5435 Vict.
1538 5377 1697 5435 Corb.
1725 5376 2109 5451 etEdit._Col.
2142 5385 2203 5451 et
2222 5375 2395 5448 gratia
2442 5373 2566 5451 Dei.
2588 5370 2671 5451 “f7
2728 5373 2804 5451 Si
2839 5371 2926 5427 hic
2990 5386 3125 5451 mss.
3186 5375 3261 5451 et.
3293 5370 3451 5451 ﬁdit.
3522 5371 3644 5427 Col.

330 5449 375 5525 s_i
405 5442 1384 5525 hinc.if‘jerﬁdem'parentumin
1414 5450 1540 5525 ipso
1576 5464 1702 5525 _ms.
1745 5448 1889 5525 Vict.
1922 5448 2034 5525 ﬁde
2086 5449 2148 5525 in
2190 5442 2309 5525 ipso
2359 5463 2479 5525 ms._
2529 5442 2848 5525 Corbtuﬁde.
2895 5449 3187 5525 parentum
3245 5442 3306 5495 in
3359 5442 3480 5525 ipso
3540 5457 3647 5525 ms.

332 5521 487 5584 Corb,
512 5520 639 5575 307.
671 5516 908 5590 Explicit
935 5512 1073 5574 liber
1099 5520 1271 5575 sancti
1300 5512 1538 5576 Anselmi
1565 5517 1965 5576 Cantuariensis
1992 5512 2414 5645 archizpiscOpi,
2445 5516 2515 5572 de
2568 5512 3035 5572 similitudinibus.
3096 5513 3161 5568 In
3210 5527 3319 5596 ms.
3368 5513 3500 5568 Bec.
3559 5512 3644 5566 le-

332 5592 548 5648 guntur
572 5590 945 5648 insunerduw
967 5589 1392 5648 Similitudines
1422 5610 1439 5647 :
1467 5607 1587 5648 una
1607 5591 1676 5648 de
1693 5590 1866 5648 Milite
1888 5612 1909 5648 .-
1937 5592 2126 5648 altera
2192 5606 2220 5648 e
2255 5589 2517 5648 Cellario.
2545 5604 2670 5648 qua
2706 5587 2886 5645 etiam
2926 5584 3209 5642 habentur
3262 5598 3324 5639 in
3355 5597 3462 5638 ms.
3527 5583 3644 5642 San

329 5592 548 5663 guntur
572 5589 806 5663 insuper
818 5590 945 5646 duce
967 5589 1392 5654 Similitudines
1422 5610 1439 5647 :
1467 5607 1587 5651 una
1607 5591 1676 5648 de
1693 5590 1866 5648 Milite
1885 5612 1909 5660 ε
1937 5592 2126 5649 altera

332 5661 601 5722 Germani
618 5664 680 5726 Α.
706 5661 743 5721 1
755 5702 769 5723 η

2225 5519 2237 5531 Ο

2255 5583 2517 5658 Cellario,
2545 5604 2670 5666 qua:
2706 5587 2886 5645 etiam
2926 5584 3209 5642 habentur
3262 5583 3324 5639 in
3355 5597 3462 5638 ms.
3527 5583 3648 5642 San
