4046 6076
450 300 555 357 703

1363 372 1373 380 .
1448 291 1768 353 EADMERI
1807 289 2366 350 CANTUARIENSIS
2402 288 2744 347 MONACHL

3633 286 3745 345 704

452 422 631 480 hostis
660 419 743 477 sui
800 421 1017 478 incursu
1046 419 1372 478 defenditur.
1404 417 1595 475 Lorica
1623 416 1867 487 vestitur,
1899 433 1968 472 ne
1996 416 2051 471 in
2077 416 2137 479 Α
2163 416 2311 488 prius
2338 431 2515 488 equus
2572 415 2844 473 multoties
2896 421 3233 488 repugnaret.
3273 414 3442 471 Decet
3491 412 3671 485 itaque
3702 419 3759 467 ut

450 511 633 583 aliqua
664 511 745 565 sui
775 510 1019 581 corporis
1074 515 1227 580 parte
1283 509 1616 564 vulneretur.
1660 506 1835 562 Galea
1892 512 2053 577 caput

467 600 588 670 ejus
618 606 861 665 ornatur,
891 605 1024 653 utet
1052 597 1166 669 ipse
1195 597 1323 652 inde
1353 596 1658 661 decoretur,
1683 602 1735 649 et
1762 595 1880 664 ejus
1908 594 2054 665 prin-

450 686 624 759 cipale
651 702 897 743 securum
966 685 1256 741 habeatur.
1325 684 1548 739 Scutum
1597 682 1948 753 praetenditur
1998 688 2058 737 ut

451 776 581 847 ipse
615 782 752 829 totus
780 774 907 829 inde
939 780 1275 846 protegatur.
1299 774 1512 829 Lancea
1534 771 1588 825 in
1623 771 1874 826 manibus
1904 777 2056 826 tene-

454 872 556 930 tur,
575 870 632 917 ut
649 862 776 918 inde
798 862 970 918 hostis
991 862 1165 917 adhuc
1186 862 1350 933 longe
1381 868 1621 916 semotus
1674 858 2049 932 transﬁgatur.

456 951 656 1007 Gladio
684 950 1012 1022 accingitur,
1051 950 1195 1006 unde
1224 950 1373 1004 idem
1422 948 1591 1004 hostis
1617 946 1863 1004 cominus
1894 947 2062 1020 jugu-

453 1040 617 1095 letur.
643 1041 746 1093 Ista
787 1039 968 1110 itaque
1006 1039 1192 1095 omnia
1229 1037 1386 1093 militi
1419 1036 1703 1108 temporali
1740 1043 1862 1091 sunt
1898 1036 2062 1092 valde

456 1127 810 1189 necessaria;
847 1143 1191 1200 nequaquam
1222 1142 1456 1196 namque
1496 1126 1636 1180 bene
1687 1132 1929 1180 armatus
1948 1140 2065 1180 esse

455 1215 679 1288 poterit,
710 1216 752 1270 si
779 1216 865 1272 vel
887 1232 1051 1272 unum
1075 1232 1141 1271 ex
1169 1215 1307 1283 istis,
1331 1214 1626 1287 quamlibet
1658 1213 1965 1281 minimum,
1987 1213 2063 1268 illi

464 1304 718 1370 defuerit,
739 1319 840 1360 nec
861 1304 1077 1375 proprie
1095 1304 1201 1359 dici
1223 1303 1419 1375 poterit
1436 1303 1591 1358 miles
1609 1302 1906 1374 legitimus,
1942 1301 2066 1372 quia

470 1393 647 1449 adhuc
677 1392 776 1447 erit
803 1392 1178 1462 imperfectus.
1212 1392 1410 1448 Verum
1442 1391 1546 1445 ista
1574 1390 1777 1455 omnia,
1810 1398 1867 1445 ut
1917 1406 2065 1460 prae-

464 1479 1093 1552 diximus,spiritualiter
1123 1489 1365 1552 accepta,
1407 1477 1678 1550 spirituali
1735 1477 1892 1533 militi
1921 1478 2067 1533 nihi-

459 1569 699 1625 lominus
726 1577 846 1624 sunt
901 1569 1231 1626 necessaria.
1273 1568 1622 1640 Spiritualem
1650 1583 1782 1623 vero
1841 1566 2067 1622 militem

473 1665 715 1714 nostrum
746 1657 976 1713 dicimus
1031 1657 1303 1712 hominem
1361 1656 1694 1725 interiorem,
1753 1656 1842 1710 hic
1871 1655 2069 1711 etenim

475 1746 640 1802 debet
671 1745 819 1801 omni
873 1754 1122 1817 tempore
1166 1761 1263 1801 suo
1312 1745 1549 1801 Creatori
1607 1744 1868 1811 militare;
1901 1759 2072 1814 equus

475 1840 653 1888 autem
685 1831 877 1888 militis
923 1834 1081 1902 hujus
1129 1841 1213 1889 est
1239 1848 1442 1903 corpus
1494 1831 1686 1903 ipsius,
1746 1833 1882 1888 sicut
1926 1831 2072 1886 enim

468 1919 627 1979 militi
682 1936 855 1990 equus
895 1930 977 1977 est
1028 1922 1388 1988 necessarius,
1440 1920 1520 1976 sic
1573 1919 1815 1975 interiori
1869 1916 2074 1976 homini

472 2023 697 2080 corpus.
719 2010 858 2064 Nam
888 2009 1351 2080 quemadmodum
1381 2009 1541 2064 miles
1569 2024 1691 2064 cum
1714 2024 1854 2080 equo
1883 2015 2078 2064 contra

476 2112 631 2152 suum
668 2097 1041 2153 adversarium
1072 2106 1299 2170 pugnat,
1358 2098 1447 2154 sic
1495 2096 1720 2152 interior
1770 2098 1935 2152 homo
1955 2111 2079 2153 cum

469 2200 705 2256 corpore
737 2195 931 2244 contra
961 2186 1260 2242 diabolum.
1295 2186 1429 2240 Cum
1467 2200 1698 2256 corpore
1737 2200 1971 2255 namque
2027 2180 2081 2240 εἰ

474 2283 858 2330 occurrentem
884 2274 1168 2331 diabolum
1203 2282 1499 2347 expugnat,
1532 2274 1649 2344 ejus
1697 2272 2081 2329 tentationibus

480 2361 715 2418 viriliter
745 2363 1064 2431 resistendo,
1107 2371 1161 2419 et
1202 2363 1499 2435 fugientem
1565 2362 1767 2419 cruciat
1822 2363 2084 2417 instanter

487 2451 891 2522 persequendo,
924 2459 978 2507 et
1003 2460 1439 2523 persequentem,
1481 2466 1605 2507 cum
1641 2450 1782 2507 ratio
1817 2450 2080 2521 postulat,

482 2538 700 2595 deridet
728 2539 1023 2610 prudenter
1049 2540 1337 2612 fugiendo.
1377 2540 1513 2595 Cum
1542 2540 1687 2595 enim
1725 2538 1889 2594 homo
1937 2537 2083 2594 bene

481 2626 671 2683 vivere
703 2628 914 2699 incipit,
953 2643 1083 2684 mox
1130 2628 1383 2684 diabolus
1437 2627 1593 2681 illum
1651 2626 1902 2697 decipere
1961 2626 2086 2687 totis

482 2714 697 2771 viribus
725 2716 964 2789 satagit;
996 2717 1082 2773 cui
1114 2717 1160 2771 si
1181 2716 1275 2772 ille
1297 2732 1405 2772 non
1434 2715 1789 2781 consenserit,
1848 2714 1943 2770 sed
1969 2715 2086 2784 ejus

487 2805 880 2860 tentationibus
910 2812 963 2859 et
992 2806 1175 2860 animo
1205 2813 1503 2876 etcorpore
1532 2803 1756 2859 viriliter
1806 2803 2082 2878 restiterit,

486 2905 623 2946 mox
651 2892 829 2962 ipsum
861 2891 1138 2947 diabolum
1170 2892 1450 2954 devincit;
1483 2892 1588 2946 hoc
1616 2899 1697 2945 est
1726 2889 1869 2945 enim
1889 2888 2084 2945 diabo-

490 2978 606 3033 lum
635 2979 875 3048 vincere,
909 2980 1027 3050 ejus
1056 2979 1501 3053 suggestionibus
1558 2977 1763 3034 fortiter
1815 2978 2082 3033 resistere.

489 3066 595 3136 Qui
624 3069 669 3122 si
700 3068 858 3124 etiam
892 3068 949 3123 in
976 3068 1133 3124 bonis
1158 3068 1439 3139 operibus,
1471 3077 1523 3122 et
1551 3068 1734 3123 animo
1763 3076 1822 3122 et
1856 3082 2085 3137 corpore

481 3155 747 3212 instanter
774 3157 1222 3229 perseveraverit,
1255 3165 1308 3212 et
1336 3156 1515 3227 ipsum
1544 3155 1767 3227 quidem
1806 3154 2084 3210 diabolum

488 3258 693 3316 magno
713 3245 1109 3315 persecutionis
1128 3245 1365 3301 cruciatu
1384 3244 1530 3300 ferit.
1560 3245 1709 3299 Tunc
1738 3244 1899 3300 etiam
1927 3242 2088 3298 miles

489 3332 686 3387 Christi
717 3333 993 3390 diabolum
1020 3335 1385 3405 persequitur,
1409 3349 1530 3388 eum
1552 3333 1608 3387 in
1633 3332 1774 3388 bene
1809 3332 2087 3403 operando

482 3424 952 3492 perseverantiam
1004 3424 1370 3495 amplectitur.
1435 3423 1570 3478 Cum
1626 3438 1756 3477 vero
1813 3421 1915 3492 ipsi
1963 3420 2085 3476 dia-

485 3509 636 3579 bolo,
678 3528 889 3566 summa
946 3512 1045 3567 Dei
1124 3511 1467 3583 providentia
1542 3511 1695 3581 juste
1763 3510 2087 3581 disponente

489 3598 695 3666 omnia,
718 3615 882 3668 super
899 3600 1172 3655 hominem
1210 3607 1451 3670 potestas
1478 3598 1743 3664 tribuitur,
1777 3606 1904 3652 tunc
1932 3597 2088 3651 illum

484 3686 736 3756 persequi
779 3686 994 3741 dicitur.
1023 3686 1131 3742 Sed
1161 3686 1478 3757 plerumque
1509 3686 1665 3741 miles
1716 3684 1917 3740 Christi
1972 3685 2090 3755 ejus

483 3770 552 3825 ad
584 3772 858 3827 modicum
892 3773 1034 3828 cedit
1084 3774 1342 3842 vesaniae,
1372 3781 1429 3828 ut
1482 3774 1659 3830 adhuc
1705 3772 1938 3827 Domino
1992 3787 2089 3827 suo

489 3859 667 3930 possit
694 3860 1038 3930 fructiﬁcare,
1079 3863 1238 3933 juxta
1279 3863 1426 3934 quod
1451 3861 1596 3916 idem
1655 3861 1921 3917 Dominus
1975 3860 2090 3932 ipse

496 3947 568 4003 de
593 3950 853 4004 membris
883 3949 1050 4022 ipsius
1078 3951 1275 4006 diaboli
1306 3967 1431 4006 suos
1473 3949 1773 4022 discipulos
1813 3948 2092 4004 admonuit

483 4036 669 4093 dicens
687 4055 699 4091 :
716 4039 775 4095 Si
784 4056 875 4096 vos
887 4041 1177 4112 persecuti
1192 4042 1413 4112 fuerim
1431 4040 1493 4095 in
1510 4056 1626 4095 una
1640 4039 1894 4105 civitate,
1908 4040 2091 4110 fugite

486 4127 551 4181 in
588 4127 768 4183 aliam
795 4129 1022 4198 (Matth.
1056 4146 1116 4183 x.
1156 4128 1269 4199 23).
1311 4129 1471 4199 Quod
1517 4144 1639 4184 cum
1683 4128 1839 4183 miles
1895 4126 2092 4181 Christi

495 4213 648 4285 facit,
679 4215 857 4286 ipsum
897 4217 1180 4273 diabolum
1227 4218 1525 4290 prudenter
1576 4217 1772 4272 illudit.
1796 4216 1921 4271 Non
1949 4215 2092 4271 enim

492 4303 633 4378 fugit
663 4305 809 4378 quod
838 4321 967 4361 eum
1027 4307 1231 4377 timeat,
1269 4308 1368 4361 sed
1407 4315 1466 4361 ut
1506 4307 1743 4362 Domino
1783 4320 1882 4360 suo
1917 4302 2094 4359 adhuc

492 4394 736 4465 praedam
778 4396 1040 4464 acquirat.
1078 4395 1246 4450 Valde
1284 4395 1468 4466 itaque
1497 4402 1579 4449 est
1602 4392 1941 4449 necessarius
1984 4408 2094 4446 no-

417 4476 427 4486 ’
484 4490 595 4538 stro
628 4482 782 4537 militi
814 4499 942 4538 suus
962 4499 1156 4556 equus,
1180 4483 1234 4537 id
1270 4491 1349 4538 est
1384 4482 1626 4538 interiori
1672 4481 1904 4549 homini,
1960 4495 2091 4536 cor-
2120 4474 2171 4533 D

483 4588 590 4644 pus
632 4572 899 4627 exterius.
947 4572 1237 4629 Sciendum
1299 4587 1433 4630 vero
1498 4571 1623 4643 quia
1669 4570 1949 4643 proprium
2015 4574 2097 4624 est

494 4660 683 4715 militis
711 4677 968 4732 praeesse,
1001 4662 1122 4734 equi
1153 4670 1337 4718 autem
1381 4661 1635 4725 subesse;
1678 4659 1865 4713 militis
1912 4658 2092 4728 impe—

490 4765 638 4819 rare,
667 4751 792 4822 equi
823 4750 1240 4823 obtemperare;
1286 4766 1627 4822 nequaquam
1657 4764 1894 4820 namque
1937 4747 2094 4802 miles

484 4845 674 4894 contra
703 4838 1082 4894 adversarium
1124 4841 1385 4896 decenter
1412 4855 1663 4912 pugnare
1718 4838 1936 4910 poterit,
1993 4828 2095 4891 nisi

488 4942 664 4999 equus
695 4943 823 4981 suus
852 4927 957 4982 sibi
987 4928 1269 4999 subjectus
1336 4929 1517 4997 fuerit,
1586 4936 1638 4984 et
1694 4926 1793 4982 nisi
1850 4925 1953 4981 sibi
1999 4942 2100 4996 per

492 5014 680 5071 omnia
707 5015 1005 5080 obedierit;
1040 5018 1139 5072 sed
1169 5016 1293 5089 quia
1324 5025 1407 5073 est
1434 5017 1635 5072 animal
1664 5025 1875 5071 mutum
1910 5019 1964 5070 et
1988 5030 2098 5071 non

492 5103 661 5159 habet
688 5102 1047 5170 intellectum,
1079 5104 1235 5161 miles
1278 5104 1442 5175 capiti
1491 5104 1610 5175 ejus
1658 5104 1869 5159 frenum
1914 5105 2095 5174 impo-

481 5195 568 5253 nit
602 5210 710 5267 quo
741 5210 863 5249 eum
892 5194 1000 5251 huc
1027 5201 1080 5249 et
1107 5194 1256 5261 illuc,
1287 5209 1410 5250 cum
1432 5194 1595 5249 etiam
1624 5192 1875 5261 noluerit,
1895 5207 2095 5249 secun-

491 5284 621 5340 dum
682 5283 957 5357 propriam
1004 5281 1337 5338 voluntatem
1393 5282 1611 5338 flectere
1666 5284 1857 5353 possit.
1907 5282 2097 5352 Neque

489 5375 636 5429 enim
668 5371 921 5445 expedite
950 5372 1212 5427 adversus
1243 5387 1399 5425 suum
1439 5386 1682 5444 pugnare
1722 5370 1924 5442 poterit
1993 5370 2095 5424 ad—

497 5463 821 5529 versarium,
850 5461 951 5517 nisi
981 5460 1035 5515 in
1065 5475 1206 5531 equo
1237 5474 1334 5515 suo
1364 5459 1612 5514 habuerit
1662 5459 1898 5514 frenum.
1959 5459 2100 5513 Nam

496 5552 776 5625 quomodo
804 5550 909 5623 ipsi
942 5549 1083 5607 hosti
1114 5548 1327 5605 fortiter
1352 5547 1653 5614 resisteret,
1677 5563 1802 5603 cum
1834 5547 1941 5603 sibi
1970 5562 2101 5621 pro-

2160 504 2216 561 in
2246 521 2389 577 equo
2418 521 2516 561 suo
2531 505 2729 561 habeat
2759 505 2997 578 frenum,
3022 503 3068 558 si
3088 503 3473 574 vultcxpedite
3513 516 3761 574 pugnare

2163 601 2353 650 contra
2381 593 2775 649 adversarium.
2826 594 3002 649 Debet
3047 600 3230 649 autem
3276 591 3576 647 secundum
3635 588 3760 660 equi

2165 682 2478 756 qualitatem
2519 682 2659 738 freni
2715 682 3007 754 providere
3071 679 3440 752 quantitatem.
3501 678 3558 734 Si
3613 678 3761 733 enim

2166 770 2504 828 obedientem
2529 788 2725 844 equum
2758 770 3005 827 habuerit
3033 779 3086 827 et
3115 769 3374 842 quietum,
3419 768 3472 823 in
3510 783 3575 823 eo
3625 780 3763 837 par-

2168 875 2294 915 vum
2322 868 2375 915 et
2402 876 2569 916 suave
2600 860 2757 915 debet
2783 875 2983 932 ponere
3013 859 3253 921 frenum;
3278 857 3325 912 si
3354 871 3487 912 vero
3507 854 3765 912 rebellem

2169 956 2223 1005 et
2252 949 2592 1019 indomitum,
2622 964 2880 1021 magnum
2909 949 2963 1003 in
3016 964 3083 1004 eo
3128 955 3182 1004 et
3231 962 3485 1018 asperum
3545 958 3769 1000 necesse

2171 1047 2253 1094 est
2280 1045 2339 1093 ut
2367 1038 2609 1108 imponat
2639 1039 2849 1093 frenum
2881 1056 2894 1101 ;
2928 1037 2972 1092 si
3004 1045 3183 1093 autem
3210 1035 3561 1102 mediocrem,
3600 1039 3654 1088 et
3708 1031 3767 1085 in

2172 1127 2327 1183 freno
2349 1127 2511 1182 debet
2566 1125 2857 1197 providere
2908 1124 3363 1182 mediocritatem.
3424 1120 3685 1179 Similiter
3722 1119 3769 1174 si

2173 1215 2332 1271 miles
2358 1215 2556 1272 Christi
2585 1215 2701 1270 vult
2730 1215 2979 1288 legitime
3008 1223 3215 1270 certare
3242 1221 3428 1269 contra
3468 1207 3771 1276 diabolum,

2176 1302 2412 1361 debetin
2443 1319 2540 1359 suo
2594 1319 2734 1375 equo
2768 1304 2975 1360 habere
3006 1304 3255 1365 frenum;
3317 1301 3531 1356 frenum
3590 1305 3773 1355 autem

2176 1408 2283 1464 quo
2313 1392 2624 1464 hujusmodi
2659 1392 2862 1466 regitur
2907 1408 3094 1463 equus,
3145 1387 3479 1445 abstinentia
3532 1386 3726 1442 dicitur
3757 1403 3771 1445 :

2176 1497 2274 1553 per
2300 1481 2676 1537 abstinentiam
2708 1496 2949 1553 namque
2970 1477 3371 1537 debetinterior
3408 1479 3571 1532 homo
3620 1483 3777 1530 exte-

2177 1569 2337 1626 rioris
2366 1569 2645 1625 lasciviam
2675 1571 2970 1639 refrenare,
3003 1578 3055 1626 et
3107 1584 3230 1625 eum
3288 1565 3584 1622 secundum
3640 1577 3781 1633 pro-

2178 1659 2345 1731 priam
2368 1659 2697 1715 voluntatem
2729 1660 2832 1714 huc
2861 1667 3031 1731 atque
3057 1656 3188 1712 illuc
3214 1656 3450 1712 ﬂectere.
3481 1654 3620 1709 Nam
3650 1650 3780 1706 sine

2103 1773 2154 1835 B
2181 1747 2498 1819 hujusmodi
2529 1747 2667 1802 freni
2698 1747 2964 1819 regimine
2985 1745 3288 1801 nullatenus
3318 1742 3574 1814 expedite
3617 1747 3781 1811 pote-

2182 1838 2249 1892 rit
2278 1836 2539 1893 adversus
2569 1836 2851 1892 diabolum
2881 1852 3153 1909 pugnare.
3185 1834 3291 1890 Sed
3314 1833 3431 1903 ipsa
3450 1827 3784 1886 abstinentia

2183 1926 2345 1981 debet
2373 1942 2494 1981 esse
2524 1925 2807 1992 discreta;
2847 1924 3142 1981 secundum
3201 1922 3345 1978 enim
3398 1917 3642 1990 corporis
3693 1915 3781 1971 sui

2184 2014 2498 2085 qualitatem
2529 2013 2683 2070 decet
2711 2014 2765 2069 ui
2795 2013 3017 2070 interior
3062 2013 3228 2068 homo
3272 2007 3549 2082 provideat
3607 2003 3783 2061 absti-

2187 2104 2383 2159 nentiaa
2413 2103 2805 2175 quantitatem;
2840 2101 3077 2173 alioquin
3118 2100 3221 2154 sibi
3251 2115 3357 2153 non
3388 2097 3486 2152 erit
3515 2094 3581 2150 ad
3612 2093 3782 2148 ullum

2187 2193 2581 2261 adiumentum,
2617 2192 2724 2247 imo
2749 2191 2820 2247 ad
2853 2190 3155 2245 maximum
3185 2182 3787 2259 impedimentum.No-

2188 2282 2413 2336 tandum
2441 2296 2656 2352 quoque
2689 2279 2814 2352 quia
2846 2279 3059 2334 frenum
3091 2277 3200 2333 duo
3228 2276 3347 2331 lora
3376 2272 3512 2331 solet
3558 2270 3786 2337 habere,

2190 2386 2309 2440 qute
2339 2369 2493 2425 miles
2522 2370 2574 2423 in
2607 2386 2703 2424 sua
2733 2385 2895 2422 manu
2926 2367 3086 2422 debet
3117 2375 3319 2432 tenere,
3365 2372 3419 2417 et
3472 2361 3552 2417 sic
3588 2374 3788 2431 equum

2191 2475 2348 2513 suum
2398 2474 2606 2530 regere,
2656 2457 2749 2515 sed
2788 2457 2836 2511 si
2883 2457 3108 2511 alterum
3165 2454 3285 2525 plus
3343 2452 3511 2507 altero
3560 2446 3791 2504 traxerit

2190 2563 2534 2620 nequaquam
2602 2546 2721 2616 ipse
2784 2561 2956 2617 equus
2996 2544 3047 2598 in
3089 2543 3349 2598 directum
3390 2540 3537 2596 viam
3604 2546 3791 2592 tenere

2191 2637 2405 2708 poterit.
2445 2637 2515 2692 Ut
2542 2644 2719 2691 autem
2760 2635 2814 2688 in
2853 2634 3113 2689 directum
3144 2632 3288 2687 viam
3330 2635 3527 2692 teneat,
3568 2639 3793 2681 necesse

2192 2733 2273 2780 est
2309 2734 2366 2780 ut
2394 2724 2551 2780 miles
2580 2732 2808 2796 utraque
2840 2722 2953 2778 lora
2994 2722 3048 2776 in
3090 2720 3354 2775 directum
3411 2716 3608 2771 trahat.
3649 2711 3793 2783 Quid

2192 2815 2372 2886 itaque
2403 2830 2498 2885 ter
2527 2814 2635 2869 duo
2665 2813 2779 2867 lora
2800 2811 2957 2877 freni,
2993 2809 3096 2864 nisi
3127 2809 3233 2864 duo
3252 2806 3490 2863 membra
3510 2803 3796 2859 abstinen-

2193 2905 2286 2959 tia:
2317 2903 2514 2959 debent
2544 2901 2811 2974 intelligi;
2875 2899 2980 2955 alia
3041 2913 3274 2968 namque
3326 2892 3649 2950 abstinentia
3715 2898 3797 2946 est

2193 2992 2422 3047 nimium
2479 2989 2723 3051 remissa.
2769 2989 2870 3044 alia
2909 3004 3071 3059 supra
3110 2986 3331 3041 modum
3384 2982 3632 3038 districta
3670 2995 3795 3052 quae

2194 3080 2236 3134 si
2260 3079 2596 3149 inaequaliter
2641 3078 2866 3133 interior
2916 3078 3080 3132 homo
3125 3071 3378 3130 exteriori
3416 3068 3698 3136 indixerit,
3738 3067 3797 3122 id

2193 3178 2291 3236 est,
2332 3168 2376 3223 si
2413 3184 2577 3222 unum
2611 3167 2898 3237 plusquam
2928 3165 3155 3220 alterum
3178 3162 3228 3218 ei
3250 3160 3562 3232 injunxerit,
3593 3171 3798 3228 nequa-

2193 3274 2355 3329 quam
2397 3265 2598 3311 rectam
2628 3255 2773 3309 viam
2806 3263 2989 3308 tenere
3018 3253 3241 3323 poterit;
3277 3257 3368 3305 aut
3395 3247 3538 3303 enim
3569 3253 3797 3317 propter

2194 3345 2424 3400 nimium
2460 3344 2742 3399 remissam
2775 3342 3150 3397 abstinentiam
3191 3336 3489 3410 superbiat,
3512 3344 3603 3390 aut
3657 3349 3797 3405 pro-

2193 3444 2314 3505 pter
2343 3433 2631 3505 plurimum
2663 3432 2959 3488 districtum
3002 3427 3238 3484 deficiet.
3277 3426 3462 3482 Restat
3512 3424 3678 3497 igitur
3740 3428 3799 3476 ut

2194 3531 2440 3577 neutram
2472 3521 2763 3575 indiscrete
2793 3517 3004 3591 corpori
3036 3533 3134 3572 suo
3173 3517 3444 3586 injungat,
3474 3511 3569 3569 sed
3584 3510 3794 3567 discre-

2194 3611 2356 3667 tionis
2385 3625 2545 3664 manu
2618 3607 3042 3663 mediocritatem
3113 3612 3311 3659 teneat.
3384 3600 3561 3657 Debet
3613 3606 3797 3655 autem

2195 3698 2352 3753 miles
2376 3698 2476 3753 iste
2504 3711 2876 3769 superequum
2935 3711 3092 3748 suum
3151 3692 3341 3747 sellam
3377 3689 3595 3745 habere.
3662 3686 3800 3756 Ejus

2196 3788 2383 3843 sellam
2412 3785 2684 3842 credimus
2715 3799 2835 3839 esse
2884 3780 3388 3843 mansuetudinem;
3456 3780 3597 3833 hanc
3652 3774 3798 3831 enim

2198 3872 2360 3926 debet
2387 3871 2610 3926 interior
2637 3871 2802 3924 homo
2848 3883 3012 3937 super
3072 3865 3398 3921 exteriorem
3458 3876 3685 3934 ponere,
3745 3867 3804 3914 ut

2198 3976 2360 4031 super
2386 3975 2509 4014 eum
2539 3957 2743 4012 ﬁrmius
2773 3956 2969 4011 sedere
2997 3961 3051 4010 et
3092 3969 3216 4009 eum
3285 3952 3568 4008 decentius
3632 3948 3805 4020 possit

2196 4061 2410 4118 regere,
2445 4042 2701 4097 videlicet
2729 4049 2783 4095 ut
2815 4040 3022 4095 nullum
3054 4038 3357 4093 membrum
3406 4036 3511 4091 huc
3556 4033 3644 4089 vel
3673 4033 3806 4088 illuc

2198 4133 2502 4191 inordinate
2524 4137 2757 4199 moveat,
2783 4129 2876 4183 sed
2900 4128 3087 4183 omnia
3117 4127 3378 4183 decenter
3430 4133 3483 4180 et
3520 4130 3806 4178 mansuete

2198 4221 2494 4285 contineat,
2526 4226 2586 4274 ut
2640 4218 2773 4273 nihil
2812 4225 2939 4288 agat
2995 4216 3249 4286 superbe,
3304 4212 3400 4270 sed
3458 4211 3642 4269 omnia
3678 4227 3807 4266 cum

2200 4310 2610 4383 tranquillitate.
2642 4308 2782 4363 Sunt
2828 4306 2997 4361 etiam
3040 4303 3279 4360 calcaria
3334 4302 3460 4358 huic
3522 4300 3680 4355 militi
3734 4298 3807 4353 ad

2201 4416 2400 4473 equum
2466 4396 2811 4454 excitandum
2879 4391 3332 4466 pernecessaria;
3375 4389 3478 4444 ista
3531 4388 3806 4459 siquidem

2201 4488 2433 4546 calcaria
2462 4486 2570 4542 duo
2599 4493 2720 4540 sunt
2750 4482 3188 4539 exhortationum
3216 4494 3441 4553 genera.
3473 4479 3592 4533 Duo
3638 4492 3806 4531 nam-

2203 4593 2307 4649 que
2339 4583 2470 4632 sunt
2511 4589 2713 4646 genam
2786 4571 3245 4635 exhortationum,
3313 4567 3513 4640 quibus
3582 4565 3810 4621 interior

2203 4668 2370 4722 homo
2418 4662 2739 4719 exteriorem
2780 4660 2942 4717 debet
2985 4658 3224 4715 excitare
3273 4657 3340 4712 ad
3391 4671 3530 4728 opus
3560 4653 3803 4709 bonum:

2205 4754 2452 4826 quaedam
2510 4766 2745 4822 namque
2814 4748 3225 4806 exhortationes
3274 4752 3401 4800 sunt
3454 4743 3523 4800 de
3565 4744 3806 4805 timore;

2205 4843 2453 4914 quaedam
2509 4857 2636 4897 vero
2678 4839 2746 4895 de
2778 4853 2993 4894 amore.
3041 4836 3155 4891 Illae
3189 4843 3369 4890 autem
3407 4849 3530 4905 qua:
3581 4839 3707 4887 sunt
3737 4831 3811 4887 de

2205 4932 2398 4986 timore
2428 4928 2682 4984 dicuntur
2711 4926 2975 4987 sinistre;
3005 4941 3123 4995 qua:
3154 4938 3286 4979 vero
3332 4922 3400 4977 de
3449 4935 3661 4986 amore,
3716 4917 3813 4972 di-

2205 5026 2399 5074 cuntur
2417 5017 2642 5073 dextrae.
2668 5015 2778 5071 Sed
2804 5015 2873 5069 de
2895 5029 3004 5085 quo
3053 5013 3256 5068 timore
3277 5011 3420 5067 etde
3451 5024 3558 5082 quo
3570 5022 3758 5064 amore
3783 5007 3815 5059 ‘I

2205 5108 2285 5163 De
2314 5106 2509 5161 timore
2537 5105 2805 5177 gehennae
2823 5110 2875 5158 et
2904 5102 2976 5157 de
3002 5116 3188 5156 amore
3218 5099 3667 5170 vitaatperpetnm;
3735 5093 3812 5150 de

2206 5196 2399 5250 timore
2425 5192 2705 5249 horribilis
2730 5189 3055 5247 calamitatis
3102 5198 3154 5246 cl
3198 5188 3267 5244 de
3317 5201 3506 5242 amore
3563 5183 3809 5239 delecta-

2206 5283 2331 5338 liitis
2348 5281 2732 5353 jucunditatis;
2765 5280 2835 5334 de
2865 5278 3057 5335 timore
3089 5284 3364 5349 perpetuae
3384 5272 3626 5329 miserita
3664 5276 3715 5325 et
3744 5270 3817 5324 de

2207 5385 2394 5426 amore
2426 5368 2684 5440 perennis
2713 5366 2922 5438 gloria.
2980 5365 3123 5434 Quia
3168 5378 3273 5436 ego
3341 5367 3529 5417 noster
3576 5357 3822 5414 exterior

2208 5459 2373 5514 homo
2411 5465 2497 5513 est
2543 5454 2788 5511 infirmus
2824 5463 2878 5511 et
2929 5452 3319 5525 corruptibilis,
3377 5448 3580 5520 saepius
3626 5446 3817 5517 aliqua

2211 5546 2441 5602 instante
2470 5544 2739 5618 gravitate
2767 5560 2800 5600 a
2829 5544 2974 5600 bono
3003 5558 3167 5616 opere
3195 5538 3362 5597 vellet
3402 5550 3642 5607 cessare,
3693 5533 3819 5601 sed,
