  <div class='ocr_page' id='page_1' title='image "/cluster/home/n/w/nwhite01/storage/ocr_20150623/159/hvd.32044054760178/358.png"; bbox 0 0 4046 6076; ppageno 0'>
   <div class='ocr_carea' id='block_1_1' title="bbox 286 309 448 391">
    <p class='ocr_par' dir='ltr' id='par_1_1' title="bbox 286 309 448 391">
     <span class='ocr_line' id='line_1_1' title="bbox 286 309 448 391; baseline -0.037 1"><span class='ocrx_word' id='word_1_1' title='bbox 286 322 394 391; x_wconf 80' lang='lat'><strong>705</strong></span> <span class='ocrx_word' id='word_1_2' title='bbox 445 309 448 313; x_wconf 78' lang='grc'><strong>’</strong></span> 
     </span>
    </p>
   </div>
   <div class='ocr_carea' id='block_1_2' title="bbox 1222 318 2549 391">
    <p class='ocr_par' dir='ltr' id='par_1_2' title="bbox 1222 318 2549 391">
     <span class='ocr_line' id='line_1_2' title="bbox 1222 318 2549 391; baseline 0.002 -3"><span class='ocrx_word' id='word_1_3' title='bbox 1222 329 1349 388; x_wconf 86' lang='lat' dir='ltr'><strong>LIB.</strong></span> <span class='ocrx_word' id='word_1_4' title='bbox 1382 323 1476 388; x_wconf 88' lang='lat' dir='ltr'><strong>DE</strong></span> <span class='ocrx_word' id='word_1_5' title='bbox 1507 331 1570 388; x_wconf 91' lang='lat' dir='ltr'><strong>s.</strong></span> <span class='ocrx_word' id='word_1_6' title='bbox 1608 328 1908 388; x_wconf 79' lang='lat' dir='ltr'><strong>ANSELMI</strong></span> <span class='ocrx_word' id='word_1_7' title='bbox 1937 318 2549 391; x_wconf 80' lang='lat' dir='ltr'><strong>SIMILITUDINIBUS.</strong></span> 
     </span>
    </p>
   </div>
   <div class='ocr_carea' id='block_1_3' title="bbox 3506 347 3614 403">
    <p class='ocr_par' dir='ltr' id='par_1_3' title="bbox 3506 347 3614 403">
     <span class='ocr_line' id='line_1_3' title="bbox 3506 347 3614 403; baseline 0.028 -3"><span class='ocrx_word' id='word_1_8' title='bbox 3506 347 3614 403; x_wconf 78' lang='lat'><strong>706</strong></span> 
     </span>
    </p>
   </div>
   <div class='ocr_carea' id='block_1_4' title="bbox 290 453 3611 536">
    <p class='ocr_par' dir='ltr' id='par_1_4' title="bbox 290 453 3611 536">
     <span class='ocr_line' id='line_1_4' title="bbox 290 453 3611 536; baseline 0.002 -17"><span class='ocrx_word' id='word_1_9' title='bbox 290 477 414 519; x_wconf 89' lang='lat' dir='ltr'><strong>cum</strong></span> <span class='ocrx_word' id='word_1_10' title='bbox 466 458 690 514; x_wconf 89' lang='lat' dir='ltr'><strong>interior</strong></span> <span class='ocrx_word' id='word_1_11' title='bbox 717 457 884 513; x_wconf 88' lang='lat' dir='ltr'><strong>homo</strong></span> <span class='ocrx_word' id='word_1_12' title='bbox 939 471 1062 512; x_wconf 90' lang='lat' dir='ltr'><strong>cum</strong></span> <span class='ocrx_word' id='word_1_13' title='bbox 1092 455 1164 510; x_wconf 86' lang='lat' dir='ltr'><strong>ab</strong></span> <span class='ocrx_word' id='word_1_14' title='bbox 1194 456 1430 527; x_wconf 76' lang='lat' dir='ltr'><strong>inempto</strong></span> <span class='ocrx_word' id='word_1_15' title='bbox 1462 457 1600 512; x_wconf 85' lang='lat' dir='ltr'><strong>bene</strong></span> <span class='ocrx_word' id='word_1_16' title='bbox 1645 455 1907 527; x_wconf 89' lang='lat' dir='ltr'><strong>operandi</strong></span> <span class='ocrx_word' id='word_1_17' title='bbox 1935 458 1989 522; x_wconf 88' lang='grc' dir='ltr'><strong>Α</strong></span> <span class='ocrx_word' id='word_1_18' title='bbox 2016 457 2094 512; x_wconf 88' lang='lat' dir='ltr'><strong>sic</strong></span> <span class='ocrx_word' id='word_1_19' title='bbox 2147 458 2320 514; x_wconf 79' lang='lat' dir='ltr'><strong>solent</strong></span> <span class='ocrx_word' id='word_1_20' title='bbox 2349 459 2600 530; x_wconf 62' lang='lat' dir='ltr'><strong>quaedam</strong></span> <span class='ocrx_word' id='word_1_21' title='bbox 2647 462 2894 516; x_wconf 86' lang='lat' dir='ltr'><strong>membra</strong></span> <span class='ocrx_word' id='word_1_22' title='bbox 2919 453 3200 536; x_wconf 86' lang='lat' dir='ltr'><strong>subsequi.</strong></span> <span class='ocrx_word' id='word_1_23' title='bbox 3235 463 3377 532; x_wconf 87' lang='lat' dir='ltr'><strong>Quid</strong></span> <span class='ocrx_word' id='word_1_24' title='bbox 3431 475 3611 526; x_wconf 89' lang='lat' dir='ltr'><strong>autem</strong></span> 
     </span>
    </p>
   </div>
   <div class='ocr_carea' id='block_1_5' title="bbox 291 542 1905 616">
    <p class='ocr_par' dir='ltr' id='par_1_5' title="bbox 291 542 1905 616">
     <span class='ocr_line' id='line_1_5' title="bbox 291 542 1905 616; baseline -0.003 -11"><span class='ocrx_word' id='word_1_25' title='bbox 291 550 486 605; x_wconf 88' lang='lat' dir='ltr'><strong>itinere</strong></span> <span class='ocrx_word' id='word_1_26' title='bbox 514 547 657 603; x_wconf 85' lang='lat' dir='ltr'><strong>velle</strong></span> <span class='ocrx_word' id='word_1_27' title='bbox 684 553 904 616; x_wconf 81' lang='lat' dir='ltr'><strong>torpere</strong></span> <span class='ocrx_word' id='word_1_28' title='bbox 933 542 1185 612; x_wconf 75' lang='lat' dir='ltr'><strong>senserit,</strong></span> <span class='ocrx_word' id='word_1_29' title='bbox 1221 560 1350 600; x_wconf 83' lang='lat' dir='ltr'><strong>mox</strong></span> <span class='ocrx_word' id='word_1_30' title='bbox 1390 561 1514 600; x_wconf 92' lang='lat' dir='ltr'><strong>eum</strong></span> <span class='ocrx_word' id='word_1_31' title='bbox 1545 545 1696 616; x_wconf 88' lang='lat' dir='ltr'><strong>quasi</strong></span> <span class='ocrx_word' id='word_1_32' title='bbox 1745 543 1905 600; x_wconf 85' lang='lat' dir='ltr'><strong>miles</strong></span> 
     </span>
    </p>
   </div>
   <div class='ocr_carea' id='block_1_6' title="bbox 293 631 1905 708">
    <p class='ocr_par' dir='ltr' id='par_1_6' title="bbox 293 631 1905 708">
     <span class='ocr_line' id='line_1_6' title="bbox 293 631 1905 708; baseline -0.006 -14"><span class='ocrx_word' id='word_1_33' title='bbox 293 653 492 708; x_wconf 90' lang='lat' dir='ltr'><strong>equum</strong></span> <span class='ocrx_word' id='word_1_34' title='bbox 523 651 681 690; x_wconf 90' lang='lat' dir='ltr'><strong>suum</strong></span> <span class='ocrx_word' id='word_1_35' title='bbox 711 632 1020 689; x_wconf 83' lang='lat' dir='ltr'><strong>calcaribus</strong></span> <span class='ocrx_word' id='word_1_36' title='bbox 1064 631 1227 687; x_wconf 81' lang='lat' dir='ltr'><strong>debet</strong></span> <span class='ocrx_word' id='word_1_37' title='bbox 1277 634 1577 688; x_wconf 86' lang='lat' dir='ltr'><strong>exercitare</strong></span> <span class='ocrx_word' id='word_1_38' title='bbox 1627 633 1905 704; x_wconf 64' lang='lat' dir='ltr'><strong>praedictis</strong></span> 
     </span>
    </p>
   </div>
   <div class='ocr_carea' id='block_1_7' title="bbox 294 720 1904 790">
    <p class='ocr_par' dir='ltr' id='par_1_7' title="bbox 294 720 1904 790">
     <span class='ocr_line' id='line_1_7' title="bbox 294 720 1904 790; baseline -0.006 -7"><span class='ocrx_word' id='word_1_39' title='bbox 294 722 784 790; x_wconf 84' lang='lat' dir='ltr'><strong>exhortationibus,</strong></span> <span class='ocrx_word' id='word_1_40' title='bbox 845 721 1142 790; x_wconf 81' lang='lat' dir='ltr'><strong>aliquando</strong></span> <span class='ocrx_word' id='word_1_41' title='bbox 1193 720 1447 776; x_wconf 85' lang='lat' dir='ltr'><strong>videlicet</strong></span> <span class='ocrx_word' id='word_1_42' title='bbox 1513 721 1738 789; x_wconf 79' lang='lat' dir='ltr'><strong>dextris,</strong></span> <span class='ocrx_word' id='word_1_43' title='bbox 1798 721 1904 775; x_wconf 90' lang='lat' dir='ltr'><strong>ali-</strong></span> 
     </span>
    </p>
   </div>
   <div class='ocr_carea' id='block_1_8' title="bbox 295 809 1903 884">
    <p class='ocr_par' dir='ltr' id='par_1_8' title="bbox 295 809 1903 884">
     <span class='ocr_line' id='line_1_8' title="bbox 295 809 1903 884; baseline -0.002 -17"><span class='ocrx_word' id='word_1_44' title='bbox 295 813 516 884; x_wconf 84' lang='lat' dir='ltr'><strong>quando</strong></span> <span class='ocrx_word' id='word_1_45' title='bbox 547 810 804 880; x_wconf 73' lang='lat' dir='ltr'><strong>sinistris,</strong></span> <span class='ocrx_word' id='word_1_46' title='bbox 837 809 890 864; x_wconf 89' lang='lat' dir='ltr'><strong>id</strong></span> <span class='ocrx_word' id='word_1_47' title='bbox 919 816 1002 864; x_wconf 91' lang='lat' dir='ltr'><strong>est</strong></span> <span class='ocrx_word' id='word_1_48' title='bbox 1049 823 1194 864; x_wconf 89' lang='lat' dir='ltr'><strong>nunc</strong></span> <span class='ocrx_word' id='word_1_49' title='bbox 1241 809 1457 877; x_wconf 87' lang='lat' dir='ltr'><strong>timore,</strong></span> <span class='ocrx_word' id='word_1_50' title='bbox 1505 826 1646 867; x_wconf 93' lang='lat' dir='ltr'><strong>nunc</strong></span> <span class='ocrx_word' id='word_1_51' title='bbox 1692 824 1903 874; x_wconf 89' lang='lat' dir='ltr'><strong>amore,</strong></span> 
     </span>
    </p>
   </div>
   <div class='ocr_carea' id='block_1_9' title="bbox 297 892 1907 968">
    <p class='ocr_par' dir='ltr' id='par_1_9' title="bbox 297 892 1907 968">
     <span class='ocr_line' id='line_1_9' title="bbox 297 892 1907 968; baseline -0.003 -17"><span class='ocrx_word' id='word_1_52' title='bbox 297 897 630 968; x_wconf 86' lang='lat' dir='ltr'><strong>quandoque</strong></span> <span class='ocrx_word' id='word_1_53' title='bbox 654 893 814 949; x_wconf 90' lang='lat' dir='ltr'><strong>simul</strong></span> <span class='ocrx_word' id='word_1_54' title='bbox 844 892 1110 964; x_wconf 90' lang='lat' dir='ltr'><strong>utrisque.</strong></span> <span class='ocrx_word' id='word_1_55' title='bbox 1141 894 1271 949; x_wconf 76' lang='lat' dir='ltr'><strong>Hiec</strong></span> <span class='ocrx_word' id='word_1_56' title='bbox 1318 893 1386 948; x_wconf 90' lang='lat' dir='ltr'><strong>de</strong></span> <span class='ocrx_word' id='word_1_57' title='bbox 1430 909 1570 966; x_wconf 90' lang='lat' dir='ltr'><strong>equo</strong></span> <span class='ocrx_word' id='word_1_58' title='bbox 1616 899 1670 950; x_wconf 91' lang='lat' dir='ltr'><strong>et</strong></span> <span class='ocrx_word' id='word_1_59' title='bbox 1709 894 1776 947; x_wconf 89' lang='lat' dir='ltr'><strong>de</strong></span> <span class='ocrx_word' id='word_1_60' title='bbox 1824 893 1907 946; x_wconf 91' lang='lat' dir='ltr'><strong>his</strong></span> 
     </span>
    </p>
   </div>
   <div class='ocr_carea' id='block_1_10' title="bbox 298 981 1906 1057">
    <p class='ocr_par' dir='ltr' id='par_1_10' title="bbox 298 981 1906 1057">
     <span class='ocr_line' id='line_1_10' title="bbox 298 981 1906 1057; baseline -0.002 -17"><span class='ocrx_word' id='word_1_61' title='bbox 298 1001 424 1057; x_wconf 81' lang='lat' dir='ltr'><strong>quae</strong></span> <span class='ocrx_word' id='word_1_62' title='bbox 455 985 525 1040; x_wconf 89' lang='lat' dir='ltr'><strong>ad</strong></span> <span class='ocrx_word' id='word_1_63' title='bbox 554 1000 678 1040; x_wconf 92' lang='lat' dir='ltr'><strong>eum</strong></span> <span class='ocrx_word' id='word_1_64' title='bbox 737 983 1012 1054; x_wconf 81' lang='lat' dir='ltr'><strong>pertinent</strong></span> <span class='ocrx_word' id='word_1_65' title='bbox 1064 981 1437 1037; x_wconf 88' lang='lat' dir='ltr'><strong>disseruimus.</strong></span> <span class='ocrx_word' id='word_1_66' title='bbox 1469 983 1625 1037; x_wconf 91' lang='lat' dir='ltr'><strong>Nunc</strong></span> <span class='ocrx_word' id='word_1_67' title='bbox 1661 997 1794 1039; x_wconf 91' lang='lat' dir='ltr'><strong>vero</strong></span> <span class='ocrx_word' id='word_1_68' title='bbox 1837 982 1906 1037; x_wconf 89' lang='lat' dir='ltr'><strong>ad</strong></span> 
     </span>
    </p>
   </div>
   <div class='ocr_carea' id='block_1_11' title="bbox 296 1070 1906 1141">
    <p class='ocr_par' dir='ltr' id='par_1_11' title="bbox 296 1070 1906 1141">
     <span class='ocr_line' id='line_1_11' title="bbox 296 1070 1906 1141; baseline -0.002 -13"><span class='ocrx_word' id='word_1_69' title='bbox 296 1074 523 1130; x_wconf 87' lang='lat' dir='ltr'><strong>militem</strong></span> <span class='ocrx_word' id='word_1_70' title='bbox 555 1081 801 1128; x_wconf 87' lang='lat' dir='ltr'><strong>nostrum</strong></span> <span class='ocrx_word' id='word_1_71' title='bbox 829 1073 1135 1136; x_wconf 88' lang='lat' dir='ltr'><strong>redeamus,</strong></span> <span class='ocrx_word' id='word_1_72' title='bbox 1169 1078 1223 1126; x_wconf 92' lang='lat' dir='ltr'><strong>et</strong></span> <span class='ocrx_word' id='word_1_73' title='bbox 1263 1071 1456 1141; x_wconf 91' lang='lat' dir='ltr'><strong>quibus</strong></span> <span class='ocrx_word' id='word_1_74' title='bbox 1494 1070 1656 1126; x_wconf 88' lang='lat' dir='ltr'><strong>armis</strong></span> <span class='ocrx_word' id='word_1_75' title='bbox 1703 1071 1906 1126; x_wconf 89' lang='lat' dir='ltr'><strong>armari</strong></span> 
     </span>
    </p>
   </div>
   <div class='ocr_carea' id='block_1_12' title="bbox 295 1159 1909 1230">
    <p class='ocr_par' dir='ltr' id='par_1_12' title="bbox 295 1159 1909 1230">
     <span class='ocr_line' id='line_1_12' title="bbox 295 1159 1909 1230; baseline -0.004 -12"><span class='ocrx_word' id='word_1_76' title='bbox 295 1163 494 1218; x_wconf 87' lang='lat' dir='ltr'><strong>debeat</strong></span> <span class='ocrx_word' id='word_1_77' title='bbox 531 1161 790 1217; x_wconf 86' lang='lat' dir='ltr'><strong>attentius</strong></span> <span class='ocrx_word' id='word_1_78' title='bbox 837 1160 1194 1230; x_wconf 90' lang='lat' dir='ltr'><strong>inquiramus.</strong></span> <span class='ocrx_word' id='word_1_79' title='bbox 1260 1159 1484 1214; x_wconf 81' lang='lat' dir='ltr'><strong>Militem</strong></span> <span class='ocrx_word' id='word_1_80' title='bbox 1541 1167 1802 1223; x_wconf 85' lang='lat' dir='ltr'><strong>nostrum,</strong></span> <span class='ocrx_word' id='word_1_81' title='bbox 1850 1166 1909 1213; x_wconf 92' lang='lat' dir='ltr'><strong>ut</strong></span> 
     </span>
    </p>
   </div>
   <div class='ocr_carea' id='block_1_13' title="bbox 294 1248 1906 1322">
    <p class='ocr_par' dir='ltr' id='par_1_13' title="bbox 294 1248 1906 1322">
     <span class='ocr_line' id='line_1_13' title="bbox 294 1248 1906 1322; baseline -0.002 -16"><span class='ocrx_word' id='word_1_82' title='bbox 294 1250 676 1322; x_wconf 75' lang='lat' dir='ltr'><strong>przediximus,</strong></span> <span class='ocrx_word' id='word_1_83' title='bbox 708 1257 954 1306; x_wconf 89' lang='lat' dir='ltr'><strong>nostrum</strong></span> <span class='ocrx_word' id='word_1_84' title='bbox 980 1264 1096 1304; x_wconf 89' lang='lat' dir='ltr'><strong>esse</strong></span> <span class='ocrx_word' id='word_1_85' title='bbox 1126 1248 1446 1304; x_wconf 89' lang='lat' dir='ltr'><strong>interiorem</strong></span> <span class='ocrx_word' id='word_1_86' title='bbox 1477 1248 1750 1304; x_wconf 88' lang='lat' dir='ltr'><strong>hominem</strong></span> <span class='ocrx_word' id='word_1_87' title='bbox 1783 1263 1906 1303; x_wconf 89' lang='lat' dir='ltr'><strong>cre-</strong></span> 
     </span>
    </p>
   </div>
   <div class='ocr_carea' id='block_1_14' title="bbox 297 1336 1908 1408">
    <p class='ocr_par' dir='ltr' id='par_1_14' title="bbox 297 1336 1908 1408">
     <span class='ocr_line' id='line_1_14' title="bbox 297 1336 1908 1408; baseline -0.003 -13"><span class='ocrx_word' id='word_1_88' title='bbox 297 1341 496 1408; x_wconf 90' lang='lat' dir='ltr'><strong>dimus,</strong></span> <span class='ocrx_word' id='word_1_89' title='bbox 527 1339 694 1406; x_wconf 91' lang='lat' dir='ltr'><strong>unde,</strong></span> <span class='ocrx_word' id='word_1_90' title='bbox 727 1339 869 1394; x_wconf 85' lang='lat' dir='ltr'><strong>sicut</strong></span> <span class='ocrx_word' id='word_1_91' title='bbox 899 1344 1112 1394; x_wconf 89' lang='lat' dir='ltr'><strong>constat</strong></span> <span class='ocrx_word' id='word_1_92' title='bbox 1142 1338 1209 1392; x_wconf 90' lang='lat' dir='ltr'><strong>de</strong></span> <span class='ocrx_word' id='word_1_93' title='bbox 1242 1336 1534 1407; x_wconf 88' lang='lat' dir='ltr'><strong>temporali</strong></span> <span class='ocrx_word' id='word_1_94' title='bbox 1556 1337 1745 1405; x_wconf 88' lang='lat' dir='ltr'><strong>milite,</strong></span> <span class='ocrx_word' id='word_1_95' title='bbox 1781 1336 1908 1391; x_wconf 87' lang='lat' dir='ltr'><strong>nul-</strong></span> 
     </span>
    </p>
   </div>
   <div class='ocr_carea' id='block_1_15' title="bbox 169 1424 1910 1484">
    <p class='ocr_par' dir='ltr' id='par_1_15' title="bbox 169 1424 1910 1484">
     <span class='ocr_line' id='line_1_15' title="bbox 169 1424 1910 1484; baseline -0.003 0"><span class='ocrx_word' id='word_1_96' title='bbox 169 1470 194 1477; x_wconf 84' lang='lat'><em>_</em></span> <span class='ocrx_word' id='word_1_97' title='bbox 297 1428 512 1484; x_wconf 90' lang='lat' dir='ltr'><strong>latenus</strong></span> <span class='ocrx_word' id='word_1_98' title='bbox 539 1428 694 1482; x_wconf 90' lang='lat' dir='ltr'><strong>miles</strong></span> <span class='ocrx_word' id='word_1_99' title='bbox 723 1426 828 1482; x_wconf 89' lang='lat' dir='ltr'><strong>iste</strong></span> <span class='ocrx_word' id='word_1_100' title='bbox 873 1442 997 1482; x_wconf 91' lang='lat' dir='ltr'><strong>cum</strong></span> <span class='ocrx_word' id='word_1_101' title='bbox 1047 1424 1360 1480; x_wconf 87' lang='lat' dir='ltr'><strong>adversario</strong></span> <span class='ocrx_word' id='word_1_102' title='bbox 1418 1440 1515 1480; x_wconf 92' lang='lat' dir='ltr'><strong>suo</strong></span> <span class='ocrx_word' id='word_1_103' title='bbox 1571 1425 1685 1480; x_wconf 88' lang='lat' dir='ltr'><strong>sine</strong></span> <span class='ocrx_word' id='word_1_104' title='bbox 1741 1424 1910 1480; x_wconf 90' lang='lat' dir='ltr'><strong>armis</strong></span> 
     </span>
    </p>
   </div>
   <div class='ocr_carea' id='block_1_16' title="bbox 297 1514 1909 1588">
    <p class='ocr_par' dir='ltr' id='par_1_16' title="bbox 297 1514 1909 1588">
     <span class='ocr_line' id='line_1_16' title="bbox 297 1514 1909 1588; baseline -0.003 -14"><span class='ocrx_word' id='word_1_105' title='bbox 297 1517 512 1574; x_wconf 80' lang='lat' dir='ltr'><strong>bellicis</strong></span> <span class='ocrx_word' id='word_1_106' title='bbox 538 1517 735 1588; x_wconf 90' lang='lat' dir='ltr'><strong>poterit</strong></span> <span class='ocrx_word' id='word_1_107' title='bbox 802 1514 1047 1587; x_wconf 75' lang='lat' dir='ltr'><strong>legitime</strong></span> <span class='ocrx_word' id='word_1_108' title='bbox 1090 1523 1314 1569; x_wconf 85' lang='lat' dir='ltr'><strong>certare.</strong></span> <span class='ocrx_word' id='word_1_109' title='bbox 1364 1514 1507 1568; x_wconf 89' lang='lat' dir='ltr'><strong>Nam</strong></span> <span class='ocrx_word' id='word_1_110' title='bbox 1556 1514 1829 1585; x_wconf 93' lang='lat' dir='ltr'><strong>quomodo</strong></span> <span class='ocrx_word' id='word_1_111' title='bbox 1875 1529 1909 1569; x_wconf 91' lang='lat' dir='ltr'><strong>a</strong></span> 
     </span>
    </p>
   </div>
   <div class='ocr_carea' id='block_1_17' title="bbox 299 1603 1905 1673">
    <p class='ocr_par' dir='ltr' id='par_1_17' title="bbox 299 1603 1905 1673">
     <span class='ocr_line' id='line_1_17' title="bbox 299 1603 1905 1673; baseline -0.002 -11"><span class='ocrx_word' id='word_1_112' title='bbox 299 1607 506 1662; x_wconf 89' lang='lat' dir='ltr'><strong>diaboli</strong></span> <span class='ocrx_word' id='word_1_113' title='bbox 531 1604 1040 1673; x_wconf 87' lang='lat' dir='ltr'><strong>mortiferisjaculis</strong></span> <span class='ocrx_word' id='word_1_114' title='bbox 1063 1604 1307 1658; x_wconf 86' lang='lat' dir='ltr'><strong>membra</strong></span> <span class='ocrx_word' id='word_1_115' title='bbox 1329 1619 1427 1657; x_wconf 88' lang='lat' dir='ltr'><strong>sua</strong></span> <span class='ocrx_word' id='word_1_116' title='bbox 1448 1611 1691 1658; x_wconf 85' lang='lat' dir='ltr'><strong>servaret</strong></span> <span class='ocrx_word' id='word_1_117' title='bbox 1711 1603 1905 1670; x_wconf 68' lang='lat' dir='ltr'><strong>illaesa,</strong></span> 
     </span>
    </p>
   </div>
   <div class='ocr_carea' id='block_1_18' title="bbox 298 1691 1908 1760">
    <p class='ocr_par' dir='ltr' id='par_1_18' title="bbox 298 1691 1908 1760">
     <span class='ocr_line' id='line_1_18' title="bbox 298 1691 1908 1760; baseline -0.002 -10"><span class='ocrx_word' id='word_1_118' title='bbox 298 1695 344 1750; x_wconf 91' lang='lat' dir='ltr'><strong>si</strong></span> <span class='ocrx_word' id='word_1_119' title='bbox 383 1711 493 1750; x_wconf 92' lang='lat' dir='ltr'><strong>non</strong></span> <span class='ocrx_word' id='word_1_120' title='bbox 550 1693 867 1750; x_wconf 89' lang='lat' dir='ltr'><strong>indueretur</strong></span> <span class='ocrx_word' id='word_1_121' title='bbox 921 1692 1118 1748; x_wconf 72' lang='lat' dir='ltr'><strong>lorica?</strong></span> <span class='ocrx_word' id='word_1_122' title='bbox 1185 1691 1358 1760; x_wconf 90' lang='lat' dir='ltr'><strong>Quam</strong></span> <span class='ocrx_word' id='word_1_123' title='bbox 1412 1691 1752 1748; x_wconf 85' lang='lat' dir='ltr'><strong>securitatem</strong></span> <span class='ocrx_word' id='word_1_124' title='bbox 1811 1708 1908 1748; x_wconf 90' lang='lat' dir='ltr'><strong>suo</strong></span> 
     </span>
    </p>
   </div>
   <div class='ocr_carea' id='block_1_19' title="bbox 298 1780 1910 1855">
    <p class='ocr_par' dir='ltr' id='par_1_19' title="bbox 298 1780 1910 1855">
     <span class='ocr_line' id='line_1_19' title="bbox 298 1780 1910 1855; baseline -0.002 -18"><span class='ocrx_word' id='word_1_125' title='bbox 298 1783 586 1855; x_wconf 88' lang='lat' dir='ltr'><strong>principali</strong></span> <span class='ocrx_word' id='word_1_126' title='bbox 631 1782 918 1849; x_wconf 84' lang='lat' dir='ltr'><strong>obtineret,</strong></span> <span class='ocrx_word' id='word_1_127' title='bbox 969 1781 1056 1836; x_wconf 85' lang='lat' dir='ltr'><strong>vel</strong></span> <span class='ocrx_word' id='word_1_128' title='bbox 1104 1796 1272 1852; x_wconf 88' lang='lat' dir='ltr'><strong>quem</strong></span> <span class='ocrx_word' id='word_1_129' title='bbox 1321 1780 1569 1835; x_wconf 86' lang='lat' dir='ltr'><strong>timorem</strong></span> <span class='ocrx_word' id='word_1_130' title='bbox 1625 1781 1726 1851; x_wconf 87' lang='lat' dir='ltr'><strong>ipsi</strong></span> <span class='ocrx_word' id='word_1_131' title='bbox 1767 1781 1910 1836; x_wconf 86' lang='lat' dir='ltr'><strong>hosti</strong></span> 
     </span>
    </p>
   </div>
   <div class='ocr_carea' id='block_1_20' title="bbox 300 1868 1910 1941">
    <p class='ocr_par' dir='ltr' id='par_1_20' title="bbox 300 1868 1910 1941">
     <span class='ocr_line' id='line_1_20' title="bbox 300 1868 1910 1941; baseline -0.002 -13"><span class='ocrx_word' id='word_1_132' title='bbox 300 1875 585 1939; x_wconf 87' lang='lat' dir='ltr'><strong>incuteret,</strong></span> <span class='ocrx_word' id='word_1_133' title='bbox 609 1871 652 1925; x_wconf 92' lang='lat' dir='ltr'><strong>si</strong></span> <span class='ocrx_word' id='word_1_134' title='bbox 673 1871 890 1941; x_wconf 80' lang='lat' dir='ltr'><strong>galeam</strong></span> <span class='ocrx_word' id='word_1_135' title='bbox 911 1871 967 1924; x_wconf 91' lang='lat' dir='ltr'><strong>in</strong></span> <span class='ocrx_word' id='word_1_136' title='bbox 989 1869 1168 1940; x_wconf 90' lang='lat' dir='ltr'><strong>capite</strong></span> <span class='ocrx_word' id='word_1_137' title='bbox 1195 1883 1305 1924; x_wconf 91' lang='lat' dir='ltr'><strong>non</strong></span> <span class='ocrx_word' id='word_1_138' title='bbox 1334 1868 1590 1924; x_wconf 70' lang='lat' dir='ltr'><strong>haberet?</strong></span> <span class='ocrx_word' id='word_1_139' title='bbox 1623 1868 1910 1937; x_wconf 88' lang='lat' dir='ltr'><strong>Quomodo</strong></span> 
     </span>
    </p>
   </div>
   <div class='ocr_carea' id='block_1_21' title="bbox 298 1957 1910 2030">
    <p class='ocr_par' dir='ltr' id='par_1_21' title="bbox 298 1957 1910 2030">
     <span class='ocr_line' id='line_1_21' title="bbox 298 1957 1910 2030; baseline -0.004 -12"><span class='ocrx_word' id='word_1_140' title='bbox 298 1977 334 2018; x_wconf 86' lang='lat' dir='ltr'><strong>a</strong></span> <span class='ocrx_word' id='word_1_141' title='bbox 365 1959 654 2016; x_wconf 87' lang='lat' dir='ltr'><strong>virulentis</strong></span> <span class='ocrx_word' id='word_1_142' title='bbox 683 1959 889 2029; x_wconf 90' lang='lat' dir='ltr'><strong>antiqui</strong></span> <span class='ocrx_word' id='word_1_143' title='bbox 933 1957 1201 2029; x_wconf 85' lang='lat' dir='ltr'><strong>serpentis</strong></span> <span class='ocrx_word' id='word_1_144' title='bbox 1243 1959 1439 2013; x_wconf 90' lang='lat' dir='ltr'><strong>ictibus</strong></span> <span class='ocrx_word' id='word_1_145' title='bbox 1487 1967 1592 2013; x_wconf 90' lang='lat' dir='ltr'><strong>tam</strong></span> <span class='ocrx_word' id='word_1_146' title='bbox 1637 1974 1694 2014; x_wconf 91' lang='lat' dir='ltr'><strong>se</strong></span> <span class='ocrx_word' id='word_1_147' title='bbox 1747 1975 1910 2030; x_wconf 91' lang='lat' dir='ltr'><strong>quam</strong></span> 
     </span>
    </p>
   </div>
   <div class='ocr_carea' id='block_1_22' title="bbox 298 2046 1911 2122">
    <p class='ocr_par' dir='ltr' id='par_1_22' title="bbox 298 2046 1911 2122">
     <span class='ocr_line' id='line_1_22' title="bbox 298 2046 1911 2122; baseline -0.004 -16"><span class='ocrx_word' id='word_1_148' title='bbox 298 2065 500 2122; x_wconf 91' lang='lat' dir='ltr'><strong>equum</strong></span> <span class='ocrx_word' id='word_1_149' title='bbox 529 2065 684 2103; x_wconf 91' lang='lat' dir='ltr'><strong>suum</strong></span> <span class='ocrx_word' id='word_1_150' title='bbox 714 2046 1048 2109; x_wconf 82' lang='lat' dir='ltr'><strong>defenderet,</strong></span> <span class='ocrx_word' id='word_1_151' title='bbox 1097 2047 1200 2101; x_wconf 89' lang='lat' dir='ltr'><strong>nisi</strong></span> <span class='ocrx_word' id='word_1_152' title='bbox 1257 2056 1460 2102; x_wconf 92' lang='lat' dir='ltr'><strong>scutum</strong></span> <span class='ocrx_word' id='word_1_153' title='bbox 1519 2047 1911 2116; x_wconf 62' lang='lat' dir='ltr'><strong>praetenderet?</strong></span> 
     </span>
    </p>
   </div>
   <div class='ocr_carea' id='block_1_23' title="bbox 297 2135 1912 2208">
    <p class='ocr_par' dir='ltr' id='par_1_23' title="bbox 297 2135 1912 2208">
     <span class='ocr_line' id='line_1_23' title="bbox 297 2135 1912 2208; baseline -0.004 -13"><span class='ocrx_word' id='word_1_154' title='bbox 297 2138 459 2195; x_wconf 87' lang='lat' dir='ltr'><strong>Unde</strong></span> <span class='ocrx_word' id='word_1_155' title='bbox 490 2152 622 2193; x_wconf 89' lang='lat' dir='ltr'><strong>vero</strong></span> <span class='ocrx_word' id='word_1_156' title='bbox 654 2136 835 2206; x_wconf 83' lang='lat' dir='ltr'><strong>ipsum</strong></span> <span class='ocrx_word' id='word_1_157' title='bbox 867 2138 1077 2191; x_wconf 86' lang='lat' dir='ltr'><strong>hostem</strong></span> <span class='ocrx_word' id='word_1_158' title='bbox 1113 2135 1475 2208; x_wconf 84' lang='lat' dir='ltr'><strong>transfigeret,</strong></span> <span class='ocrx_word' id='word_1_159' title='bbox 1509 2135 1552 2190; x_wconf 90' lang='lat' dir='ltr'><strong>si</strong></span> <span class='ocrx_word' id='word_1_160' title='bbox 1583 2136 1823 2190; x_wconf 88' lang='lat' dir='ltr'><strong>lanceam</strong></span> <span class='ocrx_word' id='word_1_161' title='bbox 1857 2135 1912 2188; x_wconf 93' lang='lat' dir='ltr'><strong>in</strong></span> 
     </span>
    </p>
   </div>
   <div class='ocr_carea' id='block_1_24' title="bbox 299 2223 1913 2297">
    <p class='ocr_par' dir='ltr' id='par_1_24' title="bbox 299 2223 1913 2297">
     <span class='ocr_line' id='line_1_24' title="bbox 299 2223 1913 2297; baseline -0.002 -16"><span class='ocrx_word' id='word_1_162' title='bbox 299 2226 558 2281; x_wconf 87' lang='lat' dir='ltr'><strong>manibus</strong></span> <span class='ocrx_word' id='word_1_163' title='bbox 587 2241 928 2297; x_wconf 86' lang='lat' dir='ltr'><strong>nequaquam</strong></span> <span class='ocrx_word' id='word_1_164' title='bbox 977 2227 1214 2280; x_wconf 77' lang='lat' dir='ltr'><strong>teneret?</strong></span> <span class='ocrx_word' id='word_1_165' title='bbox 1242 2228 1347 2280; x_wconf 81' lang='lat' dir='ltr'><strong>Aut</strong></span> <span class='ocrx_word' id='word_1_166' title='bbox 1375 2224 1516 2280; x_wconf 93' lang='lat' dir='ltr'><strong>unde</strong></span> <span class='ocrx_word' id='word_1_167' title='bbox 1545 2225 1692 2279; x_wconf 88' lang='lat' dir='ltr'><strong>idem</strong></span> <span class='ocrx_word' id='word_1_168' title='bbox 1743 2223 1913 2278; x_wconf 87' lang='lat' dir='ltr'><strong>hostis</strong></span> 
     </span>
    </p>
   </div>
   <div class='ocr_carea' id='block_1_25' title="bbox 296 2313 1909 2388">
    <p class='ocr_par' dir='ltr' id='par_1_25' title="bbox 296 2313 1909 2388">
     <span class='ocr_line' id='line_1_25' title="bbox 296 2313 1909 2388; baseline -0.001 -18"><span class='ocrx_word' id='word_1_169' title='bbox 296 2316 672 2388; x_wconf 87' lang='lat' dir='ltr'><strong>jugularetur,</strong></span> <span class='ocrx_word' id='word_1_170' title='bbox 703 2314 747 2368; x_wconf 89' lang='lat' dir='ltr'><strong>si</strong></span> <span class='ocrx_word' id='word_1_171' title='bbox 799 2313 958 2369; x_wconf 89' lang='lat' dir='ltr'><strong>miles</strong></span> <span class='ocrx_word' id='word_1_172' title='bbox 999 2313 1191 2368; x_wconf 89' lang='lat' dir='ltr'><strong>Christi</strong></span> <span class='ocrx_word' id='word_1_173' title='bbox 1223 2313 1408 2386; x_wconf 89' lang='lat' dir='ltr'><strong>gladio</strong></span> <span class='ocrx_word' id='word_1_174' title='bbox 1446 2331 1554 2370; x_wconf 93' lang='lat' dir='ltr'><strong>non</strong></span> <span class='ocrx_word' id='word_1_175' title='bbox 1584 2314 1909 2385; x_wconf 89' lang='lat' dir='ltr'><strong>accingere-</strong></span> 
     </span>
    </p>
   </div>
   <div class='ocr_carea' id='block_1_26' title="bbox 302 2401 1909 2474">
    <p class='ocr_par' dir='ltr' id='par_1_26' title="bbox 302 2401 1909 2474">
     <span class='ocr_line' id='line_1_26' title="bbox 302 2401 1909 2474; baseline -0.003 -15"><span class='ocrx_word' id='word_1_176' title='bbox 302 2406 418 2460; x_wconf 82' lang='lat' dir='ltr'><strong>tur‘?</strong></span> <span class='ocrx_word' id='word_1_177' title='bbox 447 2404 582 2459; x_wconf 89' lang='lat' dir='ltr'><strong>Sunt</strong></span> <span class='ocrx_word' id='word_1_178' title='bbox 611 2403 792 2474; x_wconf 90' lang='lat' dir='ltr'><strong>itaque</strong></span> <span class='ocrx_word' id='word_1_179' title='bbox 824 2401 1120 2457; x_wconf 87' lang='lat' dir='ltr'><strong>admodum</strong></span> <span class='ocrx_word' id='word_1_180' title='bbox 1171 2402 1469 2458; x_wconf 90' lang='lat' dir='ltr'><strong>necessaria</strong></span> <span class='ocrx_word' id='word_1_181' title='bbox 1522 2410 1703 2458; x_wconf 90' lang='lat' dir='ltr'><strong>nostro</strong></span> <span class='ocrx_word' id='word_1_182' title='bbox 1754 2401 1909 2456; x_wconf 87' lang='lat' dir='ltr'><strong>militi</strong></span> 
     </span>
    </p>
   </div>
   <div class='ocr_carea' id='block_1_27' title="bbox 302 2490 1911 2556">
    <p class='ocr_par' dir='ltr' id='par_1_27' title="bbox 302 2490 1911 2556">
     <span class='ocr_line' id='line_1_27' title="bbox 302 2490 1911 2556; baseline -0.003 -8"><span class='ocrx_word' id='word_1_183' title='bbox 302 2509 402 2548; x_wconf 89' lang='lat' dir='ltr'><strong>sua</strong></span> <span class='ocrx_word' id='word_1_184' title='bbox 431 2509 607 2548; x_wconf 90' lang='lat' dir='ltr'><strong>arma.</strong></span> <span class='ocrx_word' id='word_1_185' title='bbox 645 2494 810 2546; x_wconf 77' lang='lat' dir='ltr'><strong>Arma</strong></span> <span class='ocrx_word' id='word_1_186' title='bbox 836 2493 962 2556; x_wconf 90' lang='lat' dir='ltr'><strong>ista,</strong></span> <span class='ocrx_word' id='word_1_187' title='bbox 1014 2490 1137 2546; x_wconf 90' lang='lat' dir='ltr'><strong>licet</strong></span> <span class='ocrx_word' id='word_1_188' title='bbox 1192 2490 1297 2544; x_wconf 88' lang='lat' dir='ltr'><strong>sint</strong></span> <span class='ocrx_word' id='word_1_189' title='bbox 1350 2490 1562 2556; x_wconf 89' lang='lat' dir='ltr'><strong>bellica,</strong></span> <span class='ocrx_word' id='word_1_190' title='bbox 1623 2506 1730 2546; x_wconf 89' lang='lat' dir='ltr'><strong>non</strong></span> <span class='ocrx_word' id='word_1_191' title='bbox 1788 2496 1911 2544; x_wconf 92' lang='lat' dir='ltr'><strong>sunt</strong></span> 
     </span>
    </p>
   </div>
   <div class='ocr_carea' id='block_1_28' title="bbox 307 2578 1909 2651">
    <p class='ocr_par' dir='ltr' id='par_1_28' title="bbox 307 2578 1909 2651">
     <span class='ocr_line' id='line_1_28' title="bbox 307 2578 1909 2651; baseline -0.002 -15"><span class='ocrx_word' id='word_1_192' title='bbox 307 2589 486 2636; x_wconf 90' lang='lat' dir='ltr'><strong>tamen</strong></span> <span class='ocrx_word' id='word_1_193' title='bbox 518 2579 858 2651; x_wconf 86' lang='lat' dir='ltr'><strong>temporalia,</strong></span> <span class='ocrx_word' id='word_1_194' title='bbox 910 2579 1008 2634; x_wconf 91' lang='lat' dir='ltr'><strong>sed</strong></span> <span class='ocrx_word' id='word_1_195' title='bbox 1066 2578 1388 2649; x_wconf 89' lang='lat' dir='ltr'><strong>spiritualia;</strong></span> <span class='ocrx_word' id='word_1_196' title='bbox 1438 2594 1546 2634; x_wconf 87' lang='lat' dir='ltr'><strong>non</strong></span> <span class='ocrx_word' id='word_1_197' title='bbox 1603 2587 1726 2633; x_wconf 91' lang='lat' dir='ltr'><strong>sunt</strong></span> <span class='ocrx_word' id='word_1_198' title='bbox 1781 2593 1909 2634; x_wconf 89' lang='lat' dir='ltr'><strong>car-</strong></span> 
     </span>
    </p>
   </div>
   <div class='ocr_carea' id='block_1_29' title="bbox 303 2667 1906 2738">
    <p class='ocr_par' dir='ltr' id='par_1_29' title="bbox 303 2667 1906 2738">
     <span class='ocr_line' id='line_1_29' title="bbox 303 2667 1906 2738; baseline -0.002 -14"><span class='ocrx_word' id='word_1_199' title='bbox 303 2669 471 2735; x_wconf 91' lang='lat' dir='ltr'><strong>nalia,</strong></span> <span class='ocrx_word' id='word_1_200' title='bbox 505 2669 604 2724; x_wconf 90' lang='lat' dir='ltr'><strong>sed</strong></span> <span class='ocrx_word' id='word_1_201' title='bbox 631 2667 1040 2728; x_wconf 86' lang='lat' dir='ltr'><strong>intellectualia;</strong></span> <span class='ocrx_word' id='word_1_202' title='bbox 1068 2667 1202 2722; x_wconf 91' lang='lat' dir='ltr'><strong>sicut</strong></span> <span class='ocrx_word' id='word_1_203' title='bbox 1232 2667 1377 2721; x_wconf 89' lang='lat' dir='ltr'><strong>enim</strong></span> <span class='ocrx_word' id='word_1_204' title='bbox 1410 2668 1569 2722; x_wconf 88' lang='lat' dir='ltr'><strong>docet</strong></span> <span class='ocrx_word' id='word_1_205' title='bbox 1593 2667 1906 2738; x_wconf 84' lang='lat' dir='ltr'><strong>Apostolus,</strong></span> 
     </span>
    </p>
   </div>
   <div class='ocr_carea' id='block_1_30' title="bbox 308 2755 1899 2828">
    <p class='ocr_par' dir='ltr' id='par_1_30' title="bbox 308 2755 1899 2828">
     <span class='ocr_line' id='line_1_30' title="bbox 308 2755 1899 2828; baseline -0.001 -16"><span class='ocrx_word' id='word_1_206' title='bbox 308 2757 620 2828; x_wconf 89' lang='lat' dir='ltr'><strong>spiritualia</strong></span> <span class='ocrx_word' id='word_1_207' title='bbox 661 2755 1039 2827; x_wconf 88' lang='lat' dir='ltr'><strong>spiritualibus</strong></span> <span class='ocrx_word' id='word_1_208' title='bbox 1065 2771 1382 2826; x_wconf 90' lang='lat' dir='ltr'><strong>comparare</strong></span> <span class='ocrx_word' id='word_1_209' title='bbox 1409 2755 1669 2811; x_wconf 91' lang='lat' dir='ltr'><strong>debemus</strong></span> <span class='ocrx_word' id='word_1_210' title='bbox 1695 2757 1742 2827; x_wconf 92' lang='lat' dir='ltr'><strong>(I</strong></span> <span class='ocrx_word' id='word_1_211' title='bbox 1771 2759 1899 2814; x_wconf 85' lang='lat' dir='ltr'><strong>Cor.</strong></span> 
     </span>
    </p>
   </div>
   <div class='ocr_carea' id='block_1_31' title="bbox 301 2843 1908 2917">
    <p class='ocr_par' dir='ltr' id='par_1_31' title="bbox 301 2843 1908 2917">
     <span class='ocr_line' id='line_1_31' title="bbox 301 2843 1908 2917; baseline 0 -17"><span class='ocrx_word' id='word_1_212' title='bbox 301 2862 365 2914; x_wconf 80' lang='grc' dir='ltr'><strong>ιι,</strong></span> <span class='ocrx_word' id='word_1_213' title='bbox 399 2849 509 2916; x_wconf 80' lang='grc'>13);</span> <span class='ocrx_word' id='word_1_214' title='bbox 541 2845 810 2917; x_wconf 88' lang='lat' dir='ltr'><strong>siquidem</strong></span> <span class='ocrx_word' id='word_1_215' title='bbox 839 2845 997 2899; x_wconf 90' lang='lat' dir='ltr'><strong>miles</strong></span> <span class='ocrx_word' id='word_1_216' title='bbox 1018 2851 1201 2899; x_wconf 88' lang='lat' dir='ltr'><strong>noster</strong></span> <span class='ocrx_word' id='word_1_217' title='bbox 1228 2843 1520 2915; x_wconf 87' lang='lat' dir='ltr'><strong>spiritualis</strong></span> <span class='ocrx_word' id='word_1_218' title='bbox 1565 2845 1779 2914; x_wconf 89' lang='lat' dir='ltr'><strong>dicitur,</strong></span> <span class='ocrx_word' id='word_1_219' title='bbox 1811 2846 1908 2900; x_wconf 92' lang='lat' dir='ltr'><strong>sed</strong></span> 
     </span>
    </p>
   </div>
   <div class='ocr_carea' id='block_1_32' title="bbox 302 2931 1900 3006">
    <p class='ocr_par' dir='ltr' id='par_1_32' title="bbox 302 2931 1900 3006">
     <span class='ocr_line' id='line_1_32' title="bbox 302 2931 1900 3006; baseline 0.001 -17"><span class='ocrx_word' id='word_1_220' title='bbox 302 2933 428 3006; x_wconf 91' lang='lat' dir='ltr'><strong>ejus</strong></span> <span class='ocrx_word' id='word_1_221' title='bbox 465 2933 811 2989; x_wconf 85' lang='lat' dir='ltr'><strong>adversarius</strong></span> <span class='ocrx_word' id='word_1_222' title='bbox 860 2931 1212 2988; x_wconf 89' lang='lat' dir='ltr'><strong>nihilominus</strong></span> <span class='ocrx_word' id='word_1_223' title='bbox 1272 2933 1570 3002; x_wconf 88' lang='lat' dir='ltr'><strong>spiritualis</strong></span> <span class='ocrx_word' id='word_1_224' title='bbox 1638 2933 1900 2990; x_wconf 88' lang='lat' dir='ltr'><strong>creditur.</strong></span> 
     </span>
    </p>
   </div>
   <div class='ocr_carea' id='block_1_33' title="bbox 303 3020 1907 3092">
    <p class='ocr_par' dir='ltr' id='par_1_33' title="bbox 303 3020 1907 3092">
     <span class='ocr_line' id='line_1_33' title="bbox 303 3020 1907 3092; baseline 0 -16"><span class='ocrx_word' id='word_1_225' title='bbox 303 3021 448 3092; x_wconf 89' lang='lat' dir='ltr'><strong>Quid</strong></span> <span class='ocrx_word' id='word_1_226' title='bbox 473 3022 653 3092; x_wconf 84' lang='lat' dir='ltr'><strong>itaque</strong></span> <span class='ocrx_word' id='word_1_227' title='bbox 683 3021 1100 3090; x_wconf 87' lang='lat' dir='ltr'><strong>consequentius</strong></span> <span class='ocrx_word' id='word_1_228' title='bbox 1129 3035 1292 3090; x_wconf 92' lang='lat' dir='ltr'><strong>quam</strong></span> <span class='ocrx_word' id='word_1_229' title='bbox 1321 3030 1378 3074; x_wconf 93' lang='lat' dir='ltr'><strong>ut</strong></span> <span class='ocrx_word' id='word_1_230' title='bbox 1408 3020 1498 3076; x_wconf 90' lang='lat' dir='ltr'><strong>isti</strong></span> <span class='ocrx_word' id='word_1_231' title='bbox 1530 3021 1665 3076; x_wconf 86' lang='lat' dir='ltr'><strong>tales</strong></span> <span class='ocrx_word' id='word_1_232' title='bbox 1704 3021 1907 3077; x_wconf 88' lang='lat' dir='ltr'><strong>adver-</strong></span> 
     </span>
    </p>
   </div>
   <div class='ocr_carea' id='block_1_34' title="bbox 301 3109 1906 3181">
    <p class='ocr_par' dir='ltr' id='par_1_34' title="bbox 301 3109 1906 3181">
     <span class='ocr_line' id='line_1_34' title="bbox 301 3109 1906 3181; baseline -0.001 -15"><span class='ocrx_word' id='word_1_233' title='bbox 301 3110 431 3166; x_wconf 88' lang='lat' dir='ltr'><strong>sarii</strong></span> <span class='ocrx_word' id='word_1_234' title='bbox 460 3110 635 3165; x_wconf 87' lang='lat' dir='ltr'><strong>armis</strong></span> <span class='ocrx_word' id='word_1_235' title='bbox 665 3109 954 3166; x_wconf 89' lang='lat' dir='ltr'><strong>adversum</strong></span> <span class='ocrx_word' id='word_1_236' title='bbox 997 3126 1055 3165; x_wconf 91' lang='lat' dir='ltr'><strong>se</strong></span> <span class='ocrx_word' id='word_1_237' title='bbox 1083 3109 1316 3165; x_wconf 90' lang='lat' dir='ltr'><strong>invicem</strong></span> <span class='ocrx_word' id='word_1_238' title='bbox 1344 3109 1605 3166; x_wconf 89' lang='lat' dir='ltr'><strong>dimicent</strong></span> <span class='ocrx_word' id='word_1_239' title='bbox 1648 3109 1906 3181; x_wconf 83' lang='lat' dir='ltr'><strong>spiritua-</strong></span> 
     </span>
    </p>
   </div>
   <div class='ocr_carea' id='block_1_35' title="bbox 305 3197 1915 3270">
    <p class='ocr_par' dir='ltr' id='par_1_35' title="bbox 305 3197 1915 3270">
     <span class='ocr_line' id='line_1_35' title="bbox 305 3197 1915 3270; baseline -0.001 -16"><span class='ocrx_word' id='word_1_240' title='bbox 305 3200 476 3254; x_wconf 74' lang='lat' dir='ltr'><strong>libus&#39;&quot;!</strong></span> <span class='ocrx_word' id='word_1_241' title='bbox 529 3200 596 3254; x_wconf 92' lang='lat' dir='ltr'><strong>Ut</strong></span> <span class='ocrx_word' id='word_1_242' title='bbox 625 3214 758 3270; x_wconf 88' lang='lat' dir='ltr'><strong>ergo</strong></span> <span class='ocrx_word' id='word_1_243' title='bbox 810 3199 966 3253; x_wconf 89' lang='lat' dir='ltr'><strong>miles</strong></span> <span class='ocrx_word' id='word_1_244' title='bbox 1021 3197 1215 3253; x_wconf 87' lang='lat' dir='ltr'><strong>Christi</strong></span> <span class='ocrx_word' id='word_1_245' title='bbox 1262 3205 1446 3254; x_wconf 89' lang='lat' dir='ltr'><strong>contra</strong></span> <span class='ocrx_word' id='word_1_246' title='bbox 1493 3197 1668 3270; x_wconf 78' lang='lat' dir='ltr'><strong>ignita</strong></span> <span class='ocrx_word' id='word_1_247' title='bbox 1715 3197 1915 3254; x_wconf 90' lang='lat' dir='ltr'><strong>diaboli</strong></span> 
     </span>
    </p>
   </div>
   <div class='ocr_carea' id='block_1_36' title="bbox 299 3286 1916 3358">
    <p class='ocr_par' dir='ltr' id='par_1_36' title="bbox 299 3286 1916 3358">
     <span class='ocr_line' id='line_1_36' title="bbox 299 3286 1916 3358; baseline -0.001 -16"><span class='ocrx_word' id='word_1_248' title='bbox 299 3287 488 3358; x_wconf 90' lang='lat' dir='ltr'><strong>jacula</strong></span> <span class='ocrx_word' id='word_1_249' title='bbox 515 3303 583 3343; x_wconf 83' lang='lat' dir='ltr'><strong>ex</strong></span> <span class='ocrx_word' id='word_1_250' title='bbox 613 3287 758 3342; x_wconf 91' lang='lat' dir='ltr'><strong>omni</strong></span> <span class='ocrx_word' id='word_1_251' title='bbox 788 3295 946 3357; x_wconf 87' lang='lat' dir='ltr'><strong>parte</strong></span> <span class='ocrx_word' id='word_1_252' title='bbox 977 3302 1038 3342; x_wconf 88' lang='lat' dir='ltr'><strong>se</strong></span> <span class='ocrx_word' id='word_1_253' title='bbox 1065 3286 1290 3356; x_wconf 89' lang='lat' dir='ltr'><strong>muniat,</strong></span> <span class='ocrx_word' id='word_1_254' title='bbox 1323 3287 1441 3342; x_wconf 86' lang='lat' dir='ltr'><strong>sine</strong></span> <span class='ocrx_word' id='word_1_255' title='bbox 1490 3302 1648 3342; x_wconf 91' lang='lat' dir='ltr'><strong>mora</strong></span> <span class='ocrx_word' id='word_1_256' title='bbox 1687 3287 1916 3343; x_wconf 90' lang='lat' dir='ltr'><strong>loricam</strong></span> 
     </span>
    </p>
   </div>
   <div class='ocr_carea' id='block_1_37' title="bbox 304 3375 1915 3447">
    <p class='ocr_par' dir='ltr' id='par_1_37' title="bbox 304 3375 1915 3447">
     <span class='ocr_line' id='line_1_37' title="bbox 304 3375 1915 3447; baseline -0.001 -17"><span class='ocrx_word' id='word_1_257' title='bbox 304 3391 461 3431; x_wconf 89' lang='lat' dir='ltr'><strong>suam</strong></span> <span class='ocrx_word' id='word_1_258' title='bbox 485 3376 696 3431; x_wconf 87' lang='lat' dir='ltr'><strong>induat.</strong></span> <span class='ocrx_word' id='word_1_259' title='bbox 726 3375 862 3446; x_wconf 86' lang='lat' dir='ltr'><strong>Ejus</strong></span> <span class='ocrx_word' id='word_1_260' title='bbox 913 3376 1121 3447; x_wconf 91' lang='lat' dir='ltr'><strong>quippe</strong></span> <span class='ocrx_word' id='word_1_261' title='bbox 1176 3375 1365 3442; x_wconf 91' lang='lat' dir='ltr'><strong>lorica,</strong></span> <span class='ocrx_word' id='word_1_262' title='bbox 1426 3383 1705 3430; x_wconf 87' lang='lat' dir='ltr'><strong>attestante</strong></span> <span class='ocrx_word' id='word_1_263' title='bbox 1758 3376 1915 3432; x_wconf 88' lang='lat' dir='ltr'><strong>Scri-</strong></span> 
     </span>
    </p>
   </div>
   <div class='ocr_carea' id='block_1_38' title="bbox 306 3464 1914 3536">
    <p class='ocr_par' dir='ltr' id='par_1_38' title="bbox 306 3464 1914 3536">
     <span class='ocr_line' id='line_1_38' title="bbox 306 3464 1914 3536; baseline 0 -18"><span class='ocrx_word' id='word_1_264' title='bbox 306 3471 487 3536; x_wconf 88' lang='lat' dir='ltr'><strong>ptura,</strong></span> <span class='ocrx_word' id='word_1_265' title='bbox 520 3465 717 3521; x_wconf 90' lang='lat' dir='ltr'><strong>dicitur</strong></span> <span class='ocrx_word' id='word_1_266' title='bbox 737 3464 946 3534; x_wconf 84' lang='lat' dir='ltr'><strong>justitia</strong></span> <span class='ocrx_word' id='word_1_267' title='bbox 978 3465 1202 3536; x_wconf 80' lang='lat' dir='ltr'><strong>(Ephes.</strong></span> <span class='ocrx_word' id='word_1_268' title='bbox 1264 3481 1339 3531; x_wconf 76' lang='lat' dir='ltr'><strong>vr,</strong></span> <span class='ocrx_word' id='word_1_269' title='bbox 1379 3465 1490 3535; x_wconf 77' lang='grc'>14).</span> <span class='ocrx_word' id='word_1_270' title='bbox 1532 3465 1670 3518; x_wconf 91' lang='lat' dir='ltr'><strong>Nam</strong></span> <span class='ocrx_word' id='word_1_271' title='bbox 1720 3480 1914 3535; x_wconf 92' lang='lat' dir='ltr'><strong>quem-</strong></span> 
     </span>
    </p>
   </div>
   <div class='ocr_carea' id='block_1_39' title="bbox 309 3551 1916 3623">
    <p class='ocr_par' dir='ltr' id='par_1_39' title="bbox 309 3551 1916 3623">
     <span class='ocr_line' id='line_1_39' title="bbox 309 3551 1916 3623; baseline 0.001 -16"><span class='ocrx_word' id='word_1_272' title='bbox 309 3553 607 3608; x_wconf 88' lang='lat' dir='ltr'><strong>admodum</strong></span> <span class='ocrx_word' id='word_1_273' title='bbox 688 3552 853 3608; x_wconf 88' lang='lat' dir='ltr'><strong>lorica</strong></span> <span class='ocrx_word' id='word_1_274' title='bbox 930 3551 1144 3607; x_wconf 91' lang='lat' dir='ltr'><strong>annulis</strong></span> <span class='ocrx_word' id='word_1_275' title='bbox 1201 3552 1524 3620; x_wconf 85' lang='lat' dir='ltr'><strong>contexitur,</strong></span> <span class='ocrx_word' id='word_1_276' title='bbox 1585 3552 1662 3607; x_wconf 90' lang='lat' dir='ltr'><strong>sic</strong></span> <span class='ocrx_word' id='word_1_277' title='bbox 1705 3553 1916 3623; x_wconf 90' lang='lat' dir='ltr'><strong>justitia</strong></span> 
     </span>
    </p>
   </div>
   <div class='ocr_carea' id='block_1_40' title="bbox 312 3638 1916 3713">
    <p class='ocr_par' dir='ltr' id='par_1_40' title="bbox 312 3638 1916 3713">
     <span class='ocr_line' id='line_1_40' title="bbox 312 3638 1916 3713; baseline 0.001 -19"><span class='ocrx_word' id='word_1_278' title='bbox 312 3641 478 3697; x_wconf 89' lang='lat' dir='ltr'><strong>bonis</strong></span> <span class='ocrx_word' id='word_1_279' title='bbox 527 3641 786 3711; x_wconf 89' lang='lat' dir='ltr'><strong>operibus</strong></span> <span class='ocrx_word' id='word_1_280' title='bbox 850 3638 1148 3710; x_wconf 80' lang='lat' dir='ltr'><strong>perficitur;</strong></span> <span class='ocrx_word' id='word_1_281' title='bbox 1193 3655 1364 3711; x_wconf 85' lang='lat' dir='ltr'><strong>Opera</strong></span> <span class='ocrx_word' id='word_1_282' title='bbox 1404 3657 1639 3713; x_wconf 87' lang='lat' dir='ltr'><strong>namque</strong></span> <span class='ocrx_word' id='word_1_283' title='bbox 1690 3641 1916 3710; x_wconf 85' lang='lat' dir='ltr'><strong>justitiae</strong></span> 
     </span>
    </p>
   </div>
   <div class='ocr_carea' id='block_1_41' title="bbox 314 3728 1917 3801">
    <p class='ocr_par' dir='ltr' id='par_1_41' title="bbox 314 3728 1917 3801">
     <span class='ocr_line' id='line_1_41' title="bbox 314 3728 1917 3801; baseline 0.001 -16"><span class='ocrx_word' id='word_1_284' title='bbox 314 3738 440 3786; x_wconf 90' lang='lat' dir='ltr'><strong>sunt</strong></span> <span class='ocrx_word' id='word_1_285' title='bbox 469 3730 618 3800; x_wconf 89' lang='lat' dir='ltr'><strong>quasi</strong></span> <span class='ocrx_word' id='word_1_286' title='bbox 649 3728 832 3785; x_wconf 90' lang='lat' dir='ltr'><strong>annuli</strong></span> <span class='ocrx_word' id='word_1_287' title='bbox 864 3728 1065 3797; x_wconf 72' lang='lat' dir='ltr'><strong>foricze,</strong></span> <span class='ocrx_word' id='word_1_288' title='bbox 1101 3729 1192 3784; x_wconf 91' lang='lat' dir='ltr'><strong>sed</strong></span> <span class='ocrx_word' id='word_1_289' title='bbox 1223 3730 1342 3800; x_wconf 89' lang='lat' dir='ltr'><strong>ipsa</strong></span> <span class='ocrx_word' id='word_1_290' title='bbox 1366 3729 1579 3801; x_wconf 88' lang='lat' dir='ltr'><strong>justitia</strong></span> <span class='ocrx_word' id='word_1_291' title='bbox 1607 3729 1770 3786; x_wconf 91' lang='lat' dir='ltr'><strong>debet</strong></span> <span class='ocrx_word' id='word_1_292' title='bbox 1796 3747 1917 3787; x_wconf 90' lang='lat' dir='ltr'><strong>esse</strong></span> 
     </span>
    </p>
   </div>
   <div class='ocr_carea' id='block_1_42' title="bbox 317 3817 1918 3889">
    <p class='ocr_par' dir='ltr' id='par_1_42' title="bbox 317 3817 1918 3889">
     <span class='ocr_line' id='line_1_42' title="bbox 317 3817 1918 3889; baseline -0.001 -14"><span class='ocrx_word' id='word_1_293' title='bbox 317 3819 594 3875; x_wconf 90' lang='lat' dir='ltr'><strong>continua.</strong></span> <span class='ocrx_word' id='word_1_294' title='bbox 627 3819 969 3874; x_wconf 85' lang='lat' dir='ltr'><strong>Manifestum</strong></span> <span class='ocrx_word' id='word_1_295' title='bbox 1003 3817 1222 3888; x_wconf 91' lang='lat' dir='ltr'><strong>quidem</strong></span> <span class='ocrx_word' id='word_1_296' title='bbox 1253 3827 1333 3873; x_wconf 91' lang='lat' dir='ltr'><strong>est</strong></span> <span class='ocrx_word' id='word_1_297' title='bbox 1361 3819 1429 3873; x_wconf 93' lang='lat' dir='ltr'><strong>de</strong></span> <span class='ocrx_word' id='word_1_298' title='bbox 1477 3819 1642 3874; x_wconf 88' lang='lat' dir='ltr'><strong>lorica</strong></span> <span class='ocrx_word' id='word_1_299' title='bbox 1674 3820 1818 3889; x_wconf 92' lang='lat' dir='ltr'><strong>quia,</strong></span> <span class='ocrx_word' id='word_1_300' title='bbox 1871 3820 1918 3875; x_wconf 92' lang='lat' dir='ltr'><strong>si</strong></span> 
     </span>
    </p>
   </div>
   <div class='ocr_carea' id='block_1_43' title="bbox 317 3907 1918 3980">
    <p class='ocr_par' dir='ltr' id='par_1_43' title="bbox 317 3907 1918 3980">
     <span class='ocr_line' id='line_1_43' title="bbox 317 3907 1918 3980; baseline 0 -18"><span class='ocrx_word' id='word_1_301' title='bbox 317 3907 478 3964; x_wconf 85' lang='lat' dir='ltr'><strong>fuerit</strong></span> <span class='ocrx_word' id='word_1_302' title='bbox 507 3909 834 3980; x_wconf 86' lang='lat' dir='ltr'><strong>interrupta,</strong></span> <span class='ocrx_word' id='word_1_303' title='bbox 893 3907 962 3962; x_wconf 91' lang='lat' dir='ltr'><strong>ad</strong></span> <span class='ocrx_word' id='word_1_304' title='bbox 1020 3907 1278 3962; x_wconf 91' lang='lat' dir='ltr'><strong>tuendum</strong></span> <span class='ocrx_word' id='word_1_305' title='bbox 1336 3907 1562 3962; x_wconf 91' lang='lat' dir='ltr'><strong>militem</strong></span> <span class='ocrx_word' id='word_1_306' title='bbox 1627 3909 1803 3962; x_wconf 91' lang='lat' dir='ltr'><strong>minus</strong></span> <span class='ocrx_word' id='word_1_307' title='bbox 1848 3909 1918 3962; x_wconf 90' lang='lat' dir='ltr'><strong>sit</strong></span> 
     </span>
    </p>
   </div>
   <div class='ocr_carea' id='block_1_44' title="bbox 313 3995 1916 4067">
    <p class='ocr_par' dir='ltr' id='par_1_44' title="bbox 313 3995 1916 4067">
     <span class='ocr_line' id='line_1_44' title="bbox 313 3995 1916 4067; baseline 0 -17"><span class='ocrx_word' id='word_1_308' title='bbox 313 3995 530 4052; x_wconf 90' lang='lat' dir='ltr'><strong>idonea.</strong></span> <span class='ocrx_word' id='word_1_309' title='bbox 565 3996 770 4051; x_wconf 83' lang='lat' dir='ltr'><strong>Eodem</strong></span> <span class='ocrx_word' id='word_1_310' title='bbox 801 3995 966 4051; x_wconf 91' lang='lat' dir='ltr'><strong>modo</strong></span> <span class='ocrx_word' id='word_1_311' title='bbox 996 3995 1241 4066; x_wconf 91' lang='lat' dir='ltr'><strong>intellige</strong></span> <span class='ocrx_word' id='word_1_312' title='bbox 1269 3995 1336 4050; x_wconf 91' lang='lat' dir='ltr'><strong>de</strong></span> <span class='ocrx_word' id='word_1_313' title='bbox 1358 3995 1589 4067; x_wconf 88' lang='lat' dir='ltr'><strong>justitia,</strong></span> <span class='ocrx_word' id='word_1_314' title='bbox 1621 3997 1666 4050; x_wconf 92' lang='lat' dir='ltr'><strong>si</strong></span> <span class='ocrx_word' id='word_1_315' title='bbox 1697 4005 1750 4052; x_wconf 93' lang='lat' dir='ltr'><strong>et</strong></span> <span class='ocrx_word' id='word_1_316' title='bbox 1796 3996 1916 4067; x_wconf 89' lang='lat' dir='ltr'><strong>ipsa</strong></span> 
     </span>
    </p>
   </div>
   <div class='ocr_carea' id='block_1_45' title="bbox 313 4083 1912 4156">
    <p class='ocr_par' dir='ltr' id='par_1_45' title="bbox 313 4083 1912 4156">
     <span class='ocr_line' id='line_1_45' title="bbox 313 4083 1912 4156; baseline -0.001 -16"><span class='ocrx_word' id='word_1_317' title='bbox 313 4085 474 4140; x_wconf 86' lang='lat' dir='ltr'><strong>fuerit</strong></span> <span class='ocrx_word' id='word_1_318' title='bbox 520 4086 862 4156; x_wconf 89' lang='lat' dir='ltr'><strong>interrupta:</strong></span> <span class='ocrx_word' id='word_1_319' title='bbox 924 4085 1041 4156; x_wconf 90' lang='lat' dir='ltr'><strong>ipsa</strong></span> <span class='ocrx_word' id='word_1_320' title='bbox 1097 4083 1315 4154; x_wconf 89' lang='lat' dir='ltr'><strong>quidem</strong></span> <span class='ocrx_word' id='word_1_321' title='bbox 1373 4085 1668 4156; x_wconf 86' lang='lat' dir='ltr'><strong>interrupta</strong></span> <span class='ocrx_word' id='word_1_322' title='bbox 1701 4085 1912 4152; x_wconf 88' lang='lat' dir='ltr'><strong>dicitur,</strong></span> 
     </span>
    </p>
   </div>
   <div class='ocr_carea' id='block_1_46' title="bbox 310 4171 1918 4245">
    <p class='ocr_par' dir='ltr' id='par_1_46' title="bbox 310 4171 1918 4245">
     <span class='ocr_line' id='line_1_46' title="bbox 310 4171 1918 4245; baseline 0.001 -17"><span class='ocrx_word' id='word_1_323' title='bbox 310 4191 434 4245; x_wconf 67' lang='lat' dir='ltr'><strong>qum</strong></span> <span class='ocrx_word' id='word_1_324' title='bbox 463 4173 788 4243; x_wconf 88' lang='lat' dir='ltr'><strong>quandoque</strong></span> <span class='ocrx_word' id='word_1_325' title='bbox 819 4172 1210 4228; x_wconf 69' lang='lat' dir='ltr'><strong>intermittitur.</strong></span> <span class='ocrx_word' id='word_1_326' title='bbox 1269 4171 1373 4240; x_wconf 87' lang='lat' dir='ltr'><strong>Qui</strong></span> <span class='ocrx_word' id='word_1_327' title='bbox 1431 4188 1561 4244; x_wconf 90' lang='lat' dir='ltr'><strong>ergo</strong></span> <span class='ocrx_word' id='word_1_328' title='bbox 1619 4173 1918 4229; x_wconf 80' lang='lat' dir='ltr'><strong>intermittit</strong></span> 
     </span>
    </p>
   </div>
   <div class='ocr_carea' id='block_1_47' title="bbox 304 4260 1916 4333">
    <p class='ocr_par' dir='ltr' id='par_1_47' title="bbox 304 4260 1916 4333">
     <span class='ocr_line' id='line_1_47' title="bbox 304 4260 1916 4333; baseline -0.001 -16"><span class='ocrx_word' id='word_1_329' title='bbox 304 4261 592 4333; x_wconf 88' lang='lat' dir='ltr'><strong>justitiam,</strong></span> <span class='ocrx_word' id='word_1_330' title='bbox 645 4261 801 4332; x_wconf 89' lang='lat' dir='ltr'><strong>quasi</strong></span> <span class='ocrx_word' id='word_1_331' title='bbox 848 4261 1204 4332; x_wconf 88' lang='lat' dir='ltr'><strong>interruptam</strong></span> <span class='ocrx_word' id='word_1_332' title='bbox 1261 4260 1438 4316; x_wconf 91' lang='lat' dir='ltr'><strong>induit</strong></span> <span class='ocrx_word' id='word_1_333' title='bbox 1489 4261 1740 4317; x_wconf 90' lang='lat' dir='ltr'><strong>loricam.</strong></span> <span class='ocrx_word' id='word_1_334' title='bbox 1807 4261 1916 4316; x_wconf 91' lang='lat' dir='ltr'><strong>Sed</strong></span> 
     </span>
    </p>
   </div>
   <div class='ocr_carea' id='block_1_48' title="bbox 311 4349 1918 4422">
    <p class='ocr_par' dir='ltr' id='par_1_48' title="bbox 311 4349 1918 4422">
     <span class='ocr_line' id='line_1_48' title="bbox 311 4349 1918 4422; baseline -0.002 -16"><span class='ocrx_word' id='word_1_335' title='bbox 311 4351 475 4406; x_wconf 89' lang='lat' dir='ltr'><strong>miles</strong></span> <span class='ocrx_word' id='word_1_336' title='bbox 505 4351 606 4406; x_wconf 89' lang='lat' dir='ltr'><strong>iste</strong></span> <span class='ocrx_word' id='word_1_337' title='bbox 660 4365 1004 4422; x_wconf 75' lang='lat' dir='ltr'><strong>nequaquam</strong></span> <span class='ocrx_word' id='word_1_338' title='bbox 1057 4349 1259 4420; x_wconf 91' lang='lat' dir='ltr'><strong>poterit</strong></span> <span class='ocrx_word' id='word_1_339' title='bbox 1311 4358 1494 4406; x_wconf 88' lang='lat' dir='ltr'><strong>contra</strong></span> <span class='ocrx_word' id='word_1_340' title='bbox 1549 4350 1918 4405; x_wconf 88' lang='lat' dir='ltr'><strong>adversarium</strong></span> 
     </span>
    </p>
   </div>
   <div class='ocr_carea' id='block_1_49' title="bbox 310 4437 1922 4512">
    <p class='ocr_par' dir='ltr' id='par_1_49' title="bbox 310 4437 1922 4512">
     <span class='ocr_line' id='line_1_49' title="bbox 310 4437 1922 4512; baseline -0.002 -18"><span class='ocrx_word' id='word_1_341' title='bbox 310 4456 467 4494; x_wconf 90' lang='lat' dir='ltr'><strong>suum</strong></span> <span class='ocrx_word' id='word_1_342' title='bbox 501 4439 708 4494; x_wconf 88' lang='lat' dir='ltr'><strong>fortiter</strong></span> <span class='ocrx_word' id='word_1_343' title='bbox 756 4455 1030 4510; x_wconf 89' lang='lat' dir='ltr'><strong>pugnare.</strong></span> <span class='ocrx_word' id='word_1_344' title='bbox 1081 4438 1253 4512; x_wconf 81' lang='lat' dir='ltr'><strong>Igitur</strong></span> <span class='ocrx_word' id='word_1_345' title='bbox 1279 4447 1336 4494; x_wconf 92' lang='lat' dir='ltr'><strong>ut</strong></span> <span class='ocrx_word' id='word_1_346' title='bbox 1375 4437 1529 4493; x_wconf 89' lang='lat' dir='ltr'><strong>miles</strong></span> <span class='ocrx_word' id='word_1_347' title='bbox 1558 4437 1756 4493; x_wconf 89' lang='lat' dir='ltr'><strong>Christi</strong></span> <span class='ocrx_word' id='word_1_348' title='bbox 1815 4453 1922 4493; x_wconf 84' lang='lat' dir='ltr'><strong>an-</strong></span> 
     </span>
    </p>
   </div>
   <div class='ocr_carea' id='block_1_50' title="bbox 2009 545 3612 626">
    <p class='ocr_par' dir='ltr' id='par_1_50' title="bbox 2009 545 3612 626">
     <span class='ocr_line' id='line_1_50' title="bbox 2009 545 3612 626; baseline 0.009 -28"><span class='ocrx_word' id='word_1_349' title='bbox 2009 545 2314 618; x_wconf 83' lang='lat' dir='ltr'><strong>intelligere</strong></span> <span class='ocrx_word' id='word_1_350' title='bbox 2342 547 2603 603; x_wconf 90' lang='lat' dir='ltr'><strong>debemus</strong></span> <span class='ocrx_word' id='word_1_351' title='bbox 2631 564 2730 620; x_wconf 84' lang='lat' dir='ltr'><strong>per</strong></span> <span class='ocrx_word' id='word_1_352' title='bbox 2756 548 2992 621; x_wconf 84' lang='lat' dir='ltr'><strong>galeam,</strong></span> <span class='ocrx_word' id='word_1_353' title='bbox 3026 551 3128 604; x_wconf 92' lang='lat' dir='ltr'><strong>nisi</strong></span> <span class='ocrx_word' id='word_1_354' title='bbox 3156 552 3377 608; x_wconf 87' lang='lat' dir='ltr'><strong>beatam</strong></span> <span class='ocrx_word' id='word_1_355' title='bbox 3407 571 3562 626; x_wconf 84' lang='lat' dir='ltr'><strong>spem</strong></span> <span class='ocrx_word' id='word_1_356' title='bbox 3582 559 3612 612; x_wconf 82' lang='lat'><strong>?</strong></span> 
     </span>
    </p>
   </div>
   <div class='ocr_carea' id='block_1_51' title="bbox 2010 633 3613 712">
    <p class='ocr_par' dir='ltr' id='par_1_51' title="bbox 2010 633 3613 712">
     <span class='ocr_line' id='line_1_51' title="bbox 2010 633 3613 712; baseline 0.009 -25"><span class='ocrx_word' id='word_1_357' title='bbox 2010 633 2153 688; x_wconf 90' lang='lat' dir='ltr'><strong>Nam</strong></span> <span class='ocrx_word' id='word_1_358' title='bbox 2192 635 2467 703; x_wconf 89' lang='lat' dir='ltr'><strong>quomodo</strong></span> <span class='ocrx_word' id='word_1_359' title='bbox 2522 636 2685 708; x_wconf 83' lang='lat' dir='ltr'><strong>galea</strong></span> <span class='ocrx_word' id='word_1_360' title='bbox 2736 653 2946 692; x_wconf 91' lang='lat' dir='ltr'><strong>sursum</strong></span> <span class='ocrx_word' id='word_1_361' title='bbox 3005 639 3276 712; x_wconf 79' lang='lat' dir='ltr'><strong>dirigitur,</strong></span> <span class='ocrx_word' id='word_1_362' title='bbox 3336 641 3413 697; x_wconf 92' lang='lat' dir='ltr'><strong>sic</strong></span> <span class='ocrx_word' id='word_1_363' title='bbox 3456 643 3613 701; x_wconf 88' lang='lat' dir='ltr'><strong>beata</strong></span> 
     </span>
    </p>
   </div>
   <div class='ocr_carea' id='block_1_52' title="bbox 2013 723 3616 806">
    <p class='ocr_par' dir='ltr' id='par_1_52' title="bbox 2013 723 3616 806">
     <span class='ocr_line' id='line_1_52' title="bbox 2013 723 3616 806; baseline 0.01 -32"><span class='ocrx_word' id='word_1_364' title='bbox 2013 737 2139 791; x_wconf 90' lang='lat' dir='ltr'><strong>spes</strong></span> <span class='ocrx_word' id='word_1_365' title='bbox 2192 739 2408 792; x_wconf 89' lang='lat' dir='ltr'><strong>semper</strong></span> <span class='ocrx_word' id='word_1_366' title='bbox 2462 723 2531 778; x_wconf 91' lang='lat' dir='ltr'><strong>ad</strong></span> <span class='ocrx_word' id='word_1_367' title='bbox 2583 726 2864 795; x_wconf 86' lang='lat' dir='ltr'><strong>superiora</strong></span> <span class='ocrx_word' id='word_1_368' title='bbox 2923 727 3242 784; x_wconf 89' lang='lat' dir='ltr'><strong>sustollitur.</strong></span> <span class='ocrx_word' id='word_1_369' title='bbox 3302 731 3452 788; x_wconf 88' lang='lat' dir='ltr'><strong>Tunc</strong></span> <span class='ocrx_word' id='word_1_370' title='bbox 3480 749 3616 806; x_wconf 91' lang='lat' dir='ltr'><strong>ergo</strong></span> 
     </span>
    </p>
   </div>
   <div class='ocr_carea' id='block_1_53' title="bbox 2014 807 3616 890">
    <p class='ocr_par' dir='ltr' id='par_1_53' title="bbox 2014 807 3616 890">
     <span class='ocr_line' id='line_1_53' title="bbox 2014 807 3616 890; baseline 0.01 -28"><span class='ocrx_word' id='word_1_371' title='bbox 2014 807 2172 864; x_wconf 88' lang='lat' dir='ltr'><strong>miles</strong></span> <span class='ocrx_word' id='word_1_372' title='bbox 2201 809 2394 866; x_wconf 90' lang='lat' dir='ltr'><strong>Christi</strong></span> <span class='ocrx_word' id='word_1_373' title='bbox 2424 828 2590 882; x_wconf 92' lang='lat' dir='ltr'><strong>super</strong></span> <span class='ocrx_word' id='word_1_374' title='bbox 2611 821 2772 886; x_wconf 89' lang='lat' dir='ltr'><strong>caput</strong></span> <span class='ocrx_word' id='word_1_375' title='bbox 2828 831 2985 870; x_wconf 90' lang='lat' dir='ltr'><strong>suum</strong></span> <span class='ocrx_word' id='word_1_376' title='bbox 3017 816 3231 888; x_wconf 81' lang='lat' dir='ltr'><strong>galeam</strong></span> <span class='ocrx_word' id='word_1_377' title='bbox 3261 819 3434 890; x_wconf 89' lang='lat' dir='ltr'><strong>ponit,</strong></span> <span class='ocrx_word' id='word_1_378' title='bbox 3493 839 3616 878; x_wconf 90' lang='lat' dir='ltr'><strong>cum</strong></span> 
     </span>
    </p>
   </div>
   <div class='ocr_carea' id='block_1_54' title="bbox 2013 896 3616 976">
    <p class='ocr_par' dir='ltr' id='par_1_54' title="bbox 2013 896 3616 976">
     <span class='ocr_line' id='line_1_54' title="bbox 2013 896 3616 976; baseline 0.009 -25"><span class='ocrx_word' id='word_1_379' title='bbox 2013 896 2370 953; x_wconf 89' lang='lat' dir='ltr'><strong>intentionem</strong></span> <span class='ocrx_word' id='word_1_380' title='bbox 2424 916 2582 955; x_wconf 91' lang='lat' dir='ltr'><strong>suam</strong></span> <span class='ocrx_word' id='word_1_381' title='bbox 2639 902 2804 958; x_wconf 91' lang='lat' dir='ltr'><strong>beata</strong></span> <span class='ocrx_word' id='word_1_382' title='bbox 2861 921 2958 976; x_wconf 89' lang='lat' dir='ltr'><strong>spe</strong></span> <span class='ocrx_word' id='word_1_383' title='bbox 3014 905 3203 975; x_wconf 89' lang='lat' dir='ltr'><strong>munit,</strong></span> <span class='ocrx_word' id='word_1_384' title='bbox 3241 906 3298 962; x_wconf 92' lang='lat' dir='ltr'><strong>id</strong></span> <span class='ocrx_word' id='word_1_385' title='bbox 3328 918 3429 975; x_wconf 92' lang='lat' dir='ltr'><strong>est,</strong></span> <span class='ocrx_word' id='word_1_386' title='bbox 3495 927 3616 965; x_wconf 92' lang='lat' dir='ltr'><strong>cum</strong></span> 
     </span>
    </p>
   </div>
   <div class='ocr_carea' id='block_1_55' title="bbox 2015 985 3618 1064">
    <p class='ocr_par' dir='ltr' id='par_1_55' title="bbox 2015 985 3618 1064">
     <span class='ocr_line' id='line_1_55' title="bbox 2015 985 3618 1064; baseline 0.009 -24"><span class='ocrx_word' id='word_1_387' title='bbox 2015 985 2280 1056; x_wconf 91' lang='lat' dir='ltr'><strong>quidquid</strong></span> <span class='ocrx_word' id='word_1_388' title='bbox 2313 989 2444 1044; x_wconf 91' lang='lat' dir='ltr'><strong>boni</strong></span> <span class='ocrx_word' id='word_1_389' title='bbox 2471 989 2699 1046; x_wconf 88' lang='lat' dir='ltr'><strong>intendit</strong></span> <span class='ocrx_word' id='word_1_390' title='bbox 2729 1009 2911 1064; x_wconf 89' lang='lat' dir='ltr'><strong>agere,</strong></span> <span class='ocrx_word' id='word_1_391' title='bbox 2946 995 3050 1050; x_wconf 92' lang='lat' dir='ltr'><strong>hoc</strong></span> <span class='ocrx_word' id='word_1_392' title='bbox 3077 995 3427 1052; x_wconf 91' lang='lat' dir='ltr'><strong>solummodo</strong></span> <span class='ocrx_word' id='word_1_393' title='bbox 3487 999 3618 1055; x_wconf 85' lang='lat' dir='ltr'><strong>facit</strong></span> 
     </span>
    </p>
   </div>
   <div class='ocr_carea' id='block_1_56' title="bbox 2015 1074 3620 1158">
    <p class='ocr_par' dir='ltr' id='par_1_56' title="bbox 2015 1074 3620 1158">
     <span class='ocr_line' id='line_1_56' title="bbox 2015 1074 3620 1158; baseline 0.008 -30"><span class='ocrx_word' id='word_1_394' title='bbox 2015 1074 2086 1128; x_wconf 93' lang='lat' dir='ltr'><strong>ob</strong></span> <span class='ocrx_word' id='word_1_395' title='bbox 2138 1090 2291 1144; x_wconf 92' lang='lat' dir='ltr'><strong>spem</strong></span> <span class='ocrx_word' id='word_1_396' title='bbox 2349 1075 2526 1132; x_wconf 71' lang='lat' dir='ltr'><strong>beatae</strong></span> <span class='ocrx_word' id='word_1_397' title='bbox 2583 1086 2636 1132; x_wconf 91' lang='lat' dir='ltr'><strong>et</strong></span> <span class='ocrx_word' id='word_1_398' title='bbox 2665 1079 2922 1149; x_wconf 86' lang='lat' dir='ltr'><strong>perennis</strong></span> <span class='ocrx_word' id='word_1_399' title='bbox 2949 1082 3164 1152; x_wconf 64' lang='lat' dir='ltr'><strong>gloriae.</strong></span> <span class='ocrx_word' id='word_1_400' title='bbox 3197 1085 3288 1138; x_wconf 89' lang='lat' dir='ltr'><strong>Est</strong></span> <span class='ocrx_word' id='word_1_401' title='bbox 3317 1085 3480 1140; x_wconf 90' lang='lat' dir='ltr'><strong>etiam</strong></span> <span class='ocrx_word' id='word_1_402' title='bbox 3511 1088 3620 1158; x_wconf 86' lang='lat' dir='ltr'><strong>cly-</strong></span> 
     </span>
    </p>
   </div>
   <div class='ocr_carea' id='block_1_57' title="bbox 2014 1165 3622 1246">
    <p class='ocr_par' dir='ltr' id='par_1_57' title="bbox 2014 1165 3622 1246">
     <span class='ocr_line' id='line_1_57' title="bbox 2014 1165 3622 1246; baseline 0.009 -31"><span class='ocrx_word' id='word_1_403' title='bbox 2014 1177 2150 1232; x_wconf 90' lang='lat' dir='ltr'><strong>peus</strong></span> <span class='ocrx_word' id='word_1_404' title='bbox 2199 1171 2386 1219; x_wconf 83' lang='lat' dir='ltr'><strong>nostro</strong></span> <span class='ocrx_word' id='word_1_405' title='bbox 2445 1165 2602 1220; x_wconf 89' lang='lat' dir='ltr'><strong>militi</strong></span> <span class='ocrx_word' id='word_1_406' title='bbox 2659 1166 2819 1222; x_wconf 80' lang='lat' dir='ltr'><strong>valde</strong></span> <span class='ocrx_word' id='word_1_407' title='bbox 2848 1171 3206 1237; x_wconf 89' lang='lat' dir='ltr'><strong>necessarius,</strong></span> <span class='ocrx_word' id='word_1_408' title='bbox 3239 1173 3382 1228; x_wconf 88' lang='lat' dir='ltr'><strong>hunc</strong></span> <span class='ocrx_word' id='word_1_409' title='bbox 3421 1173 3622 1246; x_wconf 89' lang='lat' dir='ltr'><strong>quippe</strong></span> 
     </span>
    </p>
   </div>
   <div class='ocr_carea' id='block_1_58' title="bbox 2015 1249 3621 1330">
    <p class='ocr_par' dir='ltr' id='par_1_58' title="bbox 2015 1249 3621 1330">
     <span class='ocr_line' id='line_1_58' title="bbox 2015 1249 3621 1330; baseline 0.009 -26"><span class='ocrx_word' id='word_1_410' title='bbox 2015 1249 2178 1306; x_wconf 87' lang='lat' dir='ltr'><strong>debet</strong></span> <span class='ocrx_word' id='word_1_411' title='bbox 2232 1252 2593 1323; x_wconf 70' lang='lat' dir='ltr'><strong>praetendere,</strong></span> <span class='ocrx_word' id='word_1_412' title='bbox 2618 1263 2724 1310; x_wconf 89' lang='lat' dir='ltr'><strong>uta</strong></span> <span class='ocrx_word' id='word_1_413' title='bbox 2745 1256 3026 1312; x_wconf 89' lang='lat' dir='ltr'><strong>virulentis</strong></span> <span class='ocrx_word' id='word_1_414' title='bbox 3055 1259 3257 1315; x_wconf 91' lang='lat' dir='ltr'><strong>diaboli</strong></span> <span class='ocrx_word' id='word_1_415' title='bbox 3287 1261 3484 1330; x_wconf 90' lang='lat' dir='ltr'><strong>jaculis</strong></span> <span class='ocrx_word' id='word_1_416' title='bbox 3514 1270 3621 1319; x_wconf 88' lang='lat' dir='ltr'><strong>tam</strong></span> 
     </span>
    </p>
   </div>
   <div class='ocr_carea' id='block_1_59' title="bbox 2015 1345 3622 1411">
    <p class='ocr_par' dir='ltr' id='par_1_59' title="bbox 2015 1345 3622 1411">
     <span class='ocr_line' id='line_1_59' title="bbox 2015 1345 3622 1411; baseline 0.009 -19"><span class='ocrx_word' id='word_1_417' title='bbox 2015 1355 2072 1392; x_wconf 91' lang='lat' dir='ltr'><strong>se</strong></span> <span class='ocrx_word' id='word_1_418' title='bbox 2127 1356 2291 1410; x_wconf 86' lang='lat' dir='ltr'><strong>quam</strong></span> <span class='ocrx_word' id='word_1_419' title='bbox 2351 1357 2556 1411; x_wconf 83' lang='lat' dir='ltr'><strong>equum</strong></span> <span class='ocrx_word' id='word_1_420' title='bbox 2615 1360 2769 1397; x_wconf 90' lang='lat' dir='ltr'><strong>suum</strong></span> <span class='ocrx_word' id='word_1_421' title='bbox 2817 1345 2997 1400; x_wconf 90' lang='lat' dir='ltr'><strong>valeat</strong></span> <span class='ocrx_word' id='word_1_422' title='bbox 3026 1346 3342 1404; x_wconf 79' lang='lat' dir='ltr'><strong>defendere.</strong></span> <span class='ocrx_word' id='word_1_423' title='bbox 3393 1350 3622 1407; x_wconf 90' lang='lat' dir='ltr'><strong>Scutum</strong></span> 
     </span>
    </p>
   </div>
   <div class='ocr_carea' id='block_1_60' title="bbox 2016 1427 3622 1509">
    <p class='ocr_par' dir='ltr' id='par_1_60' title="bbox 2016 1427 3622 1509">
     <span class='ocr_line' id='line_1_60' title="bbox 2016 1427 3622 1509; baseline 0.009 -28"><span class='ocrx_word' id='word_1_424' title='bbox 2016 1427 2204 1482; x_wconf 87' lang='lat' dir='ltr'><strong>militis</strong></span> <span class='ocrx_word' id='word_1_425' title='bbox 2259 1429 2419 1498; x_wconf 86' lang='lat' dir='ltr'><strong>hujus</strong></span> <span class='ocrx_word' id='word_1_426' title='bbox 2469 1428 2634 1485; x_wconf 90' lang='lat' dir='ltr'><strong>ﬁdem</strong></span> <span class='ocrx_word' id='word_1_427' title='bbox 2665 1432 2824 1486; x_wconf 89' lang='lat' dir='ltr'><strong>docet</strong></span> <span class='ocrx_word' id='word_1_428' title='bbox 2853 1448 2973 1488; x_wconf 92' lang='lat' dir='ltr'><strong>esse</strong></span> <span class='ocrx_word' id='word_1_429' title='bbox 3003 1435 3303 1504; x_wconf 82' lang='lat' dir='ltr'><strong>Apostolus</strong></span> <span class='ocrx_word' id='word_1_430' title='bbox 3334 1453 3348 1489; x_wconf 90' lang='lat'>:</span> <span class='ocrx_word' id='word_1_431' title='bbox 3380 1438 3622 1509; x_wconf 81' lang='lat' dir='ltr'><strong>Sumite,</strong></span> 
     </span>
    </p>
   </div>
   <div class='ocr_carea' id='block_1_61' title="bbox 2016 1515 3631 1595">
    <p class='ocr_par' dir='ltr' id='par_1_61' title="bbox 2016 1515 3631 1595">
     <span class='ocr_line' id='line_1_61' title="bbox 2016 1515 3631 1595; baseline 0.008 -25"><span class='ocrx_word' id='word_1_432' title='bbox 2016 1515 2210 1586; x_wconf 89' lang='lat' dir='ltr'><strong>inquit,</strong></span> <span class='ocrx_word' id='word_1_433' title='bbox 2229 1522 2495 1573; x_wconf 81' lang='lat' dir='ltr'><strong>scautum</strong></span> <span class='ocrx_word' id='word_1_434' title='bbox 2513 1518 2649 1587; x_wconf 80' lang='lat' dir='ltr'><strong>ﬁdei</strong></span> <span class='ocrx_word' id='word_1_435' title='bbox 2667 1520 2730 1573; x_wconf 85' lang='lat' dir='ltr'><strong>in</strong></span> <span class='ocrx_word' id='word_1_436' title='bbox 2747 1536 2850 1590; x_wconf 84' lang='lat' dir='ltr'><strong>quo</strong></span> <span class='ocrx_word' id='word_1_437' title='bbox 2875 1520 3102 1591; x_wconf 80' lang='lat' dir='ltr'><strong>(Ephes.</strong></span> <span class='ocrx_word' id='word_1_438' title='bbox 3134 1538 3209 1583; x_wconf 70' lang='grc' dir='ltr'><strong>γι,</strong></span> <span class='ocrx_word' id='word_1_439' title='bbox 3238 1524 3349 1595; x_wconf 87' lang='grc'>16),</span> <span class='ocrx_word' id='word_1_440' title='bbox 3369 1533 3474 1580; x_wconf 92' lang='lat' dir='ltr'><strong>etc.</strong></span> <span class='ocrx_word' id='word_1_441' title='bbox 3493 1525 3631 1583; x_wconf 88' lang='lat' dir='ltr'><strong>ﬁdes</strong></span> 
     </span>
    </p>
   </div>
   <div class='ocr_carea' id='block_1_62' title="bbox 2015 1609 3630 1680">
    <p class='ocr_par' dir='ltr' id='par_1_62' title="bbox 2015 1609 3630 1680">
     <span class='ocr_line' id='line_1_62' title="bbox 2015 1609 3630 1680; baseline 0.007 -22"><span class='ocrx_word' id='word_1_442' title='bbox 2015 1619 2251 1674; x_wconf 89' lang='lat' dir='ltr'><strong>namque</strong></span> <span class='ocrx_word' id='word_1_443' title='bbox 2267 1612 2522 1675; x_wconf 91' lang='lat' dir='ltr'><strong>tanquam</strong></span> <span class='ocrx_word' id='word_1_444' title='bbox 2558 1615 2764 1662; x_wconf 88' lang='lat' dir='ltr'><strong>scutum</strong></span> <span class='ocrx_word' id='word_1_445' title='bbox 2791 1609 3219 1680; x_wconf 81' lang='lat' dir='ltr'><strong>inexpugnabile</strong></span> <span class='ocrx_word' id='word_1_446' title='bbox 3247 1612 3630 1670; x_wconf 90' lang='lat' dir='ltr'><strong>ardentissima</strong></span> 
     </span>
    </p>
   </div>
   <div class='ocr_carea' id='block_1_63' title="bbox 2018 1693 3634 1772">
    <p class='ocr_par' dir='ltr' id='par_1_63' title="bbox 2018 1693 3634 1772">
     <span class='ocr_line' id='line_1_63' title="bbox 2018 1693 3634 1772; baseline 0.006 -24"><span class='ocrx_word' id='word_1_447' title='bbox 2018 1693 2271 1748; x_wconf 88' lang='lat' dir='ltr'><strong>vitiorum</strong></span> <span class='ocrx_word' id='word_1_448' title='bbox 2301 1693 2405 1748; x_wconf 89' lang='lat' dir='ltr'><strong>tela</strong></span> <span class='ocrx_word' id='word_1_449' title='bbox 2435 1695 2572 1750; x_wconf 89' lang='lat' dir='ltr'><strong>solet</strong></span> <span class='ocrx_word' id='word_1_450' title='bbox 2615 1697 2886 1767; x_wconf 86' lang='lat' dir='ltr'><strong>excipere,</strong></span> <span class='ocrx_word' id='word_1_451' title='bbox 2946 1713 3009 1752; x_wconf 87' lang='lat' dir='ltr'><strong>ac</strong></span> <span class='ocrx_word' id='word_1_452' title='bbox 3062 1707 3208 1754; x_wconf 89' lang='lat' dir='ltr'><strong>metu</strong></span> <span class='ocrx_word' id='word_1_453' title='bbox 3256 1701 3523 1772; x_wconf 82' lang='lat' dir='ltr'><strong>gehennae</strong></span> <span class='ocrx_word' id='word_1_454' title='bbox 3580 1712 3634 1758; x_wconf 92' lang='lat' dir='ltr'><strong>et</strong></span> 
     </span>
    </p>
   </div>
   <div class='ocr_carea' id='block_1_64' title="bbox 1941 1781 3629 1874">
    <p class='ocr_par' dir='ltr' id='par_1_64' title="bbox 1941 1781 3629 1874">
     <span class='ocr_line' id='line_1_64' title="bbox 1941 1781 3629 1874; baseline 0.008 -39"><span class='ocrx_word' id='word_1_455' title='bbox 1941 1812 1989 1874; x_wconf 81' lang='grc' dir='ltr'>Β</span> <span class='ocrx_word' id='word_1_456' title='bbox 2018 1781 2251 1836; x_wconf 68' lang='lat' dir='ltr'><strong>ctelestis</strong></span> <span class='ocrx_word' id='word_1_457' title='bbox 2307 1783 2457 1854; x_wconf 83' lang='lat' dir='ltr'><strong>regni</strong></span> <span class='ocrx_word' id='word_1_458' title='bbox 2489 1783 2804 1839; x_wconf 88' lang='lat' dir='ltr'><strong>credulitate</strong></span> <span class='ocrx_word' id='word_1_459' title='bbox 2847 1786 3230 1843; x_wconf 85' lang='lat' dir='ltr'><strong>mortiﬁcando</strong></span> <span class='ocrx_word' id='word_1_460' title='bbox 3263 1791 3629 1862; x_wconf 85' lang='lat' dir='ltr'><strong>exstinguere.</strong></span> 
     </span>
    </p>
   </div>
   <div class='ocr_carea' id='block_1_65' title="bbox 2023 1869 3629 1948">
    <p class='ocr_par' dir='ltr' id='par_1_65' title="bbox 2023 1869 3629 1948">
     <span class='ocr_line' id='line_1_65' title="bbox 2023 1869 3629 1948; baseline 0.007 -25"><span class='ocrx_word' id='word_1_461' title='bbox 2023 1869 2326 1924; x_wconf 90' lang='lat' dir='ltr'><strong>Possumus</strong></span> <span class='ocrx_word' id='word_1_462' title='bbox 2355 1871 2535 1938; x_wconf 91' lang='lat' dir='ltr'><strong>etiam,</strong></span> <span class='ocrx_word' id='word_1_463' title='bbox 2560 1888 2660 1941; x_wconf 92' lang='lat' dir='ltr'><strong>per</strong></span> <span class='ocrx_word' id='word_1_464' title='bbox 2686 1881 2920 1940; x_wconf 88' lang='lat' dir='ltr'><strong>scutum,</strong></span> <span class='ocrx_word' id='word_1_465' title='bbox 2983 1875 3266 1946; x_wconf 89' lang='lat' dir='ltr'><strong>aptissime</strong></span> <span class='ocrx_word' id='word_1_466' title='bbox 3315 1879 3629 1948; x_wconf 89' lang='lat' dir='ltr'><strong>patientiam</strong></span> 
     </span>
    </p>
   </div>
   <div class='ocr_carea' id='block_1_66' title="bbox 2021 1957 3626 2034">
    <p class='ocr_par' dir='ltr' id='par_1_66' title="bbox 2021 1957 3626 2034">
     <span class='ocr_line' id='line_1_66' title="bbox 2021 1957 3626 2034; baseline 0.006 -22"><span class='ocrx_word' id='word_1_467' title='bbox 2021 1957 2289 2029; x_wconf 88' lang='lat' dir='ltr'><strong>accipere.</strong></span> <span class='ocrx_word' id='word_1_468' title='bbox 2321 1959 2473 2015; x_wconf 93' lang='lat' dir='ltr'><strong>Sicut</strong></span> <span class='ocrx_word' id='word_1_469' title='bbox 2502 1960 2649 2014; x_wconf 90' lang='lat' dir='ltr'><strong>enim</strong></span> <span class='ocrx_word' id='word_1_470' title='bbox 2684 1970 2894 2016; x_wconf 91' lang='lat' dir='ltr'><strong>scutum</strong></span> <span class='ocrx_word' id='word_1_471' title='bbox 2923 1964 3272 2034; x_wconf 85' lang='lat' dir='ltr'><strong>excipiendo,</strong></span> <span class='ocrx_word' id='word_1_472' title='bbox 3323 1967 3626 2022; x_wconf 79' lang='lat' dir='ltr'><strong>adversarii</strong></span> 
     </span>
    </p>
   </div>
   <div class='ocr_carea' id='block_1_67' title="bbox 2021 2046 3626 2126">
    <p class='ocr_par' dir='ltr' id='par_1_67' title="bbox 2021 2046 3626 2126">
     <span class='ocr_line' id='line_1_67' title="bbox 2021 2046 3626 2126; baseline 0.007 -26"><span class='ocrx_word' id='word_1_473' title='bbox 2021 2046 2128 2100; x_wconf 93' lang='lat' dir='ltr'><strong>tela</strong></span> <span class='ocrx_word' id='word_1_474' title='bbox 2185 2047 2413 2102; x_wconf 90' lang='lat' dir='ltr'><strong>militem</strong></span> <span class='ocrx_word' id='word_1_475' title='bbox 2438 2048 2797 2120; x_wconf 89' lang='lat' dir='ltr'><strong>temporalem</strong></span> <span class='ocrx_word' id='word_1_476' title='bbox 2827 2061 3010 2105; x_wconf 86' lang='lat' dir='ltr'><strong>servat</strong></span> <span class='ocrx_word' id='word_1_477' title='bbox 3039 2051 3366 2120; x_wconf 90' lang='lat' dir='ltr'><strong>incolumen,</strong></span> <span class='ocrx_word' id='word_1_478' title='bbox 3401 2055 3475 2109; x_wconf 91' lang='lat' dir='ltr'><strong>ita</strong></span> <span class='ocrx_word' id='word_1_479' title='bbox 3521 2073 3626 2126; x_wconf 89' lang='lat' dir='ltr'><strong>pa-</strong></span> 
     </span>
    </p>
   </div>
   <div class='ocr_carea' id='block_1_68' title="bbox 2020 2134 3626 2210">
    <p class='ocr_par' dir='ltr' id='par_1_68' title="bbox 2020 2134 3626 2210">
     <span class='ocr_line' id='line_1_68' title="bbox 2020 2134 3626 2210; baseline 0.009 -24"><span class='ocrx_word' id='word_1_480' title='bbox 2020 2134 2210 2189; x_wconf 88' lang='lat' dir='ltr'><strong>tientia</strong></span> <span class='ocrx_word' id='word_1_481' title='bbox 2239 2135 2561 2207; x_wconf 85' lang='lat' dir='ltr'><strong>excipiendo</strong></span> <span class='ocrx_word' id='word_1_482' title='bbox 2591 2137 2869 2193; x_wconf 78' lang='lat' dir='ltr'><strong>mortifera</strong></span> <span class='ocrx_word' id='word_1_483' title='bbox 2900 2139 3107 2194; x_wconf 88' lang='lat' dir='ltr'><strong>diaboli</strong></span> <span class='ocrx_word' id='word_1_484' title='bbox 3137 2141 3374 2210; x_wconf 91' lang='lat' dir='ltr'><strong>spicula,</strong></span> <span class='ocrx_word' id='word_1_485' title='bbox 3401 2143 3626 2201; x_wconf 89' lang='lat' dir='ltr'><strong>militem</strong></span> 
     </span>
    </p>
   </div>
   <div class='ocr_carea' id='block_1_69' title="bbox 2020 2222 3627 2298">
    <p class='ocr_par' dir='ltr' id='par_1_69' title="bbox 2020 2222 3627 2298">
     <span class='ocr_line' id='line_1_69' title="bbox 2020 2222 3627 2298; baseline 0.009 -23"><span class='ocrx_word' id='word_1_486' title='bbox 2020 2222 2372 2292; x_wconf 86' lang='lat' dir='ltr'><strong>spiritualem.</strong></span> <span class='ocrx_word' id='word_1_487' title='bbox 2397 2224 2713 2280; x_wconf 88' lang='lat' dir='ltr'><strong>Notandum</strong></span> <span class='ocrx_word' id='word_1_488' title='bbox 2736 2242 2952 2298; x_wconf 86' lang='lat' dir='ltr'><strong>quoque</strong></span> <span class='ocrx_word' id='word_1_489' title='bbox 2982 2228 3109 2298; x_wconf 85' lang='lat' dir='ltr'><strong>quia</strong></span> <span class='ocrx_word' id='word_1_490' title='bbox 3139 2228 3295 2284; x_wconf 89' lang='lat' dir='ltr'><strong>miles</strong></span> <span class='ocrx_word' id='word_1_491' title='bbox 3312 2245 3382 2284; x_wconf 84' lang='lat' dir='ltr'><strong>ex</strong></span> <span class='ocrx_word' id='word_1_492' title='bbox 3414 2232 3627 2290; x_wconf 90' lang='lat' dir='ltr'><strong>sinistro</strong></span> 
     </span>
    </p>
   </div>
   <div class='ocr_carea' id='block_1_70' title="bbox 2021 2311 3627 2394">
    <p class='ocr_par' dir='ltr' id='par_1_70' title="bbox 2021 2311 3627 2394">
     <span class='ocr_line' id='line_1_70' title="bbox 2021 2311 3627 2394; baseline 0.008 -29"><span class='ocrx_word' id='word_1_493' title='bbox 2021 2311 2186 2366; x_wconf 88' lang='lat' dir='ltr'><strong>latere</strong></span> <span class='ocrx_word' id='word_1_494' title='bbox 2215 2321 2424 2368; x_wconf 90' lang='lat' dir='ltr'><strong>scutum</strong></span> <span class='ocrx_word' id='word_1_495' title='bbox 2449 2314 2588 2368; x_wconf 89' lang='lat' dir='ltr'><strong>solet</strong></span> <span class='ocrx_word' id='word_1_496' title='bbox 2607 2316 2946 2386; x_wconf 75' lang='lat' dir='ltr'><strong>praetendere</strong></span> <span class='ocrx_word' id='word_1_497' title='bbox 2969 2336 2980 2380; x_wconf 92' lang='lat'>;</span> <span class='ocrx_word' id='word_1_498' title='bbox 3000 2333 3101 2386; x_wconf 87' lang='lat' dir='ltr'><strong>per</strong></span> <span class='ocrx_word' id='word_1_499' title='bbox 3119 2318 3394 2374; x_wconf 86' lang='lat' dir='ltr'><strong>sinistram</strong></span> <span class='ocrx_word' id='word_1_500' title='bbox 3426 2322 3627 2394; x_wconf 89' lang='lat' dir='ltr'><strong>quippe</strong></span> 
     </span>
    </p>
   </div>
   <div class='ocr_carea' id='block_1_71' title="bbox 2019 2401 3626 2474">
    <p class='ocr_par' dir='ltr' id='par_1_71' title="bbox 2019 2401 3626 2474">
     <span class='ocr_line' id='line_1_71' title="bbox 2019 2401 3626 2474; baseline 0.007 -20"><span class='ocrx_word' id='word_1_501' title='bbox 2019 2409 2248 2470; x_wconf 91' lang='lat' dir='ltr'><strong>partem,</strong></span> <span class='ocrx_word' id='word_1_502' title='bbox 2280 2401 2584 2474; x_wconf 88' lang='lat' dir='ltr'><strong>intelligere</strong></span> <span class='ocrx_word' id='word_1_503' title='bbox 2632 2419 2924 2472; x_wconf 89' lang='lat' dir='ltr'><strong>possumus</strong></span> <span class='ocrx_word' id='word_1_504' title='bbox 2966 2405 3370 2464; x_wconf 87' lang='lat' dir='ltr'><strong>adversitatcm.</strong></span> <span class='ocrx_word' id='word_1_505' title='bbox 3404 2409 3626 2466; x_wconf 87' lang='lat' dir='ltr'><strong>Scutum</strong></span> 
     </span>
    </p>
   </div>
   <div class='ocr_carea' id='block_1_72' title="bbox 2021 2489 3625 2570">
    <p class='ocr_par' dir='ltr' id='par_1_72' title="bbox 2021 2489 3625 2570">
     <span class='ocr_line' id='line_1_72' title="bbox 2021 2489 3625 2570; baseline 0.009 -28"><span class='ocrx_word' id='word_1_506' title='bbox 2021 2489 2202 2560; x_wconf 90' lang='lat' dir='ltr'><strong>itaque</strong></span> <span class='ocrx_word' id='word_1_507' title='bbox 2258 2489 2417 2544; x_wconf 90' lang='lat' dir='ltr'><strong>miles</strong></span> <span class='ocrx_word' id='word_1_508' title='bbox 2467 2490 2661 2546; x_wconf 89' lang='lat' dir='ltr'><strong>Christi</strong></span> <span class='ocrx_word' id='word_1_509' title='bbox 2718 2508 2792 2546; x_wconf 88' lang='lat' dir='ltr'><strong>ex</strong></span> <span class='ocrx_word' id='word_1_510' title='bbox 2847 2492 3070 2548; x_wconf 90' lang='lat' dir='ltr'><strong>sinistro</strong></span> <span class='ocrx_word' id='word_1_511' title='bbox 3117 2497 3407 2564; x_wconf 69' lang='lat' dir='ltr'><strong>praetendit</strong></span> <span class='ocrx_word' id='word_1_512' title='bbox 3436 2499 3625 2570; x_wconf 86' lang='lat' dir='ltr'><strong>latere,</strong></span> 
     </span>
    </p>
   </div>
   <div class='ocr_carea' id='block_1_73' title="bbox 2018 2577 3628 2657">
    <p class='ocr_par' dir='ltr' id='par_1_73' title="bbox 2018 2577 3628 2657">
     <span class='ocr_line' id='line_1_73' title="bbox 2018 2577 3628 2657; baseline 0.008 -25"><span class='ocrx_word' id='word_1_513' title='bbox 2018 2593 2139 2632; x_wconf 91' lang='lat' dir='ltr'><strong>cum</strong></span> <span class='ocrx_word' id='word_1_514' title='bbox 2191 2577 2505 2647; x_wconf 89' lang='lat' dir='ltr'><strong>patientiam</strong></span> <span class='ocrx_word' id='word_1_515' title='bbox 2553 2587 2610 2635; x_wconf 91' lang='lat' dir='ltr'><strong>et</strong></span> <span class='ocrx_word' id='word_1_516' title='bbox 2638 2580 2821 2636; x_wconf 91' lang='lat' dir='ltr'><strong>animo</strong></span> <span class='ocrx_word' id='word_1_517' title='bbox 2851 2589 2903 2636; x_wconf 92' lang='lat' dir='ltr'><strong>et</strong></span> <span class='ocrx_word' id='word_1_518' title='bbox 2934 2598 3164 2653; x_wconf 90' lang='lat' dir='ltr'><strong>corpore</strong></span> <span class='ocrx_word' id='word_1_519' title='bbox 3183 2586 3527 2657; x_wconf 87' lang='lat' dir='ltr'><strong>amplectitur</strong></span> <span class='ocrx_word' id='word_1_520' title='bbox 3569 2589 3628 2645; x_wconf 92' lang='lat' dir='ltr'><strong>in</strong></span> 
     </span>
    </p>
   </div>
   <div class='ocr_carea' id='block_1_74' title="bbox 2017 2665 3627 2742">
    <p class='ocr_par' dir='ltr' id='par_1_74' title="bbox 2017 2665 3627 2742">
     <span class='ocr_line' id='line_1_74' title="bbox 2017 2665 3627 2742; baseline 0.007 -22"><span class='ocrx_word' id='word_1_521' title='bbox 2017 2665 2344 2721; x_wconf 90' lang='lat' dir='ltr'><strong>adversitate</strong></span> <span class='ocrx_word' id='word_1_522' title='bbox 2377 2685 2390 2731; x_wconf 92' lang='lat'><strong>;</strong></span> <span class='ocrx_word' id='word_1_523' title='bbox 2412 2683 2686 2737; x_wconf 91' lang='lat' dir='ltr'><strong>nunquam</strong></span> <span class='ocrx_word' id='word_1_524' title='bbox 2707 2669 2851 2724; x_wconf 90' lang='lat' dir='ltr'><strong>enim</strong></span> <span class='ocrx_word' id='word_1_525' title='bbox 2882 2670 2938 2724; x_wconf 93' lang='lat' dir='ltr'><strong>in</strong></span> <span class='ocrx_word' id='word_1_526' title='bbox 2962 2673 3324 2742; x_wconf 88' lang='lat' dir='ltr'><strong>prosperitate</strong></span> <span class='ocrx_word' id='word_1_527' title='bbox 3348 2682 3432 2730; x_wconf 91' lang='lat' dir='ltr'><strong>est</strong></span> <span class='ocrx_word' id='word_1_528' title='bbox 3457 2677 3627 2732; x_wconf 91' lang='lat' dir='ltr'><strong>virtus</strong></span> 
     </span>
    </p>
   </div>
   <div class='ocr_carea' id='block_1_75' title="bbox 2017 2753 3627 2836">
    <p class='ocr_par' dir='ltr' id='par_1_75' title="bbox 2017 2753 3627 2836">
     <span class='ocr_line' id='line_1_75' title="bbox 2017 2753 3627 2836; baseline 0.008 -29"><span class='ocrx_word' id='word_1_529' title='bbox 2017 2753 2318 2824; x_wconf 64' lang='lat' dir='ltr'><strong>patientiae.</strong></span> <span class='ocrx_word' id='word_1_530' title='bbox 2378 2755 2476 2810; x_wconf 91' lang='lat' dir='ltr'><strong>llle</strong></span> <span class='ocrx_word' id='word_1_531' title='bbox 2507 2761 2686 2810; x_wconf 90' lang='lat' dir='ltr'><strong>autem</strong></span> <span class='ocrx_word' id='word_1_532' title='bbox 2717 2773 2844 2813; x_wconf 87' lang='lat' dir='ltr'><strong>vere</strong></span> <span class='ocrx_word' id='word_1_533' title='bbox 2877 2759 3090 2828; x_wconf 89' lang='lat' dir='ltr'><strong>patiens</strong></span> <span class='ocrx_word' id='word_1_534' title='bbox 3116 2776 3237 2816; x_wconf 91' lang='lat' dir='ltr'><strong>esse</strong></span> <span class='ocrx_word' id='word_1_535' title='bbox 3269 2763 3502 2819; x_wconf 88' lang='lat' dir='ltr'><strong>creditur</strong></span> <span class='ocrx_word' id='word_1_536' title='bbox 3535 2765 3627 2836; x_wconf 90' lang='lat' dir='ltr'><strong>qui</strong></span> 
     </span>
    </p>
   </div>
   <div class='ocr_carea' id='block_1_76' title="bbox 2019 2842 3629 2918">
    <p class='ocr_par' dir='ltr' id='par_1_76' title="bbox 2019 2842 3629 2918">
     <span class='ocr_line' id='line_1_76' title="bbox 2019 2842 3629 2918; baseline 0.007 -22"><span class='ocrx_word' id='word_1_537' title='bbox 2019 2842 2264 2901; x_wconf 84' lang='lat' dir='ltr'><strong>adversis</strong></span> <span class='ocrx_word' id='word_1_538' title='bbox 2319 2842 2584 2912; x_wconf 89' lang='lat' dir='ltr'><strong>atteritur,</strong></span> <span class='ocrx_word' id='word_1_539' title='bbox 2615 2853 2668 2900; x_wconf 93' lang='lat' dir='ltr'><strong>et</strong></span> <span class='ocrx_word' id='word_1_540' title='bbox 2715 2853 2903 2902; x_wconf 91' lang='lat' dir='ltr'><strong>tamen</strong></span> <span class='ocrx_word' id='word_1_541' title='bbox 2935 2863 2967 2902; x_wconf 92' lang='lat' dir='ltr'><strong>a</strong></span> <span class='ocrx_word' id='word_1_542' title='bbox 2995 2848 3112 2918; x_wconf 91' lang='lat' dir='ltr'><strong>spei</strong></span> <span class='ocrx_word' id='word_1_543' title='bbox 3143 2849 3462 2907; x_wconf 89' lang='lat' dir='ltr'><strong>rectitudine</strong></span> <span class='ocrx_word' id='word_1_544' title='bbox 3518 2869 3629 2908; x_wconf 92' lang='lat' dir='ltr'><strong>non</strong></span> 
     </span>
    </p>
   </div>
   <div class='ocr_carea' id='block_1_77' title="bbox 2020 2929 3629 3012">
    <p class='ocr_par' dir='ltr' id='par_1_77' title="bbox 2020 2929 3629 3012">
     <span class='ocr_line' id='line_1_77' title="bbox 2020 2929 3629 3012; baseline 0.009 -28"><span class='ocrx_word' id='word_1_545' title='bbox 2020 2929 2272 2986; x_wconf 87' lang='lat' dir='ltr'><strong>ﬂectitur.</strong></span> <span class='ocrx_word' id='word_1_546' title='bbox 2332 2933 2519 2988; x_wconf 86' lang='lat' dir='ltr'><strong>Restat</strong></span> <span class='ocrx_word' id='word_1_547' title='bbox 2545 2933 2713 3006; x_wconf 87' lang='lat' dir='ltr'><strong>igitur</strong></span> <span class='ocrx_word' id='word_1_548' title='bbox 2758 2943 2817 2990; x_wconf 93' lang='lat' dir='ltr'><strong>ut</strong></span> <span class='ocrx_word' id='word_1_549' title='bbox 2844 2935 3005 2992; x_wconf 89' lang='lat' dir='ltr'><strong>miles</strong></span> <span class='ocrx_word' id='word_1_550' title='bbox 3062 2937 3153 2992; x_wconf 90' lang='lat' dir='ltr'><strong>ille</strong></span> <span class='ocrx_word' id='word_1_551' title='bbox 3210 2938 3414 3012; x_wconf 86' lang='lat' dir='ltr'><strong>absque</strong></span> <span class='ocrx_word' id='word_1_552' title='bbox 3468 2957 3629 2998; x_wconf 83' lang='lat' dir='ltr'><strong>mora</strong></span> 
     </span>
    </p>
   </div>
   <div class='ocr_carea' id='block_1_78' title="bbox 2019 3018 3628 3100">
    <p class='ocr_par' dir='ltr' id='par_1_78' title="bbox 2019 3018 3628 3100">
     <span class='ocr_line' id='line_1_78' title="bbox 2019 3018 3628 3100; baseline 0.009 -28"><span class='ocrx_word' id='word_1_553' title='bbox 2019 3018 2269 3076; x_wconf 89' lang='lat' dir='ltr'><strong>lanceam</strong></span> <span class='ocrx_word' id='word_1_554' title='bbox 2299 3021 2554 3076; x_wconf 87' lang='lat' dir='ltr'><strong>manibus</strong></span> <span class='ocrx_word' id='word_1_555' title='bbox 2579 3021 2820 3094; x_wconf 84' lang='lat' dir='ltr'><strong>arripiat,</strong></span> <span class='ocrx_word' id='word_1_556' title='bbox 2856 3025 3043 3097; x_wconf 88' lang='lat' dir='ltr'><strong>gladio</strong></span> <span class='ocrx_word' id='word_1_557' title='bbox 3074 3040 3137 3080; x_wconf 90' lang='lat' dir='ltr'><strong>se</strong></span> <span class='ocrx_word' id='word_1_558' title='bbox 3167 3027 3436 3100; x_wconf 88' lang='lat' dir='ltr'><strong>accingat,</strong></span> <span class='ocrx_word' id='word_1_559' title='bbox 3468 3045 3530 3086; x_wconf 86' lang='lat' dir='ltr'><strong>ac</strong></span> <span class='ocrx_word' id='word_1_560' title='bbox 3545 3031 3628 3087; x_wconf 88' lang='lat' dir='ltr'><strong>sic</strong></span> 
     </span>
    </p>
   </div>
   <div class='ocr_carea' id='block_1_79' title="bbox 2021 3108 3622 3188">
    <p class='ocr_par' dir='ltr' id='par_1_79' title="bbox 2021 3108 3622 3188">
     <span class='ocr_line' id='line_1_79' title="bbox 2021 3108 3622 3188; baseline 0.009 -28"><span class='ocrx_word' id='word_1_561' title='bbox 2021 3108 2284 3164; x_wconf 85' lang='lat' dir='ltr'><strong>audacter</strong></span> <span class='ocrx_word' id='word_1_562' title='bbox 2339 3109 2410 3164; x_wconf 88' lang='lat' dir='ltr'><strong>ad</strong></span> <span class='ocrx_word' id='word_1_563' title='bbox 2467 3110 2742 3182; x_wconf 89' lang='lat' dir='ltr'><strong>singulare</strong></span> <span class='ocrx_word' id='word_1_564' title='bbox 2779 3122 3058 3168; x_wconf 88' lang='lat' dir='ltr'><strong>certamen</strong></span> <span class='ocrx_word' id='word_1_565' title='bbox 3107 3115 3329 3171; x_wconf 91' lang='lat' dir='ltr'><strong>accedat</strong></span> <span class='ocrx_word' id='word_1_566' title='bbox 3375 3118 3622 3188; x_wconf 89' lang='lat' dir='ltr'><strong>hostique</strong></span> 
     </span>
    </p>
   </div>
   <div class='ocr_carea' id='block_1_80' title="bbox 2023 3196 3623 3276">
    <p class='ocr_par' dir='ltr' id='par_1_80' title="bbox 2023 3196 3623 3276">
     <span class='ocr_line' id='line_1_80' title="bbox 2023 3196 3623 3276; baseline 0.008 -26"><span class='ocrx_word' id='word_1_567' title='bbox 2023 3212 2120 3251; x_wconf 88' lang='lat' dir='ltr'><strong>suo</strong></span> <span class='ocrx_word' id='word_1_568' title='bbox 2152 3196 2376 3252; x_wconf 84' lang='lat' dir='ltr'><strong>viriliter</strong></span> <span class='ocrx_word' id='word_1_569' title='bbox 2395 3214 2456 3253; x_wconf 92' lang='lat' dir='ltr'><strong>se</strong></span> <span class='ocrx_word' id='word_1_570' title='bbox 2481 3198 2722 3267; x_wconf 90' lang='lat' dir='ltr'><strong>objiciat.</strong></span> <span class='ocrx_word' id='word_1_571' title='bbox 2757 3201 3021 3257; x_wconf 86' lang='lat' dir='ltr'><strong>Lanceam</strong></span> <span class='ocrx_word' id='word_1_572' title='bbox 3051 3201 3215 3256; x_wconf 90' lang='lat' dir='ltr'><strong>debet</strong></span> <span class='ocrx_word' id='word_1_573' title='bbox 3245 3204 3504 3276; x_wconf 89' lang='lat' dir='ltr'><strong>arripere,</strong></span> <span class='ocrx_word' id='word_1_574' title='bbox 3565 3215 3623 3263; x_wconf 88' lang='lat' dir='ltr'><strong>ut</strong></span> 
     </span>
    </p>
   </div>
   <div class='ocr_carea' id='block_1_81' title="bbox 2022 3285 3623 3362">
    <p class='ocr_par' dir='ltr' id='par_1_81' title="bbox 2022 3285 3623 3362">
     <span class='ocr_line' id='line_1_81' title="bbox 2022 3285 3623 3362; baseline 0.009 -24"><span class='ocrx_word' id='word_1_575' title='bbox 2022 3285 2150 3339; x_wconf 91' lang='lat' dir='ltr'><strong>inde</strong></span> <span class='ocrx_word' id='word_1_576' title='bbox 2180 3302 2343 3340; x_wconf 91' lang='lat' dir='ltr'><strong>suum</strong></span> <span class='ocrx_word' id='word_1_577' title='bbox 2401 3285 2612 3341; x_wconf 91' lang='lat' dir='ltr'><strong>hostem</strong></span> <span class='ocrx_word' id='word_1_578' title='bbox 2645 3287 2820 3343; x_wconf 90' lang='lat' dir='ltr'><strong>valeat</strong></span> <span class='ocrx_word' id='word_1_579' title='bbox 2851 3289 3173 3360; x_wconf 84' lang='lat' dir='ltr'><strong>transﬁgere</strong></span> <span class='ocrx_word' id='word_1_580' title='bbox 3206 3291 3427 3362; x_wconf 87' lang='lat' dir='ltr'><strong>;gladio</strong></span> <span class='ocrx_word' id='word_1_581' title='bbox 3459 3295 3623 3352; x_wconf 91' lang='lat' dir='ltr'><strong>debet</strong></span> 
     </span>
    </p>
   </div>
   <div class='ocr_carea' id='block_1_82' title="bbox 2026 3373 3626 3448">
    <p class='ocr_par' dir='ltr' id='par_1_82' title="bbox 2026 3373 3626 3448">
     <span class='ocr_line' id='line_1_82' title="bbox 2026 3373 3626 3448; baseline 0.007 -20"><span class='ocrx_word' id='word_1_582' title='bbox 2026 3373 2261 3446; x_wconf 82' lang='lat' dir='ltr'><strong>accingi,</strong></span> <span class='ocrx_word' id='word_1_583' title='bbox 2302 3373 2447 3429; x_wconf 91' lang='lat' dir='ltr'><strong>unde</strong></span> <span class='ocrx_word' id='word_1_584' title='bbox 2477 3374 2621 3428; x_wconf 89' lang='lat' dir='ltr'><strong>idem</strong></span> <span class='ocrx_word' id='word_1_585' title='bbox 2644 3375 2810 3429; x_wconf 90' lang='lat' dir='ltr'><strong>hostis</strong></span> <span class='ocrx_word' id='word_1_586' title='bbox 2840 3381 2999 3446; x_wconf 87' lang='lat' dir='ltr'><strong>queat</strong></span> <span class='ocrx_word' id='word_1_587' title='bbox 3024 3378 3288 3448; x_wconf 83' lang='lat' dir='ltr'><strong>jugulari.</strong></span> <span class='ocrx_word' id='word_1_588' title='bbox 3322 3379 3463 3447; x_wconf 86' lang='lat' dir='ltr'><strong>Quid</strong></span> <span class='ocrx_word' id='word_1_589' title='bbox 3521 3398 3626 3439; x_wconf 81' lang='lat' dir='ltr'><strong>au—</strong></span> 
     </span>
    </p>
   </div>
   <div class='ocr_carea' id='block_1_83' title="bbox 2025 3461 3634 3536">
    <p class='ocr_par' dir='ltr' id='par_1_83' title="bbox 2025 3461 3634 3536">
     <span class='ocr_line' id='line_1_83' title="bbox 2025 3461 3634 3536; baseline 0.007 -20"><span class='ocrx_word' id='word_1_590' title='bbox 2025 3469 2134 3517; x_wconf 90' lang='lat' dir='ltr'><strong>tem</strong></span> <span class='ocrx_word' id='word_1_591' title='bbox 2163 3477 2263 3532; x_wconf 89' lang='lat' dir='ltr'><strong>per</strong></span> <span class='ocrx_word' id='word_1_592' title='bbox 2291 3461 2536 3518; x_wconf 90' lang='lat' dir='ltr'><strong>lanceam</strong></span> <span class='ocrx_word' id='word_1_593' title='bbox 2567 3462 2983 3534; x_wconf 88' lang='lat' dir='ltr'><strong>intelligendum</strong></span> <span class='ocrx_word' id='word_1_594' title='bbox 3013 3473 3111 3532; x_wconf 91' lang='lat' dir='ltr'><strong>est,</strong></span> <span class='ocrx_word' id='word_1_595' title='bbox 3126 3465 3225 3520; x_wconf 90' lang='lat' dir='ltr'><strong>nisi</strong></span> <span class='ocrx_word' id='word_1_596' title='bbox 3245 3469 3634 3536; x_wconf 80' lang='lat' dir='ltr'><strong>providentia?</strong></span> 
     </span>
    </p>
   </div>
   <div class='ocr_carea' id='block_1_84' title="bbox 2027 3551 3632 3632">
    <p class='ocr_par' dir='ltr' id='par_1_84' title="bbox 2027 3551 3632 3632">
     <span class='ocr_line' id='line_1_84' title="bbox 2027 3551 3632 3632; baseline 0.007 -26"><span class='ocrx_word' id='word_1_597' title='bbox 2027 3551 2178 3606; x_wconf 91' lang='lat' dir='ltr'><strong>Sicut</strong></span> <span class='ocrx_word' id='word_1_598' title='bbox 2234 3553 2384 3607; x_wconf 92' lang='lat' dir='ltr'><strong>enim</strong></span> <span class='ocrx_word' id='word_1_599' title='bbox 2431 3551 2750 3623; x_wconf 86' lang='lat' dir='ltr'><strong>temporalis</strong></span> <span class='ocrx_word' id='word_1_600' title='bbox 2798 3551 3149 3608; x_wconf 88' lang='lat' dir='ltr'><strong>adversarius</strong></span> <span class='ocrx_word' id='word_1_601' title='bbox 3201 3555 3384 3613; x_wconf 91' lang='lat' dir='ltr'><strong>adhuc</strong></span> <span class='ocrx_word' id='word_1_602' title='bbox 3466 3559 3632 3632; x_wconf 84' lang='lat' dir='ltr'><strong>longe</strong></span> 
     </span>
    </p>
   </div>
   <div class='ocr_carea' id='block_1_85' title="bbox 2025 3639 3635 3720">
    <p class='ocr_par' dir='ltr' id='par_1_85' title="bbox 2025 3639 3635 3720">
     <span class='ocr_line' id='line_1_85' title="bbox 2025 3639 3635 3720; baseline 0.007 -26"><span class='ocrx_word' id='word_1_603' title='bbox 2025 3648 2263 3695; x_wconf 90' lang='lat' dir='ltr'><strong>semotus</strong></span> <span class='ocrx_word' id='word_1_604' title='bbox 2349 3639 2681 3712; x_wconf 90' lang='lat' dir='ltr'><strong>transﬁgitur</strong></span> <span class='ocrx_word' id='word_1_605' title='bbox 2735 3639 2950 3710; x_wconf 89' lang='lat' dir='ltr'><strong>lancea,</strong></span> <span class='ocrx_word' id='word_1_606' title='bbox 3020 3641 3094 3696; x_wconf 91' lang='lat' dir='ltr'><strong>ita</strong></span> <span class='ocrx_word' id='word_1_607' title='bbox 3151 3644 3323 3700; x_wconf 89' lang='lat' dir='ltr'><strong>hostis</strong></span> <span class='ocrx_word' id='word_1_608' title='bbox 3379 3647 3635 3720; x_wconf 86' lang='lat' dir='ltr'><strong>antiquus</strong></span> 
     </span>
    </p>
   </div>
   <div class='ocr_carea' id='block_1_86' title="bbox 2029 3728 3634 3807">
    <p class='ocr_par' dir='ltr' id='par_1_86' title="bbox 2029 3728 3634 3807">
     <span class='ocr_line' id='line_1_86' title="bbox 2029 3728 3634 3807; baseline 0.007 -26"><span class='ocrx_word' id='word_1_609' title='bbox 2029 3728 2179 3800; x_wconf 86' lang='lat' dir='ltr'><strong>quasi</strong></span> <span class='ocrx_word' id='word_1_610' title='bbox 2210 3728 2387 3784; x_wconf 89' lang='lat' dir='ltr'><strong>adhuc</strong></span> <span class='ocrx_word' id='word_1_611' title='bbox 2408 3728 2571 3800; x_wconf 87' lang='lat' dir='ltr'><strong>longe</strong></span> <span class='ocrx_word' id='word_1_612' title='bbox 2600 3728 2807 3784; x_wconf 89' lang='lat' dir='ltr'><strong>divisus</strong></span> <span class='ocrx_word' id='word_1_613' title='bbox 2842 3729 3075 3801; x_wconf 90' lang='lat' dir='ltr'><strong>quadam</strong></span> <span class='ocrx_word' id='word_1_614' title='bbox 3106 3732 3444 3806; x_wconf 87' lang='lat' dir='ltr'><strong>transﬁgitur</strong></span> <span class='ocrx_word' id='word_1_615' title='bbox 3496 3752 3634 3807; x_wconf 88' lang='lat' dir='ltr'><strong>pro-</strong></span> 
     </span>
    </p>
   </div>
   <div class='ocr_carea' id='block_1_87' title="bbox 2031 3813 3633 3889">
    <p class='ocr_par' dir='ltr' id='par_1_87' title="bbox 2031 3813 3633 3889">
     <span class='ocr_line' id='line_1_87' title="bbox 2031 3813 3633 3889; baseline 0.006 -22"><span class='ocrx_word' id='word_1_616' title='bbox 2031 3813 2289 3868; x_wconf 88' lang='lat' dir='ltr'><strong>videntia.</strong></span> <span class='ocrx_word' id='word_1_617' title='bbox 2322 3813 2496 3879; x_wconf 84' lang='lat' dir='ltr'><strong>Unde,</strong></span> <span class='ocrx_word' id='word_1_618' title='bbox 2529 3822 2585 3868; x_wconf 92' lang='lat' dir='ltr'><strong>ut</strong></span> <span class='ocrx_word' id='word_1_619' title='bbox 2613 3813 2872 3884; x_wconf 88' lang='lat' dir='ltr'><strong>diximus,</strong></span> <span class='ocrx_word' id='word_1_620' title='bbox 2908 3815 3064 3870; x_wconf 90' lang='lat' dir='ltr'><strong>miles</strong></span> <span class='ocrx_word' id='word_1_621' title='bbox 3096 3825 3276 3872; x_wconf 90' lang='lat' dir='ltr'><strong>noster</strong></span> <span class='ocrx_word' id='word_1_622' title='bbox 3305 3819 3480 3889; x_wconf 91' lang='lat' dir='ltr'><strong>ipsam</strong></span> <span class='ocrx_word' id='word_1_623' title='bbox 3512 3821 3633 3876; x_wconf 90' lang='lat' dir='ltr'><strong>lan-</strong></span> 
     </span>
    </p>
   </div>
   <div class='ocr_carea' id='block_1_88' title="bbox 2029 3901 3636 3976">
    <p class='ocr_par' dir='ltr' id='par_1_88' title="bbox 2029 3901 3636 3976">
     <span class='ocr_line' id='line_1_88' title="bbox 2029 3901 3636 3976; baseline 0.006 -19"><span class='ocrx_word' id='word_1_624' title='bbox 2029 3917 2182 3957; x_wconf 87' lang='lat' dir='ltr'><strong>ceam</strong></span> <span class='ocrx_word' id='word_1_625' title='bbox 2241 3901 2403 3957; x_wconf 91' lang='lat' dir='ltr'><strong>debet</strong></span> <span class='ocrx_word' id='word_1_626' title='bbox 2458 3909 2638 3957; x_wconf 87' lang='lat' dir='ltr'><strong>tenere</strong></span> <span class='ocrx_word' id='word_1_627' title='bbox 2669 3902 2722 3956; x_wconf 91' lang='lat' dir='ltr'><strong>in</strong></span> <span class='ocrx_word' id='word_1_628' title='bbox 2781 3903 3048 3958; x_wconf 88' lang='lat' dir='ltr'><strong>manibus.</strong></span> <span class='ocrx_word' id='word_1_629' title='bbox 3083 3906 3298 3976; x_wconf 81' lang='lat' dir='ltr'><strong>Saepius</strong></span> <span class='ocrx_word' id='word_1_630' title='bbox 3327 3907 3383 3962; x_wconf 90' lang='lat' dir='ltr'><strong>in</strong></span> <span class='ocrx_word' id='word_1_631' title='bbox 3436 3909 3636 3966; x_wconf 88' lang='lat' dir='ltr'><strong>divinis</strong></span> 
     </span>
    </p>
   </div>
   <div class='ocr_carea' id='block_1_89' title="bbox 2029 3989 3636 4071">
    <p class='ocr_par' dir='ltr' id='par_1_89' title="bbox 2029 3989 3636 4071">
     <span class='ocr_line' id='line_1_89' title="bbox 2029 3989 3636 4071; baseline 0.007 -26"><span class='ocrx_word' id='word_1_632' title='bbox 2029 3989 2345 4060; x_wconf 88' lang='lat' dir='ltr'><strong>Scripturis,</strong></span> <span class='ocrx_word' id='word_1_633' title='bbox 2379 3990 2502 4059; x_wconf 90' lang='lat' dir='ltr'><strong>quia</strong></span> <span class='ocrx_word' id='word_1_634' title='bbox 2525 4006 2621 4061; x_wconf 89' lang='lat' dir='ltr'><strong>per</strong></span> <span class='ocrx_word' id='word_1_635' title='bbox 2662 4007 2756 4046; x_wconf 91' lang='lat' dir='ltr'><strong>eas</strong></span> <span class='ocrx_word' id='word_1_636' title='bbox 2785 3991 3024 4047; x_wconf 87' lang='lat' dir='ltr'><strong>solemus</strong></span> <span class='ocrx_word' id='word_1_637' title='bbox 3055 3995 3287 4064; x_wconf 85' lang='lat' dir='ltr'><strong>Operari,</strong></span> <span class='ocrx_word' id='word_1_638' title='bbox 3310 4011 3477 4068; x_wconf 87' lang='lat' dir='ltr'><strong>opera</strong></span> <span class='ocrx_word' id='word_1_639' title='bbox 3533 4015 3636 4071; x_wconf 88' lang='lat' dir='ltr'><strong>per</strong></span> 
     </span>
    </p>
   </div>
   <div class='ocr_carea' id='block_1_90' title="bbox 2028 4077 3632 4154">
    <p class='ocr_par' dir='ltr' id='par_1_90' title="bbox 2028 4077 3632 4154">
     <span class='ocr_line' id='line_1_90' title="bbox 2028 4077 3632 4154; baseline 0.007 -23"><span class='ocrx_word' id='word_1_640' title='bbox 2028 4093 2221 4132; x_wconf 88' lang='lat' dir='ltr'><strong>manus</strong></span> <span class='ocrx_word' id='word_1_641' title='bbox 2239 4078 2418 4133; x_wconf 89' lang='lat' dir='ltr'><strong>solent</strong></span> <span class='ocrx_word' id='word_1_642' title='bbox 2447 4078 2720 4149; x_wconf 89' lang='lat' dir='ltr'><strong>designari</strong></span> <span class='ocrx_word' id='word_1_643' title='bbox 2745 4097 2757 4139; x_wconf 87' lang='lat'><strong>;</strong></span> <span class='ocrx_word' id='word_1_644' title='bbox 2791 4077 3039 4135; x_wconf 86' lang='lat' dir='ltr'><strong>lanceam</strong></span> <span class='ocrx_word' id='word_1_645' title='bbox 3069 4083 3255 4154; x_wconf 88' lang='lat' dir='ltr'><strong>itaque</strong></span> <span class='ocrx_word' id='word_1_646' title='bbox 3296 4084 3348 4138; x_wconf 92' lang='lat' dir='ltr'><strong>in</strong></span> <span class='ocrx_word' id='word_1_647' title='bbox 3377 4087 3632 4142; x_wconf 87' lang='lat' dir='ltr'><strong>manibus</strong></span> 
     </span>
    </p>
   </div>
   <div class='ocr_carea' id='block_1_91' title="bbox 2028 4165 3633 4236">
    <p class='ocr_par' dir='ltr' id='par_1_91' title="bbox 2028 4165 3633 4236">
     <span class='ocr_line' id='line_1_91' title="bbox 2028 4165 3633 4236; baseline 0.007 -16"><span class='ocrx_word' id='word_1_648' title='bbox 2028 4173 2231 4233; x_wconf 91' lang='lat' dir='ltr'><strong>tenere,</strong></span> <span class='ocrx_word' id='word_1_649' title='bbox 2265 4174 2347 4220; x_wconf 89' lang='lat' dir='ltr'><strong>est</strong></span> <span class='ocrx_word' id='word_1_650' title='bbox 2376 4166 2431 4220; x_wconf 91' lang='lat' dir='ltr'><strong>in</strong></span> <span class='ocrx_word' id='word_1_651' title='bbox 2455 4165 2713 4235; x_wconf 88' lang='lat' dir='ltr'><strong>Operibus</strong></span> <span class='ocrx_word' id='word_1_652' title='bbox 2758 4167 3164 4236; x_wconf 87' lang='lat' dir='ltr'><strong>providentiam</strong></span> <span class='ocrx_word' id='word_1_653' title='bbox 3213 4171 3434 4228; x_wconf 90' lang='lat' dir='ltr'><strong>habere.</strong></span> <span class='ocrx_word' id='word_1_654' title='bbox 3496 4174 3633 4230; x_wconf 91' lang='lat' dir='ltr'><strong>Cum</strong></span> 
     </span>
    </p>
   </div>
   <div class='ocr_carea' id='block_1_92' title="bbox 2029 4253 3638 4330">
    <p class='ocr_par' dir='ltr' id='par_1_92' title="bbox 2029 4253 3638 4330">
     <span class='ocr_line' id='line_1_92' title="bbox 2029 4253 3638 4330; baseline 0.006 -20"><span class='ocrx_word' id='word_1_655' title='bbox 2029 4255 2175 4310; x_wconf 89' lang='lat' dir='ltr'><strong>enim</strong></span> <span class='ocrx_word' id='word_1_656' title='bbox 2233 4254 2390 4310; x_wconf 88' lang='lat' dir='ltr'><strong>miles</strong></span> <span class='ocrx_word' id='word_1_657' title='bbox 2444 4253 2640 4310; x_wconf 84' lang='lat' dir='ltr'><strong>Christi</strong></span> <span class='ocrx_word' id='word_1_658' title='bbox 2697 4254 2901 4326; x_wconf 90' lang='lat' dir='ltr'><strong>aliquid</strong></span> <span class='ocrx_word' id='word_1_659' title='bbox 2940 4257 3193 4328; x_wconf 90' lang='lat' dir='ltr'><strong>proponit</strong></span> <span class='ocrx_word' id='word_1_660' title='bbox 3218 4275 3402 4330; x_wconf 85' lang='lat' dir='ltr'><strong>agere,</strong></span> <span class='ocrx_word' id='word_1_661' title='bbox 3453 4265 3638 4320; x_wconf 85' lang='lat' dir='ltr'><strong>statim</strong></span> 
     </span>
    </p>
   </div>
   <div class='ocr_carea' id='block_1_93' title="bbox 2029 4342 3634 4420">
    <p class='ocr_par' dir='ltr' id='par_1_93' title="bbox 2029 4342 3634 4420">
     <span class='ocr_line' id='line_1_93' title="bbox 2029 4342 3634 4420; baseline 0.006 -22"><span class='ocrx_word' id='word_1_662' title='bbox 2029 4344 2099 4398; x_wconf 90' lang='lat' dir='ltr'><strong>ad</strong></span> <span class='ocrx_word' id='word_1_663' title='bbox 2128 4343 2307 4414; x_wconf 83' lang='lat' dir='ltr'><strong>ipsum</strong></span> <span class='ocrx_word' id='word_1_664' title='bbox 2337 4358 2474 4414; x_wconf 91' lang='lat' dir='ltr'><strong>opus</strong></span> <span class='ocrx_word' id='word_1_665' title='bbox 2503 4342 2698 4398; x_wconf 91' lang='lat' dir='ltr'><strong>mentis</strong></span> <span class='ocrx_word' id='word_1_666' title='bbox 2721 4343 2971 4399; x_wconf 90' lang='lat' dir='ltr'><strong>intuitum</strong></span> <span class='ocrx_word' id='word_1_667' title='bbox 3000 4346 3160 4401; x_wconf 89' lang='lat' dir='ltr'><strong>debet</strong></span> <span class='ocrx_word' id='word_1_668' title='bbox 3187 4347 3423 4420; x_wconf 86' lang='lat' dir='ltr'><strong>dirigere</strong></span> <span class='ocrx_word' id='word_1_669' title='bbox 3480 4359 3531 4408; x_wconf 89' lang='lat' dir='ltr'><strong>et</strong></span> <span class='ocrx_word' id='word_1_670' title='bbox 3561 4351 3634 4408; x_wconf 86' lang='lat' dir='ltr'><strong>ad</strong></span> 
     </span>
    </p>
   </div>
   <div class='ocr_carea' id='block_1_94' title="bbox 2033 4431 3637 4505">
    <p class='ocr_par' dir='ltr' id='par_1_94' title="bbox 2033 4431 3637 4505">
     <span class='ocr_line' id='line_1_94' title="bbox 2033 4431 3637 4505; baseline 0.006 -19"><span class='ocrx_word' id='word_1_671' title='bbox 2033 4448 2198 4504; x_wconf 91' lang='lat' dir='ltr'><strong>quem</strong></span> <span class='ocrx_word' id='word_1_672' title='bbox 2255 4431 2427 4486; x_wconf 80' lang='lat' dir='ltr'><strong>ﬁnem</strong></span> <span class='ocrx_word' id='word_1_673' title='bbox 2487 4431 2666 4486; x_wconf 90' lang='lat' dir='ltr'><strong>tendat</strong></span> <span class='ocrx_word' id='word_1_674' title='bbox 2718 4431 2966 4504; x_wconf 89' lang='lat' dir='ltr'><strong>diligenti</strong></span> <span class='ocrx_word' id='word_1_675' title='bbox 3019 4435 3360 4505; x_wconf 87' lang='lat' dir='ltr'><strong>providentia</strong></span> <span class='ocrx_word' id='word_1_676' title='bbox 3405 4438 3637 4496; x_wconf 81' lang='lat' dir='ltr'><strong>circum-</strong></span> 
     </span>
    </p>
   </div>
   <div class='ocr_carea' id='block_1_95' title="bbox 307 4519 3634 4598">
    <p class='ocr_par' dir='ltr' id='par_1_95' title="bbox 307 4519 3634 4598">
     <span class='ocr_line' id='line_1_95' title="bbox 307 4519 3634 4598; baseline 0.001 -16"><span class='ocrx_word' id='word_1_677' title='bbox 307 4529 461 4598; x_wconf 90' lang='lat' dir='ltr'><strong>tiquo</strong></span> <span class='ocrx_word' id='word_1_678' title='bbox 493 4527 630 4583; x_wconf 91' lang='lat' dir='ltr'><strong>hosti</strong></span> <span class='ocrx_word' id='word_1_679' title='bbox 662 4527 890 4582; x_wconf 87' lang='lat' dir='ltr'><strong>viriliter</strong></span> <span class='ocrx_word' id='word_1_680' title='bbox 932 4527 1166 4595; x_wconf 86' lang='lat' dir='ltr'><strong>resistat,</strong></span> <span class='ocrx_word' id='word_1_681' title='bbox 1217 4526 1445 4582; x_wconf 89' lang='lat' dir='ltr'><strong>loricam</strong></span> <span class='ocrx_word' id='word_1_682' title='bbox 1486 4526 1712 4597; x_wconf 68' lang='lat' dir='ltr'><strong>justitia:</strong></span> <span class='ocrx_word' id='word_1_683' title='bbox 1741 4526 1921 4583; x_wconf 84' lang='lat' dir='ltr'><strong>invio-</strong></span> <span class='ocrx_word' id='word_1_684' title='bbox 1951 4520 2001 4583; x_wconf 91' lang='lat' dir='ltr'><strong>D</strong></span> <span class='ocrx_word' id='word_1_685' title='bbox 2028 4521 2257 4592; x_wconf 84' lang='lat' dir='ltr'><strong>spicere,</strong></span> <span class='ocrx_word' id='word_1_686' title='bbox 2309 4519 2457 4590; x_wconf 90' lang='lat' dir='ltr'><strong>quod</strong></span> <span class='ocrx_word' id='word_1_687' title='bbox 2513 4520 2557 4575; x_wconf 90' lang='lat' dir='ltr'><strong>si</strong></span> <span class='ocrx_word' id='word_1_688' title='bbox 2584 4519 2869 4577; x_wconf 87' lang='lat' dir='ltr'><strong>tetenderit</strong></span> <span class='ocrx_word' id='word_1_689' title='bbox 2900 4521 2969 4577; x_wconf 90' lang='lat' dir='ltr'><strong>ad</strong></span> <span class='ocrx_word' id='word_1_690' title='bbox 3026 4522 3187 4578; x_wconf 89' lang='lat' dir='ltr'><strong>ﬁnem</strong></span> <span class='ocrx_word' id='word_1_691' title='bbox 3247 4525 3469 4596; x_wconf 90' lang='lat' dir='ltr'><strong>malum,</strong></span> <span class='ocrx_word' id='word_1_692' title='bbox 3503 4541 3634 4584; x_wconf 81' lang='lat' dir='ltr'><strong>mox</strong></span> 
     </span>
    </p>
   </div>
   <div class='ocr_carea' id='block_1_96' title="bbox 311 4614 1916 4687">
    <p class='ocr_par' dir='ltr' id='par_1_96' title="bbox 311 4614 1916 4687">
     <span class='ocr_line' id='line_1_96' title="bbox 311 4614 1916 4687; baseline 0 -16"><span class='ocrx_word' id='word_1_693' title='bbox 311 4617 479 4671; x_wconf 88' lang='lat' dir='ltr'><strong>latam</strong></span> <span class='ocrx_word' id='word_1_694' title='bbox 507 4614 792 4684; x_wconf 86' lang='lat' dir='ltr'><strong>custodiat,</strong></span> <span class='ocrx_word' id='word_1_695' title='bbox 834 4615 890 4670; x_wconf 92' lang='lat' dir='ltr'><strong>id</strong></span> <span class='ocrx_word' id='word_1_696' title='bbox 919 4624 1001 4671; x_wconf 87' lang='lat' dir='ltr'><strong>est</strong></span> <span class='ocrx_word' id='word_1_697' title='bbox 1026 4615 1142 4670; x_wconf 89' lang='lat' dir='ltr'><strong>sine</strong></span> <span class='ocrx_word' id='word_1_698' title='bbox 1199 4615 1599 4672; x_wconf 88' lang='lat' dir='ltr'><strong>intermissione</strong></span> <span class='ocrx_word' id='word_1_699' title='bbox 1656 4616 1916 4687; x_wconf 87' lang='lat' dir='ltr'><strong>operibus</strong></span> 
     </span>
    </p>
   </div>
   <div class='ocr_carea' id='block_1_97' title="bbox 305 4703 1918 4775">
    <p class='ocr_par' dir='ltr' id='par_1_97' title="bbox 305 4703 1918 4775">
     <span class='ocr_line' id='line_1_97' title="bbox 305 4703 1918 4775; baseline 0 -15"><span class='ocrx_word' id='word_1_700' title='bbox 305 4704 526 4775; x_wconf 69' lang='lat' dir='ltr'><strong>justitia:</strong></span> <span class='ocrx_word' id='word_1_701' title='bbox 555 4704 772 4760; x_wconf 85' lang='lat' dir='ltr'><strong>stuleat</strong></span> <span class='ocrx_word' id='word_1_702' title='bbox 828 4703 1105 4759; x_wconf 89' lang='lat' dir='ltr'><strong>insistere.</strong></span> <span class='ocrx_word' id='word_1_703' title='bbox 1153 4705 1326 4759; x_wconf 92' lang='lat' dir='ltr'><strong>Debet</strong></span> <span class='ocrx_word' id='word_1_704' title='bbox 1379 4703 1544 4760; x_wconf 88' lang='lat' dir='ltr'><strong>etiam</strong></span> <span class='ocrx_word' id='word_1_705' title='bbox 1603 4704 1760 4760; x_wconf 87' lang='lat' dir='ltr'><strong>miles</strong></span> <span class='ocrx_word' id='word_1_706' title='bbox 1818 4705 1918 4760; x_wconf 89' lang='lat' dir='ltr'><strong>iste</strong></span> 
     </span>
    </p>
   </div>
   <div class='ocr_carea' id='block_1_98' title="bbox 317 4793 1920 4865">
    <p class='ocr_par' dir='ltr' id='par_1_98' title="bbox 317 4793 1920 4865">
     <span class='ocr_line' id='line_1_98' title="bbox 317 4793 1920 4865; baseline 0.002 -18"><span class='ocrx_word' id='word_1_707' title='bbox 317 4793 480 4865; x_wconf 87' lang='lat' dir='ltr'><strong>galea</strong></span> <span class='ocrx_word' id='word_1_708' title='bbox 536 4801 698 4864; x_wconf 87' lang='lat' dir='ltr'><strong>caput</strong></span> <span class='ocrx_word' id='word_1_709' title='bbox 727 4810 887 4848; x_wconf 88' lang='lat' dir='ltr'><strong>suum</strong></span> <span class='ocrx_word' id='word_1_710' title='bbox 918 4809 1131 4863; x_wconf 92' lang='lat' dir='ltr'><strong>ornare,</strong></span> <span class='ocrx_word' id='word_1_711' title='bbox 1187 4793 1439 4850; x_wconf 85' lang='lat' dir='ltr'><strong>videlicet</strong></span> <span class='ocrx_word' id='word_1_712' title='bbox 1465 4801 1522 4849; x_wconf 93' lang='lat' dir='ltr'><strong>ut</strong></span> <span class='ocrx_word' id='word_1_713' title='bbox 1551 4801 1602 4850; x_wconf 91' lang='lat' dir='ltr'><strong>et</strong></span> <span class='ocrx_word' id='word_1_714' title='bbox 1632 4793 1749 4865; x_wconf 90' lang='lat' dir='ltr'><strong>ipse</strong></span> <span class='ocrx_word' id='word_1_715' title='bbox 1790 4793 1920 4850; x_wconf 88' lang='lat' dir='ltr'><strong>inde</strong></span> 
     </span>
    </p>
   </div>
   <div class='ocr_carea' id='block_1_99' title="bbox 321 4881 1922 4955">
    <p class='ocr_par' dir='ltr' id='par_1_99' title="bbox 321 4881 1922 4955">
     <span class='ocr_line' id='line_1_99' title="bbox 321 4881 1922 4955; baseline 0 -19"><span class='ocrx_word' id='word_1_716' title='bbox 321 4883 568 4938; x_wconf 90' lang='lat' dir='ltr'><strong>decorus</strong></span> <span class='ocrx_word' id='word_1_717' title='bbox 593 4889 873 4955; x_wconf 86' lang='lat' dir='ltr'><strong>appareat,</strong></span> <span class='ocrx_word' id='word_1_718' title='bbox 907 4889 960 4938; x_wconf 91' lang='lat' dir='ltr'><strong>et</strong></span> <span class='ocrx_word' id='word_1_719' title='bbox 988 4883 1097 4952; x_wconf 88' lang='lat' dir='ltr'><strong>ipsi</strong></span> <span class='ocrx_word' id='word_1_720' title='bbox 1129 4882 1271 4938; x_wconf 87' lang='lat' dir='ltr'><strong>hosti</strong></span> <span class='ocrx_word' id='word_1_721' title='bbox 1289 4882 1360 4937; x_wconf 90' lang='lat' dir='ltr'><strong>ob</strong></span> <span class='ocrx_word' id='word_1_722' title='bbox 1376 4890 1583 4937; x_wconf 86' lang='lat' dir='ltr'><strong>tantum</strong></span> <span class='ocrx_word' id='word_1_723' title='bbox 1613 4881 1922 4939; x_wconf 85' lang='lat' dir='ltr'><strong>securitatis</strong></span> 
     </span>
    </p>
   </div>
   <div class='ocr_carea' id='block_1_100' title="bbox 315 4971 1922 5044">
    <p class='ocr_par' dir='ltr' id='par_1_100' title="bbox 315 4971 1922 5044">
     <span class='ocr_line' id='line_1_100' title="bbox 315 4971 1922 5044; baseline 0 -18"><span class='ocrx_word' id='word_1_724' title='bbox 315 4971 536 5044; x_wconf 87' lang='lat' dir='ltr'><strong>signum</strong></span> <span class='ocrx_word' id='word_1_725' title='bbox 594 4979 849 5027; x_wconf 89' lang='lat' dir='ltr'><strong>terrorem</strong></span> <span class='ocrx_word' id='word_1_726' title='bbox 907 4971 1199 5027; x_wconf 89' lang='lat' dir='ltr'><strong>minimum</strong></span> <span class='ocrx_word' id='word_1_727' title='bbox 1258 4971 1505 5026; x_wconf 90' lang='lat' dir='ltr'><strong>incutiat.</strong></span> <span class='ocrx_word' id='word_1_728' title='bbox 1537 4971 1709 5042; x_wconf 89' lang='lat' dir='ltr'><strong>Caput</strong></span> <span class='ocrx_word' id='word_1_729' title='bbox 1761 4972 1922 5042; x_wconf 88' lang='lat' dir='ltr'><strong>hujus</strong></span> 
     </span>
    </p>
   </div>
   <div class='ocr_carea' id='block_1_101' title="bbox 316 5058 1924 5132">
    <p class='ocr_par' dir='ltr' id='par_1_101' title="bbox 316 5058 1924 5132">
     <span class='ocr_line' id='line_1_101' title="bbox 316 5058 1924 5132; baseline 0.001 -18"><span class='ocrx_word' id='word_1_730' title='bbox 316 5059 502 5114; x_wconf 91' lang='lat' dir='ltr'><strong>militis</strong></span> <span class='ocrx_word' id='word_1_731' title='bbox 526 5075 634 5116; x_wconf 93' lang='lat' dir='ltr'><strong>non</strong></span> <span class='ocrx_word' id='word_1_732' title='bbox 651 5059 1098 5116; x_wconf 91' lang='lat' dir='ltr'><strong>inconvenienter</strong></span> <span class='ocrx_word' id='word_1_733' title='bbox 1149 5058 1415 5131; x_wconf 84' lang='lat' dir='ltr'><strong>accipitur</strong></span> <span class='ocrx_word' id='word_1_734' title='bbox 1469 5059 1700 5115; x_wconf 87' lang='lat' dir='ltr'><strong>intentio</strong></span> <span class='ocrx_word' id='word_1_735' title='bbox 1754 5059 1924 5132; x_wconf 91' lang='lat' dir='ltr'><strong>ipsius</strong></span> 
     </span>
    </p>
   </div>
   <div class='ocr_carea' id='block_1_102' title="bbox 316 5147 1924 5220">
    <p class='ocr_par' dir='ltr' id='par_1_102' title="bbox 316 5147 1924 5220">
     <span class='ocr_line' id='line_1_102' title="bbox 316 5147 1924 5220; baseline 0.001 -17"><span class='ocrx_word' id='word_1_736' title='bbox 316 5148 552 5205; x_wconf 90' lang='lat' dir='ltr'><strong>hominis</strong></span> <span class='ocrx_word' id='word_1_737' title='bbox 579 5147 864 5204; x_wconf 89' lang='lat' dir='ltr'><strong>interioris.</strong></span> <span class='ocrx_word' id='word_1_738' title='bbox 915 5149 1054 5204; x_wconf 86' lang='lat' dir='ltr'><strong>Nam</strong></span> <span class='ocrx_word' id='word_1_739' title='bbox 1093 5149 1230 5204; x_wconf 90' lang='lat' dir='ltr'><strong>sicut</strong></span> <span class='ocrx_word' id='word_1_740' title='bbox 1259 5156 1425 5218; x_wconf 90' lang='lat' dir='ltr'><strong>caput</strong></span> <span class='ocrx_word' id='word_1_741' title='bbox 1452 5157 1654 5220; x_wconf 66' lang='lat' dir='ltr'><strong>praeest</strong></span> <span class='ocrx_word' id='word_1_742' title='bbox 1708 5151 1924 5206; x_wconf 85' lang='lat' dir='ltr'><strong>caeteris</strong></span> 
     </span>
    </p>
   </div>
   <div class='ocr_carea' id='block_1_103' title="bbox 314 5237 1924 5310">
    <p class='ocr_par' dir='ltr' id='par_1_103' title="bbox 314 5237 1924 5310">
     <span class='ocr_line' id='line_1_103' title="bbox 314 5237 1924 5310; baseline 0 -16"><span class='ocrx_word' id='word_1_743' title='bbox 314 5239 578 5294; x_wconf 89' lang='lat' dir='ltr'><strong>membris</strong></span> <span class='ocrx_word' id='word_1_744' title='bbox 607 5237 869 5310; x_wconf 89' lang='lat' dir='ltr'><strong>corporis,</strong></span> <span class='ocrx_word' id='word_1_745' title='bbox 909 5239 986 5293; x_wconf 90' lang='lat' dir='ltr'><strong>sic</strong></span> <span class='ocrx_word' id='word_1_746' title='bbox 1015 5238 1238 5294; x_wconf 91' lang='lat' dir='ltr'><strong>intentio</strong></span> <span class='ocrx_word' id='word_1_747' title='bbox 1267 5238 1487 5295; x_wconf 91' lang='lat' dir='ltr'><strong>videtur</strong></span> <span class='ocrx_word' id='word_1_748' title='bbox 1541 5253 1782 5308; x_wconf 61' lang='lat' dir='ltr'><strong>praeesse</strong></span> <span class='ocrx_word' id='word_1_749' title='bbox 1811 5254 1924 5294; x_wconf 70' lang='lat' dir='ltr'><strong>ca:-</strong></span> 
     </span>
    </p>
   </div>
   <div class='ocr_carea' id='block_1_104' title="bbox 320 5326 1927 5384">
    <p class='ocr_par' dir='ltr' id='par_1_104' title="bbox 320 5326 1927 5384">
     <span class='ocr_line' id='line_1_104' title="bbox 320 5326 1927 5384; baseline 0.001 -1"><span class='ocrx_word' id='word_1_750' title='bbox 320 5328 449 5384; x_wconf 89' lang='lat' dir='ltr'><strong>teris</strong></span> <span class='ocrx_word' id='word_1_751' title='bbox 503 5327 873 5382; x_wconf 88' lang='lat' dir='ltr'><strong>instrumentis</strong></span> <span class='ocrx_word' id='word_1_752' title='bbox 930 5326 1211 5382; x_wconf 88' lang='lat' dir='ltr'><strong>interioris</strong></span> <span class='ocrx_word' id='word_1_753' title='bbox 1240 5326 1496 5382; x_wconf 88' lang='lat' dir='ltr'><strong>hominis.</strong></span> <span class='ocrx_word' id='word_1_754' title='bbox 1530 5327 1598 5382; x_wconf 92' lang='lat' dir='ltr'><strong>Ut</strong></span> <span class='ocrx_word' id='word_1_755' title='bbox 1626 5326 1768 5382; x_wconf 91' lang='lat' dir='ltr'><strong>enim</strong></span> <span class='ocrx_word' id='word_1_756' title='bbox 1826 5343 1927 5384; x_wconf 90' lang='lat' dir='ltr'><strong>nos</strong></span> 
     </span>
    </p>
   </div>
   <div class='ocr_carea' id='block_1_105' title="bbox 319 5414 1924 5486">
    <p class='ocr_par' dir='ltr' id='par_1_105' title="bbox 319 5414 1924 5486">
     <span class='ocr_line' id='line_1_105' title="bbox 319 5414 1924 5486; baseline -0.001 -12"><span class='ocrx_word' id='word_1_757' title='bbox 319 5418 481 5474; x_wconf 92' lang='lat' dir='ltr'><strong>docet</strong></span> <span class='ocrx_word' id='word_1_758' title='bbox 527 5432 655 5472; x_wconf 82' lang='lat' dir='ltr'><strong>usus</strong></span> <span class='ocrx_word' id='word_1_759' title='bbox 691 5416 834 5486; x_wconf 89' lang='lat' dir='ltr'><strong>ipse,</strong></span> <span class='ocrx_word' id='word_1_760' title='bbox 890 5415 1116 5470; x_wconf 90' lang='lat' dir='ltr'><strong>intentio</strong></span> <span class='ocrx_word' id='word_1_761' title='bbox 1147 5414 1202 5470; x_wconf 92' lang='lat' dir='ltr'><strong>in</strong></span> <span class='ocrx_word' id='word_1_762' title='bbox 1232 5415 1390 5472; x_wconf 87' lang='lat' dir='ltr'><strong>nobis</strong></span> <span class='ocrx_word' id='word_1_763' title='bbox 1417 5415 1561 5470; x_wconf 87' lang='lat' dir='ltr'><strong>solet</strong></span> <span class='ocrx_word' id='word_1_764' title='bbox 1592 5416 1924 5486; x_wconf 65' lang='lat' dir='ltr'><strong>praecedere,</strong></span> 
     </span>
    </p>
   </div>
   <div class='ocr_carea' id='block_1_106' title="bbox 321 5503 1928 5577">
    <p class='ocr_par' dir='ltr' id='par_1_106' title="bbox 321 5503 1928 5577">
     <span class='ocr_line' id='line_1_106' title="bbox 321 5503 1928 5577; baseline 0 -17"><span class='ocrx_word' id='word_1_765' title='bbox 321 5504 522 5561; x_wconf 90' lang='lat' dir='ltr'><strong>deinde</strong></span> <span class='ocrx_word' id='word_1_766' title='bbox 576 5520 728 5575; x_wconf 81' lang='lat' dir='ltr'><strong>cura,</strong></span> <span class='ocrx_word' id='word_1_767' title='bbox 786 5503 1114 5572; x_wconf 82' lang='lat' dir='ltr'><strong>sollicitudo,</strong></span> <span class='ocrx_word' id='word_1_768' title='bbox 1168 5503 1405 5560; x_wconf 91' lang='lat' dir='ltr'><strong>studium</strong></span> <span class='ocrx_word' id='word_1_769' title='bbox 1453 5512 1504 5560; x_wconf 91' lang='lat' dir='ltr'><strong>et</strong></span> <span class='ocrx_word' id='word_1_770' title='bbox 1533 5512 1726 5560; x_wconf 69' lang='lat' dir='ltr'><strong>caatera</strong></span> <span class='ocrx_word' id='word_1_771' title='bbox 1766 5505 1928 5577; x_wconf 89' lang='lat' dir='ltr'><strong>hujus</strong></span> 
     </span>
    </p>
   </div>
   <div class='ocr_carea' id='block_1_107' title="bbox 322 5588 1930 5665">
    <p class='ocr_par' dir='ltr' id='par_1_107' title="bbox 322 5588 1930 5665">
     <span class='ocr_line' id='line_1_107' title="bbox 322 5588 1930 5665; baseline 0.001 -17"><span class='ocrx_word' id='word_1_772' title='bbox 322 5591 495 5660; x_wconf 90' lang='lat' dir='ltr'><strong>modi,</strong></span> <span class='ocrx_word' id='word_1_773' title='bbox 540 5599 594 5646; x_wconf 86' lang='lat' dir='ltr'><strong>ut</strong></span> <span class='ocrx_word' id='word_1_774' title='bbox 627 5590 746 5665; x_wconf 90' lang='lat' dir='ltr'><strong>ipsa</strong></span> <span class='ocrx_word' id='word_1_775' title='bbox 786 5588 1010 5646; x_wconf 89' lang='lat' dir='ltr'><strong>intentio</strong></span> <span class='ocrx_word' id='word_1_776' title='bbox 1044 5604 1208 5661; x_wconf 90' lang='lat' dir='ltr'><strong>opere</strong></span> <span class='ocrx_word' id='word_1_777' title='bbox 1235 5589 1412 5647; x_wconf 88' lang='lat' dir='ltr'><strong>valeat</strong></span> <span class='ocrx_word' id='word_1_778' title='bbox 1440 5589 1795 5648; x_wconf 89' lang='lat' dir='ltr'><strong>demonstrari</strong></span> <span class='ocrx_word' id='word_1_779' title='bbox 1852 5593 1930 5649; x_wconf 84' lang='lat' dir='ltr'><strong>Ac</strong></span> 
     </span>
    </p>
   </div>
   <div class='ocr_carea' id='block_1_108' title="bbox 2023 4609 3636 4688">
    <p class='ocr_par' dir='ltr' id='par_1_108' title="bbox 2023 4609 3636 4688">
     <span class='ocr_line' id='line_1_108' title="bbox 2023 4609 3636 4688; baseline 0.006 -24"><span class='ocrx_word' id='word_1_780' title='bbox 2023 4609 2534 4665; x_wconf 88' lang='lat' dir='ltr'><strong>anathematizando</strong></span> <span class='ocrx_word' id='word_1_781' title='bbox 2567 4609 2724 4676; x_wconf 90' lang='lat' dir='ltr'><strong>illud,</strong></span> <span class='ocrx_word' id='word_1_782' title='bbox 2758 4613 3018 4681; x_wconf 90' lang='lat' dir='ltr'><strong>tanquam</strong></span> <span class='ocrx_word' id='word_1_783' title='bbox 3048 4611 3382 4669; x_wconf 78' lang='lat' dir='ltr'><strong>mortiferum</strong></span> <span class='ocrx_word' id='word_1_784' title='bbox 3412 4624 3636 4688; x_wconf 86' lang='lat' dir='ltr'><strong>respuat</strong></span> 
     </span>
    </p>
   </div>
   <div class='ocr_carea' id='block_1_109' title="bbox 2028 4696 3638 4765">
    <p class='ocr_par' dir='ltr' id='par_1_109' title="bbox 2028 4696 3638 4765">
     <span class='ocr_line' id='line_1_109' title="bbox 2028 4696 3638 4765; baseline 0.007 -12"><span class='ocrx_word' id='word_1_785' title='bbox 2028 4713 2295 4753; x_wconf 86' lang='lat' dir='ltr'><strong>venenum</strong></span> <span class='ocrx_word' id='word_1_786' title='bbox 2327 4715 2339 4759; x_wconf 89' lang='lat'><strong><em>;</em></strong></span> <span class='ocrx_word' id='word_1_787' title='bbox 2375 4697 2456 4751; x_wconf 91' lang='lat' dir='ltr'><strong>sin</strong></span> <span class='ocrx_word' id='word_1_788' title='bbox 2513 4703 2694 4752; x_wconf 90' lang='lat' dir='ltr'><strong>autem</strong></span> <span class='ocrx_word' id='word_1_789' title='bbox 2720 4697 2791 4752; x_wconf 89' lang='lat' dir='ltr'><strong>ad</strong></span> <span class='ocrx_word' id='word_1_790' title='bbox 2822 4696 2984 4753; x_wconf 87' lang='lat' dir='ltr'><strong>ﬁnem</strong></span> <span class='ocrx_word' id='word_1_791' title='bbox 3009 4699 3212 4755; x_wconf 91' lang='lat' dir='ltr'><strong>bonum</strong></span> <span class='ocrx_word' id='word_1_792' title='bbox 3242 4701 3491 4759; x_wconf 86' lang='lat' dir='ltr'><strong>videatur</strong></span> <span class='ocrx_word' id='word_1_793' title='bbox 3517 4712 3638 4765; x_wconf 82' lang='lat' dir='ltr'><strong>ten-</strong></span> 
     </span>
    </p>
   </div>
   <div class='ocr_carea' id='block_1_110' title="bbox 2026 4785 3633 4864">
    <p class='ocr_par' dir='ltr' id='par_1_110' title="bbox 2026 4785 3633 4864">
     <span class='ocr_line' id='line_1_110' title="bbox 2026 4785 3633 4864; baseline 0.004 -21"><span class='ocrx_word' id='word_1_794' title='bbox 2026 4787 2175 4856; x_wconf 89' lang='lat' dir='ltr'><strong>dere,</strong></span> <span class='ocrx_word' id='word_1_795' title='bbox 2207 4786 2321 4842; x_wconf 90' lang='lat' dir='ltr'><strong>sive</strong></span> <span class='ocrx_word' id='word_1_796' title='bbox 2368 4785 2438 4840; x_wconf 90' lang='lat' dir='ltr'><strong>sit</strong></span> <span class='ocrx_word' id='word_1_797' title='bbox 2486 4785 2604 4841; x_wconf 89' lang='lat' dir='ltr'><strong>leve</strong></span> <span class='ocrx_word' id='word_1_798' title='bbox 2650 4786 2764 4841; x_wconf 92' lang='lat' dir='ltr'><strong>sive</strong></span> <span class='ocrx_word' id='word_1_799' title='bbox 2784 4786 2853 4841; x_wconf 90' lang='lat' dir='ltr'><strong>sit</strong></span> <span class='ocrx_word' id='word_1_800' title='bbox 2881 4803 3069 4860; x_wconf 86' lang='lat' dir='ltr'><strong>grave,</strong></span> <span class='ocrx_word' id='word_1_801' title='bbox 3113 4787 3412 4862; x_wconf 89' lang='lat' dir='ltr'><strong>intrepidus</strong></span> <span class='ocrx_word' id='word_1_802' title='bbox 3453 4792 3633 4864; x_wconf 90' lang='lat' dir='ltr'><strong>ipsum</strong></span> 
     </span>
    </p>
   </div>
   <div class='ocr_carea' id='block_1_111' title="bbox 2029 4874 3632 4952">
    <p class='ocr_par' dir='ltr' id='par_1_111' title="bbox 2029 4874 3632 4952">
     <span class='ocr_line' id='line_1_111' title="bbox 2029 4874 3632 4952; baseline 0.006 -20"><span class='ocrx_word' id='word_1_803' title='bbox 2029 4891 2166 4948; x_wconf 85' lang='lat' dir='ltr'><strong>Opus</strong></span> <span class='ocrx_word' id='word_1_804' title='bbox 2198 4876 2358 4930; x_wconf 90' lang='lat' dir='ltr'><strong>debet</strong></span> <span class='ocrx_word' id='word_1_805' title='bbox 2387 4874 2646 4945; x_wconf 89' lang='lat' dir='ltr'><strong>arripere,</strong></span> <span class='ocrx_word' id='word_1_806' title='bbox 2679 4890 2742 4928; x_wconf 88' lang='lat' dir='ltr'><strong>ac</strong></span> <span class='ocrx_word' id='word_1_807' title='bbox 2791 4875 2952 4930; x_wconf 91' lang='lat' dir='ltr'><strong>hilari</strong></span> <span class='ocrx_word' id='word_1_808' title='bbox 3001 4877 3292 4935; x_wconf 88' lang='lat' dir='ltr'><strong>devotione</strong></span> <span class='ocrx_word' id='word_1_809' title='bbox 3346 4879 3632 4952; x_wconf 87' lang='lat' dir='ltr'><strong>perﬁcere.</strong></span> 
     </span>
    </p>
   </div>
   <div class='ocr_carea' id='block_1_112' title="bbox 2030 4962 3633 5036">
    <p class='ocr_par' dir='ltr' id='par_1_112' title="bbox 2030 4962 3633 5036">
     <span class='ocr_line' id='line_1_112' title="bbox 2030 4962 3633 5036; baseline 0.007 -17"><span class='ocrx_word' id='word_1_810' title='bbox 2030 4963 2088 5020; x_wconf 90' lang='lat' dir='ltr'><strong>Si</strong></span> <span class='ocrx_word' id='word_1_811' title='bbox 2118 4964 2284 5036; x_wconf 87' lang='lat' dir='ltr'><strong>igitur</strong></span> <span class='ocrx_word' id='word_1_812' title='bbox 2314 4962 2472 5019; x_wconf 90' lang='lat' dir='ltr'><strong>miles</strong></span> <span class='ocrx_word' id='word_1_813' title='bbox 2503 4962 2700 5016; x_wconf 88' lang='lat' dir='ltr'><strong>Christi</strong></span> <span class='ocrx_word' id='word_1_814' title='bbox 2721 4963 2862 5019; x_wconf 89' lang='lat' dir='ltr'><strong>hanc</strong></span> <span class='ocrx_word' id='word_1_815' title='bbox 2891 4965 3175 5036; x_wconf 90' lang='lat' dir='ltr'><strong>providam</strong></span> <span class='ocrx_word' id='word_1_816' title='bbox 3205 4968 3633 5030; x_wconf 87' lang='lat' dir='ltr'><strong>sollicitudinem</strong></span> 
     </span>
    </p>
   </div>
   <div class='ocr_carea' id='block_1_113' title="bbox 2031 5050 3634 5132">
    <p class='ocr_par' dir='ltr' id='par_1_113' title="bbox 2031 5050 3634 5132">
     <span class='ocr_line' id='line_1_113' title="bbox 2031 5050 3634 5132; baseline 0.005 -24"><span class='ocrx_word' id='word_1_817' title='bbox 2031 5053 2086 5108; x_wconf 90' lang='lat' dir='ltr'><strong>in</strong></span> <span class='ocrx_word' id='word_1_818' title='bbox 2107 5053 2358 5109; x_wconf 90' lang='lat' dir='ltr'><strong>omnibus</strong></span> <span class='ocrx_word' id='word_1_819' title='bbox 2387 5050 2642 5121; x_wconf 90' lang='lat' dir='ltr'><strong>operibus</strong></span> <span class='ocrx_word' id='word_1_820' title='bbox 2686 5050 2798 5105; x_wconf 90' lang='lat' dir='ltr'><strong>suis</strong></span> <span class='ocrx_word' id='word_1_821' title='bbox 2843 5053 3050 5124; x_wconf 88' lang='lat' dir='ltr'><strong>jugiter</strong></span> <span class='ocrx_word' id='word_1_822' title='bbox 3103 5055 3307 5112; x_wconf 89' lang='lat' dir='ltr'><strong>habere</strong></span> <span class='ocrx_word' id='word_1_823' title='bbox 3350 5061 3634 5132; x_wconf 86' lang='lat' dir='ltr'><strong>studuerit,</strong></span> 
     </span>
    </p>
   </div>
   <div class='ocr_carea' id='block_1_114' title="bbox 2031 5141 3633 5218">
    <p class='ocr_par' dir='ltr' id='par_1_114' title="bbox 2031 5141 3633 5218">
     <span class='ocr_line' id='line_1_114' title="bbox 2031 5141 3633 5218; baseline 0.004 -21"><span class='ocrx_word' id='word_1_824' title='bbox 2031 5143 2206 5214; x_wconf 91' lang='lat' dir='ltr'><strong>ipsum</strong></span> <span class='ocrx_word' id='word_1_825' title='bbox 2237 5141 2605 5196; x_wconf 90' lang='lat' dir='ltr'><strong>adversarium</strong></span> <span class='ocrx_word' id='word_1_826' title='bbox 2632 5155 2812 5208; x_wconf 89' lang='lat' dir='ltr'><strong>suum,</strong></span> <span class='ocrx_word' id='word_1_827' title='bbox 2845 5149 3100 5213; x_wconf 89' lang='lat' dir='ltr'><strong>tanquam</strong></span> <span class='ocrx_word' id='word_1_828' title='bbox 3119 5145 3304 5203; x_wconf 89' lang='lat' dir='ltr'><strong>lancea</strong></span> <span class='ocrx_word' id='word_1_829' title='bbox 3331 5149 3633 5218; x_wconf 89' lang='lat' dir='ltr'><strong>providen-</strong></span> 
     </span>
    </p>
   </div>
   <div class='ocr_carea' id='block_1_115' title="bbox 2035 5227 3636 5306">
    <p class='ocr_par' dir='ltr' id='par_1_115' title="bbox 2035 5227 3636 5306">
     <span class='ocr_line' id='line_1_115' title="bbox 2035 5227 3636 5306; baseline 0.006 -20"><span class='ocrx_word' id='word_1_830' title='bbox 2035 5232 2122 5287; x_wconf 83' lang='lat' dir='ltr'><strong>tiae</strong></span> <span class='ocrx_word' id='word_1_831' title='bbox 2153 5229 2491 5298; x_wconf 86' lang='lat' dir='ltr'><strong>transﬁxum,</strong></span> <span class='ocrx_word' id='word_1_832' title='bbox 2523 5227 2780 5284; x_wconf 83' lang='lat' dir='ltr'><strong>facillime</strong></span> <span class='ocrx_word' id='word_1_833' title='bbox 2800 5247 3053 5303; x_wconf 88' lang='lat' dir='ltr'><strong>superare</strong></span> <span class='ocrx_word' id='word_1_834' title='bbox 3079 5235 3294 5306; x_wconf 88' lang='lat' dir='ltr'><strong>poterit.</strong></span> <span class='ocrx_word' id='word_1_835' title='bbox 3328 5235 3476 5306; x_wconf 91' lang='lat' dir='ltr'><strong>Quid</strong></span> <span class='ocrx_word' id='word_1_836' title='bbox 3505 5255 3636 5295; x_wconf 89' lang='lat' dir='ltr'><strong>vero</strong></span> 
     </span>
    </p>
   </div>
   <div class='ocr_carea' id='block_1_116' title="bbox 2035 5319 3640 5396">
    <p class='ocr_par' dir='ltr' id='par_1_116' title="bbox 2035 5319 3640 5396">
     <span class='ocr_line' id='line_1_116' title="bbox 2035 5319 3640 5396; baseline 0.004 -21"><span class='ocrx_word' id='word_1_837' title='bbox 2035 5319 2304 5393; x_wconf 88' lang='lat' dir='ltr'><strong>signiﬁcet</strong></span> <span class='ocrx_word' id='word_1_838' title='bbox 2360 5319 2572 5390; x_wconf 84' lang='lat' dir='ltr'><strong>gladius</strong></span> <span class='ocrx_word' id='word_1_839' title='bbox 2615 5319 2643 5371; x_wconf 70' lang='lat' dir='ltr'><strong>‘l</strong></span> <span class='ocrx_word' id='word_1_840' title='bbox 2675 5320 2964 5391; x_wconf 84' lang='lat' dir='ltr'><strong>Exponere</strong></span> <span class='ocrx_word' id='word_1_841' title='bbox 3019 5322 3179 5378; x_wconf 90' lang='lat' dir='ltr'><strong>nobis</strong></span> <span class='ocrx_word' id='word_1_842' title='bbox 3211 5325 3436 5396; x_wconf 88' lang='lat' dir='ltr'><strong>dignum</strong></span> <span class='ocrx_word' id='word_1_843' title='bbox 3483 5327 3640 5381; x_wconf 86' lang='lat' dir='ltr'><strong>duxit</strong></span> 
     </span>
    </p>
   </div>
   <div class='ocr_carea' id='block_1_117' title="bbox 2035 5408 3639 5485">
    <p class='ocr_par' dir='ltr' id='par_1_117' title="bbox 2035 5408 3639 5485">
     <span class='ocr_line' id='line_1_117' title="bbox 2035 5408 3639 5485; baseline 0.005 -22"><span class='ocrx_word' id='word_1_844' title='bbox 2035 5409 2325 5479; x_wconf 86' lang='lat' dir='ltr'><strong>Apostolus</strong></span> <span class='ocrx_word' id='word_1_845' title='bbox 2348 5425 2361 5462; x_wconf 93' lang='lat'>:</span> <span class='ocrx_word' id='word_1_846' title='bbox 2387 5411 2431 5464; x_wconf 86' lang='lat' dir='ltr'><em>E</em></span> <span class='ocrx_word' id='word_1_847' title='bbox 2437 5412 2458 5464; x_wconf 85' lang='grc' dir='ltr'><em>ι</em></span> <span class='ocrx_word' id='word_1_848' title='bbox 2468 5411 2744 5479; x_wconf 83' lang='lat' dir='ltr'><strong>gladium,</strong></span> <span class='ocrx_word' id='word_1_849' title='bbox 2765 5408 2959 5480; x_wconf 88' lang='lat' dir='ltr'><strong>inquit,</strong></span> <span class='ocrx_word' id='word_1_850' title='bbox 2973 5412 3228 5483; x_wconf 77' lang='lat' dir='ltr'><strong>spiritus,</strong></span> <span class='ocrx_word' id='word_1_851' title='bbox 3253 5415 3396 5485; x_wconf 84' lang='lat' dir='ltr'><strong>quod</strong></span> <span class='ocrx_word' id='word_1_852' title='bbox 3410 5421 3494 5470; x_wconf 85' lang='lat' dir='ltr'><strong>est</strong></span> <span class='ocrx_word' id='word_1_853' title='bbox 3508 5431 3639 5471; x_wconf 84' lang='lat' dir='ltr'><strong>ver-</strong></span> 
     </span>
    </p>
   </div>
   <div class='ocr_carea' id='block_1_118' title="bbox 2038 5497 3640 5571">
    <p class='ocr_par' dir='ltr' id='par_1_118' title="bbox 2038 5497 3640 5571">
     <span class='ocr_line' id='line_1_118' title="bbox 2038 5497 3640 5571; baseline 0.004 -16"><span class='ocrx_word' id='word_1_854' title='bbox 2038 5499 2167 5556; x_wconf 86' lang='lat' dir='ltr'><strong>bum</strong></span> <span class='ocrx_word' id='word_1_855' title='bbox 2184 5497 2514 5570; x_wconf 80' lang='lat' dir='ltr'><strong>Dei(Ephes.</strong></span> <span class='ocrx_word' id='word_1_856' title='bbox 2560 5515 2633 5571; x_wconf 81' lang='lat' dir='ltr'><strong>v1,</strong></span> <span class='ocrx_word' id='word_1_857' title='bbox 2654 5501 2766 5570; x_wconf 88' lang='grc'>17).</span> <span class='ocrx_word' id='word_1_858' title='bbox 2803 5498 2871 5554; x_wconf 89' lang='lat' dir='ltr'><strong>Et</strong></span> <span class='ocrx_word' id='word_1_859' title='bbox 2893 5499 3118 5555; x_wconf 89' lang='lat' dir='ltr'><strong>iterum:</strong></span> <span class='ocrx_word' id='word_1_860' title='bbox 3150 5502 3309 5557; x_wconf 80' lang='lat' dir='ltr'><strong>Vivus</strong></span> <span class='ocrx_word' id='word_1_861' title='bbox 3342 5506 3427 5558; x_wconf 82' lang='lat' dir='ltr'><strong>est</strong></span> <span class='ocrx_word' id='word_1_862' title='bbox 3457 5519 3640 5562; x_wconf 79' lang='lat' dir='ltr'><strong>sermo</strong></span> 
     </span>
    </p>
   </div>
   <div class='ocr_carea' id='block_1_119' title="bbox 2037 5587 3644 5667">
    <p class='ocr_par' dir='ltr' id='par_1_119' title="bbox 2037 5587 3644 5667">
     <span class='ocr_line' id='line_1_119' title="bbox 2037 5587 3644 5667; baseline 0.006 -24"><span class='ocrx_word' id='word_1_863' title='bbox 2037 5588 2148 5646; x_wconf 80' lang='lat' dir='ltr'><strong>Dei</strong></span> <span class='ocrx_word' id='word_1_864' title='bbox 2173 5590 2232 5645; x_wconf 85' lang='lat' dir='ltr'><strong>et</strong></span> <span class='ocrx_word' id='word_1_865' title='bbox 2260 5587 2474 5659; x_wconf 74' lang='lat' dir='ltr'><strong>efﬁcax</strong></span> <span class='ocrx_word' id='word_1_866' title='bbox 2491 5589 2674 5662; x_wconf 78' lang='lat' dir='ltr'><strong>(Hebr.</strong></span> <span class='ocrx_word' id='word_1_867' title='bbox 2689 5604 2710 5644; x_wconf 82' lang='grc' dir='ltr'><strong><em>ι</em></strong></span> <span class='ocrx_word' id='word_1_868' title='bbox 2729 5603 2784 5658; x_wconf 89' lang='lat' dir='ltr'><strong>v,</strong></span> <span class='ocrx_word' id='word_1_869' title='bbox 2811 5589 2921 5661; x_wconf 74' lang='lat'><strong>12),</strong></span> <span class='ocrx_word' id='word_1_870' title='bbox 2945 5596 3046 5645; x_wconf 92' lang='lat' dir='ltr'><strong>etc.</strong></span> <span class='ocrx_word' id='word_1_871' title='bbox 3063 5588 3298 5652; x_wconf 85' lang='lat' dir='ltr'><strong>Verbum</strong></span> <span class='ocrx_word' id='word_1_872' title='bbox 3312 5590 3514 5667; x_wconf 82' lang='lat' dir='ltr'><strong>quippe</strong></span> <span class='ocrx_word' id='word_1_873' title='bbox 3540 5591 3644 5653; x_wconf 84' lang='lat' dir='ltr'><strong>Dei</strong></span> 
     </span>
    </p>
   </div>
  </div>
