3970 6088
415 236 521 303 7οἿ

1428 237 1745 298 EADMEBI
1784 235 2338 303 CANTUARIENSIS
2375 239 2692 305 MONACHI

3622 261 3743 318 708

413 387 524 427 non
555 369 1001 429 inconvenienter
1028 367 1267 441 gladius,
1297 365 1589 435 spiritualis
1616 367 1886 435 videlicet,
1920 384 2019 424 seu
2048 375 2104 435 Α
2132 378 2296 441 potus
2349 376 2435 426 est
2475 373 2715 443 historia,
2747 376 2844 431 sed
2874 384 2929 432 et
2947 376 3158 436 dulcior
3184 380 3238 435 in
3261 381 3525 455 allegoria
3555 399 3570 455 ;
3604 385 3743 441 dul-

415 475 618 532 anceps
645 461 847 516 dicitur
874 457 1107 532 gladius,
1139 456 1266 526 quia
1293 453 1438 525 quod
1465 455 1776 524 hujusmodi
1799 456 2017 528 gladius

413 547 924 620 agitcorporaliter,
986 545 1206 600 verbum
1239 543 1338 598 Dei
1363 542 1573 599 videtur
1628 559 1791 614 agere
1847 545 2016 616 spiri-

412 637 654 693 tualiter.
687 640 905 706 Anceps
925 649 1158 704 namque
1183 630 1405 705 gladius
1460 647 1529 686 ex
1585 640 1810 702 utraque
1866 641 2017 704 parte

407 725 544 780 solet
569 724 827 792 incidere,
853 724 932 778 sic
948 728 1003 777 et
1029 737 1211 776 sermo
1235 720 1448 776 divinus
1507 720 1656 790 quasi
1689 737 1755 775 ex
1786 729 2016 793 utraque

405 821 563 885 parte
593 814 808 870 videtur
833 812 1098 878 incidere,
1134 825 1256 865 cum
1303 810 1474 864 corda
1494 808 1772 864 hominum
1803 810 2015 866 duobus

401 902 578 958 modis
632 902 774 958 solet
820 915 1216 972 compungere,
1278 898 1488 953 scilicet
1529 914 1676 952 nunc
1729 899 2008 976 terrendo,

399 1005 542 1046 nunc
593 989 946 1058 blandiendo,
998 1005 1142 1043 nunc
1183 996 1416 1042 mortem
1466 995 1724 1041 aeternam
1773 988 2009 1042 commi-

397 1079 599 1144 nando,
633 1094 776 1134 nunc
806 1078 972 1135 vitam
1004 1076 1394 1146 sempiternam
1441 1075 1836 1144 promittendo.
1876 1076 2009 1131 Cum

401 1183 538 1238 ergo
569 1167 726 1222 miles
753 1167 948 1221 Christi
975 1167 1117 1221 hanc
1137 1165 1292 1220 verbi
1321 1163 1422 1219 Dei
1450 1164 1738 1219 lectionem
1794 1174 1848 1220 et
1875 1165 1928 1219 in
1948 1181 2006 1221 se

400 1265 454 1310 et
503 1257 558 1310 in
617 1271 968 1326 quoscunque
1024 1254 1168 1309 valet
1197 1268 1473 1320 exercere,
1509 1253 1683 1322 ipsum
1723 1255 2001 1326 antiquum

394 1342 608 1398 hostem
641 1344 829 1414 gladio
860 1341 1264 1414 quodammodo
1295 1341 1510 1396 videtur
1534 1341 1798 1412 jugulare.
1831 1341 2001 1411 Quasi

392 1432 538 1486 enim
563 1432 866 1502 jugulando
897 1447 1021 1486 eum
1075 1446 1245 1501 usque
1303 1431 1378 1486 ad
1408 1431 1831 1487 internecionem
1861 1447 1999 1501 pro-

394 1520 606 1585 sternit,
639 1521 770 1575 dum
800 1519 973 1591 longe
1002 1537 1033 1575 a
1062 1519 1258 1574 ﬁnibus
1277 1519 1456 1585 suis,a
1477 1520 1729 1575 cordibus
1747 1519 2000 1576 videlicet

392 1608 448 1661 in
469 1609 663 1677 quibus
693 1617 819 1664 ante
848 1608 1263 1676 inhabitaverat,
1290 1609 1478 1680 gladio
1509 1608 1662 1664 verbi
1683 1609 1782 1664 Dei
1839 1609 1993 1665 illum

391 1696 658 1750 violenter
684 1696 925 1767 expellit.
960 1696 1134 1751 Valde
1164 1697 1344 1768 itaque
1375 1703 1432 1750 ut
1459 1695 1838 1768 prmdiximus,
1871 1705 1994 1752 sunt

390 1785 698 1841 necessaria
726 1785 991 1856 spirituali
1021 1785 1178 1839 militi
1205 1801 1302 1840 sua
1333 1801 1510 1840 arma.

952 1893 1174 1948 CAPUT
1211 1892 1448 1948 CXCIV.

847 1991 1179 2048 Similitudo
1217 1992 1529 2048 cellerarii.

455 2100 724 2157 Salomon
781 2115 847 2155 ex
903 2114 1138 2170 persona
1191 2113 1404 2169 sponse
1433 2096 1562 2152 dicit
1591 2097 1645 2152 in
1700 2098 1989 2156 Canticis:

384 2190 717 2246 Introduxit
745 2205 834 2245 me
856 2205 962 2245 rex
990 2189 1271 2244 incellam
1289 2188 1574 2243 vinariam
1603 2187 1796 2258 (Cant.
1821 2205 1879 2256 ιι,
1910 2189 1987 2258 4).

384 2279 675 2335 Videamus
714 2278 990 2350 quomodo
1035 2277 1274 2346 prudens
1306 2276 1619 2331 cellerarius
1675 2277 1849 2332 soleat
1904 2293 1988 2332 or-

381 2367 568 2423 dinare
595 2368 742 2424 dolia
770 2367 829 2421 in
858 2365 998 2421 cella
1023 2365 1253 2432 vinaria,
1287 2364 1554 2435 siquidem
1578 2365 1734 2435 juxta
1790 2367 1986 2422 ostium

377 2457 509 2512 illud
537 2458 693 2528 ponit
723 2455 929 2511 dolium
961 2455 1014 2509 in
1049 2457 1172 2526 'quo
1193 2458 1276 2508 est
1321 2454 1717 2510 debilissimum
1773 2456 1982 2526 vinum,

377 2546 539 2616 juxta
577 2545 719 2616 quod
741 2554 794 2601 et
823 2544 970 2599 aliud
999 2544 1221 2616 ponitur
1246 2544 1302 2596 in
1332 2559 1440 2614 quo
1470 2544 1802 2615 aliquantum
1861 2562 1981 2602 me-

382 2635 488 2688 lius
542 2635 726 2693 vinum
785 2634 1031 2697 habetur,
1075 2632 1170 2686 sed
1199 2639 1252 2687 et
1276 2632 1428 2701 juxta
1480 2632 1616 2687 illud
1639 2633 1852 2689 tertium
1908 2636 1982 2690 si~

381 2723 537 2781 stitur
565 2722 618 2776 in
649 2737 754 2792 quo
784 2721 963 2776 adhuc
985 2720 1176 2775 melius
1204 2721 1391 2776 vinum
1423 2721 1748 2776 continetur.
1785 2723 1982 2794 Sicque

380 2820 582 2884 quanto
623 2810 768 2866 dolia
811 2810 881 2865 ab
941 2810 1079 2865 ostio
1133 2809 1539 2881 disiunguntur,
1575 2819 1721 2867 tanto
1779 2828 1866 2868 me
1901 2813 1981 2868 eis

379 2899 577 2954 melius
606 2899 790 2955 vinum
820 2898 1062 2953 habetur.
1087 2898 1397 2954 Novissime
1423 2914 1574 2967 vero,
1605 2899 1663 2953 id
1693 2907 1774 2956 est
1802 2900 1856 2955 in
1887 2918 1979 2956 an-

379 2989 530 3061 gulo,
563 2987 698 3042 illud
727 2987 947 3058 ponitur
966 2985 1173 3040 dolium
1203 2985 1258 3039 in
1288 3001 1393 3056 quo
1423 2988 1731 3042 continetur
1781 2991 1977 3060 pretio-

372 3077 646 3132 sissimum
676 3075 878 3132 vinum.
913 3073 1075 3130 Omni
1127 3075 1417 3146 prudentia
1474 3076 1739 3148 optimum
1799 3079 1980 3134 vinum

374 3180 719 3237 nequaquam
766 3164 986 3235 ponitur
1034 3163 1191 3234 juxta
1240 3163 1462 3233 ostium,
1521 3164 1617 3220 sed
1669 3165 1803 3221 illud
1835 3169 1981 3238 quod

372 3262 452 3310 est
508 3253 854 3311 vilissimum.
921 3251 1028 3306 Sed
1077 3266 1243 3322 quare
1273 3251 1301 3304 ‘2
1333 3253 1560 3324 Propter
1610 3252 1981 3326 ingredientes

370 3343 626 3399 videlicet
655 3350 705 3398 et
726 3341 1094 3414 egredientes.
1127 3340 1183 3396 Si
1215 3339 1362 3396 enim
1392 3341 1595 3397 bonum
1652 3352 1794 3398 esset
1818 3345 1980 3415 juxta

373 3432 591 3502 ostium,
616 3431 738 3503 ipse
768 3429 1085 3487 cellerarius
1115 3444 1225 3484 non
1253 3429 1538 3485 minimum
1595 3431 1720 3486 inde
1765 3433 1832 3486 ab
1889 3433 1978 3488 in-

373 3519 748 3593 gredientibus
777 3518 889 3573 sive
919 3517 1323 3590 egredientibus
1344 3518 1636 3574 incurreret
1666 3521 1924 3576 damnum
1961 3540 1974 3586 ;

368 3609 527 3664 citius
555 3623 787 3676 namque
818 3605 1074 3676 arripitur
1105 3605 1369 3677 quidquid
1425 3623 1596 3679 prope
1653 3624 1847 3664 manus
1896 3610 1976 3664 in-

364 3696 598 3763 venitur,
630 3703 681 3748 et
727 3694 851 3748 ideo
907 3693 1157 3749 viliorem
1215 3702 1403 3765 potum
1460 3698 1757 3766 anteponit,
1790 3699 1974 3769 potio-

368 3800 484 3839 rem
515 3798 644 3839 vero
699 3781 1024 3852 postponit;
1060 3780 1200 3836 solet
1255 3782 1418 3837 etiam
1474 3791 1528 3839 et
1573 3785 1737 3839 aliam
1796 3785 1974 3845 facere

361 3869 726 3944 prudentiam,
759 3885 880 3923 cum
912 3869 1148 3939 aliquem
1187 3869 1242 3924 in
1263 3870 1540 3926 cellarium
1589 3889 1745 3928 suum
1792 3875 1970 3932 intro-

361 3961 528 4028 ducit,
552 3960 709 4029 juxta
740 3958 961 4013 modum
991 3973 1100 4028 quo
1130 3973 1252 4012 eum
1283 3959 1479 4032 diligit,
1504 3961 1639 4017 eiad
1670 3964 1969 4034 potandum

361 4049 544 4106 tribuit
575 4063 776 4119 ;quem
829 4045 972 4101 enim
1020 4063 1213 4117 parum
1262 4047 1461 4121 diligit,
1519 4048 1598 4104 illi
1651 4052 1720 4108 de
1771 4053 1966 4109 leviori

356 4146 488 4210 potu
510 4137 733 4200 tribuit;
769 4152 928 4207 quem
959 4151 1091 4192 vero
1122 4137 1517 4208 aliquantulum
1546 4140 1744 4213 diligit,
1806 4143 1855 4198 ei
1899 4144 1968 4200 de

355 4227 615 4283 mediocri
643 4234 773 4300 potu
803 4225 990 4280 tribuit
1021 4243 1034 4289 ;
1074 4242 1242 4298 quem
1301 4235 1481 4282 autem
1512 4229 1808 4300 plurimum
1842 4233 1968 4288 dili-

355 4318 466 4389 git,
489 4317 612 4372 huic
641 4316 710 4370 de
739 4314 945 4386 optimo
978 4314 1126 4370 dolio
1149 4315 1217 4368 ad
1237 4317 1534 4386 potandum
1559 4318 1762 4376 tribuit.
1822 4321 1962 4377 Dicit

351 4395 538 4477 itaque
572 4420 776 4475 sponsa
808 4421 820 4457 :
856 4403 1186 4460 Introduxit
1218 4420 1302 4461 me
1334 4422 1440 4462 rex
1469 4407 1532 4461 in
1560 4409 1767 4465 cellam
1799 4412 1955 4467 vina-
1986 4416 2046 4480 D

349 4497 528 4552 riam.
567 4495 682 4550 Rex
713 4493 816 4548 iste
845 4492 962 4546 Rex
989 4507 1182 4565 regum
1242 4493 1441 4548 cellam
1478 4495 1643 4551 habet
1688 4497 1956 4554 vinariam

347 4583 403 4640 in
425 4599 535 4657 qua
564 4597 762 4654 sponsa
793 4597 910 4651 sua,
962 4581 1218 4638 videlicet
1247 4581 1426 4638 ﬁdelis
1456 4583 1655 4652 anima,
1701 4603 1760 4642 se
1816 4606 1952 4662 gra-

344 4673 549 4732 tulatur
577 4671 939 4727 introductam
965 4688 977 4734 ;
1012 4671 1126 4740 ejus
1150 4669 1288 4727 cella
1337 4673 1547 4729 vinaria
1579 4675 1774 4731 dicitur
1801 4678 1951 4734 Scri.

344 4771 507 4834 ptura
536 4775 714 4817 sacra.
763 4761 824 4814 In
878 4760 982 4815 hac
1047 4761 1185 4815 cella
1239 4768 1468 4834 quatuor
1495 4763 1762 4820 habentur
1799 4767 1948 4824 dolia

343 4849 616 4904 mellitluac
643 4848 949 4903 dulcedinis
975 4848 1158 4920 plena,
1179 4865 1406 4920 quorum
1425 4851 1527 4908 ista
1547 4858 1944 4915 suntnomina:

343 4937 574 5010 simplex
604 4937 846 5006 historia,
879 4936 1162 5009 allegoria,
1215 4941 1509 5009 moralitas,
1551 4958 1860 5018 anagogen,
1890 4947 1948 5004 id

339 5033 421 5083 est
450 5023 755 5081 intellectus
805 5025 1028 5079 tendens
1083 5025 1153 5080 ad
1209 5028 1505 5098 superiora.
1562 5033 1673 5088 Ista
1725 5035 1945 5107 quidem

335 5115 485 5172 dolia
537 5113 699 5169 modo
755 5128 864 5183 quo
919 5113 1167 5183 superius
1208 5116 1450 5175 diximus
1489 5129 1612 5176 sunt
1660 5124 1934 5182 ordinata.

335 5205 519 5261 Primo
568 5217 806 5274 namque
861 5201 982 5258 loco
1039 5202 1096 5257 in
1125 5203 1402 5275 Scriptura
1453 5224 1629 5279 sacra,
1681 5217 1940 5286 tanquam

325 5294 488 5367 juxta
508 5292 730 5359 ostium,
763 5298 846 5347 est
873 5290 1108 5362 simplex
1134 5292 1384 5364 historia,
1415 5296 1614 5356 deinde
1653 5302 1934 5376 allegoria,

331 5392 524 5458 postea
580 5380 875 5450 moralitas,
911 5379 1209 5438 novissime
1237 5399 1389 5448 vero,
1420 5389 1574 5458 quasi
1604 5389 1660 5445 in
1708 5394 1933 5465 angulo,

324 5483 410 5535 est
465 5488 778 5551 anagogen,
835 5470 894 5529 id
947 5477 1034 5529 est
1076 5475 1488 5548 contemplatio.
1525 5478 1696 5538 Valde
1751 5481 1931 5542 dulcis

2124 458 2375 514 cissimus
2401 477 2529 518 vero
2560 462 2616 518 in
2644 464 2969 533 moralitate,
3024 467 3191 543 longe
3218 479 3400 527 autem
3451 473 3741 545 incompa-

2124 547 2376 603 rabiliter
2405 549 2615 606 dulcior
2643 554 2699 605 in
2730 569 3040 626 anagogen,
3086 555 3144 610 id
3173 566 3254 614 est
3281 557 3336 614 in
3393 563 3740 634 contempla-

2128 634 2295 690 tione.
2364 638 2526 693 Potus
2582 640 2675 712 qui
2727 643 3034 698 continetur
3060 645 3117 699 in
3144 647 3323 716 primo
3367 649 3536 718 dolio,
3561 650 3618 705 id
3646 661 3741 709 est

2122 721 2178 777 in
2210 724 2456 796 historia,
2488 736 2611 782 sunt
2635 729 2902 801 simplicia
2931 741 3089 803 gesta
3116 743 3431 792 sanctorum
3461 745 3515 794 et
3541 755 3737 796 exem-

2121 812 2235 880 pla,
2264 814 2460 886 quibus
2491 816 2619 870 dum
2652 818 2999 890 intendimus,
3024 823 3235 880 animas
3263 833 3477 882 nostras
3521 844 3736 902 magna

2121 895 2414 954 dulcedine
2441 901 2848 970 quodammodo
2877 913 3151 977 potamus.
3182 910 3242 963 In
3273 913 3515 968 secundo
3546 895 3731 970 autem

2121 984 2293 1054 dolio,
2330 986 2384 1041 id
2442 998 2523 1044 est
2567 989 2623 1044 in
2671 993 2954 1065 allegoria,
2989 1003 3068 1050 est
3112 995 3241 1053 ﬁdei
3272 999 3549 1058 instructio
3580 1017 3594 1072 ;
3626 1020 3735 1074 per

2118 1074 2440 1146 allegoriam
2469 1093 2710 1152 namque
2740 1083 2813 1136 ad
2841 1080 3006 1139 ﬁdem
3037 1083 3356 1142 instruimur
3385 1093 3438 1145 et
3466 1090 3731 1148 interiore

2115 1162 2337 1220 homine
2358 1167 2697 1224 admiranda:
2725 1171 3008 1228 suavitatis
3052 1189 3246 1247 sapore
3275 1177 3598 1235 imbuimur.
3656 1183 3728 1236 In

2110 1252 2268 1307 tertio
2325 1269 2455 1309 vero
2511 1256 2683 1325 dolio,
2714 1258 2770 1313 id
2821 1269 2904 1315 est
2933 1261 2990 1316 in
3012 1264 3338 1335 moralitate,
3369 1275 3450 1322 est
3502 1284 3725 1325 morum

2109 1342 2467 1412 compositio;
2501 1361 2604 1415 per
2631 1348 2987 1404 moralitatem
3044 1352 3243 1408 etenim
3273 1369 3453 1411 mores
3506 1363 3724 1414 nostros

2109 1430 2512 1502 componimus,
2546 1442 2619 1501 et,
2654 1437 2806 1505 quasi
2833 1438 2985 1494 mirae
3006 1438 3314 1497 dulcedinis
3343 1454 3478 1514 potu
3505 1446 3720 1516 refecti,

2106 1516 2308 1575 hilares
2359 1529 2413 1576 et
2459 1523 2728 1580 amabiles
2784 1528 3044 1597 proximis
3099 1531 3302 1586 nostris
3358 1547 3717 1606 apparemus.

2105 1607 2268 1662 Potus
2325 1609 2417 1679 qui
2460 1612 2765 1668 continetur
2793 1615 2846 1669 in
2868 1625 3058 1687 quarto
3088 1619 3260 1688 dolio,
3314 1621 3411 1678 illo
3463 1622 3718 1682 videlicet

2021 1699 2076 1760 Β
2106 1696 2197 1765 qui
2226 1704 2332 1752 stat
2360 1697 2414 1752 in
2474 1701 2698 1773 angulo,
2729 1702 2786 1758 id
2816 1713 2900 1760 est
2928 1706 2982 1760 in
3009 1723 3319 1782 anagogen,
3377 1720 3460 1766 est
3489 1713 3717 1782 quidam

2103 1784 2457 1842 suavissimus
2511 1789 2685 1846 divini
2735 1795 2934 1849 amoris
2980 1795 3222 1855 affectus.
3254 1799 3410 1868 cujus
3452 1801 3716 1858 ineffabili

2101 1872 2410 1943 dulcedine,
2473 1893 2596 1932 cum
2627 1881 2810 1936 anima
2854 1887 3040 1939 nostra
3067 1884 3318 1954 reﬁcitur,
3351 1888 3457 1960 ipsi
3478 1907 3717 1948 summa

2103 1961 2374 2018 divinitati
2421 1967 2831 2038 quodammodo
2888 1975 3088 2032 unitur.
3141 1977 3276 2031 Cum
3329 1978 3497 2049 igitur
3547 1981 3712 2037 celle-

2099 2051 2277 2106 rarius
2308 2053 2409 2108 iste
2441 2055 2655 2128 aliquos
2707 2059 2764 2114 in
2794 2061 3078 2118 cellarium
3107 2080 3284 2133 suum,
3315 2076 3560 2124 sanctam
3615 2071 3710 2126 vi-

2100 2138 2300 2196 delicet
2329 2142 2660 2214 Scripturam
2697 2147 3011 2220 introducit,
3061 2153 3226 2210 modo
3283 2171 3390 2226 quo
3447 2159 3706 2230 superius

2098 2227 2350 2298 diximus,
2410 2234 2491 2287 eis
2557 2236 2628 2289 ad
2685 2239 2987 2308 potandum
3070 2242 3256 2299 tribuit
3289 2261 3302 2298 :
3332 2227 3700 2316 simpliciores

2096 2331 2330 2389 namque
2359 2327 2413 2375 et
2436 2323 2602 2378 rudes
2648 2324 2705 2380 in
2750 2327 2857 2384 ﬁde
2903 2345 2968 2385 ac
3014 2331 3128 2400 ejus
3157 2347 3363 2402 amore,
3417 2336 3487 2390 de
3516 2338 3698 2408 primo

2095 2404 2242 2462 dolio
2285 2409 2424 2464 solet
2478 2419 2684 2482 potare,
2733 2415 2789 2470 id
2841 2423 2923 2472 est
2985 2418 3053 2473 de
3083 2420 3324 2491 historia,
3379 2404 3697 2496 capaciores

2093 2510 2221 2550 vero
2250 2495 2319 2552 de
2346 2498 2616 2572 allegoria
2645 2521 2659 2570 ;
2687 2504 3045 2573 perfectiores
3083 2517 3265 2565 autem
3322 2510 3390 2568 de
3420 2495 3700 2571 moralita-

2093 2589 2144 2638 te
2178 2587 2641 2656 ;perfectissimos
2687 2601 2867 2650 autem
2904 2595 2973 2652 de
3000 2613 3312 2672 anagogen,
3371 2601 3427 2656 id
3486 2613 3567 2659 est
3623 2606 3698 2661 de

2089 2676 2568 2747 contemplatione.
2620 2680 2910 2739 Sciendum
2959 2702 3091 2743 vero
3130 2689 3278 2761 quod
3335 2691 3582 2764 quisquis
3627 2695 3703 2752 de

2089 2771 2284 2832 quarto
2307 2765 2475 2836 dolio,
2510 2768 2581 2824 de
2607 2769 2707 2826 illo
2732 2772 2987 2831 videlicet
3015 2777 3163 2848 quod
3188 2782 3294 2834 stat
3345 2781 3406 2835 in
3461 2783 3701 2854 angulo,

2089 2850 2146 2905 id
2177 2859 2257 2907 est
2275 2853 2344 2910 de
2374 2871 2685 2929 anagogeu,
2709 2859 2912 2918 biberit
2943 2878 2958 2934 ;
2991 2866 3522 2940 quantulumcunque
3539 2850 3704 2928 vinde

2085 2943 2405 3013 gustaverit,
2463 2948 2644 3002 statim
2701 2950 2773 3005 ob
2802 2951 2993 3007 miram
3025 2954 3194 3024 ipsius
3219 2965 3384 3026 potus
3438 2959 3699 3017 dulcedi-

2011 3062 2060 3121 Ο
2090 3043 2214 3082 nem
2245 3030 2428 3121 ebrius
2450 3034 2570 3100 erit,
2601 3035 2693 3090 illa
2749 3038 3000 3095 videlicet
3056 3041 3321 3100 ebrietate
3403 3046 3478 3102 ad
3526 3064 3698 3119 quam

2035 3098 2060 3125 ³
2090 3132 2322 3186 sponsus
2353 3098 2562 3178 electos
2582 3140 2717 3180 suos
2766 3127 2958 3184 invitat
2985 3129 3042 3184 in
3073 3131 3306 3188 Canticis
3333 3149 3348 3189 :
3387 3098 3694 3207 Comgdik,

2087 3207 2282 3275 amici,
2299 3213 2357 3264 et
2377 3209 2566 3279 bibite,
2589 3218 2644 3269 et
2670 3215 3058 3287 inebriamini,
3082 3221 3427 3280 charissimi.
3453 3225 3695 3290 Quicun-

2089 3311 2193 3365 que
2217 3299 2415 3353 etenim
2451 3301 2520 3356 de
2548 3312 2710 3373 potus
2753 3306 2914 3376 hujus
2941 3307 3074 3365 dolii
3121 3312 3446 3370 suavissimo
3496 3332 3698 3388 sapore

2088 3384 2406 3455 inebriatur,
2431 3405 2559 3446 mox
2580 3392 2650 3447 ad
2668 3396 2858 3450 mundi
2898 3397 3056 3468 hujus
3112 3400 3377 3472 turbines,
3435 3384 3698 3477 tanquam

2086 3473 2283 3544 ebrius,
2307 3475 2641 3536 insensibilis
2669 3483 2931 3540 redditur.
2955 3487 3131 3544 Habet
3180 3497 3359 3546 autem
3381 3473 3563 3549 istud—
3582 3496 3692 3552 cel-

2085 3561 2288 3619 larium
2323 3565 2380 3620 in
2410 3583 2468 3623 se
2499 3569 2774 3640 quoddam
2795 3574 2995 3630 ostium
3023 3595 3038 3642 ;
3090 3578 3152 3633 in
3186 3579 3288 3635 isto
3344 3597 3476 3639 vero
3520 3586 3692 3654 ostio,

2084 3652 2331 3719 quaedam
2381 3654 2552 3712 clavis
2605 3659 2836 3717 habetur
2879 3680 2980 3734 per
3008 3681 3168 3736 quam
3200 3666 3520 3729 inﬁdelibus
3549 3652 3694 3728 clau;

2080 3739 2226 3794 ditur
2254 3751 2309 3797 et
2337 3741 2587 3801 ﬁdelibus
2625 3749 2885 3820 aperitur.
2911 3751 3126 3809 Ostium
3159 3756 3324 3827 hujus
3342 3760 3572 3832 cellarii,
3628 3763 3690 3818 id

2079 3837 2382 3887 estsanctae
2425 3833 2740 3907 Scriptum,
2787 3848 2871 3896 est
2915 3850 3066 3900 recta
3093 3843 3229 3901 ﬁdes
3259 3865 3272 3910 ;
3297 3848 3472 3907 clavis
3498 3860 3694 3908 autem

2078 3917 2353 3976 humilitas
2399 3940 2411 3987 ;
2453 3925 2543 3995 qui
2566 3942 2699 3999 ergo
2748 3929 2857 3985 vult
2886 3930 3089 3990 intrare
3134 3934 3190 3989 in
3239 3937 3522 3994 cellarium
3573 3943 3690 3998 Do-

2075 4007 2228 4077 mini,
2252 4004 2306 4064 id
2337 4018 2423 4067 est
2477 4013 2535 4068 in
2563 4025 2809 4073 sanctam
2841 4020 3180 4094 Scripturam
3224 4041 3447 4084 necesse
3500 4039 3584 4086 est
3623 4039 3690 4089 ut

2073 4095 2235 4152 intret
2265 4115 2363 4169 per
2391 4101 2586 4157 ostium
2617 4113 2670 4160 et
2708 4107 2940 4178 clavem,
2957 4127 3060 4181 per
3097 4113 3263 4169 ﬁdem
3319 4116 3573 4175 videlicet
3625 4128 3686 4178 et

2071 4185 2431 4244 humilitatem
2464 4210 2480 4258 ;
2514 4192 2676 4250 debet
2696 4202 3243 4269 namquecertissime
3261 4205 3482 4263 credere
3511 4209 3684 4281 quid-

2071 4274 2204 4345 quid
2253 4276 2382 4332 dicit
2407 4288 2594 4337 sancta
2650 4284 2932 4356 Scriptura
2980 4305 3172 4346 verum
3249 4309 3402 4351 essse
3430 4316 3447 4364 ;
3479 4274 3684 4357 deinde

2077 4377 2295 4420 sensum
2315 4366 2487 4436 ipsius
2502 4369 2817 4444 Scriptum,
2837 4391 2903 4432 ac
2921 4377 2966 4432 si
2993 4395 3096 4450 pro
3124 4380 3331 4438 foribus
3380 4385 3678 4460 pulsando,

2076 4452 2353 4511 humiliter
2401 4457 2561 4514 debet
2615 4461 2946 4537 investigare
3004 4485 3017 4531 ;
3065 4470 3246 4527 nullus
3296 4452 3499 4530 etenim
3553 4452 3683 4535 sine

2062 4541 2171 4598 ﬁde
2201 4551 2252 4599 et
2276 4544 2581 4605 humilitate
2609 4549 2664 4605 in
2695 4552 2976 4611 cellarium
3019 4558 3244 4615 Domini
3273 4562 3344 4617 ad
3373 4579 3530 4619 suam
3558 4566 3676 4623 uti-

2059 4629 2266 4688 litatem
2293 4637 2497 4704 poterit
2526 4638 2745 4697 intrare.
2779 4644 2979 4700 Poterit
3003 4647 3227 4716 quidem
3272 4659 3529 4722 tanquam
3584 4655 3678 4712 fur

2058 4719 2385 4794 irrumpere,
2419 4733 2472 4780 et
2503 4728 2735 4797 quadam
2766 4733 2819 4789 vi
2849 4735 3126 4792 saecularis
3145 4719 3410 4811 scientiae,
3460 4743 3530 4800 de
3556 4746 3673 4815 pri-

2057 4809 2162 4899 mis
2182 4811 2342 4867 doliis
2371 4816 2522 4884 quasi
2553 4820 2823 4888 quasdam
2853 4832 3034 4895 guttas
3063 4825 3324 4899 lambere,
3356 4809 3456 4888 sed
3486 4809 3670 4888 adul-

2058 4898 2246 4954 timum
2277 4901 2506 4976 dolium,
2536 4905 2594 4961 in
2623 4924 2733 4979 quo
2783 4913 3088 4970 continetur
3112 4916 3244 4973 illud
3299 4898 3486 4977 vinum
3514 4924 3665 4996 quod

2051 4986 2288 5046 laetiﬁcat
2316 5007 2410 5048 cor
2427 4993 2662 5052 hominis
2684 4999 2856 5068 (Psal.
2898 5019 3008 5074 cm,
3043 5004 3154 5074 15),
3186 5005 3244 5062 id
3297 5016 3378 5064 est
3404 5010 3476 5066 ad
3521 4986 3660 5068 ana-

2051 5093 2256 5172 gogeu,
2288 5080 2597 5172 nullatenus,
2623 5087 2796 5157 quibit
2823 5091 3160 5165 pertingere.
3200 5094 3462 5170 Quisquis
3490 5099 3660 5172 igitur

2049 5164 2107 5219 in
2133 5165 2356 5224 cellario
2384 5169 2605 5227 Domini
2634 5173 2703 5229 de
2731 5177 2985 5234 omnibus
3013 5164 3196 5253 doliis,
3255 5183 3311 5238 in
3338 5164 3422 5241 e'si
3475 5164 3546 5244 ἀὲ
3572 5188 3656 5243 hi-

2048 5254 2234 5324 storia,
2266 5256 2341 5348 de
2365 5258 2649 5348 allegoria,
2681 5263 2752 5319 de
2812 5268 3139 5339 moralitate,
3199 5271 3270 5328 de
3321 5277 3650 5348 contempla-

2047 5342 2194 5400 tione
2221 5344 2556 5405 sufﬁcienter
2575 5350 2761 5409 bibere
2789 5353 3085 5430 desiderat,
3117 5368 3320 5419 rectam
3350 5342 3644 5425 ﬁdemcum

2042 5449 2251 5492 summa
2280 5434 2587 5498 humilitate
2615 5441 2816 5503 habere
2843 5447 3076 5506 studeat.
