4046 6076
249 240 358 305 ’709

1575 240 1738 305 VITA
1774 247 1832 306 S.
1873 241 2234 309 WILFRIDI.

3451 249 3556 316 ’710

261 407 3549 436 ._________________—__________________

448 538 758 690 VITA
847 541 930 688 S.
1018 539 1674 690 WILFRIDI
1763 542 2676 695 EBORACENSIS
2767 545 3366 698 EPISCOPI

1130 798 1790 910 AUCTORE
1928 800 2657 915 EADMERO.

679 1019 988 1099 (Manna,
1023 1022 1179 1083 Acta
1210 1022 1586 1080 sanctorum
1616 1014 1751 1078 0rd.
1787 1014 1862 1078 S.
1899 1015 2160 1094 Bened.,
2193 1021 2343 1080 tom.
2379 1017 2483 1094 III,
2518 1025 2700 1099 parte
2729 1039 2769 1097 ι,
2802 1037 2945 1102 pag.
2995 1023 3155 1104 1³70.)

1167 1299 2080 1392 OBSERVATIONES
2151 1303 2649 1391 PRzEVI/E.

324 1483 598 1540 LPlures
629 1481 1072 1554 Witfridum,eo
1109 1482 1340 1538 nomine
1377 1481 1629 1554 primum
1662 1480 1858 1536 Ebora-
1881 1480 1938 1544 Α
1970 1481 2123 1538 tione
2153 1486 2210 1538 et
2238 1484 2599 1555 reparatione
2629 1483 3062 1540 Dorobernensis
3093 1484 3392 1541 Ecclesia:
3420 1487 3564 1560 quod

252 1588 481 1629 eensem
503 1573 830 1646 episcopum
842 1573 1071 1644 scriptis
1084 1573 1202 1627 suis
1217 1570 1564 1627 celebravere
1580 1573 1861 1625 auctores.

253 1660 320 1717 In
338 1661 542 1734 primis
561 1659 718 1716 Beda
753 1658 1100 1716 Venerabilis
1122 1675 1210 1715 res
1227 1660 1294 1715 ab
1313 1676 1374 1716 eo
1394 1663 1584 1731 gestas
1601 1658 1865 1714 describit

247 1752 314 1806 in
366 1750 540 1806 variis
574 1747 839 1805 Historia
877 1763 996 1804 sua
1037 1749 1201 1818 locis,
1238 1750 1494 1804 maxime
1549 1748 1612 1803 in
1649 1746 1746 1802 lib.
1782 1762 1861 1815 In,

247 1854 378 1909 cap.
403 1840 492 1901 25,
519 1841 576 1894 et
609 1836 706 1894 lib.
733 1853 766 1891 ν
786 1854 911 1909 cap.
932 1841 1020 1892 20.
1042 1838 1202 1893 Beda
1222 1839 1458 1910 aqualis
1487 1835 1706 1894 accedit
1726 1835 1866 1904 Eddi

247 1943 356 1984 seu
386 1925 658 1993 Heddius,
684 1933 1051 1999 cognomento
1081 1926 1417 1996 Stephanus,
1437 1927 1532 1998 qui
1560 1925 1766 1980 librum
1787 1925 1864 1980 De

257 2017 381 2072 Vita
413 2018 608 2072 sancti
633 2015 884 2086 Wilfridi
904 2017 1280 2086 composuisse
1299 2017 1491 2085 fertur
1514 2013 1666 2086 apud
1685 2015 1862 2070 Joan-

249 2120 388 2161 nem
426 2107 685 2161 Pitseum
715 2105 965 2176 aliosque
986 2104 1350 2160 recentiores.
1399 2103 1448 2156 ls
1480 2103 1581 2157 fuit
1610 2101 1865 2156 invitatus

245 2192 318 2248 de
350 2193 538 2249 Cantia
579 2210 611 2247 a
657 2191 1048 2248 revendissimo
1077 2191 1195 2248 viro
1227 2191 1509 2259 Willrido,
1547 2195 1612 2248 ut
1651 2189 1863 2262 primus

247 2286 381 2355 post
402 2283 665 2338 Iacobum
691 2280 944 2336 cantandi
975 2280 1239 2352 magister
1257 2279 1862 2336 Northanhumbrorum

253 2370 518 2426 Ecclesiis
540 2374 708 2437 esset,
735 2374 880 2426 teste
901 2369 1046 2426 Beda
1062 2370 1126 2424 in
1151 2370 1412 2426 Historia
1427 2369 1520 2425 lib.
1546 2385 1627 2436 ιγ,
1651 2385 1776 2439 cap.
1797 2372 1856 2430 2;

256 2472 368 2528 qua
407 2473 484 2512 ea
521 2456 933 2512 consuetudine
973 2457 1228 2527 Wilfredi
1261 2460 1422 2527 gesta
1455 2459 1610 2510 certo
1653 2454 1862 2509 rescire

256 2546 468 2619 potuit.
503 2547 632 2603 Post
662 2545 934 2600 Heddium
961 2545 1210 2601 occurrit
1243 2543 1600 2614 Fridegodus,
1623 2543 1720 2599 cui
1751 2541 1860 2599 Odo

251 2633 689 2689 Cantuariensis
713 2635 1004 2707 episc0pus
1038 2635 1229 2689 Vitam
1264 2633 1513 2703 ejusdem
1543 2633 1730 2686 sancti
1757 2631 1859 2687 he-

250 2721 404 2777 roico
438 2725 622 2776 metro
664 2725 867 2777 texere
900 2721 1192 2793 praeepit.
1249 2721 1482 2792 Legerat
1525 2717 1859 2774 Willelmus

246 2809 656 2865 Malmesburia
675 2808 990 2865 monachus
1008 2824 1132 2864 eam
1145 2807 1445 2878 Fridegodi
1461 2809 1847 2878 scriptionem,

246 2897 314 2954 de
341 2915 453 2970 qna
471 2899 570 2954 hoc
588 2900 815 2970 profert
825 2897 1114 2970 judicium
1129 2898 1193 2952 in
1227 2897 1318 2952 lib.
1344 2912 1362 2950 ι
1387 2897 1454 2952 de
1475 2895 1846 2965 Pontiﬁcibus

249 2987 758 3043 Cantuariensibus
774 3005 790 3039 :
808 2987 1113 3043 Exsecutus
1131 2992 1212 3041 est
1227 2986 1282 3041 id
1299 3001 1495 3040 munus
1511 2984 1848 3056 Fridegodus

240 3075 462 3146 quidam
489 3075 738 3131 versibus
765 3090 872 3131 non
887 3075 1266 3147 improbandis
1301 3091 1313 3128 :
1347 3073 1446 3128 nisi
1477 3073 1622 3146 quod
1653 3073 1846 3129 latini-

241 3172 407 3220 tatem
438 3180 686 3234 perosus,
719 3165 1055 3236 graecitatem
1089 3171 1253 3220 amat.

313 3254 564 3309 Graecula
594 3253 764 3310 verba
796 3253 1121 3325 frequentat,
1170 3261 1228 3308 ut
1275 3252 1472 3308 merito
1521 3251 1681 3308 dictis
1729 3252 1850 3322 ejus

241 3349 462 3412 aptetur
487 3341 623 3396 illud
656 3340 957 3396 Plautinum
990 3358 1004 3395 :

351 3457 479 3513 Haec
509 3457 728 3530 quidem
759 3464 967 3527 praeter
998 3454 1268 3527 Sibyllam
1299 3456 1449 3530 leget
1479 3471 1660 3513 nemo.

241 3573 385 3630 Huic
415 3572 802 3629 lucubrationi
833 3587 1070 3628 manum
1099 3569 1348 3630 admovit
1369 3571 1704 3643 Fridegodus
1733 3575 1850 3628 sta-

245 3661 349 3716 tim
376 3667 501 3734 post
533 3660 779 3731 Wilfridi
808 3662 1184 3734 reliquiarum
1209 3661 1653 3717 translationem
1669 3661 1732 3716 in
1757 3663 1852 3718 Εεα

245 3751 483 3806 clesiam
502 3752 989 3806 Cantuariensem.
1011 3751 1129 3822 Ipse
1155 3753 1328 3806 etiam
1340 3749 1470 3817 0do,
1485 3751 1580 3820 qui
1591 3749 1853 3806 Ecclesia

243 3839 652 3895 Cantuariensi
670 3841 906 3911 pra/uit
930 3839 997 3894 ab
1015 3854 1169 3894 anno
1195 3840 1294 3892 934
1315 3837 1377 3892 in
1399 3854 1582 3893 annos
1611 3842 1853 3910 quatuor

239 3933 298 3983 et
318 3927 542 3998 viginti,
583 3927 861 3998 Wil/redi
880 3932 1043 3998 gesta
1061 3927 1423 3996 descripsisse
1439 3925 1766 3997 perhibetur
1784 3925 1854 3982 ab

238 4015 531 4072 Eadmero.
556 4015 866 4072 Eadmerus
895 4031 1025 4072 vero
1074 4033 1174 4074 seu
1215 4018 1490 4073 Edmerus
1517 4014 1851 4072 monachus.

235 4105 506 4160 Anselmo
531 4103 942 4160 Cantuariensi
962 4107 1223 4177 pontiﬁci
1245 4123 1279 4162 a
1299 4107 1557 4172 secretis,
1579 4105 1638 4160 id
1659 4108 1856 4178 postea

236 4193 515 4265 prastitit
529 4207 684 4248 anno
703 4193 864 4249 1121.
888 4193 978 4250 Sic
1001 4195 1154 4250 enim
1170 4194 1414 4264 praﬁaa
1434 4193 1600 4250 habet
1614 4194 1857 4265 inscrip-
1885 4189 1936 4254 C

243 4284 322 4338 tio
355 4281 560 4338 codicis
587 4296 769 4337 manu
806 4283 1040 4338 exarati
1067 4282 1416 4339 bibliotheca
1449 4282 1800 4339 Cottoniana
1827 4300 1849 4338 :

238 4371 363 4426 Vita
378 4369 550 4424 sancti
566 4369 814 4424 Wilfridi
835 4370 1232 4442 archiepiscopi
1253 4387 1354 4442 per
1371 4371 1700 4426 Eadmerum
1722 4370 1854 4425 Can-

237 4458 571 4514 tuariensem
606 4472 751 4514 anno
783 4458 1036 4514 MCXXI.
1095 4461 1194 4516 Res
1233 4459 1302 4515 ab
1347 4475 1406 4516 se
1439 4459 1750 4530 descriptas
1786 4459 1855 4513 in

238 4547 476 4605 exordio
499 4552 556 4604 et
581 4550 643 4604 in
663 4548 778 4617 ﬁne
829 4547 1102 4620 approbat
1124 4548 1440 4604 auctoritate
1460 4546 1854 4604 venerabilium

241 4637 482 4692 virorum
524 4635 734 4692 Odonis
773 4635 1173 4708 archiepiscopi
1221 4644 1275 4692 et
1321 4635 1481 4691 Beda:
1529 4634 1855 4706 presbyteri,

241 4726 410 4782 nulla
442 4723 638 4782 Heddii
658 4729 762 4780 aut
779 4723 1085 4798 Fridegodi
1106 4723 1402 4782 mentione
1422 4726 1600 4794 facta,
1626 4722 1860 4778 tametsi

243 4813 538 4886 Fridegodi
588 4814 878 4886 ipsissima
905 4815 1070 4870 verba
1097 4829 1214 4870 non
1245 4829 1376 4869 raro
1406 4815 1670 4885 usurpat.
1706 4811 1860 4869 Unde

241 4903 486 4975 suspicio
518 4902 789 4974 injicitur
815 4919 959 4958 num
984 4902 1278 4974 Fridegodi
1305 4903 1492 4973 fetum
1527 4901 1727 4962 Odoni,
1760 4899 1862 4972 qui

244 4993 503 5048 hortator
531 4993 716 5062 Operis
745 4993 884 5061 fuit,
918 4995 1223 5063 supponat.
1247 4989 1356 5048 Sed
1386 4994 1580 5048 tamen
1612 5005 1688 5045 ea
1715 5003 1861 5062 pro-

241 5081 367 5151 logo
389 5080 570 5151 ipsius
606 5079 834 5147 Odonis,
864 5094 1028 5152 quem
1059 5079 1370 5135 Eadmerus
1399 5079 1458 5134 in
1491 5079 1604 5147 ﬁne
1632 5078 1766 5136 Vita
1788 5075 1861 5132 ab

241 5185 302 5225 se
329 5169 657 5240 composita
687 5169 856 5235 citat,
882 5167 1063 5224 aliam
1090 5168 1295 5224 Odonis
1324 5183 1360 5222 a
1381 5165 1670 5237 Fridegodi
1701 5166 1865 5224 lucu.

243 5258 504 5315 bratione
523 5259 705 5328 fuisse
721 5257 1053 5327 conjectura
1070 5259 1174 5312 est.
1194 5255 1459 5312 Eadmeri
1471 5257 1861 5326 fragmentum

247 5345 316 5403 de
340 5346 733 5402 tmnslatione
747 5345 998 5418 corporis
1013 5346 1205 5401 sancti
1226 5343 1475 5416 Wilfridi
1490 5344 1695 5400 recitat
1722 5341 1864 5400 Ger-

1965 1572 2353 1642 fragmentum
2377 1587 2452 1628 ex
2480 1573 2594 1628 alio
2615 1573 2875 1630 Eadmeri
2894 1590 3058 1645 opere
3079 1573 3438 1646 desumptum
3461 1580 3566 1632 est.

1964 1659 2228 1716 Ead-meri
2285 1661 2516 1731 aqualis
2569 1662 2687 1732 fuit
2747 1663 3061 1719 Willelmus
3135 1661 3568 1719 Malmesburia

1963 1749 2294 1814 monachus,
2327 1752 2421 1822 qui
2453 1749 2650 1805 itidem
2680 1754 2838 1821 facta
2869 1752 3061 1807 sancti
3096 1753 3342 1822 Wilfridi
3369 1768 3567 1809 recan-

1968 1837 2112 1892 tavit
2131 1838 2194 1892 in
2214 1837 2358 1893 libro
2376 1838 2642 1894 secundo.
2663 1840 2734 1894 De
2746 1839 3110 1912 pontiﬁcibus
3132 1841 3457 1910 Anglorum,
3472 1841 3567 1896 ubi

1963 1923 2030 1979 de
2079 1927 2348 1997 episcopis
2373 1925 2829 1983 Eboracensibus.
2858 1930 2992 1984 Post
3021 1944 3110 1984 eos
3140 1943 3333 1984 omnes
3362 1931 3565 1984 Petrus

1962 2014 2265 2080 Blesensis,
2297 2013 2738 2072 archidiaconus
2787 2017 3202 2082 Bathoniensis,
3246 2017 3453 2072 librum
3487 2019 3565 2073 De

1979 2101 2104 2158 Vita
2135 2104 2326 2158 sancti
2371 2104 2616 2174 Wilfridi
2644 2108 2977 2177 composuit,
3026 2121 3263 2178 eumque
3311 2105 3565 2176 Galfrido

1963 2191 2301 2247 Eboracensi
2346 2191 2762 2265 archiepiscopo
2811 2194 3108 2262 dedicavit,
3134 2195 3224 2250 uti
3257 2195 3472 2266 legitur
3500 2196 3564 2250 in

1963 2281 2270 2336 Monastico
2289 2281 2633 2353 Anglicano,
2655 2299 2781 2354 pag.
2808 2284 2929 2348 172,
2954 2282 3050 2337 ubi
3071 2285 3462 2353 fragmentum
3487 2299 3562 2339 ex

1962 2368 2154 2424 eodem
2176 2371 2343 2426 Petro
2370 2371 2695 2427 adducitur.
2726 2373 2818 2427 llis
2848 2372 3108 2427 omnibus
3134 2371 3564 2428 annumerandi

1963 2462 2100 2513 sunt
2118 2459 2158 2508 Α
2170 2459 2432 2530 nglorum
2454 2461 2776 2532 scriptores,
2797 2461 2859 2515 in
2881 2459 2968 2516 his
2992 2461 3225 2518 Thomas
3239 2460 3566 2517 Stubbesius

1961 2549 2025 2602 in
2059 2546 2200 2603 libro
2228 2549 2302 2604 De
2331 2549 2606 2620 episcopis
2629 2549 3086 2618 Eboracensibus,
3117 2565 3356 2622 quorum
3403 2551 3566 2605 cata-

1964 2637 2126 2707 logus
2171 2641 2428 2693 vetustus
2469 2641 2665 2693 exstat
2715 2637 2867 2710 apud
2915 2638 3188 2694 Labbeum
3235 2639 3299 2694 in
3350 2642 3498 2696 torno
3537 2637 3569 2692 I

1961 2725 2316 2782 Bibliotheca
2332 2743 2508 2797 nova,
2530 2743 2656 2798 pag.
2683 2731 2806 2782 322.
2826 2729 2913 2783 Ea:
2932 2727 3221 2800 pradictis
3241 2727 3568 2784 auctoribus

1878 2835 1932 2895 Β
1961 2813 2100 2870 obvii
2139 2816 2444 2888 quibusque
2473 2821 2611 2872 sunt
2644 2816 2787 2871 Beda
2815 2820 2873 2871 et
2912 2816 3240 2872 Willelmus.
3295 2817 3396 2872 llic
3427 2817 3568 2873 duos

1959 2903 2293 2960 exhibemus
2314 2905 2580 2961 hacterus
2598 2905 2862 2968 ineditos,
2884 2905 3252 2976 Fridegodum
3274 2905 3566 2962 ‘extrema

1958 2993 2184 3064 quidem
2212 2997 2376 3066 parte
2403 2995 2718 3057 mutilum;
2747 2997 2804 3050 et
2825 2993 3187 3062 Eadmerum,
3213 2995 3378 3064 cujus
3409 2995 3565 3051 lucu-

1959 3083 2279 3139 brationem
2310 3099 2386 3138 ea:
2409 3083 2608 3155 Anglia
2638 3083 2958 3156 accepimus
2980 3082 3246 3152 bene/icio
3276 3084 3388 3138 viri
3412 3097 3566 3154 spec-

1964 3171 2240 3226 tatissimi
2266 3173 2332 3226 D.
2365 3170 2590 3244 Iosephi
2617 3171 3040 3237 Williamsonis,
3066 3172 3189 3242 regi
3216 3171 3284 3226 ab
3311 3171 3568 3227 intimio-

1959 3260 2118 3316 ribus
2162 3257 2417 3316 secretis.
2462 3259 2738 3315 Heddium
2778 3259 2877 3314 diu
2919 3263 3336 3330 exspectatum,
3367 3261 3418 3314 si
3446 3263 3566 3330 fors

1963 3349 2284 3418 contingat,
2307 3352 2370 3404 ut
2393 3363 2491 3420 ope
2512 3348 2826 3403 amicorum
2847 3363 3264 3418 recuperemus,
3286 3347 3563 3414 dabimus,

1962 3440 2071 3493 Deo
2097 3436 2293 3504 dante,
2320 3438 2383 3491 in
2405 3435 2730 3507 Appendice
2757 3436 2928 3507 hujus
2951 3434 3167 3501 saculi,
3195 3440 3299 3491 aut
3317 3434 3563 3493 alterius

1961 3527 2338 3598 insequentis,
2371 3541 2500 3580 eum
2536 3524 2825 3594 Fridegodi
2855 3524 3178 3579 carminum
3208 3525 3466 3596 reliquis.

2033 3620 2086 3670 2.
2119 3615 2367 3688 Wilfridi
2396 3615 2544 3671 diem
2566 3613 2823 3670 natalem
2855 3615 3190 3686 exprimunt
3219 3617 3343 3670 tum
3363 3615 3566 3686 Marty-

1961 3707 2176 3778 rologia
2206 3705 2554 3774 recentiora,
2599 3708 2723 3759 tum
2763 3703 2997 3774 vulgata
3041 3703 3201 3759 Beda
3249 3703 3487 3760 historia
3509 3718 3567 3760 ιν

1962 3796 2092 3851 Idus
2120 3793 2388 3861 Octobris,
2423 3793 2654 3850 tametsi
2697 3793 2815 3848 hac
2862 3793 3025 3848 verba
3062 3792 3288 3848 intrusa
3333 3797 3472 3849 sunt
3500 3792 3566 3847 in

1965 3885 2192 3940 textum
2234 3883 2416 3948 Beda,
2465 3899 2586 3954 qua
2624 3881 2776 3954 apud
2803 3879 3192 3936 Abrahamum
3237 3881 3566 3937 Whelocum

1963 3973 2124 4029 intra
2166 3970 2557 4043 parenthesim
2587 3971 2875 4035 conclusa,
2907 3970 3112 4025 desunt
3143 3974 3204 4023 in
3242 3971 3567 4043 exemplari

1963 4066 2160 4118 nostro
2211 4061 2612 4128 Germanensi,
2667 4060 2757 4114 uti
2817 4062 2876 4114 et
2926 4058 2987 4112 in
3035 4058 3266 4113 Aluredi
3311 4059 3568 4114 versione

1967 4149 2284 4206 Saxonica.
2313 4150 2622 4206 Diescerte
2664 4145 2969 4217 pradictus
3009 4149 3096 4200 est
3141 4147 3565 4216 translationis,

1964 4256 2070 4315 quo
2101 4245 2238 4296 teste
2261 4236 2531 4293 Eadmero
2551 4251 2752 4302 corpus
2771 4235 2960 4290 sancti
2987 4233 3234 4304 Wilfridi
3254 4233 3570 4290 decentiori

1967 4331 2083 4388 loco
2114 4329 2395 4400 repositus
2424 4341 2459 4381 a
2489 4325 2812 4396 Lanfranco
2842 4325 2948 4378 est.
2979 4322 3051 4377 At
3075 4338 3180 4394 quo
3214 4321 3446 4378 tandem
3476 4324 3567 4380 die

1965 4418 2054 4474 vir
2081 4420 2314 4473 sanctus
2344 4414 2416 4470 ad
2445 4429 2674 4486 superos
2693 4411 2982 4483 migravit,
3005 4411 3181 4467 silent
3209 4411 3352 4467 Vita
3378 4413 3567 4486 scrip-

1970 4511 2120 4562 tores
2137 4520 2351 4573 omnes,
2371 4519 2521 4559 unus
2537 4503 2952 4558 intervetustos
2971 4502 3253 4571 fastorum
3274 4516 3570 4557 sacrorum

1969 4596 2290 4652 conditores
2325 4593 2587 4662 designat
2608 4592 2758 4647 diem
2786 4605 2880 4645 vm
2912 4589 3035 4644 Kal.
3069 4587 3230 4658 Maii,
3275 4591 3323 4645 is
3364 4605 3570 4663 nempe

1968 4685 2069 4758 qui
2096 4683 2325 4739 nomine
2347 4681 2509 4736 Beda
2537 4681 2799 4750 vulgatus
2827 4681 2913 4734 est
2942 4678 3172 4734 metrici
3189 4678 3571 4752 Martyrologii

1967 4776 2174 4829 auctor
2201 4773 2264 4827 in
2294 4775 2440 4827 tomo
2469 4769 2524 4823 X
2557 4766 2874 4840 Spicilegii,
2908 4767 2997 4823 his
3025 4766 3276 4823 versibus

1967 4870 2264 4944 Egbertus,
2296 4869 2463 4942 digna
2487 4866 2746 4922 virtutum
2774 4863 2934 4920 laude
2960 4880 3235 4932 coruscus,

1969 4959 2309 5031 Astrigerum
2343 4955 2546 5014 octavis
2573 4959 2899 5012 veneranter
2926 4952 3137 5008 scandit
3162 4953 3460 5025 olympum.

1972 5048 2203 5118 Quoque
2232 5047 2321 5102 die
2349 5045 2545 5119 praesul
2575 5041 2879 5115 penetravit
2904 5041 3172 5098 Wlfridus
3201 5043 3376 5110 alma,

1972 5137 2230 5209 Angelico
2259 5145 2450 5193 vectus
2477 5143 2620 5191 cmtu
2651 5141 2795 5188 trans
2821 5131 3000 5187 sidera
3027 5131 3170 5187 coeli.

2050 5233 2326 5289 Celebrior
2351 5236 2545 5288 tamen
2573 5230 2799 5286 videtur
2826 5229 3002 5300 fuisse
3031 5227 3363 5284 solemnitas
3383 5229 3571 5282 trans-

1979 5323 2211 5380 lationis
2251 5339 2306 5377 ιν
2349 5321 2476 5376 Idus
2505 5319 2725 5388 Octob.,
2755 5322 2820 5374 ut
2867 5320 3030 5390 patet
3073 5333 3148 5372 ea
3192 5315 3358 5375 titulo
3404 5329 3569 5387 quem

247 5435 440 5493 vasius
460 5405 898 5493 Dorobernensis
922 5433 1235 5495 monachus
1255 5435 1318 5490 in
1343 5432 1483 5491 libro
1505 5437 1578 5489 De
1605 5431 1862 5490 combus-

1977 5412 2284 5470 Eadmerus
2309 5414 2436 5485 post
2462 5409 2756 5484 prologum
2791 5409 2928 5465 Vita
2949 5405 3280 5482 praposuit.

413 5559 549 5618 Vide
578 5560 905 5634 Patrologiaa
935 5569 1066 5618 tom.
1108 5558 1412 5633 CXXXIII,
1445 5561 1502 5616 in
1520 5559 1876 5618 Faloncono.
