4046 6076
467 265 572 325 71ι1

1483 254 1796 314 EADMERI
1835 246 2408 314 CANTUARIENSIS
2443 248 2762 314 MONACHI

3664 252 3773 315 712

534 397 586 448 3.
619 384 874 448 Monachi
903 383 1078 444 vitam
1107 382 1173 440 ab
1203 399 1356 440 anno
1385 384 1576 438 (etatis
1603 384 1805 454 quarto
1843 381 2057 437 decimo
2086 379 2144 443 A
2175 382 2238 437 in
2264 380 2474 453 synodo
2497 378 3016 447 Streaneshalensi,
3053 382 3281 438 tametsi
3311 380 3457 438 Beda
3494 381 3559 437 in
3591 382 3682 438 lib.
3718 400 3774 438 ιιι

462 485 573 557 egit
604 479 915 552 Wilfridus,
939 480 994 532 et
1022 473 1277 546 regulam
1307 472 1494 528 sancti
1514 470 1788 525 Benedicti
1815 468 2061 538 miriﬁce

456 571 809 648 propagavit.
837 567 947 634 Quo
977 578 1103 621 vero
1126 565 1188 618 in
1213 565 1328 618 loco
1348 561 1725 617 monasticam
1749 560 2064 632 susceperit

462 662 738 726 habitum,
757 671 871 712 non
892 656 978 710 ita
1001 654 1195 724 liquet.
1223 651 1288 705 Et
1307 652 1491 722 primo
1513 648 1738 721 quidem
1757 664 1939 703 annos
1960 665 2062 702 na-

459 760 553 810 tus
581 743 1004 823 quatuordecim
1033 741 1184 814 apud
1215 740 1715 810 Lindisfarnenscs
1756 739 2061 794 monachos

457 839 763 910 diligenter
804 847 870 887 ea
908 846 1029 900 qua:
1076 828 1394 882 monasticae
1441 826 1698 881 castitatis
1737 841 1802 878 ac
1845 824 2062 894 pietatis

456 936 628 994 erant,
661 931 713 978 et
743 921 952 976 discere
988 916 1229 982 curabat,
1261 924 1313 970 et
1343 931 1528 986 agere,
1560 915 1752 982 inquit
1802 913 1949 968 Beda
1998 914 2062 968 in

460 1017 553 1075 lib.
588 1030 622 1068 v
652 1029 773 1084 cap.
801 1012 888 1076 19,
917 1030 938 1055 ιι
963 1005 1195 1061 necdum
1227 1004 1447 1074 quidem
1480 1010 1744 1071 attonsus,
1772 1017 1956 1056 verum
1985 1001 2065 1056 eis

453 1106 547 1178 qui
579 1113 800 1158 tonsura
828 1096 1062 1165 majores
1107 1098 1233 1147 sunt
1278 1092 1595 1158 virtutibus,
1644 1090 1960 1146 humilitatis
2007 1084 2065 1144 et

455 1189 800 1255 obedientias,
824 1200 939 1240 non
963 1182 1311 1238 mediocriter
1328 1180 1637 1252 insignitus.
1661 1181 1722 1233 In
1743 1195 1850 1249 quo
1877 1194 2061 1233 mona-

458 1282 623 1338 sterio
653 1293 776 1332 cum
821 1273 1026 1343 aliquot
1057 1286 1229 1325 anxios
1253 1271 1366 1325 Deo
1397 1268 1645 1336 serviret,
1676 1266 2066 1323 animadvertit

461 1367 684 1424 minime
715 1361 1010 1435 perfectam
1055 1374 1177 1413 esse
1217 1357 1426 1413 virtutis
1454 1356 1627 1423 viam,
1659 1372 1781 1424 qua:
1813 1353 2068 1408 tradeba-

459 1465 550 1514 tur
579 1471 612 1512 a
642 1452 820 1510 Scotis
853 1465 866 1504 :
899 1447 1291 1520 preposuitque
1321 1446 1502 1500 animo
1537 1443 1721 1500 venire
1743 1445 1993 1511 Romam,
2017 1447 2070 1496 et

462 1546 551 1617 qui
605 1543 674 1598 ad
718 1539 904 1594 sedem
953 1536 1311 1605 apostolicam
1367 1535 1501 1588 ritus
1556 1531 1902 1588 ecclesiastici
1951 1530 2067 1584 sive

463 1627 876 1689 monasteriales
921 1632 1289 1687 servarentur,
1339 1623 1546 1678 videre.
1602 1622 1725 1677 Illic
1757 1622 2068 1692 perfectam

469 1723 599 1778 vitae
621 1717 972 1782 monasticae,
996 1714 1095 1770 hoc
1129 1717 1213 1769 est
1240 1712 1645 1776 Benedictinae,
1677 1710 1912 1781 adeptus
1941 1720 2070 1764 nor‘
2092 1739 2146 1798 Β

463 1826 641 1875 mam,
673 1819 930 1862 reversus
953 1802 1291 1872 Lugdunum
1317 1819 1350 1855 a
1373 1800 1594 1868 Dalﬁno
1614 1815 1715 1854 seu
1735 1799 2070 1853 Anncmun-

459 1901 525 1956 do
560 1899 669 1955 loci
688 1895 939 1968 episcopo
958 1895 1154 1946 tonsus
1171 1895 1276 1946 est.
1297 1892 1498 1945 Postea
1522 1887 1870 1959 Alchfridus,
1901 1886 2070 1943 Oswii

459 1983 1048 2045 Nortanhumbrorum
1071 1980 1219 2049 regis
1237 1979 1392 2047 ﬁlius
1420 1977 1743 2048 Wilfridum
1765 1978 1827 2031 in
1843 1977 2069 2031 Britan-

461 2079 623 2133 niam
646 2088 984 2145 regressum,
1020 2070 1212 2135 virum,
1232 2070 1316 2123 ait
1336 2067 1500 2132 Beda,
1528 2065 1923 2133 doctissimum,
1945 2079 2067 2117 ma-

463 2167 691 2239 gistrum
740 2161 930 2216 habuit
977 2156 1298 2214 eruditionis
1345 2154 1688 2210 Christiana).
1741 2153 1914 2220 Hujus
1961 2151 2066 2206 do-

467 2255 694 2312 ctrinam
727 2248 980 2306 omnibus
1012 2247 1293 2302 Scotorum
1335 2242 1714 2297 traditionibus
1752 2241 1875 2310 jure
1921 2255 2066 2310 prae-

463 2341 746 2400 ferendam
783 2336 988 2393 sciebat
1020 2353 1031 2388 :
1067 2334 1220 2388 unde
1259 2332 1302 2386 si
1351 2332 1512 2386 etiam
1544 2330 1844 2385 donaverat
1872 2342 2067 2382 mona-

462 2432 686 2487 sterium
719 2425 1078 2498 quadraginta
1123 2420 1446 2476 familiarum
1480 2420 1538 2473 in
1568 2419 1691 2474 loco
1735 2417 1824 2487 qui
1872 2416 2069 2471 dicitur

463 2521 520 2576 in
554 2518 820 2588 HRipum.
869 2537 890 2563 ιο
934 2511 1070 2566 Haec
1116 2510 1263 2565 Beda
1304 2509 1367 2564 in
1419 2507 1516 2564 lib.
1568 2523 1627 2560 ιιι
1671 2522 1799 2578 cap.
1841 2506 1929 2569 25,
1974 2504 2070 2559 ubi

471 2607 798 2679 Wilfridum
818 2602 1066 2657 abbatem
1092 2601 1496 2670 consequenter
1510 2596 1782 2668 appellat,
1796 2599 1863 2648 ut
1879 2594 2071 2665 proin-

465 2698 532 2752 de
560 2693 879 2752 monastica
909 2689 1162 2759 insignia
1194 2703 1254 2743 eo
1283 2687 1345 2741 in
1375 2684 1726 2742 monasterio
1756 2682 2070 2753 suscepisse

463 2782 735 2839 dicendus
762 2779 869 2844 sit;
889 2776 1062 2848 paulo
1077 2778 1206 2846 post
1225 2773 1292 2828 ab
1318 2773 1592 2844 Agilberto
1616 2771 1794 2836 Callo,
1817 2768 2068 2824 occiden-

469 2872 675 2927 talium
710 2868 1012 2922 Saxonum
1036 2864 1312 2934 episcopo,
1337 2860 1390 2914 in
1422 2858 1648 2930 praefato
1679 2873 1777 2912 suo
1798 2864 2071 2912 monaste-

468 2961 571 3027 rio,
604 2957 892 3031 presbyter
919 2956 1112 3022 factus
1143 2956 1332 3021 rogatu
1361 2946 1644 3003 Alchfridi.
1673 2946 1850 3004 Scotis
1881 2946 1945 3000 in
1975 2961 2069 3016 sy-

466 3048 610 3104 nodo
645 3041 1150 3100 Streaneshalensi
1197 3037 1532 3108 confutatis,
1563 3037 1626 3091 in
1654 3034 2068 3091 monasterium

468 3135 954 3204 Lindisfarnense,
978 3128 1077 3183 ubi
1096 3127 1245 3183 Scoti
1274 3122 1542 3182 monachi
1565 3123 1852 3195 degebant,
1873 3138 2066 3179 mona-

468 3226 599 3282 chos
614 3225 837 3280 nostros
855 3218 1110 3275 induxit.
1131 3214 1280 3273 Unde
1298 3217 1416 3287 ipse
1433 3214 1584 3286 apud
1606 3212 1945 3268 Willelmum
1959 3212 2072 3282 glo-

467 3315 680 3381 riatur,
703 3308 846 3384 quod
865 3308 1086 3380 primus
1104 3307 1166 3360 in
1191 3303 1672 3361 Nortanhumbria
1697 3323 1717 3350 «
1741 3316 1928 3356 verum
1946 3300 2072 3354 Pas-

465 3399 784 3469 cha,Scotis
819 3395 1028 3466 ejectis,
1061 3393 1323 3458 docuerit,
1359 3399 1413 3446 et
1449 3389 1766 3446 sanctissimi
1799 3387 2073 3444 Benedicti

463 3489 729 3561 Regulam
762 3503 793 3541 a
819 3483 1101 3540 monachis
1146 3481 1419 3537 observari
1464 3479 1710 3550 jusserit.
1762 3476 2072 3548 Complura

467 3577 770 3648 mdiﬁcavit
785 3573 1054 3638 cienobia,
1083 3570 1388 3639 IlRipense,
1417 3567 1866 3639 Hagustaldense,
1888 3567 1951 3621 in
1972 3579 2072 3620 suo

468 3669 650 3738 ipsius
680 3666 1042 3735 episcopatu;
1063 3657 1249 3712 aliain
1273 3656 1707 3722 Cantuariensi;
1740 3653 2073 3710 Selesciense

465 3753 618 3827 apud
649 3750 932 3807 australes
962 3746 1191 3817 Anglos,
1211 3748 1265 3800 et
1281 3745 1399 3800 alia
1429 3745 1488 3799 in
1521 3759 1691 3814 regno
1714 3743 2068 3798 Merciorum.

466 3846 584 3899 Huc
615 3839 872 3913 spectant
904 3834 1184 3908 epitaphii
1213 3835 1334 3901 eius
1366 3831 1424 3887 hi
1455 3847 1650 3887 versus
1685 3849 1701 3883 :

464 3958 524 4009 In
565 3969 631 4009 ue
662 3950 796 4005 locis
823 3947 938 4002 istis
967 3945 1354 4000 monachorum
1385 3942 1639 3999 examina
1667 3940 1863 3998 crebra

466 3973 708 4080 Cdiliait.
740 4036 804 4075 ac
831 4017 1056 4073 monitis
1084 4015 1230 4073 cavit
1260 4031 1379 4080 quae
1407 4014 1601 4080 regula
1630 4014 1863 4080 Patrum,

466 4029 543 4082 Co

568 4023 708 4088 ligit,
740 4036 804 4075 ac
831 4017 1056 4073 monitis
1084 4015 1230 4073 cavit
1260 4031 1379 4086 quae
1407 4014 1601 4086 regula
1630 4014 1867 4082 Patrum,

463 4090 696 4154 Sedulus
725 4090 974 4147 instituit.
1457 4131 1460 4134 ,

470 4222 583 4289 Quo
603 4218 666 4274 in
691 4217 804 4272 loco
824 4211 1022 4285 regula
1041 4211 1229 4267 sancti
1249 4207 1557 4277 Benedicti,
1576 4223 1747 4279 quam
1777 4204 2074 4278 Wilfridus

471 4315 596 4366 tum
624 4308 687 4362 in
718 4302 1045 4364 Britannia,
1066 4303 1189 4356 tum
1219 4301 1404 4354 Roma:
1450 4296 1653 4352 didicit
1695 4299 1752 4352 et
1794 4295 2070 4369 excoluit,

467 4395 682 4468 Regula
729 4395 950 4448 Patrum
997 4387 1349 4461 appellatur,
1387 4386 1479 4440 uti
1534 4387 1592 4440 et
1657 4385 1861 4440 diserte
1919 4381 2072 4456 apud

463 4483 824 4543 Ambrosium
873 4480 1214 4550 Autpertum
1268 4477 1330 4530 in
1381 4473 1520 4530 libro
1561 4474 1640 4528 De
1701 4472 1820 4530 vita
1883 4470 2072 4528 sancti

466 4570 733 4632 Paldonis
763 4566 981 4625 abbatis
1004 4570 1061 4622 et
1089 4578 1504 4621 successorum.

527 4665 580 4718 4.
596 4661 677 4718 Ad
688 4661 893 4717 seriem
909 4658 1198 4726 gestorum
1222 4650 1463 4722 Wil/ridi
1477 4666 1505 4722 q
1517 4648 1625 4705 uod
1640 4647 1852 4704 attinet
1866 4667 1883 4716 ,-
1896 4650 2070 4704 natus

461 4755 549 4810 est
583 4764 724 4805 anno
756 4748 856 4802 034
887 4748 991 4801 aut
1022 4739 1363 4814 insequenti,
1415 4738 1699 4812 siquidem
1741 4737 1877 4793 obiit
1927 4751 2068 4794 anno

461 4843 590 4909 709,
620 4852 803 4894 annos
829 4839 1003 4890 natus
1023 4831 1394 4904 septuaginta
1433 4828 1700 4900 quinque.
1733 4824 2070 4883 Adolescens

463 4943 750 4986 annorum
789 4920 1216 4996 quatuordccim
1255 4918 1733 4988 Lindisfarnense
1777 4919 2066 4972 monaste-

460 5017 616 5074 rium
641 5015 830 5087 petiit,
859 5012 940 5066 ibi
971 5011 1191 5082 aliquot
1214 5023 1396 5064 annos
1421 5002 1924 5063 moraturuande
1951 5006 2065 5060 Ro-

462 5121 618 5161 mam
663 5101 832 5175 petiit
863 5114 1009 5154 anno
1039 5098 1183 5154 circa
1214 5099 1336 5163 653,
1367 5096 1536 5168 paulo
1586 5097 1724 5150 ante
1764 5096 1867 5148 aut
1915 5095 2066 5148 certe

460 5193 631 5269 paulo
663 5194 788 5264 post
819 5191 1060 5245 mortem
1091 5183 1321 5242 Honorii
1344 5182 1778 5240 Cantuariensis
1798 5181 2064 5253 episcopi,

461 5300 632 5358 quam
663 5296 724 5337 eo
744 5293 898 5335 anno
918 5276 1143 5348 reponit
1159 5273 1304 5330 Beda
1324 5275 1387 5328 in
1419 5272 1516 5328 lib.
1547 5287 1605 5326 ιιι
1627 5289 1750 5344 cap.
1777 5271 1865 5325 20.
1890 5271 2066 5325 Annis

461 5377 582 5446 fere
595 5373 841 5444 quatuor
857 5371 981 5421 tum
999 5366 1058 5421 in
1074 5361 1344 5434 Lugduni
1361 5377 1535 5426 mora,
1555 5365 1677 5417 tum
1689 5359 1881 5416 Romo:
1897 5373 2064 5414 exac-

460 5462 556 5530 tis,
579 5473 838 5517 reversus
855 5457 917 5512 in
932 5453 1313 5518 Britanniam,
1337 5449 1387 5504 Il
1402 5451 1636 5521 Ripense
1655 5447 2062 5504 monasterium

458 5549 706 5618 aediﬁcat
727 5549 783 5602 et
804 5543 1024 5602 abbatis
1044 5540 1274 5598 nomine
1293 5535 1689 5594 administrat.
1711 5538 1866 5592 Anno
1888 5551 2059 5607 prope

454 5639 563 5698 660
588 5636 994 5706 Colmanum,
1025 5633 1322 5691 Scotorum
1339 5626 1814 5699 antesignanum,
1834 5626 2061 5698 refutat

2095 3083 2145 3147 C

2168 486 2290 542 cap.
2315 473 2382 524 25
2403 471 2595 541 signat
2608 485 2828 525 annum
2847 472 2972 524 664.
3003 468 3207 526 Verum
3224 469 3364 527 Beda
3379 486 3496 526 non
3512 472 3652 527 satis
3668 473 3777 528 sibi

2167 563 2393 615 constat
2425 559 2561 614 dum
2587 573 2648 615 eo
2681 560 2788 614 loci
2817 559 3011 615 scribit
3047 557 3404 630 Agilbertum
3449 561 3770 632 episcopum

2172 647 2411 704 Gallum
2442 648 2574 704 huic
2593 646 2800 719 synodo
2822 649 3180 719 interfuisse,
3210 650 3442 721 eiusque
3451 649 3623 719 jussu
3647 650 3774 704 Wil-

2168 737 2385 808 fridum
2413 736 2596 793 adhuc
2621 737 3007 808 presbyterum
3032 738 3342 793 Colmanno
3373 739 3654 794 restitisse
3665 758 3688 802 ,-
3717 742 3775 795 et

2171 830 2365 882 tamen
2397 825 2731 897 Wilfridum
2759 826 3082 898 episcopum
3104 827 3440 883 ordinatum
3485 843 3602 882 esse
3623 844 3777 885 anno

2171 918 2292 987 ipso
2311 919 2410 970 664
2428 915 2822 986 Compendiiin
2839 915 3053 984 Gallia,
3069 931 3142 972 ex
3155 919 3391 987 cap.,28,
3410 916 3477 971 ab
3493 915 3778 986 Agilberto

2163 1005 2288 1075 jam
2302 1003 2652 1058 Parisiorum
2674 1003 2949 1075 episc0po,
2963 1004 3059 1075 qui
3071 1001 3222 1056 ﬁnita
3237 1017 3302 1058 ac
3318 1001 3497 1057 soluta
3515 1001 3780 1058 concione

2173 1093 2419 1156 domum,
2436 1091 2495 1146 id
2515 1095 2602 1146 est
2620 1092 2682 1146 in
2697 1092 2989 1163 proprium
3011 1091 3193 1163 episco
3199 1095 3422 1163 patum,
3445 1107 3608 1163 quem
3624 1091 3778 1159 apud

2171 1180 2547 1238 occidentales
2598 1179 2866 1237 Saxones
2912 1181 3214 1247 obtinebat,
3266 1180 3500 1236 rediisse
3561 1181 3782 1236 dicitur

2172 1284 2296 1339 cap.
2319 1272 2408 1324 26.
2439 1267 2606 1325 Certe
2640 1271 2704 1324 in
2727 1269 2980 1341 Epitome
3005 1267 3318 1335 Saxonica,
3343 1268 3501 1324 Beda:
3520 1269 3783 1326 Historiae

2172 1359 2441 1429 subjecta,
2474 1358 2795 1429 Agilbertus
2827 1373 2968 1412 anno
2999 1356 3100 1412 660
3131 1357 3330 1412 abiisse
3351 1373 3383 1412 a
3403 1355 3780 1425 Kenwalchio,

2175 1453 2227 1501 et
2259 1446 2586 1501 Parisiorum
2632 1445 3007 1516 episcopatum
3055 1446 3113 1500 in
3154 1445 3354 1501 Galliis
3372 1445 3440 1499 ad
3471 1445 3783 1517 Sequanam

2175 1534 2380 1589 flumen
2407 1535 2708 1606 suscepisse
2733 1535 3081 1607 perhibetur.
3128 1533 3464 1606 Wilfridus,
3496 1550 3650 1590 anno
3672 1535 3777 1589 664

2174 1625 2475 1680 ordinatus
2505 1626 2795 1697 episcOpus
2817 1624 3201 1692 Eboracensis,
3227 1640 3358 1680 cum
3379 1639 3453 1680 ea:
3474 1623 3657 1679 Callia
3691 1639 3781 1679 re-

2175 1730 2372 1769 uersus
2394 1713 2684 1769 didicisset
2699 1713 2974 1769 Ceaddam
2987 1712 3248 1768 Ecclesiae
3259 1729 3374 1768 sua
3386 1715 3782 1768 consecratum

2177 1799 2518 1869 episcopum,
2533 1799 2762 1853 secessit
2797 1797 2859 1852 in
2874 1798 3161 1869 HRipense
3185 1797 3616 1852 monasterium.
3632 1795 3778 1850 Dein

2176 1903 2210 1941 a
2239 1886 2508 1956 Wul/ario
2529 1887 2861 1942 Merciorum
2882 1902 3011 1956 rege
3042 1886 3282 1954 accitus,
3301 1889 3498 1957 postea
3527 1886 3682 1940 venit
3710 1885 3779 1940 in

2180 1976 2462 2043 Cantiam,
2493 1976 2680 2048 ibique
2723 1976 3072 2046 presbyteros
3099 1983 3153 2030 et
3179 1975 3442 2029 diaconos
3483 1972 3774 2042 ordinavit,

2178 2063 2482 2132 usquedum
2507 2064 2824 2119 Theodorus
2867 2063 3172 2131 adveniret,
3222 2080 3297 2119 ex
3345 2063 3504 2119 Beda:
3545 2060 3640 2117 lib.
3689 2077 3776 2130 ιιι,

2179 2170 2308 2224 cap.
2343 2156 2431 2219 28,
2480 2157 2538 2208 et
2589 2153 2682 2208 lib.
2731 2169 2805 2219 ιν,
2845 2169 2966 2223 cap.
3001 2156 3052 2221 2,
3085 2170 3121 2208 a
3149 2168 3254 2225 quo
3289 2153 3508 2209 Ceadda
3537 2153 3781 2208 Eboraco

2173 2243 2390 2313 pulsus,
2420 2249 2476 2297 et
2512 2241 2802 2313 Wilfridus
2841 2244 2904 2297 in
2943 2241 3072 2298 sede
3116 2258 3222 2297 sua
3264 2241 3592 2297 institutus.
3623 2242 3780 2294 Anno

2177 2333 2278 2385 670
2330 2331 2536 2387 Oswius
2571 2347 2677 2386 rex
2709 2330 3331 2386 Northanhumbrorum
3363 2345 3493 2386 cum
3525 2331 3779 2395 Romam,

2175 2420 2261 2474 ire
2279 2407 2475 2486 vellet,
2500 2419 2820 2490 Wilfridum
2843 2419 3071 2475 itineris
3088 2419 3287 2475 ducem
3303 2418 3410 2474 sibi
3418 2418 3544 2486 ﬁeri
3561 2432 3787 2487 rogave-

2176 2511 2306 2572 rat;
2352 2507 2451 2563 sed
2474 2523 2533 2562 re
2555 2509 2772 2578 infecta
2789 2509 3058 2574 moritur,
3081 2507 3232 2579 apud
3255 2506 3459 2562 Bedam
3479 2507 3543 2561 in
3575 2506 3670 2561 lib.
3695 2521 3780 2574 ιν,

2177 2613 2301 2668 cap.
2324 2600 2376 2651 ὃ.
2398 2596 2558 2651 Αιιιιο
2577 2598 2676 2650 073
2701 2595 2994 2661 Wilfridus
3027 2597 3267 2653 concilio
3288 2595 3776 2666 Heorutfordensi,

2185 2686 2456 2742 Theodoro
2471 2685 2832 2756 praesidente,
2857 2701 2951 2755 per
2968 2685 3220 2756 proprios
3235 2683 3525 2756 legatarios
3540 2682 3782 2740 adfuisse

2177 2779 2529 2830 memoratur
2554 2793 2572 2840 ;
2596 2772 2825 2830 ibidem.
2853 2794 2884 2824 α
2903 2775 3064 2829 Αιιιιο
3090 2775 3192 2829 677
3213 2781 3330 2829 orta
3359 2773 3498 2828 inter
3525 2772 3704 2843 ipsum
3725 2780 3783 2827 et

2178 2863 2461 2935 ngridum
2491 2879 2678 2935 regem
2706 2862 3072 2931 dissensione,
3107 2863 3294 2934 pulsus
3320 2861 3465 2916 idem
3496 2860 3719 2916 antistes
3745 2875 3785 2916 a

2177 2952 2307 3007 sede
2339 2952 2422 3006 sui
2453 2951 2822 3023 episcopatus,
2856 2960 2909 3006 et
2939 2952 3047 3006 duo
3095 2951 3150 3005 in
3192 2950 3372 3006 locum
3411 2950 3532 3020 ejus
3569 2949 3774 3004 substi-

2178 3040 2275 3095 tuti
2334 3040 2593 3110 episcopi,
2645 3041 2813 3108 Bosa,
2871 3039 2963 3111 qui
3015 3039 3346 3104 Deirorum;
3395 3040 3452 3093 et
3497 3038 3650 3107 Eata,
3683 3038 3775 3110 qui

2175 3131 2545 3186 Berniciorum
2575 3128 2906 3200 provinciam
2932 3128 3281 3201 gubernaret,
3312 3143 3440 3199 cap.
3472 3131 3559 3183 12.
3618 3126 3778 3183 Inte-

2173 3222 2283 3276 rim
2316 3219 2604 3290 Wilfridus
2623 3223 2746 3290 post
2768 3218 3062 3274 biennium
3080 3220 3306 3275 Romam
3318 3219 3518 3290 pergit,
3543 3232 3776 3272 causam

2174 3309 2457 3365 dicturus.
2477 3309 2748 3380 Confecta
2777 3323 2837 3363 re
2854 3308 3209 3378 provinciam
3229 3306 3578 3362 australium
3596 3306 3774 3362 Saxo-

2172 3415 2314 3455 num
2331 3399 2609 3454 convertit
2623 3396 2695 3452 ad
2712 3396 3024 3464 Christum,
3039 3411 3104 3450 ac
3126 3395 3478 3451 Selesciense
3494 3397 3778 3450 monaste-

2174 3489 2327 3544 rium
2357 3484 2657 3555 lediﬁcavit
2689 3487 2922 3556 favente
2938 3484 3278 3540 Edilwalcho
3305 3497 3431 3554 rege
3454 3499 3472 3535 :
3493 3499 3580 3551 ac,
3603 3482 3773 3538 Cead-

2175 3578 2316 3632 wala
2349 3576 2547 3631 itidem
2587 3575 2952 3644 conspirante
2992 3571 3206 3640 Vectse,
3247 3571 3457 3627 insulse
3500 3571 3771 3642 populum

2177 3665 2516 3721 Christianis
2532 3663 2822 3719 institutis
2843 3661 3044 3718 imbuit
3065 3677 3192 3733 cap.
3211 3663 3297 3714 16.
3322 3661 3486 3714 Anno
3502 3661 3630 3726 687,
3651 3662 3778 3731 post

2175 3756 2418 3809 mortem
2442 3752 2731 3809 Cuthberti
2763 3749 3246 3821 Lindisfarnensis
3273 3748 3535 3820 episcopi,
3559 3748 3774 3818 episco-

2172 3844 2372 3914 patum
2403 3841 2664 3897 Ecclesia:
2697 3838 2840 3894 illius
2875 3853 3020 3894 anno
3045 3853 3153 3893 uno
3174 3835 3426 3894 servabat
3441 3835 3777 3892 venerabilis

2175 3930 2405 3985 antistes
2417 3928 2731 3997 Wilfridus,
2746 3927 2926 3984 donec
2938 3926 3232 3998 eligeretur
3251 3924 3345 3999 qui
3359 3939 3461 3994 pro
3482 3923 3778 3980 Cuthberto

2175 4019 2396 4074 antistes
2437 4017 2680 4074 ordinari
2729 4015 2976 4086 deberet,
3006 4031 3131 4087 cap.
3165 4018 3254 4069 29.
3321 4036 3340 4063 ιι
3377 4014 3503 4068 Post
3545 4012 3778 4084 longum

2174 4108 2453 4175 exsilium,
2476 4122 2762 4163 annorum
2784 4104 3049 4163 videiicet
3067 4103 3315 4176 amplius
3342 4100 3553 4170 decem,
3577 4101 3636 4156 in
3663 4101 3784 4172 epi-

2174 4204 2453 4268 scopatum
2483 4193 2934 4268 Hagustaldensis
2969 4191 3232 4248 Ecclesiae
3277 4199 3530 4261 receptus
3569 4195 3656 4246 est
3702 4206 3779 4247 ea:

2178 4287 2274 4342 lib.
2318 4301 2356 4337 γ
2397 4301 2522 4357 cap.
2569 4287 2620 4338 3.
2671 4283 2833 4337 Anno
2876 4281 3114 4338 secundo
3163 4280 3386 4350 (atatim
3427 4277 3778 4350 duodecimo)

2182 4373 2434 4443 Aldfridi,
2483 4373 2574 4443 qui
2613 4379 2738 4444 post
2768 4370 3057 4443 ngridum
3104 4367 3373 4440 regnavit,
3396 4368 3550 4425 alius
3577 4369 3645 4424 ab
3675 4369 3777 4424 Al-

2098 4433 2150 4495 D
2181 4433 2431 4535 chfrido,
2455 4433 2517 4516 id
2545 4433 2632 4518 esi
2656 4433 2959 4526 anno'697,
2991 4433 3197 4514 sedemv
3211 4433 3368 4512 suam
3389 4464 3444 4512 et
3481 4456 3778 4528 episcopa-

2177 4559 2317 4620 tum,
2348 4551 2468 4621 ipso
2499 4566 2633 4622 rege
2662 4549 2942 4616 invitante,
2969 4546 3194 4617 recepit.
3228 4545 3359 4615 Sed,
3381 4552 3506 4616 post
3539 4546 3779 4618 quinque

2177 4656 2370 4709 annos,
2399 4640 2578 4694 denuo
2609 4645 2894 4695 accusatus
2921 4637 2990 4692 ab
3021 4635 3214 4692 eodem
3260 4634 3382 4706 ipso
3411 4649 3542 4706 rege
3571 4643 3625 4690 et
3651 4634 3780 4707 plu-

2175 4729 2328 4785 rimis
2383 4727 2678 4798 episcopis,
2727 4725 3022 4799 praesulatu
3065 4723 3252 4796 pulsus
3298 4730 3396 4790 est,
3441 4722 3780 4794 veniensque

2176 4820 2410 4874 Romam
2440 4832 2594 4874 anno
2625 4818 2780 4873 circa
2807 4817 2932 4882 703,
2961 4833 2996 4870 a
3023 4814 3280 4870 Iohanne
3307 4828 3457 4884 papa
3483 4811 3779 4871 absolutus

2173 4907 2465 4980 repedavit
2494 4905 2558 4962 in
2591 4905 2854 4963 Calliam.
2885 4903 3078 4960 Meldis
3095 4902 3169 4958 ad
3183 4905 3446 4959 extrema
3465 4904 3595 4958 vitta
3613 4902 3780 4960 reda-

2174 5002 2321 5064 ctus,
2355 4996 2620 5052 inducias
2660 5008 2944 5051 annorum
2990 4992 3240 5064 quinque
3287 5007 3322 5046 a
3367 4992 3475 5047 Deo
3524 4993 3768 5048 meruit.

2172 5089 2373 5143 Postea
2423 5086 2485 5140 in
2528 5085 2767 5141 concilio
2805 5081 3076 5138 Niddensi
3127 5080 3436 5136 restitutus
3489 5081 3779 5152 principio

2173 5177 2337 5246 regni
2367 5174 2559 5231 Osredi
2589 5171 2836 5243 Aldfridi
2859 5167 2993 5240 ﬁlii,
3010 5168 3068 5224 id
3088 5171 3173 5225 est
3190 5183 3343 5224 anno
3363 5171 3487 5234 705,
3511 5173 3777 5226 mortuus

2173 5269 2258 5322 cst
2285 5279 2438 5321 anno
2466 5261 2720 5335 ejusdem
2738 5258 2934 5317 Osredi
2955 5260 3103 5331 regis
3123 5261 3344 5330 quarto,
3366 5264 3496 5329 post
3534 5257 3776 5329 quadra-

2171 5353 2323 5426 ginta
2353 5360 2405 5408 et
2434 5351 2672 5423 quinque
2716 5363 2888 5405 annos
2933 5348 3306 5420 episcopatus,
3340 5350 3483 5404 teste
3511 5347 3659 5404 Beda
3701 5348 3770 5405 in

2172 5443 2269 5500 lib.
2293 5457 2349 5511 v,
2381 5458 2506 5514 cap.
2537 5441 2628 5509 20,
2661 5447 2715 5496 et
2743 5439 2976 5510 quidem
3009 5452 3106 5494 vm
3147 5437 3272 5492 Kal.
3303 5436 3430 5493 Maii
3471 5438 3617 5493 anni
3658 5439 3770 5494 709

2170 5531 2449 5589 ineuntis.
2483 5531 2644 5586 Certe
2683 5526 2999 5600 quindecies
3044 5533 3228 5583 ternos
3273 5525 3568 5598 episcopus
3592 5541 3773 5584 annos

2168 5620 2349 5694 egisse
2358 5618 2687 5694 perhibetur
2695 5619 2761 5675 in
2769 5614 3058 5690 epitaphio
3066 5629 3168 5674 suo
3179 5613 3333 5690 apud
3342 5614 3548 5676 Bedam
3557 5614 3768 5676 relato.
