4046 6076
266 242 377 298 713

1590 241 1750 301 νῚΤΑ
1780 243 1839 301 S.
1871 238 2227 301 WILFRIDI.

3470 244 3573 300 714

1306 503 1913 601 PROLOGUS
1994 500 2570 599 AUCTORIS

353 682 415 739 1.
450 681 727 738 Britannia
755 683 853 755 (1),
885 698 1048 755 quam
1091 684 1255 758 Angli
1286 685 1443 742 victis
1472 702 1504 740 a
1550 701 1611 740 se
1656 690 1875 757 protur-
1907 682 1963 743 A
1989 681 2291 755 Anglorum
2320 680 2567 739 Ecclesia
2589 687 2667 737 est
2696 679 2952 739 atrociter
2979 694 3158 753 passa.
3191 679 3351 750 Hinc,
3397 688 3455 736 ut
3482 678 3589 737 alia

276 771 524 844 batisque
553 771 814 827 Brittanis
840 773 1097 846 Angliam
1122 783 1319 830 vocant
1348 781 1402 829 et
1426 774 1688 843 incolunt,
1709 770 1882 828 “omni

278 875 348 914 ex
378 867 529 930 parte
559 859 778 916 Oceano
798 860 994 927 cincta,
1029 869 1136 916 tam
1166 861 1423 936 ingenitis
1471 877 1637 934 quam
1684 870 1736 917 et
1786 879 1885 916 un-

277 948 569 1019 decunque
598 948 780 1004 allatis
833 949 1036 1005 divitiis
1088 950 1324 1005 mirabili
1380 951 1537 1022 capia
1591 949 1885 1022 antiquitus

280 1036 625 1093 exuberabat
655 1055 667 1091 :
693 1054 814 1108 qua
842 1046 900 1094 ut
916 1040 1142 1095 terrenis
1170 1055 1346 1095 rerum
1368 1039 1561 1111 capiis,
1618 1040 1692 1094 ita
1743 1055 1884 1111 quo-

282 1142 390 1197 que
445 1125 915 1181 sanctissimorum
973 1128 1212 1185 virorum
1269 1144 1472 1201 magna
1554 1127 1887 1184 fecunditate

281 1214 547 1286 pollebat.
597 1213 841 1283 Quorum
899 1217 1240 1289 exigentibus
1296 1217 1503 1273 meritis
1563 1217 1619 1271 in
1675 1224 1885 1271 tantum

285 1303 468 1377 gratia
495 1303 596 1360 Dei
625 1305 1017 1375 omnipotentis
1047 1314 1213 1362 totam
1238 1305 1480 1361 insulam
1507 1322 1607 1361 sua
1660 1304 1885 1361 muniﬁ-

287 1393 468 1450 centia
494 1392 795 1461 decoravit,
817 1402 874 1449 ut
902 1402 955 1450 et
982 1395 1157 1449 cultus
1212 1393 1357 1450 circa
1404 1395 1507 1450 Dei
1562 1394 1888 1464 obsequium

288 1482 715 1555 circumquaque
744 1484 1212 1555 multiplicaretur,
1238 1494 1291 1542 et
1336 1501 1430 1540 res
1474 1491 1582 1540 tam
1651 1483 1889 1554 publica

290 1589 454 1643 quam
486 1572 785 1629 familiares
814 1573 985 1629 multa
1034 1589 1170 1645 pace
1212 1572 1471 1644 felicique
1526 1572 1889 1643 prosperitate

290 1661 615 1717 fruerentur.

361 1754 414 1806 2.
475 1750 583 1806 Sed
639 1765 766 1808 cum
814 1750 953 1805 nihil
1017 1750 1170 1807 omni
1216 1766 1286 1807 ex
1350 1759 1503 1822 parte
1583 1749 1887 1816 perfectum

287 1838 574 1894 mundanis
603 1841 767 1895 rebus
795 1848 987 1895 natura
1014 1841 1305 1904 concessit,
1373 1854 1524 1895 caca
1576 1838 1889 1893 damnatrix

288 1928 456 1984 animi
504 1929 771 1998 cupiditas
816 1928 944 1983 dum
1007 1928 1277 1983 interdum
1335 1927 1597 1999 quosdam
1656 1926 1726 1981 ad
1785 1926 1889 1981 hoc

1990 778 2226 840 taceam,
2294 770 2587 827 venerandi
2643 768 2908 827 antistites
2960 770 3194 826 Mellitus
3277 779 3331 826 et
3408 772 3589 827 Justus

1992 858 2228 916 Galliam
2256 866 2442 930 petunt
2493 857 2688 931 Anglia
2729 858 2989 928 expulsi;
3040 859 3165 913 hinc
3215 859 3590 915 sanctissimus

1992 950 2151 1004 Pater
2178 947 2478 1003 Wilfridus
2504 947 2666 1003 toties
2686 964 2717 1002 a
2745 947 2981 1017 propria
3009 946 3294 1019 dignitatis
3320 948 3450 1003 sede
3500 964 3589 1002 re-

1987 1038 2175 1108 jicitur
2205 1055 2217 1100 ;
2248 1037 2374 1091 hinc
2396 1051 2612 1108 quoque
2643 1036 3065 1107 gloriosissimus
3098 1050 3197 1090 rex
3235 1035 3591 1092 Eadmundus

1993 1133 2046 1181 et
2076 1125 2426 1181 beatissimus
2454 1125 2680 1181 antistes
2708 1124 2952 1196 Elfegus
2981 1123 3163 1193 iniqua
3212 1132 3384 1180 morte
3439 1125 3591 1179 dam-

1994 1214 2128 1281 nati,
2161 1213 2412 1285 martyrii
2444 1213 2619 1286 gloria
2670 1212 2996 1284 dignissime
3050 1220 3407 1279 coronantur;
3467 1213 3594 1269 hinc

1994 1302 2156 1358 etiam
2178 1302 2345 1359 dubio
2373 1302 2564 1373 procul
2594 1302 2676 1358 vir
2702 1300 3154 1373 praclarissimus
3212 1309 3265 1357 et
3314 1301 3591 1357 excellen-

1993 1391 2220 1447 tissima
2283 1391 2597 1447 sanctitatis.
2654 1392 2813 1446 Pater
2865 1391 3180 1446 Dunstanus
3218 1390 3275 1444 in
3344 1390 3593 1445 exsilium

1995 1480 2184 1553 pulsus
2215 1480 2379 1535 tuisse
2400 1478 2755 1552 dignoscitur.
2789 1478 2899 1534 Sed
2918 1478 3037 1534 hac
3065 1493 3152 1534 me
3172 1477 3327 1534 brevi
3351 1478 3594 1552 attigisse

1997 1568 2287 1626 sulfecerit.
2319 1569 2557 1639 Majores
2576 1567 2776 1624 etenim
2804 1571 2974 1622 nostri
3003 1567 3074 1622 de
3129 1565 3212 1621 his
3254 1568 3425 1622 multa
3473 1583 3595 1622 me-

1996 1659 2185 1714 moria
2213 1657 2381 1729 digna
2396 1672 2734 1729 cognovere,
2766 1665 2820 1711 et
2872 1655 2991 1712 luce
3045 1654 3286 1711 veritatis
3333 1655 3595 1727 insignita

1996 1746 2198 1804 exinde
2226 1761 2333 1802 sua
2358 1745 2585 1816 posteris
2611 1744 2809 1816 scripta
2828 1744 3117 1816 reliquere.

2069 1839 2120 1890 3.
2175 1836 2243 1890 Et
2298 1835 2556 1907 quoniam
2612 1850 2675 1889 ea
2732 1848 2852 1904 qua
2907 1832 2976 1889 de
3029 1834 3264 1904 prafato
3334 1833 3598 1890 Wilfrido

1997 1923 2199 1994 scripta
2226 1924 2515 1992 habentur,
2546 1938 2656 1978 non
2683 1920 2844 1976 simul
2871 1921 2926 1975 in
2954 1936 3083 1990 uno,
3117 1922 3215 1978 sed
3256 1921 3312 1976 in
3364 1921 3599 1978 diversis

285 2017 661 2089 perduxisset,
692 2024 752 2072 ut
784 2017 894 2072 suis
923 2017 1086 2073 rebus
1113 2017 1351 2073 contenti
1381 2031 1509 2071 esse
1562 2015 1834 2071 nescirent
1867 2032 1882 2080 ;
1913 2037 1967 2097 Β
1998 2013 2308 2068 auctoribus
2337 2027 2527 2082 sparsa
2555 2027 2674 2067 esse
2702 2011 2999 2080 probantur
3027 2028 3041 2075 ;
3091 2018 3317 2083 rogatus
3369 2026 3403 2065 a
3452 2026 3602 2066 non-

286 2105 445 2179 pacis
473 2105 809 2162 munimenta
837 2106 1057 2178 dirupit,
1088 2121 1198 2178 pax
1229 2105 1446 2176 dirupta
1500 2103 1737 2176 rapinas,
1795 2102 1886 2158 in-

286 2195 501 2262 cendia,
532 2195 845 2262 seditiones,
875 2195 1042 2263 bella,
1076 2195 1431 2266 omniumque
1460 2193 1726 2250 bonorum
1783 2207 1885 2247 ex-

289 2283 436 2339 cidia
463 2284 673 2356 peperit
701 2301 714 2347 ;
774 2300 896 2356 qua
923 2298 1308 2354 nonnnuquam
1337 2298 1372 2338 a
1411 2281 1614 2339 sanctis
1643 2280 1887 2352 ejusdem

290 2366 587 2439 provincia
615 2368 746 2425 viris
772 2368 966 2423 detrita
996 2385 1009 2430 ;
1042 2381 1452 2439 nonnunquam,
1485 2365 1615 2437 ipsis
1667 2365 1723 2419 in
1789 2365 1887 2418 im-

290 2472 537 2512 mensum
569 2456 727 2512 malis
753 2456 1140 2520 crescentibus,
1172 2455 1209 2509 ii
1266 2456 1358 2527 qui
1414 2455 1558 2510 mala
1612 2452 1887 2509 deterrere

291 2544 673 2615 moliebantur,
730 2546 880 2601 varia
924 2560 1148 2602 casuum
1202 2543 1610 2615 perturbatione
1694 2541 1886 2597 attriti.

291 2635 437 2689 Dum
459 2635 604 2690 enim
625 2635 863 2689 studium
893 2649 1047 2689 suum
1081 2633 1136 2688 in
1182 2648 1248 2688 eo
1305 2631 1654 2703 potissimum
1704 2646 1887 2702 pone-

289 2732 431 2789 rent,
479 2739 547 2779 ne
603 2737 980 2795 perversorum
1037 2721 1319 2776 hominum
1371 2720 1631 2791 pravitati
1691 2720 1889 2774 amissa

292 2812 376 2867 sui
406 2820 579 2867 status
596 2811 915 2868 rectitudine
941 2810 1241 2879 cederent;
1283 2809 1522 2881 dumque
1573 2808 1653 2863 illi
1709 2824 1739 2864 e
1796 2808 1885 2863 di—

290 2915 448 2956 verso
492 2900 671 2956 modis
719 2899 971 2955 omnibus
1022 2897 1354 2964 insudarent,
1399 2913 1469 2953 ne
1514 2897 1742 2953 istorum
1790 2912 1886 2953 re-

290 2988 536 3046 ctitudini
565 2989 634 3043 ad
665 2988 752 3044 sui
772 2989 1162 3044 correctionem
1191 3002 1309 3042 sese
1348 2986 1434 3042 vel
1490 2986 1562 3041 ad
1606 2986 1887 3042 modicum

292 3078 487 3134 darent
516 3095 529 3140 ;
562 3077 727 3132 iidem
756 3076 1053 3148 nequitiam
1075 3093 1226 3132 suam
1247 3075 1416 3132 modo
1445 3076 1520 3144 vi,
1554 3076 1716 3131 modo
1731 3074 1885 3131 frau-

295 3166 455 3221 dibus
484 3173 818 3233 exercentes,
851 3180 995 3236 quos
1025 3165 1079 3219 in
1099 3165 1308 3221 malitia
1353 3164 1726 3236 nequiverant,
1785 3166 1887 3219 hos

295 3256 348 3309 in
374 3254 648 3311 communi
678 3253 980 3310 vitasocios
1038 3254 1240 3311 habere
1294 3253 1443 3308 nullo
1510 3252 1672 3308 modo
1727 3252 1886 3307 vole-

291 3343 440 3399 bant.
471 3343 611 3400 Hinc
638 3342 792 3397 multi
823 3342 1044 3414 propria
1069 3342 1334 3415 dignitate
1378 3340 1592 3413 privati,
1640 3339 1794 3394 multi
1851 3356 1883 3394 a

1997 2101 2186 2176 nullis,
2217 2100 2412 2171 quibus
2441 2116 2530 2156 me
2584 2098 2955 2155 contradicere
3007 2096 3371 2170 incongruum
3411 2098 3546 2153 duxi
3580 2117 3598 2167 ;

1997 2189 2130 2258 imo,
2163 2193 2223 2244 ut
2251 2205 2442 2245 verum
2472 2189 2662 2257 fatear,
2695 2186 2863 2259 ipsius
2892 2185 3215 2242 sanctissimi
3272 2187 3450 2242 Patris
3502 2188 3596 2242 di-

1997 2278 2232 2335 lectione
2260 2277 2593 2347 compulsus,
2624 2291 2687 2332 ea
2711 2291 2832 2345 qua
2862 2274 3088 2346 sparsim
3119 2275 3189 2330 de
3226 2274 3344 2345 ipso
3400 2277 3604 2347 scripta

2000 2376 2151 2436 sunt,
2194 2374 2385 2422 nostro
2439 2380 2609 2437 opere
2653 2365 2708 2419 in
2763 2380 2932 2419 unum
2986 2379 3313 2434 componere
3365 2363 3596 2421 institui.

2000 2455 2268 2526 Equidem
2288 2453 2457 2522 Beda,
2489 2451 2861 2509 nobilissimus
2887 2452 3068 2524 gentis
3118 2460 3315 2507 nostra
3362 2452 3603 2508 historia

2001 2545 2247 2615 scriptor,
2280 2543 2336 2597 in
2364 2542 2487 2614 ipsa
2515 2540 2751 2596 historia
2781 2540 2849 2595 de
2880 2540 3075 2596 eodem
3096 2541 3250 2595 Patre
3269 2555 3369 2610 per
3382 2539 3605 2597 diversa

2000 2632 2120 2688 loca
2146 2631 2403 2687 nonnulla
2432 2630 2673 2696 disserit,
2707 2637 2761 2684 et
2787 2629 2964 2685 beatae
2994 2629 3271 2684 memoria
3289 2628 3411 2685 Odo
3469 2644 3603 2684 san-

2001 2728 2101 2777 cta
2120 2719 2549 2777 Dorobernensis
2581 2717 2838 2774 Ecclesia
2869 2718 3116 2788 pontifex
3144 2717 3213 2773 de
3243 2718 3357 2773 vita
3378 2725 3431 2773 et
3462 2732 3602 2774 con-

2000 2809 2303 2865 versatione
2330 2807 2443 2877 ejus
2471 2807 2764 2881 quemdam
2785 2806 3028 2862 libellum
3057 2806 3248 2875 edidit,
3308 2813 3603 2877 postquam

1998 2897 2255 2969 reliquias
2302 2897 2472 2967 ipsius
2525 2897 2702 2953 sancti
2759 2896 2829 2952 de
2884 2895 3007 2951 loco
3056 2894 3113 2950 in
3170 2909 3277 2965 quo
3352 2893 3592 2965 primum

1998 2985 2193 3059 positae
2238 2985 2468 3054 fuerant,
2526 2985 2757 3055 excepit,
2808 2991 2861 3039 et
2915 2984 2987 3039 ad
3061 2982 3345 3039 ecclesiam
3442 2982 3606 3037 totius

1999 3075 2288 3131 Britannia
2316 3082 2566 3141 matrem,
2597 3089 2717 3143 qua
2763 3073 2818 3127 in
2871 3072 3005 3127 urbe
3059 3069 3448 3127 Cantuarberia
3503 3071 3607 3126 sita

1999 3172 2105 3231 est,
2137 3178 2339 3236 magno
2392 3162 2702 3218 devotionis
2758 3162 2962 3216 honore
3012 3160 3330 3215 transvexit.
3391 3160 3600 3215 Horum

1996 3252 2160 3324 igitur
2179 3252 2325 3308 dicta
2353 3266 2449 3322 per
2463 3250 2646 3306 omnia
2673 3264 2926 3319 sequens,
2951 3263 3087 3319 pene
3126 3247 3258 3302 nihil
3307 3248 3456 3317 quod
3511 3263 3606 3302 eo-

1994 3357 2117 3396 rum
2148 3339 2464 3395 auctoritate
2512 3337 2759 3393 roborari
2805 3350 2914 3391 non
2969 3335 3157 3405 possit,
3223 3334 3359 3389 nihil
3419 3342 3603 3390 autem

290 3431 466 3505 patria
496 3431 780 3499 eliminati,
811 3431 968 3486 multi
1020 3399 1237 3502 quoque
1292 3429 1666 3487 crudelissima
1708 3437 1881 3484 morte
1912 3399 1962 3463 α
1989 3445 2059 3485 ex
2117 3436 2228 3484 toto
2273 3426 2417 3497 quod
2461 3424 2798 3482 contrarium
2845 3425 2935 3492 sit,
2991 3423 3267 3481 dicturum
3323 3438 3412 3478 me
3473 3422 3597 3477 fore

294 3521 497 3589 necati,
529 3528 582 3576 et
609 3536 641 3575 a
664 3521 814 3590 justo
840 3520 1023 3590 judice
1048 3520 1164 3575 Deo
1194 3518 1589 3591 gloriosissime
1617 3517 1879 3573 coronati.

288 3610 419 3665 Hac
445 3609 499 3664 in
522 3608 821 3679 primordio
845 3607 1201 3663 coalescentis
1230 3605 1359 3663 ﬁdei
1385 3606 1587 3677 partim
1658 3606 1884 3676 insuper

279 3697 622 3754 venientibus
648 3697 703 3752 in
731 3712 790 3753 se
818 3696 1267 3766 pradicatoribus
1295 3703 1380 3751 est
1426 3698 1655 3766 experta
1688 3712 1701 3758 ;
1762 3695 1882 3752 hac

280 3787 336 3842 in
364 3801 626 3856 processu
656 3784 906 3855 ejusdem
942 3783 1069 3838 ﬁdei
1097 3784 1298 3853 partim
1349 3783 1403 3837 in
1431 3781 1666 3854 propriis
1719 3789 1772 3836 et
1824 3781 1881 3835 in

280 3890 339 3931 se
367 3874 665 3946 procreatis
691 3872 1134 3944 pradicatoribus
1159 3880 1242 3928 est
1271 3887 1531 3943 perpessa
1562 3889 1575 3934 ;
1612 3871 1733 3926 hac
1788 3870 1877 3926 ni-

277 3964 573 4019 hilominus
625 3962 816 4018 eadem
868 3960 978 4016 ﬁde
1036 3976 1253 4033 quaque
1308 3960 1532 4016 fundata
1583 3959 1786 4029 partim
1845 3974 1878 4013 a

277 4052 408 4121 suis,
437 4052 638 4124 partim
665 4051 735 4108 ab
762 4050 1006 4108 externis
1034 4049 1303 4119 hostibus,
1360 4048 1416 4104 in
1461 4047 1576 4105 suis
1620 4047 1869 4121 patribus

1994 3515 2225 3573 confido.
2258 3517 2400 3572 Sane
2422 3514 2730 3585 quicunque
2759 3513 2881 3570 hac
2908 3513 2992 3569 vel
3037 3512 3221 3584 legere
3264 3512 3355 3567 vel
3413 3509 3605 3566 audire

1993 3605 2247 3677 dignatus
2270 3603 2452 3672 tuerit,
2487 3618 2682 3675 precor
2707 3610 2765 3657 ut
2793 3601 2894 3657 ista
2921 3618 3007 3656 me
3030 3615 3138 3656 non
3194 3600 3270 3655 ita
3319 3599 3605 3671 scripsisse

1993 3693 2248 3764 accipiat,
2279 3692 2432 3763 quasi
2458 3691 2717 3762 antiquis,
2750 3706 3090 3760 quacunque
3114 3697 3238 3745 sunt
3263 3689 3364 3744 hac
3401 3688 3470 3744 de
3511 3703 3595 3756 re,

1990 3797 2115 3838 mea
2162 3782 2328 3840 velim
2383 3781 2583 3853 scripta
2624 3779 2891 3850 praeferre
2937 3796 2951 3843 ;
3009 3779 3105 3835 sed
3164 3779 3343 3851 potius
3394 3777 3601 3850 cogitet

1988 3879 2044 3927 et
2064 3871 2252 3927 amicis
2279 3871 2418 3926 meis
2443 3885 2530 3924 me
2562 3870 2642 3939 (ut
2669 3867 2806 3937 dixi)
2835 3868 3154 3940 rogantibus
3210 3883 3423 3924 morem
3491 3883 3599 3939 ge-

1988 3974 2130 4026 rere,
2155 3967 2207 4014 et
2225 3966 2409 4015 sancto
2431 3957 2531 4012 Dei
2562 3956 2788 4026 aliquod
2846 3955 3176 4027 obsequium
3235 3956 3349 4013 mei
3395 3956 3601 4015 amoris

1978 4055 2033 4103 et
2055 4048 2374 4105 reverentia
2403 4045 2661 4102 exhibere
2691 4043 2944 4101 voluisse.

1781 4178 2095 4194 —.

1572 4283 2038 4390 INCIPIT
2126 4281 2438 4388 VITA

279 4477 700 4548 Sanctissimi
728 4475 1145 4547 confessoris
1165 4480 1373 4561 atque
1402 4477 1735 4560 pontiﬁcis
1762 4472 2350 4622 ((J)l;t;i:tt)iriVSViltridi,
2386 4475 2581 4556 cujus
2612 4470 2949 4544 festivitas
2985 4471 3235 4542 colitur
3292 4490 3363 4541 1v
3424 4472 3585 4542 Idus

1751 4695 2122 4713 ά--ἠ-α

347 4806 400 4864 4.
437 4809 593 4864 Anno
648 4802 815 4879 igitur
857 4798 1252 4861 Incarnationis
1323 4797 1487 4860 Verbi
1559 4800 1659 4859 Dei
1739 4818 1869 4859 sex-
1898 4807 1952 4869 D
1983 4797 2258 4867 Oswaldo,
2291 4800 2359 4859 de
2389 4797 2586 4872 inclyta
2613 4795 2792 4871 gentis
2812 4795 3107 4870 Anglorum
3130 4796 3388 4869 prosapia
3442 4815 3586 4872 puer

274 4896 573 4954 centesimo
604 4893 881 4950 tricesimo
907 4901 1118 4963 quarto,
1149 4900 1416 4965 regnante
1445 4892 1500 4946 in
1526 4891 1716 4947 Cantia
1764 4891 1875 4948 filio

272 4982 656 5058 gloriosissimi
713 4981 993 5038 Edelberti
1062 4980 1212 5055 regis
1260 4980 1672 5036 Cantuariorum
1728 4979 1878 5035 Ead~

274 5072 462 5141 baldo,
523 5070 670 5126 etin
732 5068 1099 5126 Nordumbria
1181 5084 1495 5126 successore
1559 5062 1880 5124 nobilissimi

1984 4891 2086 4946 Dei
2114 4890 2408 4945 Wilfridus
2436 4888 2721 4944 nobilitate
2750 4894 2930 4953 natus,
2964 4895 3063 4942 ete
3092 4886 3323 4959 vestigio
3380 4891 3587 4947 caelesti

1988 4987 2069 5034 est
2094 4977 2355 5050 prodigio
2391 4977 2596 5032 mundo
2652 4975 2996 5031 nobilissime
3043 4975 3377 5048 designatus.
3446 4980 3581 5036 Cum

1989 5068 2132 5125 enim
2170 5067 2362 5123 beatus
2388 5082 2528 5137 puer
2557 5066 2898 5136 intempesta
2919 5064 3092 5121 noctis
3122 5064 3335 5121 silentio
3389 5070 3581 5126 matris

274 5157 490 5215 Edwini
520 5157 670 5231 regis
715 5157 1299 5215 Nordanhumbrorum
1354 5155 1694 5214 sanctissimo
1750 5171 1884 5231 rege
1989 5156 2230 5229 prodiret
2256 5156 2323 5211 ab
2356 5155 2502 5224 alvo,
2550 5154 2808 5212 columna
2862 5154 3007 5227 ignis
3041 5170 3207 5226 supra
3253 5154 3474 5213 domum
3522 5159 3578 5216 in

344 5336 419 5409 (1)
447 5336 529 5392 Ita
556 5349 668 5395 non
698 5349 822 5394 raro
850 5333 999 5408 apud
1027 5333 1277 5408 antiquos
1303 5334 1565 5410 scriptum
1622 5333 1896 5408 reperitur
1954 5336 2260 5408 Brittania,
2310 5333 2474 5392 etiam
2527 5332 2672 5409 apud
2729 5332 2953 5394 Graecos
3011 5330 3301 5421 Βρεττανία
3329 5350 3573 5394 nonnun-

274 5432 459 5489 quam.

562 5545 803 5601 ΡΑτιιοι..
836 5543 1021 5602 CLIX.

3052 5540 3119 5596 23
