3970 6088
427 261 534 312 715

431 396 545 456 qua
574 361 898 434 nascebatur
927 368 1136 426 ctelitus
1187 363 1385 421 emissa
1442 377 1630 416 omnes
1677 356 2017 456 circumfusae
2049 356 2104 415 Α

429 446 610 526 noctis
640 465 888 522 tenebras
935 458 1087 515 radio
1143 471 1252 509 sua:
1307 450 1441 506 lucis
1483 447 1756 505 obstersit.
1811 446 2027 515 Quique

432 560 600 632 igitur
627 555 925 611 vicinorum
958 547 1085 602 tanti
1142 541 1361 598 luminis
1419 537 1796 609 magnitudine
1847 534 2027 590 subito

432 631 636 704 terrore
675 641 891 706 turbati,
951 637 985 691 ii
1042 633 1296 689 domibus
1357 634 1639 701 proruunt,
1701 633 1753 681 et
1800 631 2028 695 stupore

433 735 611 792 aﬁ'ecti
639 729 833 802 singuli
865 725 1010 797 quod
1042 722 1216 794 primo
1247 734 1443 790 capere
1469 724 1721 789 poterant
1743 713 2024 784 arripiunt,

431 834 484 880 et
530 824 582 876 in
641 818 851 874 turbam
891 811 1065 870 coacti
1125 810 1336 865 turbato
1394 820 1668 860 murmure
1724 804 1793 857 ad
1843 803 2028 874 ignem

431 911 635 970 coneite
669 912 910 962 currunt.
969 900 1061 956 Ad
1118 899 1342 954 domum
1399 911 1572 966 usque
1627 891 2025 962 pervenientes,

432 1003 725 1065 ﬂammam,
759 1003 814 1048 ut
844 997 1103 1062 cmperat,
1126 987 1308 1041 radios
1335 985 1672 1040 emittentem
1699 980 1980 1036 inveniunt
2011 996 2023 1042 ;

431 1091 524 1144 sed
548 1089 773 1142 domum
798 1091 850 1137 et
883 1093 1220 1151 quacunque
1269 1073 1443 1129 vicina
1492 1071 1564 1125 nil
1621 1068 1861 1124 lmsionis
1917 1067 2029 1138 pati

431 1179 690 1232 mirantes
721 1171 1006 1243 aspiciunt.
1040 1165 1221 1219 Nimio
1251 1163 1430 1233 itaque
1459 1170 1674 1230 stupore
1706 1166 1963 1228 paventes
2013 1189 2026 1228 ε

434 1291 456 1315 ιι
486 1270 636 1336 Ριιρθ
669 1265 680 1316 !
717 1260 982 1330 inquiunt,
1015 1254 1271 1325 quidnam
1304 1251 1444 1321 signi
1474 1250 1577 1304 hoc
1607 1248 1764 1302 nobis
1805 1247 2030 1300 innuere

429 1334 586 1429 putas
615 1353 640 1406 ?
662 1351 916 1406 nimirum
935 1343 1100 1400 divini
1118 1351 1199 1397 est
1217 1339 1450 1394 numinis
1470 1353 1650 1392 omen.
1677 1359 1698 1385 ι
1724 1336 1793 1390 Et
1810 1334 2030 1391 domum

434 1424 644 1500 irruere
667 1435 974 1494 volentibus
1001 1435 1353 1488 occurrerunt
1412 1426 1666 1480 mulieres
1721 1424 1790 1480 de
1843 1424 2026 1490 domo,

433 1535 671 1588 dicentes
700 1546 713 1591 ;
747 1551 766 1574 u
803 1523 1091 1588 Sustinete,
1125 1519 1401 1585 sustinete,
1431 1530 1733 1586 precamur,
1767 1530 1872 1584 quo
1914 1512 2029 1566 rui-

434 1621 551 1677 tis‘?
609 1619 678 1674 ad
731 1627 951 1669 causam
987 1610 1130 1681 ignis
1172 1604 1606 1677 cognoscendam
1675 1618 1834 1673 quem
1917 1617 2031 1672 prae

1384 234 1694 293 EADMERI
1729 224 2284 290 CANTUARIENSIS
2323 222 2643 281 MONACH!

3632 219 3735 275 7“

2133 351 2416 422 obsequio.
2449 350 2568 417 Quo
2607 349 2798 421 regina
2853 347 3182 404 venerabilis
3223 347 3434 419 agnito,
3496 344 3733 400 multum

2133 440 2251 508 ejus
2281 437 2447 492 animi
2470 438 2660 492 virtute
2681 437 2881 506 laetata,
2912 436 3197 492 consilium
3242 435 3403 489 simul
3463 442 3520 489 et
3576 431 3736 487 auxi-

2134 528 2265 582 lium
2299 535 2461 581 tantze
2491 525 2567 581 rei
2597 525 2942 596 perﬁciendae
2981 524 3177 580 devota
3218 523 3412 578 mentis
3459 522 3738 576 alacritate

2135 616 2328 688 largita
2349 623 2452 669 est.
2492 615 2556 668 Et
2575 614 2828 686 quoniam
2859 613 3111 669 eumdem
3135 613 3311 668 virum
3369 610 3737 666 monasticam

2135 703 2395 776 singulari
2447 702 2612 758 vitam
2661 703 2921 774 praeferre
2977 701 3284 773 cognovit;
3339 717 3487 767 eum,
3537 705 3598 753 ut
3637 697 3738 768 ipsi

2136 793 2355 864 placuit,
2388 793 2456 846 ad
2481 792 2713 846 insulam
2745 791 3242 845 Lindisfarnensem
3274 789 3481 854 venire,
3515 796 3570 843 et
3618 801 3738 841 mo-

2136 883 2373 936 nasterio
2401 881 2791 936 monachorum
2814 880 3012 936 sociari
3037 879 3182 935 fecit.
3217 878 3338 947 Quo
3399 878 3738 942 constitutus,

2138 971 2430 1042 diligenter
2457 985 2522 1025 ea
2550 986 2671 1041 quae
2726 968 3039 1024 monasticae
3091 967 3360 1024 castitatis
3417 981 3482 1022 ac
3525 964 3744 1036 pietatis

2138 1068 2291 1115 erant
2322 1059 2567 1115 ediscere
2593 1057 2821 1112 curabat
2851 1065 2903 1112 et
2928 1073 3112 1130 agere.
3163 1057 3231 1111 Et
3285 1056 3541 1126 quoniam
3606 1053 3744 1108 acris

2139 1155 2250 1203 erat
2271 1148 2495 1218 ingenii,
2520 1146 2706 1201 didicit
2735 1153 2931 1217 quanto
2963 1145 3123 1202 citius
3155 1143 3396 1216 psalmos
3427 1152 3480 1198 et
3535 1143 3742 1215 aliquot

2142 1237 2380 1304 codices,
2413 1237 2641 1290 necdum
2677 1235 2895 1306 quidem
2917 1243 3182 1303 attonsus,
3227 1249 3416 1289 verum
3477 1232 3555 1287 eis
3627 1248 3744 1302 quae

2139 1333 2361 1380 tonsura
2391 1326 2621 1392 majores
2643 1332 2763 1378 sunt
2795 1324 3102 1391 virtutibus,
3158 1323 3365 1378 scilicet
3424 1320 3744 1376 humilitatis

2139 1422 2190 1468 et
2210 1414 2551 1480 obedientiaa,
2593 1429 2701 1468 non
2751 1410 3101 1468 mediocriter
3157 1411 3470 1482 insignitus.
3521 1411 3748 1481 Propter

2139 1502 2282 1572 quod
2313 1517 2343 1557 a
2373 1501 2670 1557 senioribus
2699 1510 2749 1556 et
2779 1501 3071 1557 coretaneis
3117 1501 3230 1556 suis
3267 1501 3416 1569 justo
3464 1498 3747 1556 colebatur

2140 1591 2354 1646 affectu.

432 1709 603 1766 oculis
636 1703 845 1759 habetis
876 1708 1158 1769 tantOpere
1203 1695 1424 1751 tenditis
1454 1695 1481 1746 εἰ
1536 1708 1643 1748 non
1709 1691 1870 1746 aliam
1911 1705 2030 1746 esse
2060 1711 2112 1770 Β
2213 1699 2266 1751 7,
2306 1697 2364 1750 [η
2395 1712 2502 1767 quo
2532 1696 2858 1752 monasterio
2900 1711 3023 1753 cum
3056 1695 3263 1766 aliqua;
3313 1696 3472 1750 armis
3529 1695 3745 1752 Christ

439 1813 596 1870 quam
630 1807 858 1864 puerum
889 1804 1033 1842 nunc
1064 1785 1324 1840 maternis
1355 1781 1655 1838 visceribus
1680 1780 1885 1836 editum
1932 1795 2030 1850 pro

435 1869 582 1942 certe
613 1878 885 1937 noveritis.
925 1899 945 1925 ι»
982 1875 1102 1944 Quo
1120 1873 1356 1945 cognito,
1383 1887 1570 1942 gressu
1601 1869 1804 1924 reﬂexo
1836 1869 1890 1922 in
1932 1883 2033 1922 sua

438 1976 684 2038 redeunt,
717 1965 994 2037 magnalia
1051 1962 1147 2016 Dei
1199 1976 1296 2015 sua
1353 1960 1640 2014 devotione
1694 1965 2030 2012 venerantes.

439 2063 578 2134 Quid
611 2061 677 2114 ad
710 2058 825 2112 haec
857 2052 1146 2108 dicendum
1201 2050 1228 2102 εἰ
1278 2049 1552 2118 antiquum
1610 2046 1777 2117 Moysi
1828 2044 2034 2100 famulo

438 2152 537 2209 Dei
565 2158 838 2206 ostensum
898 2144 952 2196 in
1009 2141 1143 2195 rubo
1203 2138 1534 2192 miraculum
1591 2135 1860 2203 videmus,
1913 2149 2035 2187 cum

439 2257 566 2297 ecce
589 2240 639 2292 in
674 2238 837 2290 domo
861 2231 1012 2303 pueri
1042 2229 1142 2283 Dei
1166 2228 1307 2298 ignis
1337 2228 1559 2292 aestuat,
1598 2242 1697 2280 nec
1728 2223 2033 2290 comburit;

445 2331 664 2384 ﬂamma
713 2322 930 2388 emicat,
976 2334 1076 2372 nec
1131 2315 1335 2385 aliquid
1393 2313 1682 2369 consumit.
1760 2311 1832 2366 Et
1903 2311 2038 2366 illud

447 2397 665 2492 quidem
697 2410 988 2482 antiquitus
1015 2408 1212 2462 factum
1248 2404 1374 2476 quid
1406 2403 1545 2492 signi
1570 2401 1875 2474 protulerit,
1922 2401 2038 2471 jam

450 2506 683 2563 mundus
713 2498 934 2572 agnovit
969 2513 979 2548 :
1014 2497 1115 2550 hoc
1145 2502 1323 2548 autem
1357 2492 1410 2545 in
1440 2491 1625 2560 seipsa
1647 2496 1873 2559 experta
1904 2503 2042 2560 pene

445 2596 607 2654 totius
664 2587 880 2662 Anglici
936 2583 1088 2655 regni
1146 2581 1400 2637 nobilitas
1454 2579 1661 2633 didicit.
1717 2578 1794 2633 Re
1843 2575 2041 2632 etenim

451 2687 566 2755 ipsa
593 2681 880 2753 probatum
912 2682 1010 2739 est,
1071 2671 1217 2742 quod
1271 2670 1406 2722 sicut
1453 2669 1583 2720 olim
1640 2666 1904 2721 Dominus
1950 2682 2045 2755 p0-

449 2754 638 2843 pulum
669 2781 826 2821 surm
854 2780 919 2817 ex
943 2760 1190 2831 iEgyptia
1220 2757 1476 2812 servitute
1503 2755 1846 2821 liberaturus,
1882 2754 2048 2824 ipsius

458 2840 790 2914 libet-alienis
820 2849 1177 2904 ministerium
1207 2845 1372 2914 Moysi
1403 2860 1498 2915 per
1539 2843 1720 2914 ignem
1778 2841 1897 2896 rubi
1944 2840 2045 2896 de-

451 2944 733 3004 mandavit
763 2959 776 3004 ;
806 2941 882 2994 sic
910 2946 960 2992 et
991 2935 1290 2991 nuncidem
1307 2934 1574 2988 Dominus
1592 2932 1756 2985 alium
1786 2929 2048 3000 pepulum

454 3053 608 3092 suum
639 3051 671 3087 a
699 3028 932 3086 tenebris
962 3024 1221 3079 vitiorum
1251 3023 1565 3086 educturus,
1599 3037 1758 3092 quem
1802 3019 2044 3089 ejusdem

455 3121 758 3182 eductionis
787 3114 1158 3189 magisterium
1188 3111 1390 3167 habere
1408 3109 1690 3182 delegerit,
1728 3125 1823 3179 per
1878 3107 2051 3162 emis-

457 3231 573 3272 sur'n
605 3211 815 3268 curlitus
836 3209 1017 3278 ignem
1037 3200 1366 3273 designavit.

529 3327 580 3377 5.
611 3315 917 3374 Primordia
944 3328 1076 3383 ergo
1115 3309 1238 3365 vitae
1291 3306 1637 3363 beatissimus
1699 3307 1857 3361 Pater
1909 3304 2057 3360 Wil-

462 3411 635 3470 fridus
665 3415 823 3463 tanta:
854 3401 1154 3458 nobilitatis
1173 3400 1331 3468 signo
1386 3397 1681 3468 accipiens,
1740 3410 1868 3452 cum
1923 3402 2062 3448 esset

462 3516 597 3574 puer
625 3499 780 3552 bonae
835 3491 1050 3556 indolis,
1104 3489 1283 3544 eidem
1322 3485 1609 3574 nobilitati
1667 3501 1763 3574 sua
1793 3483 2062 3574 industria

464 3571 674 3644 morum
703 3581 1043 3638 nobilitatem
1070 3573 1437 3646 superaddere
1467 3573 1693 3627 studuit.
1743 3571 1896 3627 Unde
1925 3578 2062 3625 asta-

465 3686 575 3732 tcm
605 3671 851 3728 moribus
883 3665 1164 3733 transiens,
1189 3662 1262 3716 nil
1285 3661 1507 3732 puerilis
1553 3659 1804 3729 levitatis,
1851 3658 1926 3712 nil
1974 3658 2062 3712 in-

470 3762 716 3820 solentia:
747 3759 802 3811 in
831 3755 945 3810 suis
965 3752 1206 3808 moribus
1236 3750 1523 3805 admittere
1546 3749 1712 3805 voluit
1745 3766 1756 3809 ;
1784 3746 1878 3802 sed
1909 3747 1982 3801 ita
2009 3763 2064 3800 se

471 3861 718 3920 tempore
747 3846 925 3900 adhuc
955 3850 1156 3897 tenera:
1209 3839 1383 3894 tetatis
1431 3837 1676 3893 modeste
1731 3845 1786 3892 et
1839 3835 2067 3891 circum-

473 3937 732 4014 spectein
752 3932 1004 3991 omnibus
1033 3929 1276 4002 gerebat,
1335 3935 1392 3982 ut
1447 3926 1642 3982 merito
1696 3942 1727 3980 a
1770 3925 2068 4014 majoribus

475 4013 634 4102 quasi
663 4040 801 4080 unus
831 4037 901 4076 ex
919 4019 1050 4092 ipsis
1078 4025 1365 4082 amaretur,
1387 4021 1748 4082 veneraretur,
1772 4013 2069 4084 amplecte-

477 4129 638 4178 retur.
675 4114 862 4171 Vultus
890 4111 1033 4168 enim
1065 4123 1277 4179 magnae
1298 4105 1616 4175 venustatis,
1649 4105 1743 4158 sed
1775 4104 1830 4157 in
1884 4102 2070 4156 habitu

477 4209 657 4266 vultus
685 4210 798 4259 erat
828 4200 875 4256 ei
894 4199 1060 4253 multo
1117 4195 1393 4251 venustior
1440 4209 1556 4248 mos
1611 4191 1912 4264 probitatis.
1973 4189 2073 4244 Fa-

476 4296 688 4365 cundze,
727 4298 784 4346 ut
815 4291 866 4344 id
897 4287 1072 4344 anatis
1105 4294 1257 4340 tenor
1283 4283 1569 4338 admittere
1598 4288 1831 4351 poterat,
1890 4279 2076 4334 munia

478 4387 700 4458 linguae,
732 4395 841 4435 non
871 4373 1170 4448 garrulitati
1201 4373 1284 4429 vel
1309 4371 1632 4426 detractioni
1693 4377 1785 4424 aut
1832 4377 2068 4458 conten-

477 4457 628 4540 tioni,
657 4469 750 4525 scd
775 4468 845 4522 iis
877 4481 996 4534 qua:
1023 4462 1122 4518 Dei
1151 4469 1273 4516 sunt
1315 4475 1527 4514 summo
1583 4457 1758 4513 studio
1813 4457 2070 4513 dedicare

478 4561 720 4618 curabat.

553 4657 605 4706 6.
639 4653 702 4704 At
731 4654 1014 4718 postquam
1047 4637 1384 4712 perfectioris
1423 4635 1598 4691 {etatis
1650 4634 1832 4706 attigit
1880 4642 2069 4703 metas,

483 4741 739 4796 defuncta
783 4741 974 4799 matre,
1033 4729 1217 4785 statuit
1265 4727 1470 4782 natales
1526 4725 1836 4794 relinquere
1918 4723 2070 4791 fines,

480 4844 585 4898 quo
614 4822 832 4879 liberius
861 4828 1045 4891 posset
1103 4816 1313 4872 Domini
1369 4814 1600 4870 servitiis
1640 4828 1862 4883 operam
1921 4812 2072 4866 dare.

483 4914 640 4982 Quod
670 4912 759 4966 ubi
784 4909 1036 4981 patrisuo
1066 4905 1264 4972 retulit,
1295 4904 1524 4959 libenter
1553 4901 1670 4970 ejus
1700 4901 1837 4956 votis
1868 4916 1930 4955 ac
1974 4901 2076 4954 de-

481 5001 695 5058 sideriis
715 4997 1024 5054 cmlestibus
1053 4994 1259 5062 annuit,
1292 5007 1523 5063 eumque
1554 4989 2082 5058 salutaribuscmptis

486 5093 736 5146 insistere
761 5085 937 5158 jussit.
973 5082 1075 5140 Ubi
1106 5099 1232 5137 vero
1269 5090 1518 5152 quartum
1576 5079 1851 5134 decimum
1909 5076 2082 5133 reti—itis

489 5178 732 5250 explevit
761 5171 1296 5238 annum,comitatus
1319 5168 1614 5224 munimine
1653 5168 1773 5236 Dei,
1821 5166 1972 5224 venit
2013 5165 2083 5221 ad

489 5270 733 5343 reginam
767 5261 1082 5320 Eanﬂedam
1113 5258 1366 5314 nomine:
1428 5274 1461 5312 a
1518 5273 1625 5328 qua
1669 5256 1906 5328 benigne
1959 5271 2082 5309 sus-

489 5368 674 5431 ceptus
700 5364 752 5411 et
781 5347 1094 5422 aliquandiu
1132 5363 1333 5418 magno
1380 5361 1503 5403 cum
1563 5347 1765 5401 honore
1814 5345 2084 5414 detentus,

487 5446 716 5504 innotuit
734 5443 836 5500 sibi
865 5438 1203 5512 propositum
1225 5450 1344 5490 sua:
1377 5435 1578 5490 mentis
1605 5434 1660 5488 in
1691 5449 1758 5488 eo
1790 5449 1947 5505 quam
1979 5449 2084 5504 po-

488 5538 763 5596 tissimum
793 5531 1007 5601 esse,ut
1036 5525 1226 5585 relicto
1258 5523 1456 5582 sreculo
1505 5522 1604 5581 Dei
1660 5538 1720 5579 se
1775 5522 2086 5592 mancipare

2101 4419 2152 4479 D

2140 1786 2779 1853 serviret,animadvertit
2809 1785 3072 1857 paulatim
3120 1785 3469 1855 adolescens,
3523 1786 3744 1841 minime

2140 1873 2434 1945 perfectam
2480 1890 2601 1929 esse
2661 1875 2875 1930 virtutis
2925 1874 3092 1940 viam,
3153 1890 3273 1946 qua:
3334 1874 3656 1930 tradebatur
3718 1892 3749 1930 a

2144 1964 2338 2031 Scotis,
2370 1963 2760 2034 preposuitque
2791 1963 2974 2018 animo
3030 1965 3260 2020 Romam
3307 1964 3520 2032 venire,
3566 1973 3621 2019 et
3658 1965 3747 2035 qui

2142 2052 2213 2107 ad
2244 2053 2430 2107 sedem
2453 2051 2806 2122 apostolicam
2827 2052 2963 2107 ritus
2993 2051 3344 2106 ecclesiastici
3375 2053 3494 2108 sive
3525 2069 3746 2108 monas-

2147 2139 2359 2195 teriales
2389 2149 2733 2195 servarentur
2761 2140 3138 2210 videre.Quod
3159 2155 3286 2196 cum
3303 2140 3561 2196 fratribus
3580 2141 3744 2196 reter-

2146 2237 2245 2297 ret,
2277 2231 2391 2298 ejus
2418 2229 2757 2301 propositum
2808 2229 3179 2298 laudaverunt,
3209 2245 3440 2300 eumque
3490 2229 3543 2283 id
3603 2229 3745 2301 quod

2146 2325 2326 2372 mente
2353 2317 2690 2387 disposuerat
2717 2317 2987 2388 perﬁcere
3015 2319 3342 2374 suadebant.
3378 2321 3448 2372 At
3480 2318 3571 2373 ille
3607 2334 3745 2374 con-

2151 2406 2330 2461 festim
2361 2407 2584 2462 veniens
2635 2407 2703 2462 ad
2732 2407 3050 2478 pradictam
3091 2407 3362 2480 reginam,
3417 2407 3677 2463 indicavit
3718 2425 3746 2462 e

2149 2495 2482 2550 desiderium
2512 2496 2612 2549 sibi
2645 2496 2822 2551 inesse
2853 2495 3225 2567 apostolorum
3258 2497 3446 2551 limina
3468 2496 3747 2553 visitandi.

2153 2585 2285 2651 Quae
2340 2583 2607 2639 delectata
2655 2585 2797 2640 bono
2853 2585 3212 2640 adolescentis
3250 2585 3550 2657 proposito,
3609 2585 3751 2639 misit

2153 2673 2306 2728 illum
2339 2673 2584 2729 Cantiam
2615 2674 2682 2728 ad
2705 2689 2891 2745 regem
2911 2674 3327 2742 Erconbertuin,
3347 2673 3438 2745 qui
3482 2682 3596 2729 erat
3618 2673 3755 2728 ﬁlius

2155 2763 2410 2817 avunculi
2467 2763 2571 2821 sui.
2629 2763 2904 2832 postulans
2958 2770 3016 2817 ut
3073 2780 3198 2818 eum
3259 2763 3488 2818 Romam
3577 2765 3751 2818 bono-

2154 2850 2306 2906 rifice
2336 2851 2736 2917 transmitteret,
2761 2868 2868 2924 quo
2902 2860 3144 2924 tempore
3174 2852 3248 2906 ibi
3296 2852 3526 2923 gradum
3575 2852 3760 2908 archi-

2156 2940 2498 3011 episcopatus
2532 2940 2820 3008 llonorius,
2851 2957 2989 2995 unus
3013 2957 3080 2995 ex
3108 2940 3394 3011 discipulis
3414 2941 3558 2995 beati
3604 2955 3761 3013 papa

2163 3028 2436 3100 Gregorii,
2469 3028 2745 3094 servabat,
2769 3031 2851 3083 vir
2880 3028 2934 3083 in
2963 3029 3124 3084 rebus
3168 3029 3550 3085 ecclesiasticis
3602 3029 3768 3084 subli-

2164 3117 2322 3172 miter
2374 3116 2660 3171 institutus.
2705 3116 2801 3172 Ubi
2833 3133 2955 3172 cum
3005 3117 3393 3189 aliquantisper
3439 3109 3768 3172 demoratusi

2165 3204 2486 3260 adolescens
2515 3205 2679 3259 animi
2701 3206 2937 3278 sagacis,
2967 3205 3256 3277 diligenter
3274 3207 3340 3260 iis
3368 3222 3490 3278 quae
3518 3205 3776 3278 inspicie-

2168 3295 2260 3348 bat
2310 3293 2556 3350 dicendis
2613 3309 2832 3364 Operam
2890 3293 3060 3362 daret,
3114 3295 3434 3364 supervenit
3481 3294 3578 3349 illo
3629 3295 3770 3349 alius

2169 3383 2488 3438 adolescens
2520 3383 2741 3437 nomine
2773 3383 2988 3453 Biscop,
3011 3390 3374 3454 cognomento
3416 3383 3762 3451 Benedictus,

2169 3471 2238 3528 de
2296 3471 2571 3526 nobilibus
2628 3472 2951 3542 Anglorum,
2995 3473 3224 3542 cupiens
3272 3480 3329 3527 et
3383 3472 3503 3543 ipse
3547 3473 3772 3527 Romam

2171 3560 2374 3615 venire.
2416 3559 2590 3628 Hujus
2617 3574 2748 3630 ergo
2777 3559 3053 3615 comitatui
3082 3577 3178 3614 rex
3205 3561 3425 3616 beatum
3458 3560 3772 3615 Wilfridum

2171 3648 2413 3715 sociavit,
2441 3655 2600 3720 atque
2631 3656 2691 3703 ut
2736 3648 2889 3703 illum
2933 3649 3166 3705 Romam
3222 3663 3406 3706 secum
3454 3649 3774 3719 perduceret

2169 3737 2349 3810 jussit.

2246 3844 2298 3894 8.
2331 3838 2434 3908 Qui
2465 3854 2590 3895 cum
2615 3838 2934 3912 Lugdunum
2956 3840 3346 3911 pervenissent,
3390 3856 3425 3897 a
3479 3839 3775 3898 venerabili

2177 3928 2392 3984 Dalﬁno
2449 3928 2693 3998 ejusdem
2749 3929 2990 3985 civitatis
3033 3930 3447 4001 archiepiscopo
3484 3929 3779 3987 honoriﬁce

2178 4017 2415 4086 suscepti
2444 4024 2584 4071 sunt.
2610 4017 2896 4072 Wilfridus
2917 4033 2950 4072 a
2972 4017 3225 4087 pontifice
3283 4019 3557 4086 detentus,
3604 4019 3777 4074 Bene-

2180 4105 2353 4161 dictus
2407 4107 2632 4160 Romam
2688 4121 2859 4177 usque
2915 4107 3191 4177 profectus
3227 4115 3328 4163 est.
3398 4107 3780 4164 Delectabatur

2181 4195 2376 4249 etenim
2400 4193 2624 4249 antistes
2654 4194 2947 4263 prudentia
2975 4195 3265 4250 verborum
3304 4195 3672 4252 strenuissimi
3703 4196 3783 4264 ju-

2181 4283 2359 4352 venis,
2406 4282 2586 4354 gratia
2648 4283 2857 4338 venusti
2911 4282 3116 4353 vultus,
3184 4283 3464 4340 alacritate
3526 4285 3769 4351 actionis,

2181 4371 2982 4428 constantianecnematuritate
3011 4371 3347 4428 intentionis.
3406 4372 3562 4429 Unde
3627 4390 3779 4446 qum-

2182 4477 2284 4531 que
2316 4459 2624 4516 necessaria
2659 4459 2916 4530 habebat,
2966 4460 3066 4531 ipsi
3101 4463 3230 4516 cum
3267 4460 3433 4517 sociis
3460 4463 3604 4532 ejus,
3653 4463 3782 4518 dum

2180 4565 2366 4606 secum
2383 4565 2504 4604 esse
2521 4548 2796 4614 volebant,
2831 4548 3167 4604 abundanter
3197 4549 3496 4606 tribuebat.
3541 4550 3688 4619 Quin
3729 4558 3783 4607 et

2183 4637 2619 4695 beatoWiltrido
2650 4645 2974 4708 partemnon
3021 4637 3292 4693 modicam
3331 4638 3637 4694 Galliarum
3688 4655 3781 4695 re-

2182 4727 2414 4800 gendam
2436 4725 2648 4792 obtulit,
2669 4739 2733 4781 ac
2757 4725 2919 4780 filiam
2941 4725 3117 4780 fratris
3155 4726 3238 4781 sui
3262 4726 3551 4798 virginem,
3572 4728 3618 4782 si
3648 4743 3782 4784 con—

2181 4819 2370 4888 jugem
2401 4815 2600 4870 ducere
2619 4813 2801 4881 vellet,
2821 4815 2869 4870 ei
2893 4830 2951 4870 se
2968 4813 3217 4868 daturum
3232 4815 3346 4870 fore
3367 4815 3638 4886 promisit,
3658 4831 3786 4889 qua-

2187 4910 2340 4956 tenus
2358 4899 2568 4970 ipseilli
2587 4897 2638 4952 in
2657 4906 2950 4969 patrem,et
2973 4898 3067 4954 ille
3096 4899 3202 4968 ipsi
3224 4907 3369 4954 esset
3399 4900 3491 4954 tali
3521 4902 3785 4970 conjunc-

2188 4989 2334 5044 tione
2363 4987 2417 5040 in
2453 4985 2641 5041 lilium.
2679 4989 2748 5040 At
2780 4986 2870 5041 ille
2917 4986 3120 5058 gratias
3168 5001 3339 5059 agens
3387 4987 3577 5059 pietati
3624 5005 3790 5060 quam

2190 5093 2320 5148 erga
2348 5092 2426 5142 sc,
2450 5091 2568 5131 cum
2585 5073 2900 5147 peregrinus
2917 5075 3191 5143 existeret,
3211 5075 3525 5148 dignaretur
3566 5078 3788 5146 habere,

2191 5164 2590 5237 responditsibi
2621 5164 2795 5235 magis
2823 5163 3163 5235 propositum
3223 5163 3443 5220 alterius
3489 5171 3788 5224 Conversa-

2191 5254 2352 5309 tionis
2379 5252 2578 5320 inesse,
2617 5261 2670 5308 et
2712 5253 2782 5308 ob
2827 5253 2932 5309 hoc
2976 5251 3166 5308 relicta
3209 5253 3386 5323 patria
3446 5254 3676 5309 Romam
3713 5254 3791 5310 ire

2191 5343 2445 5414 coepisse.
2489 5340 2703 5410 Quibus
2775 5339 3001 5396 antistes
3074 5333 3292 5410 auditis,
3365 5333 3498 5399 dato
3575 5342 3784 5398 itineris

2194 5431 2350 5500 duce,
2393 5431 2550 5486 simul
2571 5430 2708 5486 etiis
2737 5445 2862 5503 quae
2884 5436 3044 5486 tantae
3065 5429 3479 5488 viaenecessitas
3524 5431 3790 5504 poscebat

2193 5521 2415 5593 copiose
2442 5519 2726 5592 impensis,
2758 5519 2934 5593 ipsum
2973 5519 3199 5576 Romam
3247 5518 3557 5592 transabit,
3617 5520 3787 5579 obse-
