4046 6076
271 282 378 344 ’71⁸2

1620 272 1783 335 VITA
1822 277 1880 334 S.
1911 271 2291 334 WILFRfDl.

3470 281 3575 339 7i8

270 427 429 470 crans
447 417 501 468 et
525 408 697 467 multa
725 420 891 482 prece
919 408 1252 474 contestans,
1283 406 1552 473 quatenus
1602 401 1671 458 de
1700 402 1874 460 Roma
1901 402 1956 467 A
1983 401 2135 472 poris
2161 416 2363 474 magno
2394 400 2588 459 terrori
2619 400 3031 477 quamplurimis
3057 409 3190 475 erat,
3241 421 3339 462 sua
3368 406 3581 465 scilicet
3672 478 3673 481 η

269 501 490 557 rediens
520 498 590 556 ad
620 514 681 556 se
713 496 1033 555 declinaret.

342 613 395 666 9.
428 609 499 665 Ut
526 615 707 665 autem
736 606 969 663 Romam
998 601 1168 668 venit,
1230 599 1529 657 beatissimi
1588 599 1871 673 apostolo-

271 714 396 754 rum
411 696 679 770 principis
701 695 888 751 limina
908 692 1097 750 orandi
1114 690 1292 764 gratia
1311 690 1469 761 petiit
1492 709 1504 745 :
1529 697 1870 764 etegressus,

268 786 518 861 germani
546 785 690 843 beati
724 784 890 849 Petri,
925 783 1118 839 eadem
1147 779 1538 849 causaductus,
1573 778 1875 836 oratorium

270 885 353 933 est
380 876 680 949 ingressus,
712 873 973 943 humique
996 876 1295 943 prostratus
1325 870 1428 925 hac
1484 885 1648 939 prece
1710 867 1876 924 fertur

270 965 425 1036 pium
453 963 779 1037 apostolum,
815 977 978 1032 quem
1008 967 1191 1016 mente
1244 965 1577 1029 praesentem
1628 955 1871 1023 videbat,

270 1054 458 1126 palam
488 1067 786 1126 rogassem
818 1048 1065 1107 Piissime
1120 1046 1490 1119 apostolorum
1547 1046 1668 1115 Dei,
1713 1046 1879 1102 frater

276 1140 574 1198 beatissimi
601 1138 832 1210 apostoli
864 1138 1026 1205 Petri,
1051 1152 1119 1192 en
1138 1151 1243 1210 ego
1255 1137 1565 1208 peregrinae
1582 1134 1877 1208 provinciae

272 1230 413 1289 civis
441 1231 513 1287 ad
538 1237 630 1285 tua
656 1228 848 1284 limina
890 1225 1036 1295 veni,
1100 1225 1314 1283 veniam
1357 1241 1456 1297 pro
1469 1224 1707 1297 peccatis
1737 1224 1878 1281 meis

275 1319 667 1393 postulaturus.
714 1319 911 1374 Precor
940 1324 992 1371 te
1019 1314 1185 1386 igitur
1237 1330 1338 1384 per
1384 1313 1660 1385 pietatem,
1717 1329 1876 1385 quam

278 1409 490 1467 caeteris
516 1414 772 1478 prestare
800 1405 970 1462 totius
998 1404 1146 1461 orbis
1203 1404 1549 1459 attestatione
1607 1402 1876 1475 probaris,

276 1506 337 1555 ut
362 1497 580 1555 veniam
609 1502 978 1567 peccatorum,
1011 1509 1174 1566 quam
1191 1509 1288 1565 per
1305 1496 1358 1547 te
1380 1491 1630 1548 obtinere
1642 1490 1876 1557 conﬁdo,

280 1602 386 1643 non
418 1600 659 1658 quaeram
689 1584 746 1639 in
774 1599 993 1652 vanum,
1039 1597 1109 1637 ne
1159 1579 1291 1636 mihi
1348 1587 1512 1636 tanta:
1565 1579 1881 1653 progressio

280 1676 386 1733 via:
414 1674 676 1746 procedat
701 1672 989 1728 incassum.
1021 1671 1243 1739 Verum,
1271 1676 1329 1724 ut
1374 1669 1643 1739 experiar,
1665 1668 1884 1725 vincula

1976 491 2278 564 Anglorum
2306 491 2450 549 natio
2478 492 2773 550 interdixit.
2813 494 3019 567 Corpus
3051 502 3249 551 tamem
3278 496 3443 553 occisi
3474 497 3578 553 de-

1977 579 2094 636 bito
2113 580 2321 637 honore
2332 580 2635 651 tumulavit,
2651 582 2836 654 scique
2862 583 3116 655 Angliam
3134 600 3400 657 prospero
3415 600 3582 644 cursu

1978 669 2275 741 repedavit.

2052 780 2139 834 ‘12.
2174 777 2396 833 Praefuit
2416 793 2485 835 eo
2517 785 2759 851 tempore
2788 780 2939 854 genti
2986 781 3577 841 Nordanhumbrorum

1981 865 2475 923 Christianissimus
2512 884 2609 924 rex
2657 868 2890 938 Oswius,
2950 887 3232 927 successor
3286 871 3589 928 beatissimi

1981 955 2126 1027 regis
2154 963 2204 1011 et
2234 956 2488 1027 martyris
2515 956 2771 1025 Oswaldi,
2806 959 2898 1031 qui
2929 959 3142 1016 Oswius
3203 960 3371 1016 filium
3426 978 3585 1017 suum

1981 1041 2246 1100 Alfridum
2276 1045 2430 1118 regni
2470 1046 2679 1101 socium
2707 1046 2811 1101 sibi
2840 1048 3129 1103 constituit.
3166 1049 3339 1105 Fuere
3396 1058 3585 1106 autem

1983 1134 2201 1203 utrique
2222 1149 2381 1206 reges
2410 1134 2463 1189 in
2495 1134 2802 1190 Christiana
2830 1134 3123 1208 religiones
3152 1137 3443 1206 ferventes,
3478 1139 3578 1194 Ec-

1984 1222 2270 1278 clesiarum
2326 1222 2724 1296 diligentissimi
2779 1224 3031 1293 cultores,
3090 1234 3144 1280 et
3199 1227 3587 1283 catholicarum

1988 1310 2352 1367 doctrinarum
2382 1311 2763 1367 studiosissimi
2816 1313 3111 1380 auditores,
3172 1322 3457 1383 amatores,
3491 1332 3586 1372 se-

1987 1407 2236 1455 ctatores.
2270 1400 2403 1455 Cum
2432 1416 2565 1474 ergo
2595 1402 2781 1457 beatus
2806 1401 2889 1457 vir
2916 1402 3018 1457 Dei
3048 1402 3337 1458 Wilfridus
3394 1405 3449 1459 in
3476 1421 3582 1475 pa-

1991 1488 2152 1543 triam
2181 1494 2324 1543 esset
2349 1504 2619 1558 reversus,
2645 1489 2795 1546 fama
2821 1490 3119 1545 sanctitatis
3173 1499 3228 1547 et
3280 1493 3585 1562 prudentiae

1989 1576 2129 1646 ejus,
2160 1576 2309 1632 fama
2336 1576 2660 1647 eloquentiae
2690 1586 2743 1634 et
2773 1578 3092 1649 apostolicae
3133 1579 3396 1636 doctrinae
3451 1581 3590 1651 ejus,

1990 1663 2412 1737 circumquaque
2441 1664 2577 1720 mira
2604 1667 2879 1723 celeritate
2934 1666 3185 1736 innotuit,
3244 1655 3346 1724 nec
3384 1684 3491 1725 non
3524 1670 3596 1725 ad

283 1780 422 1821 mea:
449 1763 747 1834 impietatis
777 1777 877 1833 per
905 1759 1096 1816 merita
1123 1761 1217 1815 tua
1246 1757 1418 1822 solvi;
1466 1758 1641 1825 solve,
1674 1772 1882 1829 quaeso,
1913 1766 1962 1830 Β
1991 1768 2151 1809 aures
2196 1753 2584 1823 praedictorum
2631 1755 2940 1827 principum
2995 1757 3203 1830 ingenti
3260 1774 3385 1814 cum
3434 1759 3597 1814 laude

282 1852 676 1926 impedimenta
701 1849 906 1923 ingenii
936 1848 1047 1905 mei
1076 1856 1130 1904 et
1184 1848 1387 1920 linguae
1433 1863 1570 1903 meae
1622 1854 1890 1917 quatenus

283 1941 438 2002 verbi
467 1940 571 1997 Dei
598 1939 854 2012 mysteria
882 1937 1047 1994 corde
1063 1936 1365 2008 percipere,
1399 1944 1453 1991 et
1493 1936 1695 1991 diserto
1709 1935 1889 1992 elocu-

288 2031 456 2087 tionis
482 2028 649 2086 modo
677 2028 873 2084 eadem
903 2026 1028 2082 aliis
1058 2026 1265 2082 valeam
1316 2023 1645 2080 insinuare»
1682 2023 1728 2079 Ο
1756 2022 1890 2080 ﬁdes

288 2119 479 2175 famuli
507 2117 630 2184 Dei,
662 2132 695 2172 o
725 2116 937 2187 insigne
966 2113 1183 2185 pietatis
1211 2112 1475 2169 indicium
1494 2111 1726 2183 apostoli
1768 2112 1887 2182 Dei,

295 2226 329 2266 o
360 2209 513 2281 larga
538 2204 848 2277 benignitas
878 2212 932 2259 et
958 2201 1443 2276 benignalargitas
1456 2201 1756 2258 clementiae
1769 2201 1886 2257 Dei!

293 2300 418 2355 Non
445 2295 603 2353 citius
616 2292 881 2350 orationis
906 2292 1075 2348 verba
1090 2289 1408 2362 complevit,
1429 2305 1593 2360 quam
1610 2288 1890 2345 vivacissi-

288 2402 441 2443 mum
470 2382 665 2440 mentis
693 2381 971 2454 ingenium
1001 2387 1057 2436 et
1087 2377 1554 2451 promptissimum
1572 2378 1892 2435 elocutionis

287 2475 511 2532 modum
540 2488 662 2529 sese
689 2469 1001 2544 percepisse
1030 2470 1306 2542 cognovit.
1339 2468 1500 2526 Redit
1527 2469 1659 2523 inse
1688 2475 1741 2523 et
1760 2484 1891 2541 gra-

289 2565 463 2621 tiosus
490 2561 713 2617 miratur
738 2559 978 2630 seipsum
1008 2558 1099 2631 qui
1128 2556 1299 2613 fuerat
1319 2557 1434 2628 jam
1463 2572 1571 2611 non
1602 2572 1743 2613 esse.

356 2658 383 2709 1
394 2656 445 2707 0.
463 2653 649 2709 Romae
661 2649 842 2722 agitur
850 2648 1079 2720 degens,
1097 2645 1436 2718 orationique
1463 2661 1527 2701 ac
1542 2643 1883 2701 meditationi

287 2757 471 2800 rerum
500 2738 989 2797 ecclesiasticarum
1046 2735 1376 2808 quotidiana,
1436 2742 1494 2789 ut
1522 2733 1709 2789 animo
1749 2748 1881 2805 pro-

286 2836 565 2903 posuerat,
597 2826 852 2883 instantia
874 2824 1232 2895 mancipatus,
1261 2822 1511 2893 pervenit
1539 2822 1611 2878 ad
1639 2821 1881 2877 notitiam

290 2920 395 2977 viri
426 2914 750 2974 sanctissimi
781 2922 944 2985 atque
974 2912 1287 2978 doctissimi,
1322 2910 1583 2967 Bonifacii
1632 2910 1890 2967 videlicet

291 2999 679 3066 archidiaconi,
739 2998 833 3070 qui
889 3004 943 3052 et
997 2995 1338 3052 consiliarius
1393 3003 1508 3050 erat
1557 2994 1890 3066 apostolici:

289 3091 451 3164 cujus
479 3086 796 3161 magisterio
826 3093 879 3142 et
907 3083 1144 3141 amicitia
1200 3082 1351 3153 felix,
1410 3090 1640 3155 quatuor
1695 3082 1765 3139 ab
1821 3097 1891 3139 eo

1996 1843 2282 1915 processit.
2316 1842 2583 1899 Sanctitas
2609 1860 2824 1916 quoque
2852 1853 2903 1901 et
2936 1844 3171 1918 insignis
3224 1863 3378 1904 amor
3433 1847 3599 1904 Chri-

1998 1930 2307 1998 stianitatis,
2349 1932 2440 2002 qui
2504 1948 2696 2005 regum
2745 1934 2913 1991 corda
2967 1935 3293 2007 repleverat,
3349 1936 3599 1993 notitiam

1998 2020 2176 2076 sancti
2205 2036 2548 2092 nequaquam
2577 2021 2767 2093 fugere
2794 2030 3028 2094 poterat.
3060 2025 3141 2079 Ex
3156 2024 3260 2080 hoc
3272 2025 3435 2081 curiae
3451 2026 3602 2098 regis

1998 2108 2193 2163 Alfridi
2223 2116 2595 2180 presentatus,
2628 2112 2865 2167 humane
2903 2111 3213 2183 suscipitur,
3246 2113 3418 2183 brevi,
3452 2113 3605 2184 quod

2000 2204 2163 2254 antea
2192 2197 2313 2253 solo
2341 2198 2526 2253 auditu
2548 2198 2602 2253 in
2622 2215 2687 2255 eo
2718 2200 3010 2268 sciebatur,
3040 2202 3223 2273 reipsa
3236 2204 3606 2274 cognoscitur,

2000 2292 2054 2342 et
2079 2301 2145 2341 eo
2175 2286 2345 2358 regali
2362 2287 2617 2343 amicitiae
2636 2288 2982 2345 familiariter
3004 2291 3324 2347 associatur.
3356 2291 3604 2347 Probitas

2000 2374 2162 2431 etiam
2177 2373 2542 2446 integerrima:
2559 2376 2703 2446 vitae,
2722 2394 2885 2449 quam
2900 2377 3042 2433 fama
3066 2379 3241 2450 primo
3261 2380 3606 2452 vulgaverat,

2000 2470 2055 2520 et
2081 2463 2321 2533 prudens
2349 2463 2668 2535 simplicitas
2697 2464 3035 2538 simplexque
3048 2467 3344 2539 prudentia
3399 2484 3518 2539 quae
3549 2466 3608 2523 in

2000 2551 2094 2606 illo
2124 2551 2196 2607 ad
2224 2566 2416 2607 omnes
2445 2553 2749 2610 humilitate
2763 2554 3019 2626 vigebant
3044 2557 3113 2627 (9)
3146 2571 3252 2611 non
3284 2556 3445 2612 modo
3463 2557 3606 2629 regi,

2000 2656 2191 2697 verum
2221 2648 2273 2696 et
2291 2639 2542 2696 omnibus
2554 2657 2678 2697 eum
2705 2645 2930 2698 charum
2946 2644 3298 2701 exhibebant.
3328 2645 3522 2700 Tribus
3538 2662 3609 2701 ex

2000 2729 2105 2785 hoc
2135 2729 2291 2785 annis
2319 2730 2562 2801 regalem
2591 2731 2799 2787 curiam
2854 2732 3010 2802 fovit,
3070 2742 3124 2789 et
3170 2735 3368 2791 virtute
3425 2735 3597 2789 animi

2001 2817 2255 2890 gratiam,
2285 2819 2542 2890 gloriam,
2575 2819 2844 2876 honorem
2869 2821 3338 2893 sibicomparavit.
3358 2823 3514 2881 Unde
3544 2832 3599 2879 et

1998 2906 2150 2980 regio
2181 2922 2407 2963 munere
2435 2916 2622 2965 auctus
2651 2916 2761 2964 tam
2791 2910 3081 2967 mobilibus
3111 2928 3274 2983 quam
3302 2911 3599 2968 immobili-

1996 2995 2100 3051 bus
2154 3012 2336 3052 rerum
2390 2997 2567 3066 bonis,
2626 2998 2790 3054 etiam
2847 3000 2990 3055 inter
3046 3002 3308 3057 animales
3337 3001 3594 3058 homines

1997 3084 2171 3141 clarus
2194 3093 2327 3140 erat.
2359 3084 2531 3157 Super
2560 3088 2678 3145 haec
2707 3104 2920 3160 quoque
2950 3089 3169 3160 Ripensi
3195 3089 3443 3147 Ecclesia
3472 3106 3599 3146 cum

480 3144 925 3249 Eva’ugeliorum,
975 3144 1357 3229 rationabilem
1412 3144 1635 3227 Paschae
1691 3171 1885 3227 termi-
1919 3144 1965 3209 (ἶ
1990 3172 2189 3244 iisquae
2206 3173 2286 3227 sui
2300 3144 2769 3245 juris.extiteran‘t,
2786 3144 3342 3247 regaliniuniﬁcentia
3364 3179 3597 3234 donatus

282 3286 432 3338 num,
462 3267 674 3338 aliaque
701 3262 964 3320 nonnulla
996 3277 1116 3332 quae
1146 3260 1201 3315 in
1228 3258 1405 3331 patria
1459 3274 1559 3315 sua
1614 3259 1885 3332 nequive-

287 3367 371 3415 rat
397 3355 609 3413 didicit.

355 3469 444 3522 11.
475 3459 861 3519 Ecclesiastica
890 3457 1055 3531 igitur
1082 3456 1378 3528 disciplina
1430 3452 1718 3529 magniﬁce
1769 3455 1885 3512 im-

281 3555 446 3612 butus
474 3560 528 3609 et
553 3548 863 3624 apostolica
902 3546 1283 3605 benedictione
1338 3544 1610 3617 perfusus,
1667 3544 1725 3598 in
1777 3544 1884 3601 iter

282 3644 463 3712 rediit,
494 3638 764 3696 Dalﬁnum
797 3635 1114 3708 episc0pum
1144 3635 1216 3690 de
1262 3649 1361 3689 suo
1392 3633 1567 3689 reditu
1594 3633 1757 3689 valde
1784 3650 1886 3689 su-

280 3735 525 3807 spectum
551 3729 711 3785 laetus
738 3724 1064 3796 adiit,eique
1094 3723 1268 3779 tribus
1302 3721 1456 3778 annis
1485 3721 1595 3778 ﬁda
1623 3723 1884 3779 societate

281 3820 527 3880 adhaesit.
557 3820 602 3873 A
630 3832 740 3889 quo
771 3822 1037 3878 attonsus,
1068 3813 1123 3867 in
1153 3820 1300 3868 tanto
1322 3819 1403 3867 est
1427 3826 1614 3868 amore
1669 3811 1883 3867 habitus

280 3921 341 3969 ut
370 3911 524 3967 illum
552 3906 659 3963 sibi
688 3903 969 3961 haeredem
998 3902 1177 3957 facere
1228 3900 1511 3972 cogitaret.
1546 3900 1655 3957 Sed
1681 3916 1749 3957 ne
1778 3902 1883 3957 hoc

277 4001 396 4058 ﬁeri
424 4005 624 4072 posset,
655 3994 875 4051 antistes
894 3998 978 4048 est
1006 3990 1215 4046 crudeti
1244 3996 1418 4046 morte
1459 3998 1795 4060 peremptus,
1826 3998 1883 4047 et

280 4087 580 4149 Wilfridus
600 4085 670 4140 ad
693 4097 811 4139 suae
837 4080 1037 4152 potius,
1071 4079 1174 4136 hoc
1238 4086 1320 4134 est
1372 4078 1674 4150 Anglorum
1730 4094 1879 4151 gen-

276 4182 345 4239 tis
371 4178 749 4250 episcopatum
777 4176 1097 4226 reservatus.
1133 4166 1415 4239 Siquidem
1471 4166 1662 4239 regina
1704 4167 1878 4222 Fran-

273 4281 466 4327 corum
488 4279 554 4320 ea
580 4261 903 4331 tempestate
931 4271 1133 4313 saevam
1190 4253 1451 4310 Ecclesiae
1508 4251 1704 4308 Christi
1734 4261 1878 4310 tem-

271 4362 536 4432 pestatem
565 4348 840 4405 intulerat.
895 4345 1036 4401 Nam
1086 4341 1461 4432 idmmoniaei-
1496 4341 1696 4432 furoris
1748 4343 1878 4432 igne

270 4429 554 4511 succensa,
587 4433 1071 4496 fortunisomnium
1083 4431 1351 4488 bonorum
1389 4429 1620 4500 inhiare,
1660 4430 1877 4487 inhians

1993 3268 2094 3317 est.
2129 3262 2210 3315 Ex
2241 3277 2306 3318 eo
2336 3269 2518 3318 autem
2548 3279 2765 3319 summa
2785 3280 2912 3320 cura
2941 3266 3292 3337 procurabat,
3328 3275 3593 3337 quatenus

1993 3365 2125 3421 opes
2135 3367 2247 3407 suae
2265 3351 2441 3423 magis
2458 3352 2749 3409 transirent
2763 3353 2817 3409 in
2831 3354 3031 3409 victum
3046 3354 3598 3427 indigentium,quam

1994 3447 2237 3496 servaret
2266 3454 2364 3495 eas
2384 3455 2535 3497 more
2556 3456 2848 3497 avarorum
2872 3456 3003 3512 Opes
3022 3458 3147 3498 suas
3163 3444 3590 3502 recondentium.
3632 3432 3637 3435 ’

2069 3549 2156 3601 13.
2191 3546 2404 3603 Interea
2432 3547 2581 3603 venit
2611 3548 2681 3604 ad
2709 3564 2898 3621 regem
2954 3550 3247 3623 episcopus
3276 3551 3596 3613 occidenta-

1990 3634 2124 3691 lium
2153 3635 2449 3707 Saxonum,
2483 3637 2703 3693 nomine
2764 3637 3057 3707 Ailbertus,
3117 3638 3198 3694 vir
3262 3642 3484 3696 sanctus
3540 3649 3594 3698 et

1990 3724 2379 3782 ecclesiasticis
2405 3725 2706 3797 disciplinis
2756 3725 3005 3798 apprime
3063 3726 3355 3797 institutus,
3413 3728 3507 3802 qui
3536 3738 3590 3787 et

1990 3813 2168 3869 eidem
2207 3813 2327 3885 regi
2367 3830 2566 3887 magno
2600 3812 2775 3871 fuerat
2818 3814 3201 3871 familiaritatis
3228 3832 3415 3874 amore
3444 3833 3585 3875 con-

1981 3901 2215 3971 junctus.
2246 3901 2364 3971 Hic,
2396 3911 2620 3976 rogatus
2648 3919 2678 3957 a
2698 3919 2846 3976 rege,
2876 3902 3278 3961 Wilfridumad
3305 3907 3587 3980 presbyte-

1987 3998 2137 4046 ratus
2184 3989 2416 4046 ofﬁcium
2472 3990 2762 4061 promovit,
2816 3999 3005 4063 utpote
3059 4008 3223 4065 quem
3278 3997 3585 4054 sacerdotio

1985 4078 2138 4150 fungi
2169 4078 2561 4149 dignissimum
2592 4095 2713 4136 esse
2743 4081 3020 4153 cognovit.
3080 4082 3226 4137 Mota
3278 4091 3360 4139 est
3406 4093 3588 4143 autem

1986 4182 2054 4222 ea
2079 4173 2401 4236 tempestate
2430 4168 2657 4239 quaestio
2687 4167 3152 4225 deobservatione
3183 4170 3424 4244 Paschae,
3467 4190 3589 4245 quae

1984 4270 2185 4327 magna
2214 4262 2267 4310 et
2296 4255 2547 4326 frequens
2592 4262 2813 4311 eatenus
2871 4257 3168 4326 exstiterat,
3227 4259 3587 4329 probantibus

1983 4343 2149 4399 simul
2180 4352 2233 4399 et
2260 4342 2701 4400 conﬁrmantibus
2731 4345 2811 4401 eis
2841 4346 2932 4416 qui
2961 4346 3031 4402 de
3089 4346 3276 4402 Cantia
3305 4356 3358 4404 et
3388 4350 3582 4408 Galliis

1983 4432 2339 4501 advenerant,
2370 4433 2515 4504 quod
2544 4433 2713 4490 Scotti
2760 4434 2915 4491 diem
2968 4434 3311 4491 Dominicum
3368 4439 3585 4497 Paschae

269 4532 478 4607 ηρίηίε
500 4507 554 4587 εί
579 4522 1080 4598 depmdationibus
1107 4528 1357 4589 estuare,
1417 4528 1653 4576 aestuans
1707 4518 1875 4576 atroci
1901 4507 1952 4570 D
1979 4521 2318 4578 celebrarent
2345 4530 2530 4578 contra
2550 4538 2755 4578 morem
2782 4522 3101 4581 universalis
3126 4524 3413 4581 Ecclesiae.
3436 4528 3584 4588 Nam

270 4622 477 4681 multos
503 4608 907 4675 examinatione
933 4611 1215 4678 damnare,
1247 4617 1300 4664 et
1328 4608 1587 4665 damnato
1644 4607 1873 4663 immani

271 4710 467 4769 mortis
494 4705 710 4763 feritate
740 4714 960 4757 necare.
1012 4697 1185 4765 Unde,
1217 4704 1277 4751 ut
1303 4696 1413 4753 alia
1441 4704 1648 4753 taceam
1678 4713 1798 4767 quae
1818 4696 1874 4750 in

271 4803 589 4858 innumeros
633 4789 791 4863 quasi
844 4787 1085 4844 minores
1139 4784 1377 4841 crudelia
1432 4784 1692 4853 exercuit,
1747 4791 1873 4842 octo

272 4885 639 4948 ecclesiarum
660 4882 849 4935 Patres
876 4891 1004 4933 ense
1032 4873 1280 4947 peremit,
1305 4889 1430 4931 cum
1444 4874 1641 4946 quibus
1670 4881 1874 4944 etprae-

270 4978 477 5036 dictum
507 4966 881 5032 venerandum
910 4964 1200 5020 antistitem
1228 4963 1345 5034 pari
1401 4963 1527 5019 huic
1553 4964 1682 5019 vitae
1709 4977 1874 5033 pinna

272 5064 463 5124 mortis
487 5059 716 5119 exemit.
748 5054 923 5123 Quem
962 5068 1134 5125 usque
1161 5051 1231 5106 ad
1261 5050 1442 5107 locum
1471 5066 1582 5108 sua:
1610 5051 1731 5107 neci
1761 5050 1872 5105 dis-

269 5154 513 5229 positum
542 5145 843 5206 Wilfridus
873 5145 1091 5200 secutus
1115 5147 1217 5208 est,
1250 5139 1479 5229 cupiens
1534 5155 1636 5212 pro
1693 5155 1780 5210 eo,
1821 5139 1868 5229 si

269 5228 679 5306 concederetur,
708 5240 803 5291 aut
829 5239 972 5288 certe
1000 5246 1124 5287 cum
1153 5244 1239 5299 eo,
1271 5228 1319 5285 si
1345 5229 1767 5301 permitteretur,
1797 5228 1873 5283 si-

272 5332 385 5390 mul
415 5330 605 5405 gladio
632 5322 798 5382 mori.
833 5321 1034 5377 Verum
1047 5317 1183 5376 neid
1197 5317 1354 5374 ﬁeret
1378 5317 1677 5389 episcopus
1688 5318 1870 5373 modis

269 5421 533 5482 omnibus
560 5410 856 5473 interdixit.
884 5416 1037 5466 etne
1092 5414 1299 5465 tantum
1340 5405 1608 5479 ﬂagitium
1645 5405 1869 5479 flagitiis

252 5513 382 5569 suis
404 5508 734 5584 gladiatores
759 5498 1079 5572 adjicerent,
1097 5494 1305 5584 Christi
1360 5493 1634 5552 miseratio
1663 5494 1868 5553 sancti-

270 5615 378 5674 que
408 5583 510 5661 viri
536 5588 904 5672 peregrinatio
932 5583 1245 5653 interdixit;
1279 5599 1495 5660 quoque
1540 5592 1668 5643 tunc
1722 5592 1867 5642 tem-

1981 4609 2152 4666 Scotti
2184 4627 2353 4681 usque
2403 4610 2470 4666 ad
2496 4611 2555 4666 id
2586 4611 2852 4682 temporis
2882 4612 3271 4683 scripturarum
3312 4614 3450 4671 serie
3476 4617 3583 4674 hac

1980 4698 2048 4754 de
2077 4714 2139 4755 re
2167 4699 2476 4771 disputante
2530 4716 2640 4757 non
2697 4700 2862 4771 plene
2911 4699 3114 4770 edocti,
3151 4716 3296 4772 saepe
3324 4702 3578 4760 Domini-

1978 4801 2103 4844 cum
2132 4788 2352 4845 Paschae
2383 4788 2530 4844 diem
2557 4788 2902 4845 celebrabant
2930 4803 3055 4845 cum
3119 4796 3267 4845 esset
3296 4791 3582 4851 Dominica.

1977 4875 2095 4931 dies
2123 4875 2179 4930 in
2208 4876 2431 4947 Palmis,
2488 4893 2555 4934 ea
2580 4893 2639 4934 re
2670 4878 2816 4947 quod
2867 4878 2991 4948 ipsa
3017 4877 3106 4933 die
3135 4877 3349 4936 decima
3380 4890 3576 4951 quarta

1978 4964 2106 5020 luna
2132 4972 2297 5033 esset,
2328 4981 2449 5038 quae
2481 4965 2745 5022 terminus
2772 4973 2849 5021 est
2882 4966 2988 5021 diei
3046 4966 3346 5023 Paschalis.
3383 4970 3576 5027 Istius-

1975 5051 2125 5107 modi
2152 5059 2313 5109 sectae
2340 5052 2424 5110 vir
2451 5055 2790 5109 sanctssimae
2818 5053 2945 5113 vita:
3001 5054 3243 5110 Aidanus
3295 5071 3395 5113 suo
3426 5066 3568 5116 tem-

1975 5156 2111 5214 pore
2139 5140 2345 5213 grande
2386 5141 2787 5199 firmamentum
2844 5141 3021 5199 fuerat
3066 5143 3355 5215 intentum,
3422 5156 3479 5203 ut
3542 5164 3576 5207 a

1976 5230 2182 5288 cunctis
2209 5230 2362 5302 quasi
2389 5246 2548 5302 aequo
2578 5232 2760 5289 animo
2791 5231 3130 5300 toleraretur,
3189 5233 3320 5290 dum
3374 5237 3575 5294 eximia

1974 5316 2031 5372 in
2066 5334 2229 5390 opere
2256 5317 2360 5375 Dei
2387 5335 2605 5376 morum
2636 5320 2803 5392 ipsius
2830 5320 3169 5377 conversatio
3200 5321 3573 5378 considerare-

1975 5413 2081 5462 tur.
2113 5406 2243 5475 Sed,
2274 5407 2370 5464 illo
2398 5407 2675 5479 defuncto,
2700 5409 2956 5478 Finanus,
2987 5408 3217 5479 vestigia
3240 5417 3399 5465 sectae
3426 5410 3572 5467 illius

1973 5511 2073 5567 per
2098 5496 2281 5553 omnia
2309 5511 2564 5569 sequens,
2591 5498 2648 5555 in
2676 5498 3049 5571 episcopatum
3095 5496 3214 5566 ejus
3243 5497 3569 5569 subrogatus

1973 5590 2094 5642 est:
2127 5600 2236 5657 quo
2267 5584 2618 5645 nihilominus
2655 5587 2780 5646 huic
2846 5585 2968 5646 vita:
3031 5585 3253 5644 modum
3317 5584 3570 5649 faciente.
