3970 6088
425 280 533 374 ἰω

1456 296 1806 389 ⁵ιεΑωιΕιῖι
1844 294 2405 361 CANTUAIr‘raNsrs
2444 298 2760 358 rrorvacrn

3631 298 3746 355 720

426 441 719 497 Colmanus
746 438 800 494 in
831 444 1037 494 sectam
1069 434 1359 491 amborum
1423 433 1723 502 sedemque
1769 429 2026 486 successit
2053 433 2111 493 Α
2137 428 2427 485 calumniis
2456 427 2770 484 observatio
2835 426 3025 483 libera.
3066 425 3224 496 Quod
3252 426 3299 482 si
3327 441 3393 483 ea
3422 442 3529 500 qua
3586 425 3742 483 nite-

425 517 577 599 cujus
599 526 933 598 temporibus
962 524 1186 597 gravior
1239 523 1312 580 de
1362 520 1609 593 paschali
1639 519 2020 577 observatione

427 627 589 690 atque
616 616 736 672 aliis
766 613 1143 672 ecclesiasticae
1174 611 1299 669 vitae
1329 609 1630 682 disciplinis
1649 606 2025 666 controversia

427 715 640 765 versata
668 713 769 760 est.
804 702 1151 773 Quapropter
1178 699 1374 756 merito
1430 699 1602 756 movit
1652 699 1768 753 haec
1794 695 2019 769 quaestio

426 810 616 852 sensus
645 801 696 847 et
726 792 893 847 corda
922 790 1232 856 multorum,
1265 788 1565 843 timentium
1606 802 1675 841 ne
1731 785 1869 841 forte
1924 798 2025 840 ac-

425 891 583 953 cepto
614 879 1057 937 Chritianitatatis
1084 877 1351 936 vocabulo
1378 876 1433 930 in
1480 890 1710 932 vacuum
1740 879 2026 929 currerent

425 981 516 1028 aut
571 969 953 1026 cucurrissent.
1023 966 1275 1023 Pervenit
1334 974 1386 1019 et
1424 964 1494 1019 ad
1550 964 1696 1033 ipsas
1724 961 2028 1033 principum

426 1076 611 1129 aures,
645 1059 813 1114 Oswii
845 1056 1100 1113 videlicet
1117 1054 1262 1126 regis
1291 1052 1493 1123 ﬁliique
1521 1052 1639 1121 ejus
1667 1049 1883 1119 Alfridi,
1903 1064 2030 1121 quo-

425 1155 543 1206 rum
575 1148 784 1220 primus
813 1161 847 1201 a
877 1145 1053 1201 Scotis
1115 1144 1344 1199 edoctus
1373 1149 1532 1211 atque
1557 1138 1813 1211 baptismi
1842 1154 2029 1193 sacra-

431 1238 629 1293 mentis
660 1236 917 1303 imbutus,
975 1232 1110 1288 nihil
1160 1230 1399 1287 melioris
1464 1228 1734 1300 propositi
1798 1227 2027 1282 existere

425 1332 613 1397 posset
642 1321 920 1388 credebat,
950 1335 1112 1391 quam
1143 1317 1288 1390 quod
1320 1334 1351 1373 a
1380 1317 1493 1371 suis
1526 1314 1839 1371 doctoribus
1880 1326 2031 1369 acce-

428 1422 599 1485 perat.
634 1413 800 1467 Porro
829 1424 1064 1481 sequens
1129 1405 1353 1478 potioris
1417 1403 1544 1459 ﬁdei
1597 1401 1885 1475 privilegio
1914 1399 2033 1471 pri-

433 1518 581 1557 mum
614 1498 952 1571 praecedens,
994 1497 1254 1552 Romanae
1309 1501 1362 1548 et
1417 1492 1741 1547 universalis
1770 1490 2033 1546 Ecclesize

431 1593 594 1647 ritum
620 1588 872 1645 omnibus
902 1590 1175 1640 antestare
1206 1591 1380 1637 ratum
1438 1580 1704 1636 habebat.
1754 1578 2037 1650 Siquidem

437 1676 921 1735 Christianissimus
945 1682 997 1729 et
1024 1671 1376 1728 doctissimus
1405 1670 1489 1727 vir
1516 1668 1828 1734 Wilfridus,
1862 1667 1954 1737 qui
1985 1674 2039 1721 et

2129 517 2204 572 ris
2234 518 2421 572 minus
2438 515 2592 572 ﬁrma
2608 514 2930 572 auctoritate
2961 516 3134 574 victus
3162 516 3450 587 exstiteris,
3481 514 3741 588 profecto

2131 620 2233 662 nec
2259 622 2368 675 me,
2401 621 2503 661 nec
2531 605 2835 679 quemlibet
2863 620 3109 661 meorum
3165 614 3271 661 tua:
3300 609 3467 662 secta
3498 604 3740 661 ulterius

2130 703 2452 751 sectatorem
2479 693 2722 749 habebis.

2208 788 2295 838 15.
2328 784 2463 838 Turn
2490 783 2821 838 Colmannus
2852 800 2864 837 :
2904 806 2927 833 ιι
2989 783 3217 849 Pascha,
3248 783 3445 853 inquit,
3477 797 3511 839 a
3541 792 3745 854 quarta

2137 873 2350 929 decima
2384 872 2520 927 luna
2590 888 2762 942 usque
2790 871 2861 926 ad
2918 870 3230 928 vicesimam
3280 872 3638 938 celebramus,
3684 879 3744 925 et

2136 960 2483 1020 celebradum
2540 959 2944 1027 conﬁrmamus,
3027 968 3080 1014 et
3161 960 3236 1015 ita
3290 958 3404 1015 ﬁeri
3469 968 3737 1031 Oportere

2136 1050 2333 1108 valida:
2362 1049 2692 1105 auctoritatis
2730 1047 3069 1104 ﬁrmamento
3099 1047 3543 1119 comprobemus.
3584 1049 3746 1104 Bea-

2140 1138 2379 1194 tissimus
2418 1137 2618 1193 etenim
2669 1138 2910 1192 Joannes
2964 1137 3244 1208 apostolus
3300 1144 3351 1193 et
3380 1138 3745 1209 evangelista,

2139 1227 2355 1283 Domini
2382 1227 2510 1282 Iesu
2541 1234 2649 1281 tam
2680 1224 2963 1281 familiaris
2992 1225 3244 1294 conviva,
3264 1234 3321 1281 ut
3349 1242 3515 1297 supra
3544 1235 3745 1296 pectus

2140 1316 2309 1388 ipsius
2332 1316 2385 1369 in
2416 1317 2582 1371 Coena
2634 1313 2962 1383 recubuerit,
3031 1314 3223 1370 eodem
3281 1331 3391 1387 quo
3418 1331 3518 1370 nos
3545 1315 3748 1370 ordine

2143 1403 2276 1460 illud
2303 1403 2617 1471 celebravit,
2637 1410 2691 1458 et
2719 1402 2772 1457 in
2802 1401 3055 1458 omnibus
3085 1402 3285 1472 quibus
3298 1403 3517 1475 praefuit
3544 1404 3749 1459 Eccle-

2144 1493 2239 1548 siis
2266 1492 2653 1548 celebrandum
2685 1490 2801 1547 fore
2829 1506 2932 1546 sua
2988 1492 3306 1548 auctoritate
3333 1491 3594 1560 praeﬁxit.
3631 1492 3752 1547 Hoc

2145 1597 2245 1653 per
2273 1580 2669 1636 successionem
2700 1579 3028 1651 prudentum
3073 1588 3128 1635 et
3172 1595 3327 1650 reque
3366 1581 3748 1637 sanctissimo-

2148 1686 2362 1726 morum
2390 1670 2632 1726 virorum
2662 1669 2733 1723 ad
2763 1684 2863 1724 nos
2890 1685 3063 1742 usque
3095 1669 3382 1740 perlatum,
3408 1671 3512 1726 hoc
3542 1679 3756 1726 nostro-

437 1770 623 1823 Romae
653 1768 731 1837 (ut
760 1758 1531 1835 praediximus)ecclesiasticze
1545 1755 1844 1829 disciplima
1873 1755 2038 1810 multa
2068 1789 2122 1851 Β
2152 1776 2273 1814 rum
2331 1757 2577 1814 doctrina
2631 1756 2896 1826 majorum
2952 1758 3005 1812 in
3035 1757 3194 1813 nobis
3248 1756 3429 1812 stabili
3488 1757 3752 1815 ﬁrmitate

438 1858 764 1912 documenta
794 1858 1098 1922 acceperat,
1131 1856 1184 1904 et
1213 1863 1378 1919 penes
1406 1844 1698 1902 Dalﬁinum
1742 1843 2040 1900 Galliarum

438 1941 749 2018 pontiﬁcem
804 1938 1056 2012 Lugduni
1114 1936 1391 1991 nonnullis
1448 1934 1686 1989 imbutus
1743 1933 2041 1999 exstiterat,

441 2050 564 2091 eum
596 2047 692 2087 suo
724 2027 1035 2101 magisterio
1057 2024 1364 2081 rationabili
1420 2031 1579 2094 atque
1632 2020 1898 2078 catholica
1927 2036 2044 2075 eru-

441 2122 645 2179 ditione
674 2119 1079 2180 informaverat,
1138 2128 1203 2169 ac
1232 2112 1575 2168 informatum
1597 2109 1746 2166 omni
1814 2123 2045 2178 scrupu-

441 2211 656 2268 lositate
686 2206 898 2262 sublata
927 2203 981 2259 in
1012 2218 1155 2259 verae
1184 2200 1310 2256 fidei
1351 2198 1646 2256 stabilitate
1702 2197 2037 2253 ﬁrmaverat.

442 2302 588 2357 Mota
617 2312 749 2369 ergo
779 2295 861 2367 (ut
889 2292 1104 2364 praefati
1128 2291 1336 2361 sumus)
1367 2288 1675 2362 quaestione
1705 2287 1773 2342 de
1800 2283 2047 2357 paschali

444 2386 841 2454 observatione,
894 2382 1218 2453 dispositum
1259 2388 1360 2449 est,
1413 2386 1470 2433 ut
1498 2376 1733 2448 synodus
1791 2374 1936 2445 cogi,
1995 2380 2049 2428 et

444 2479 566 2535 haec
597 2475 818 2546 quaestio
849 2471 1047 2528 debere
1077 2468 1329 2528 ventilari
1400 2465 1801 2535 terminarique.
1872 2463 2049 2516 Vene-

447 2575 679 2637 runtque
746 2564 838 2618 illo
902 2577 1061 2632 rcges
1127 2558 1312 2625 ambo,
1378 2565 1541 2627 pater
1568 2554 1771 2609 scilicet
1801 2560 1852 2607 et
1882 2551 2045 2636 filius,

446 2668 783 2726 magnopere
821 2652 1178 2721 deprecantes
1234 2654 1293 2701 ut
1345 2646 1421 2700 eis
1477 2644 1671 2699 adesse
1726 2642 2049 2713 dignaretur

452 2743 685 2813 Spiritus
714 2746 954 2794 sanctus.
989 2736 1147 2793 Venit
1174 2736 1355 2805 itaque
1380 2733 1499 2804 jam
1553 2732 1728 2787 dictus
1775 2729 2049 2783 Ailbertus

453 2832 700 2888 antistes.
732 2826 928 2881 Alfridi
946 2825 1094 2896 regis
1116 2823 1345 2887 amicus,
1365 2837 1487 2877 cum
1518 2821 1678 2876 beato
1711 2817 1975 2872 Wilfrido
1997 2824 2052 2872 et

450 2936 547 2976 suo
572 2920 853 2990 Agathone
883 2912 1236 2986 presbyteris:
1264 2918 1455 2967 contra
1510 2925 1649 2982 quos
1722 2907 2050 2963 Colmannus

458 3025 578 3066 cum
609 3006 720 3062 suis
749 3004 960 3060 clericis
989 3002 1155 3068 venit,
1189 3009 1240 3055 et
1268 2999 1484 3053 Ilildem
1513 2997 1869 3059 abbatissam,
1916 3003 2048 3050 seta:

2154 1847 2457 1912 fundatum,
2489 1846 2594 1901 hoc
2623 1861 2656 1901 a
2685 1845 2842 1900 nobis
2897 1846 3126 1901 antheac
3154 1845 3450 1901 inviolabili
3483 1847 3749 1904 observa-

2152 1937 2294 1992 tione
2324 1943 2619 2003 servatum,
2652 1941 2701 1989 et
2733 1931 3006 1990 ﬁrmamus
3033 1934 3181 1990 nulla
3210 1935 3418 1991 ratione
3466 1951 3578 1991 non
3631 1952 3758 1993 esse

2152 2024 2499 2081 servandum.
2547 2048 2566 2072 -

2224 2116 2310 2169 16.
2344 2111 2464 2181 Quo
2495 2112 2609 2168 haec
2637 2120 2689 2167 et
2714 2111 3021 2181 hujusmodi
3042 2112 3300 2169 nonnulla
3330 2113 3563 2182 dicente,
3592 2114 3756 2185 jussit

2152 2218 2247 2257 rex
2278 2206 2334 2257 et
2367 2201 2664 2256 Ailbertum
2694 2217 2808 2256 suae
2857 2216 3066 2256 morem
3123 2201 3522 2258 observationis
3550 2203 3607 2258 in
3636 2220 3757 2259 me-

2153 2291 2299 2346 dium
2329 2289 2596 2360 proferre,
2638 2298 2695 2345 ut
2738 2289 2966 2345 sciretur
3022 2306 3129 2361 quo
3187 2291 3471 2362 principio,
3531 2292 3756 2361 cujusve

2155 2381 2417 2435 niteretur
2444 2378 2779 2434 auctoritatis
2811 2378 3165 2435 institutione.
3200 2379 3504 2450 Respondit
3530 2380 3753 2436 Ailber-

2156 2477 2285 2524 tus:
2351 2491 2373 2517 ι
2423 2468 2709 2538 Loquatur,
2768 2467 3016 2535 obsecro,
3076 2469 3197 2524 vice
3279 2484 3402 2524 mea
3466 2470 3759 2525 Wilfridus

2154 2557 2454 2631 presbyter,
2488 2556 2615 2627 quia
2644 2572 2810 2611 unum
2866 2556 3030 2613 ambo
3085 2558 3329 2627 sapimus
3370 2574 3493 2614 cum
3546 2560 3761 2616 caeteris

2157 2647 2245 2718 qui
2275 2646 2365 2701 hic
2394 2646 2634 2701 assident
2663 2646 3045 2701 ecclesiasticae
3077 2646 3375 2702 traditionis
3421 2647 3757 2704 cultoribus:

2156 2740 2211 2790 et
2239 2735 2328 2791 ille
2357 2734 2555 2790 melius
2583 2749 2647 2791 ac
2678 2734 3015 2789 manifestius
3045 2735 3162 2806 ipsa
3191 2735 3377 2809 lingua
3424 2737 3754 2810 Anglorum,

2156 2840 2318 2898 quam
2348 2839 2451 2896 ego
2477 2839 2576 2893 per
2629 2823 2999 2894 interpretem,
3050 2832 3229 2893 potest
3285 2824 3587 2897 explanare
3641 2843 3761 2897 qua:

2156 2913 2475 2986 sentimus.»
2509 2912 2656 2966 Tunc
2684 2911 2972 2966 Wilfridus
3002 2913 3070 2966 ad
3095 2912 3312 2981 jussum
3343 2914 3492 2986 regis
3513 2930 3755 2985 exorsus,

2158 2985 2520 3058 Colmannum
2577 3016 2685 3056 non
2722 3000 2887 3056 modo
2963 3000 3279 3057 auctoritate
3336 2985 3479 3059 beati
3535 3005 3759 3060 Joannis

453 3115 563 3155 suae
594 3095 897 3163 fautricem,
930 3107 1053 3148 cum
1085 3089 1206 3145 aliis
1227 3088 1470 3161 pluribus
1490 3101 1673 3142 secum
1700 3085 1754 3140 in
1786 3084 2048 3155 synodum
2083 3136 2129 3163 η
2162 3090 2296 3146 falso
2336 3090 2434 3144 niti
2474 3097 2656 3161 aperta
2679 3090 2889 3145 ratione
2912 3091 3243 3159 monstravit,
3268 3107 3464 3149 verum
3496 3100 3550 3148 et
3570 3101 3761 3152 contra

450 3187 625 3243 duxit.

524 3295 612 3348 tt.
644 3288 870 3347 Silentio
898 3288 1082 3358 itaque
1111 3286 1272 3354 facto,
1306 3284 1479 3355 primo
1531 3298 1628 3338 rex
1659 3280 1873 3338 Oswius
1902 3296 2048 3351 prae-

451 3382 688 3438 factione
715 3376 1002 3449 praemissa
1032 3375 1127 3429 tali
1160 3373 1326 3428 fertur
1354 3372 1519 3427 modo
1547 3371 1758 3427 locutus
1782 3388 1827 3423 :«
1864 3370 2052 3424 Hacte-

460 3472 584 3542 rius,
614 3471 798 3525 Patres
829 3463 1150 3532 venerandi,
1183 3461 1419 3518 schisma
1458 3461 1513 3513 in
1567 3458 1829 3515 Ecclesiis
1856 3457 2049 3513 Christi

450 3567 696 3616 exortum
727 3571 791 3611 eo
818 3554 1080 3624 quosdam
1110 3551 1290 3605 minus
1339 3547 1547 3604 veritati
1590 3547 1863 3602 studentes
1923 3562 2049 3617 per-

454 3646 623 3709 duxit,
654 3653 711 3698 ut
742 3644 826 3697 bis
856 3643 910 3695 in
941 3655 1082 3695 anno
1122 3638 1291 3708 (quod
1319 3637 1470 3692 dictu
1499 3651 1710 3706 quoque
1754 3634 1908 3689 nefas
1935 3650 2053 3689 esse

457 3732 739 3805 probatur)
769 3737 978 3782 santum
1058 3725 1262 3781 Pascha
1324 3724 1391 3778 sit
1458 3724 1811 3777 celebratum.
1881 3720 2053 3789 Cujus

457 3824 642 3874 tamen
671 3813 752 3869 rei
781 3825 1001 3867 causam
1031 3810 1170 3865 bene
1225 3806 1696 3864 considerantibus
1760 3821 1869 3860 non
1916 3806 2052 3860 adeo

461 3906 637 3962 mirun
665 3901 895 3958 videtur.
921 3900 1063 3954 Dum
1094 3896 1240 3953 enim
1275 3895 1376 3966 ipsi
1408 3894 1602 3950 arietes
1630 3894 1732 3949 iter
1778 3893 2055 3948 diversum

458 3993 741 4066 arripiunt,
808 4003 1007 4062 greges
1074 3984 1231 4041 etiam
1295 3991 1422 4054 post
1485 4000 1542 4038 se
1606 3982 1781 4039 diviso
1842 3982 2055 4037 tramite

457 4081 694 4154 rapiunt.
728 4075 830 4131 Ubi
860 4074 1025 4146 plano
1054 4069 1325 4125 miseriam
1351 4076 1429 4124 est
1460 4066 1662 4136 videre,
1709 4082 1833 4123 cum
1863 4067 1932 4120 ad
1963 4083 2053 4121 re-

460 4187 630 4245 gnum
660 4166 742 4223 via
772 4164 987 4219 sibimet
1016 4158 1286 4217 contraria
1315 4156 1559 4224 tendunt,
1618 4170 1725 4226 quo
1781 4154 2057 4210 communi

460 4243 737 4334 proposito
770 4252 895 4308 ﬁdei
926 4264 1219 4320 properare
1248 4246 1609 4334 contendum:
1672 4251 1724 4299 et
1757 4244 1845 4334 qui
1907 4243 2057 4334 viam

459 4331 795 4405 individuam
824 4336 1173 4411 perveniendi
1204 4335 1273 4389 ad
1300 4335 1463 4390 vitam
1495 4332 1835 4389 solummodo
1892 4331 2056 4387 Cirri-

459 4445 600 4496 stum
630 4438 923 4489 noscuntur
950 4427 1171 4492 habere,
1204 4423 1469 4479 absonum
1506 4422 1665 4479 valde
1722 4420 2055 4475 absurdum-

459 4543 565 4600 que
593 4524 715 4580 fore
750 4516 1104 4591 dignoscitur,
1164 4513 1343 4583 ipsum
1376 4510 1645 4567 Christum
1676 4511 1731 4564 in
1767 4509 1877 4565 suis
1933 4526 2055 4581 my-

463 4598 643 4672 steriis
670 4609 811 4666 velle
839 4607 1057 4662 dissona
1085 4601 1473 4658 observatione
1501 4598 1769 4655 dividere.
1806 4600 1883 4654 Ea
1912 4615 1971 4653 re
2000 4599 2053 4652 in

460 4706 605 4760 hanc
634 4714 720 4754 me
766 4693 1087 4751 sententiam
1118 4691 1237 4762 ipsa
1270 4689 1491 4744 rationis
1518 4689 1811 4744 necessitas
1832 4686 2057 4757 potissi-

461 4802 610 4842 mum
639 4782 807 4850 duxit,
854 4785 1117 4850 quatenus
1180 4774 1455 4846 utriusque
1520 4773 1684 4845 partis
1738 4773 2057 4827 defensores

462 4890 569 4930 una
598 4870 784 4927 venire
810 4867 979 4937 jussio
1008 4874 1199 4920 nostra
1227 4864 1641 4935 constringeret,
1675 4877 1782 4932 quo
1803 4862 2056 4930 utrinque

460 4956 667 5017 ratione
696 4956 898 5021 audita,
933 4954 1061 5024 quid
1118 4952 1470 5023 sequendum,
1528 4950 1658 5022 quid
1738 4948 2057 5020 fugiendum

462 5052 550 5115 sit,
583 5048 831 5102 discusso
862 5058 1045 5098 errore
1075 5057 1339 5112 queamus
1369 5040 1657 5110 inspicere.
1714 5037 2059 5108 Quapropter

463 5148 538 5207 tu,
570 5134 890 5200 Colmanne,
927 5130 1017 5201 qui
1047 5128 1327 5200 praecipue
1355 5136 1546 5185 contra
1579 5142 1793 5183 morem
1833 5125 2056 5181 univer-

459 5227 589 5284 salis
618 5220 878 5280 Ecclesias
913 5219 1120 5274 Pascha
1167 5217 1440 5273 celebrare
1472 5233 1505 5271 a
1544 5216 1816 5272 nonnullis
1844 5215 2058 5271 calum-

462 5316 645 5383 niaris,
677 5324 856 5369 causae
886 5316 1010 5370 tuae.
1038 5307 1279 5377 inquam,
1348 5314 1400 5360 et
1464 5320 1568 5377 ego
1631 5313 1806 5361 tecum
1862 5303 2060 5359 similis

463 5400 860 5464 observationis
887 5411 1177 5468 coarguor,
1211 5394 1387 5465 primo
1405 5403 1782 5466 propugnator
1820 5393 2008 5449 assiste
2041 5411 2054 5457 ;

461 5503 731 5569 quatenus
776 5487 1092 5546 auctoritate
1139 5498 1247 5555 qua
1298 5483 1486 5539 nititur
1549 5483 1756 5556 agnita,
1806 5483 1852 5539 si
1914 5491 2058 5539 tanta

462 5589 565 5657 est,
598 5583 675 5640 fat
705 5578 903 5639 amodo
932 5584 1113 5635 nostra
1135 5574 1233 5632 sub
1250 5571 1439 5631 eadem
1470 5572 1791 5631 auctoritate
1822 5588 1855 5629 a
1895 5572 2057 5631 tantis

2114 3138 2129 3161 η
2162 3136 2293 3146 .s.--
2336 3136 2434 3144 ...--
2474 3136 2656 3161 πη-.-
2679 3136 2888 3145 ww---
2912 3136 3243 3159 ----..--.-.-.,
3280 3136 3464 3149 .ν......
3497 3136 3760 3152 ...νειμ-..-

2082 3136 2421 3236 (‘JOannem
2463 3187 2514 3233 et
2570 3187 2759 3235 contra
2816 3179 2994 3251 legem
3034 3185 3087 3234 et
3142 3181 3525 3251 Evangelium,
3587 3199 3760 3240 necne

2156 3265 2458 3325 doctrinam
2518 3266 2905 3339 apostolorum,
2964 3268 3075 3323 imo
3115 3276 3165 3323 et
3204 3276 3391 3325 contra
3430 3270 3760 3327 universalis

2156 3358 2419 3413 Ecclesiae
2459 3372 2671 3413 morem
2710 3372 2830 3411 eum
2872 3356 3075 3413 sentire
3121 3357 3176 3411 in
3213 3359 3470 3428 paschali
3509 3360 3761 3417 observa-

2158 3446 2303 3501 tione
2340 3445 2610 3515 probavit.
2635 3443 2806 3513 Quam
2835 3444 3212 3516 probationem
3269 3446 3472 3504 idcirco
3521 3450 3761 3505 scribere

2156 3534 2580 3605 supersedimus,
2612 3550 2680 3589 ne
2710 3536 2768 3587 in
2796 3549 2854 3589 re
2875 3533 2997 3590 huic
3038 3534 3297 3605 opusculo
3316 3552 3426 3592 non
3454 3539 3761 3595 necessaria

2158 3623 2376 3694 aliquod
2430 3621 2707 3677 fastidium
2770 3621 3075 3694 legentibus
3131 3622 3479 3680 inferremus.
3535 3627 3595 3683 Si
3644 3628 3762 3698 quis

2158 3717 2339 3768 autem
2367 3727 2488 3766 eam
2544 3710 2691 3780 velit,
2740 3710 2795 3765 in
2834 3718 3051 3778 nostrae,
3122 3712 3228 3767 hoc
3283 3721 3365 3769 est
3436 3716 3757 3787 Anglorum,

2159 3802 2337 3874 gentis
2374 3799 2599 3856 historia
2618 3799 2937 3871 requisitam
2958 3801 3217 3859 inveniet.
3240 3804 3356 3860 Hac
3385 3820 3519 3877 ergo
3539 3805 3759 3874 omissa,

2160 3890 2327 3946 vitam
2367 3889 2510 3943 beati
2548 3888 2672 3956 viri,
2697 3896 2754 3944 ut
2792 3889 3073 3961 coepimus,
3106 3892 3295 3947 ordine
3334 3908 3758 3965 procequamur.

2162 3985 2321 4048 prout
2359 3978 2494 4048 ipse,
2528 3977 2596 4033 de
2628 3993 2735 4049 quo
2758 3976 3045 4048 loquimur,
3072 3995 3171 4036 nos
3201 3979 3463 4052 adjuvare
3482 3982 3760 4055 dignatur.

2164 4066 2338 4121 Finito
2377 4065 2623 4123 conﬂictu
2681 4068 3134 4138 contentioneque
3207 4071 3402 4139 soluta,
3482 4071 3763 4128 Ailbertus

2164 4154 2386 4210 domum
2408 4155 2591 4221 rediit;
2625 4154 2952 4210 Colmannus
2971 4172 3119 4225 vero,
3143 4174 3258 4213 suae
3279 4158 3426 4214 sedis
3444 4158 3763 4232 episcopatu

2163 4243 2406 4311 dimisso,
2485 4243 2719 4300 Scotiam
2793 4245 2968 4315 petiit,
3047 4245 3301 4318 quoniam
3376 4247 3766 4305 ecclesiasticis

2164 4332 2549 4389 traditionibus
2579 4348 2700 4388 suas
2722 4333 3004 4389 tradilione
3024 4342 3355 4406 postponere
3375 4337 3569 4392 noluit.

2237 4425 2323 4477 17.
2349 4421 2442 4477 Vir
2470 4429 2648 4477 autem
2689 4422 2906 4476 Domini
2946 4422 3239 4480 Wilfridus
3279 4439 3348 4480 ex
3386 4426 3491 4481 hoc
3547 4441 3762 4499 magna

2085 4492 2138 4552 D
2168 4510 2311 4581 apud
2350 4525 2511 4566 omne
2533 4518 2611 4565 est
2634 4509 2966 4565 venerationi
3013 4511 3270 4569 habitus:
3314 4514 3521 4587 quippe
3578 4492 3671 4587 qui
3711 4522 3764 4572 et

2164 4598 2360 4655 divinis
2392 4598 2791 4654 eruditionibus
2819 4599 3077 4671 praeclare
3108 4600 3364 4673 imbutus,
3388 4610 3441 4658 et
3462 4602 3764 4660 Dominicis

2164 4687 2547 4759 comprobatus
2581 4695 2693 4742 erat
2711 4688 2964 4759 operibus
2986 4688 3276 4761 magniﬁce
3298 4689 3481 4746 fultus.
3514 4689 3765 4762 Quapro-

2164 4785 2284 4848 pter
2311 4792 2343 4831 a
2381 4792 2509 4849 rege
2547 4776 2757 4831 Alfrido
2816 4777 2977 4832 totius
3033 4776 3215 4848 plebis
3266 4776 3660 4836 acclamatione
3697 4779 3766 4836 ad

2165 4864 2536 4936 pontiﬁcatum
2577 4864 2830 4936 eligitur;
2875 4865 2973 4921 sed
3011 4865 3130 4937 ipse
3168 4867 3319 4939 gravi
3360 4866 3767 4924 reclamationis

2164 4953 2356 5009 adnisu
2393 4969 2461 5008 ne
2500 4953 2557 5008 id
2595 4951 2687 5008 ﬁat
2706 4952 2971 5009 obsistere
2992 4953 3195 5010 nititur.
3255 4955 3497 5011 Tandem
3553 4956 3768 5027 impor-

2166 5042 2388 5098 tunitate
2426 5041 2669 5098 omnium
2707 5042 2901 5106 victus,
2945 5040 3000 5098 id
3041 5058 3073 5097 a
3139 5059 3272 5117 rege
3330 5043 3535 5116 petivit,
3604 5061 3672 5102 ne
3712 5060 3771 5101 se

2166 5130 2469 5186 inordinate
2506 5129 2745 5185 ordinari
2784 5129 2841 5184 in
2888 5130 3148 5187 Brittania
3203 5133 3543 5202 permitteret
3585 5151 3599 5188 :
3667 5150 3771 5189 ve-

2164 5235 2284 5274 rum
2314 5226 2373 5275 ut
2412 5227 2558 5275 tanta
2597 5234 2684 5274 res
2720 5218 3017 5274 saeundum
3056 5219 3297 5277 instituta
3351 5235 3627 5278 canonum
3666 5237 3772 5277 ex-

2167 5307 2300 5380 pleri
2338 5307 2559 5376 valeret,
2601 5306 2965 5364 ordinandum
3003 5323 3125 5365 sese
3179 5308 3234 5364 in
3309 5309 3546 5365 Galliam
3587 5310 3773 5367 mitte-

2166 5404 2263 5464 ret,
2304 5395 2649 5452 Venerabilis
2680 5411 2878 5469 nempe
2918 5395 3224 5454 Deusdedit
3261 5406 3464 5456 sancta
3531 5399 3775 5456 Cantua-

2165 5485 2363 5541 riensis
2421 5485 2685 5542 Ecclesiae
2760 5486 3205 5559 archiepiscopus
3273 5487 3388 5560 jam
3447 5488 3575 5545 huic
3643 5489 3771 5548 vitae

2166 5574 2469 5634 subtractus
2508 5574 2704 5646 fuerat,
2750 5590 2853 5635 nec
2890 5575 2947 5633 in
2988 5582 3101 5636 tota
3158 5577 3429 5638 Brittania
3483 5578 3776 5652 episcOpus
