4046 6076
316 272 413 327 72.1

1628 277 1788 332 VITA
1819 277 1877 333 S.
1909 279 2261 335 WlLFRlDl.

3505 292 3614 344 722

284 395 512 475 .aliquis
538 396 800 453 canonice
831 398 1113 454 ordinatus
1142 408 1441 469 supererat,
1464 409 1694 473 excepto
1741 402 1908 459 Wine
1938 406 1991 467 A
2022 422 2181 464 causa
2222 416 2437 463 vetante
2458 408 2798 464 conﬁrmant.
2836 409 2975 479 Quid
3004 410 3177 484 igitur
3203 410 3409 483 negotii
3465 414 3624 469 tenor

316 485 742 541 occidentalium
766 485 1039 542 Saxonum
1089 488 1369 559 episcopo.
1419 489 1692 545 Ailbertus
1739 490 1917 562 siqui-

317 574 465 640 dem,
499 573 651 643 cujus
678 575 841 645 paulo
872 584 994 630 ante
1026 577 1371 644 meminibus,
1405 577 1595 634 relicta
1641 578 1916 643 Brittania,

322 660 609 717 Parisiacae
638 662 874 717 civitatis
922 664 1294 735 episcopatum
1338 664 1552 719 sortitus
1603 674 1738 721 erat.
1785 667 1919 721 Cum

319 750 487 823 igitur
516 750 590 805 ita
630 765 688 806 se
718 767 803 806 res
826 751 1081 822 habebat,
1117 753 1261 823 quod
1291 753 1572 824 petebatur
1596 770 1693 808 rex
1726 770 1918 824 prom—

317 838 566 909 ptissime
594 840 798 906 annuit,
830 847 883 894 et
911 842 1134 897 consitio
1166 841 1340 911 patris
1361 842 1439 896 sui
1481 841 1647 895 Oswii
1695 841 1916 897 beatum

320 927 538 981 Patrem
570 927 639 981 ad
672 943 857 1000 regem
890 928 1189 984 Galliarum
1229 930 1444 1000 direxit,
1472 946 1675 1003 rogans
1706 938 1759 985 et
1812 931 1917 986 ob-

312 1031 534 1069 secrans
565 1024 828 1088 quatenus
856 1016 1031 1073 virum
1063 1017 1358 1074 honoriﬁce
1389 1019 1712 1091 susciperet,
1759 1028 1920 1090 atque

315 1102 371 1158 in
419 1103 651 1175 gradum
703 1105 1049 1176 pontiﬁcatus
1103 1122 1198 1161 sua
1254 1108 1578 1163 auctoritate
1633 1107 1919 1162 sublimari

316 1192 665 1264 praeciperet.
704 1193 887 1265 Igitur,
910 1203 1069 1265 prout
1096 1195 1325 1267 dignum
1361 1194 1479 1264 fuit,
1513 1211 1544 1250 a
1576 1211 1707 1266 rege
1738 1196 1917 1250 hono-

314 1279 469 1336 riﬁce
498 1281 808 1353 suscipitur,
841 1283 912 1336 ad
939 1281 1236 1337 Ailbertum
1266 1283 1579 1353 episcopum
1608 1298 1730 1339 cum
1769 1298 1921 1337 man-

323 1369 466 1424 datis
496 1370 776 1442 dirigitur,
804 1369 1007 1442 quibus
1030 1378 1086 1425 ut
1110 1387 1323 1425 summa
1350 1370 1765 1428 honoriﬁcentia
1794 1387 1918 1427 ser-

317 1472 446 1512 vum
486 1458 708 1513 Domini
763 1459 835 1513 ad
892 1459 1135 1513 ordinem
1192 1460 1543 1530 episcopatus
1595 1468 1920 1530 promoveat

312 1544 556 1617 jubetur.
590 1546 691 1615 Qui
720 1547 992 1601 mandatis
1020 1548 1295 1619 gratiosus
1323 1547 1735 1618 obtemperans,
1792 1564 1917 1603 eum

318 1635 739 1706 cooperantibus
758 1636 1009 1691 undecim
1039 1636 1310 1709 episc0pis
1364 1635 1662 1693 honoriﬁce
1717 1651 1915 1693 conse-

318 1724 515 1780 cravit.

392 1831 484 1886 18.
512 1831 631 1900 Quo
658 1839 785 1902 post
806 1831 1205 1888 ordinationem
1236 1849 1388 1888 suam
1440 1832 1493 1888 in
1537 1833 1916 1889 transmarinis

317 1919 569 1991 partibus
599 1921 934 1989 demorante,
967 1922 1002 1976 ii
1035 1937 1260 1992 quorum
1320 1930 1481 1978 sectae
1536 1922 1774 1993 pravitas
1816 1937 1918 1992 per

316 2025 445 2065 eum
476 2009 685 2081 pridem
708 2009 917 2066 detecta
950 2010 1119 2066 fuerat
1143 2019 1304 2082 atque
1335 2010 1567 2079 dejecta,
1598 2010 1912 2080 rependen-

318 2097 513 2153 darum
570 2098 884 2167 injuriarum
937 2115 1057 2155 sese
1112 2098 1228 2168 jam
1286 2106 1499 2170 tempus
1551 2106 1917 2169 opportunum

317 2186 595 2257 accepisse
631 2193 910 2257 putantes,
943 2204 1128 2259 regem
1146 2186 1386 2243 Oswium
1417 2187 1761 2243 fraudulenta
1798 2186 1915 2241 cal-

314 2274 529 2331 liditate
559 2276 950 2331 convenientes
962 2276 1411 2346 circumveniunt,
1435 2275 1916 2331 circumveniendo

316 2363 375 2419 in
404 2379 525 2418 eam
555 2364 876 2420 sententiam
909 2365 1123 2435 ducunt,
1152 2373 1413 2437 quatenus
1453 2364 1730 2419 Ceaddam
1762 2364 1916 2419 Ebo-

316 2468 463 2508 racae
485 2452 724 2507 civitatis
764 2453 1080 2524 episcopum
1127 2452 1240 2508 ﬁeri
1293 2452 1499 2522 jubeat,
1552 2467 1621 2506 ne
1667 2450 1919 2507 Ecclesia

315 2540 519 2595 diutius
572 2549 792 2597 carente
865 2549 1084 2611 pastore
1131 2540 1265 2596 ﬁdes
1340 2540 1540 2595 Christi
1618 2539 1919 2610 quamlibet

306 2630 582 2700 jecturam
605 2630 868 2686 incurrat:
888 2629 1189 2700 praesertim
1209 2645 1331 2686 cum
1364 2629 1596 2701 penitus,
1642 2628 1913 2700 inquiunt,

314 2717 599 2791 ignoretur
622 2717 1035 2791 quoWill‘ridus
1065 2718 1361 2788 devenerit,
1409 2733 1568 2790 quem
1626 2717 1698 2771 ad
1748 2717 1916 2787 ipsius

310 2807 572 2865 Ecclesia:
602 2808 845 2881 regimen
877 2807 1239 2862 ordinandum
1272 2808 1324 2861 in
1373 2807 1606 2862 Galliam
1663 2804 1916 2860 Alfridus

311 2896 533 2953 direxit.
570 2897 684 2952 Hac
715 2898 953 2968 ipsorum
996 2896 1228 2951 versutia
1284 2911 1381 2952 rex
1430 2894 1643 2951 Oswius
1700 2894 1914 2949 incaute

310 2994 634 3057 praereptus,
667 2984 793 3041 dato
821 2987 1052 3057 praefato
1075 2984 1307 3039 Ceaddte
1325 2983 1490 3056 ipsius
1505 2982 1763 3039 Ecclesiae
1783 2998 1914 3054 pon-

310 3074 532 3145 tiﬁcatu,
564 3074 708 3129 misit
754 3091 878 3130 eum
936 3072 1178 3129 Cantiam
1233 3073 1288 3128 in
1344 3072 1573 3146 gradum
1620 3071 1910 3127 sacerdotii

310 3164 766 3220 consecrandum.
820 3164 939 3233 Quo
983 3179 1111 3220 cum
1164 3162 1272 3217 suis
1321 3161 1549 3217 veniens
1575 3169 1628 3215 et
1658 3161 1914 3217 eamdem

310 3253 496 3308 sedem
525 3260 751 3324 pastore
808 3251 1082 3308 viduatam
1130 3250 1434 3316 inveniens,
1491 3249 1621 3305 inde
1675 3249 1914 3317 divertit,

312 3342 635 3414 praedictum
664 3342 833 3398 Wine
856 3341 1176 3412 episcopum
1198 3338 1349 3407 adiit,
1397 3346 1456 3393 ut
1499 3337 1792 3408 episcopus
1847 3336 1915 3390 ab

314 3447 380 3487 eo
409 3438 815 3487 consecraretur
853 3429 1099 3486 obtinuit.
1139 3426 1449 3497 Assumplis
1505 3440 1640 3497 ergo
1696 3423 1917 3479 duobus

316 3521 386 3575 de
428 3529 594 3593 gente
650 3520 945 3575 Brittonum
1002 3516 1292 3588 episcopis,
1334 3514 1425 3586 qui
1466 3522 1655 3569 contra
1712 3511 1916 3583 scripta

316 3625 582 3665 canonum
638 3617 793 3664 erant
849 3607 1104 3676 ordinati,
1150 3605 1401 3661 eumdem
1460 3603 1731 3660 Ceaddam
1794 3601 1913 3672 pari

315 3698 480 3753 modo
512 3696 821 3754 inordinate
845 3695 1138 3752 ordinavit.

388 3806 470 3860 l9.
512 3804 810 3860 Ordinatus
840 3811 1019 3858 autem
1075 3799 1411 3858 Eboracensi
1468 3796 1728 3855 Ecclesia:
1778 3812 1909 3868 prae-

312 3894 452 3949 latus
481 3902 578 3960 est,
610 3910 730 3950 cum
764 3909 873 3949 non
893 3898 1018 3962 post
1048 3891 1244 3947 multos
1273 3891 1389 3945 dies
1447 3888 1640 3944 beatus
1688 3885 1908 3941 Wilfri-

311 3982 414 4037 dus
433 3982 660 4053 patriam
692 3982 869 4037 redire
891 3980 1172 4035 instituens
1227 3994 1423 4034 navem
1480 3975 1802 4048 ingreditur,
1855 3980 1909 4028 et

311 4071 627 4142 aliquandiu
658 4069 804 4125 felici
835 4086 994 4126 cursu
1022 4068 1179 4125 navis
1206 4080 1487 4138 aequoreos
1516 4064 1707 4118 ﬂuctus
1732 4069 1906 4117 trans-

310 4160 541 4215 vehitur.
574 4163 694 4214 Jam
719 4171 896 4213 autem
928 4158 1107 4214 medio
1145 4155 1281 4212 mari
1340 4152 1584 4218 transito,
1646 4157 1699 4205 et
1744 4150 1905 4205 beato

313 4242 430 4297 viro
452 4258 575 4297 cum
604 4242 722 4297 suis
748 4241 961 4321 clericis
991 4242 1046 4296 in
1075 4258 1140 4296 ea
1169 4256 1290 4312 qute
1340 4237 1438 4292 Dei
1478 4242 1600 4290 sunt
1642 4233 1805 4289 corde
1851 4242 1905 4289 et

312 4347 408 4386 ore
439 4331 675 4398 intendo,
735 4332 915 4386 ventis
959 4329 1175 4385 mutatis
1231 4325 1569 4383 validissima
1617 4330 1906 4393 tempestas

308 4419 569 4475 exoritur.
603 4420 707 4489 Qui
737 4436 936 4491 magna
966 4419 1258 4473 vexatione
1288 4413 1547 4487 quassati,
1597 4411 1814 4466 tandem
1843 4410 1899 4464 in

306 4509 586 4581 regionem
616 4509 933 4564 australium
960 4509 1259 4575 Saxonum,
1292 4520 1454 4576 quam
1484 4518 1594 4559 non
1612 4507 1896 4566 noverant,

306 4598 541 4668 projecti
568 4605 711 4655 sunt.
736 4596 1006 4653 Fluctibus
1034 4611 1164 4652 vero
1193 4595 1247 4649 in
1278 4595 1428 4649 sinus
1468 4607 1596 4647 suos
1650 4587 1731 4645 ira
1776 4588 1904 4643 illuc

306 4687 553 4742 retractis
609 4686 881 4759 indigenae
928 4685 1105 4741 adhuc
1150 4682 1341 4757 gentili
1420 4696 1604 4737 errore
1666 4677 1901 4734 devincti

309 4774 588 4842 advolant,
618 4791 812 4831 navem
841 4782 895 4831 et
920 4774 1103 4831 omnia
1122 4789 1245 4845 quae
1274 4771 1330 4827 in
1378 4787 1444 4827 ea
1498 4775 1653 4825 erant
1707 4768 1762 4822 in
1812 4767 1904 4837 jus

308 4879 464 4917 suum
491 4862 773 4919 vindicare
800 4863 1048 4919 volentes
1077 4880 1089 4925 ;
1124 4869 1179 4917 et
1223 4861 1280 4915 id
1324 4858 1584 4931 propositi
1634 4855 1903 4913 obstinato

308 4951 473 5007 corde
505 4959 765 5023 tenentes,
797 4960 855 5007 ut
898 4959 991 5007 aut
1038 4949 1394 5023 captivarent,
1452 4955 1543 5002 aut
1590 4953 1759 5001 morte
1801 4943 1902 4997 sibi

308 5039 625 5096 resistentes
651 5040 1021 5097 involverent.
1055 5039 1175 5108 Quo
1223 5036 1303 5093 vir
1350 5034 1679 5092 venerabilis
1719 5032 1906 5105 agnito

310 5129 599 5201 copiosam
629 5130 709 5187 eis
731 5130 1010 5202 pecuniam
1037 5126 1247 5196 obtulit,
1283 5133 1335 5182 et
1375 5134 1640 5197 quatenus
1692 5123 1760 5177 ab
1817 5122 1906 5176 in-

313 5218 549 5275 tentione
586 5235 683 5274 sua
731 5219 1051 5276 recederent
1091 5214 1282 5271 humili
1320 5212 1683 5285 postulatione
1720 5211 1908 5267 admo-

309 5308 462 5364 nuit.
500 5309 566 5363 At
595 5306 675 5362 illi
700 5306 995 5363 ferociores
1023 5321 1090 5361 ex
1104 5304 1253 5363 illius
1280 5302 1461 5359 verbis
1488 5300 1692 5368 effecti,
1715 5298 1789 5356 nil
1849 5316 1909 5356 se

312 5396 382 5454 ab
412 5413 480 5453 eo
508 5413 612 5467 pro
631 5394 869 5469 ipsorum
894 5393 1206 5450 dimissione
1245 5399 1556 5463 sumpturos
1603 5390 1719 5446 lore
1772 5405 1910 5461 pro-

317 5485 573 5554 clamant,
603 5485 730 5556 quin
750 5484 909 5540 etiam
936 5500 1047 5539 non
1078 5482 1238 5539 modo
1266 5482 1448 5538 omnia
1476 5495 1594 5548 sua,
1643 5497 1830 5537 verum
1862 5488 1915 5538 et

314 5575 564 5630 eumdem
595 5574 771 5646 ipsum
794 5572 846 5628 in
871 5573 963 5644 jus
989 5570 1267 5646 proprium
1290 5587 1350 5629 se
1403 5579 1716 5645 accepturos
1770 5570 1915 5627 nulla

2021 494 2319 551 intenderet
2356 496 2487 552 socii
2543 497 2813 568 pontiﬁcis
2869 498 3254 571 intelligentes,
3340 500 3622 571 praemissa

2020 585 2410 655 supplicatione
2434 587 2499 640 ad
2559 586 2855 641 Dominum
2910 603 3065 642 arma
3109 588 3393 660 arripiunt,
3448 590 3624 661 magis

2021 672 2261 727 volentes
2308 689 2459 730 more
2515 675 2762 730 vivorum
2823 674 3033 732 fortiter
3081 675 3225 731 bello
3280 677 3612 733 occumbere

2020 777 2180 833 quam
2213 761 2409 833 ignava
2440 763 2751 832 captivitate
2774 763 3035 836 longioris
3094 765 3216 819 vitre
3278 766 3455 835 spatio
3506 782 3621 822 ser-

2020 850 2198 905 vando
2227 850 2547 921 producere.
2608 852 2763 921 Quod
2823 853 2913 907 ubi
2970 869 3002 908 a
3044 854 3271 924 paganis
3320 855 3619 925 cognitum,

2022 939 2192 993 aciem
2224 946 2529 1009 struere,ac
2550 940 2603 994 in
2634 942 2894 1011 populum
2944 943 3160 997 Domini
3214 943 3321 998 tela
3379 943 3622 1015 dirigere

2021 1025 2360 1083 festinabant.
2394 1028 2558 1083 Stans
2589 1045 2806 1102 quoque
2834 1030 3091 1101 princeps
3120 1029 3459 1086 sacerdotum
3495 1030 3623 1085 ido-

2020 1115 2245 1171 lolatria:
2273 1131 2456 1171 coram
2486 1118 2716 1189 paganis
2747 1119 2800 1172 in
2831 1119 3035 1175 tumulo
3058 1120 3297 1185 excelso,
3330 1120 3440 1173 suis
3497 1134 3621 1174 ma-

2020 1203 2156 1275 gicis
2186 1203 2637 1260 incantationibus
2675 1222 2799 1263 suos
2853 1208 3005 1279 quasi
3058 1208 3433 1263 benedicendo
3480 1221 3620 1263 con-

2022 1291 2236 1362 fortare,
2269 1307 2333 1348 ac
2357 1294 2541 1350 socios
2557 1293 2741 1349 famuli
2771 1296 2863 1350 Dei
2898 1294 3270 1350 maledicendo
3335 1295 3624 1366 satagebat

2020 1395 2298 1436 enervare.
2359 1382 2453 1438 Cui
2520 1383 2672 1454 operi
2719 1400 2839 1439 cum
2897 1391 3156 1454 quantum
3210 1399 3307 1438 sua
3346 1382 3622 1453 intererat,

2020 1485 2233 1525 summo
2263 1471 2444 1526 studio
2470 1480 2673 1539 mente,
2722 1487 2858 1528 voce
2902 1487 3175 1541 manuque
3234 1480 3495 1541 vacasset,
3537 1473 3624 1541 ju-

2019 1559 2287 1613 venculus
2316 1559 2535 1631 quidam
2563 1560 2803 1615 minister
2834 1559 3071 1616 hominis
3087 1560 3186 1615 Dei
3202 1560 3364 1613 funda
3384 1559 3623 1629 lapidem

2013 1646 2167 1717 jecit,
2200 1656 2253 1702 et
2300 1648 2553 1703 eumdem
2608 1664 2829 1721 magum
2887 1650 3113 1718 trajecta
3161 1647 3336 1703 fronte
3401 1647 3623 1716 dejecit,

1944 1756 1998 1817 B
2026 1736 2303 1791 exstinxit.
2336 1737 2517 1792 Rediit
2546 1752 2667 1792 mox
2700 1736 2767 1792 ad
2814 1738 3133 1793 memoriam
3182 1735 3281 1793 viri
3339 1734 3437 1791 Dei
3486 1737 3627 1791 anti-

2024 1842 2192 1896 quum
2222 1842 2322 1895 per
2351 1825 2526 1881 David
2558 1826 2756 1881 factum
2788 1826 2841 1879 in
2872 1825 3083 1882 Goliam
3115 1825 3439 1881 miraculum
3499 1824 3625 1891 Dei,

2026 1930 2148 1969 cum
2170 1914 2347 1970 subito
2376 1915 2512 1969 mire
2545 1930 2880 1987 paganorum
2904 1914 3169 1969 tumultus
3199 1913 3454 1980 exoritur,
3492 1920 3546 1967 et
3572 1913 3629 1967 in

2026 2003 2449 2074 discerptionem
2482 2004 2799 2059 Christianae
2828 2003 3001 2074 partis
3032 2003 3175 2058 vires
3207 2002 3455 2057 omnium
3494 2016 3631 2056 exe-

2027 2096 2233 2143 runtur.
2268 2087 2414 2157 Quid
2432 2087 2597 2158 plura
2620 2090 2648 2142 ‘?
2678 2089 2965 2160 insurgunt
3020 2087 3182 2156 acies,
3235 2085 3393 2140 miles
3435 2083 3630 2140 Christi

2026 2194 2146 2233 sese
2177 2178 2468 2248 prosternit
2498 2177 2551 2230 in
2583 2190 2801 2245 preces;
2837 2175 3069 2231 Domino
3110 2182 3291 2230 autem
3349 2189 3455 2244 pro
3516 2173 3630 2228 suis

2026 2274 2323 2338 pugnante,
2357 2265 2577 2319 inimica
2601 2281 2792 2319 manus
2822 2264 3048 2318 confusa
3078 2269 3135 2319 et
3160 2264 3308 2318 victa
3365 2262 3621 2317 discedit.

2029 2355 2137 2410 Sed
2166 2361 2288 2424 post
2319 2353 2593 2425 paululum
2625 2352 2987 2421 multiplicior
3016 2351 3069 2406 in
3099 2352 3333 2424 idipsum
3365 2352 3629 2406 etimma-

2027 2442 2147 2497 nior
2175 2443 2331 2509 redit,
2356 2441 2528 2496 aciem
2559 2440 2733 2511 struit,
2766 2441 2872 2495 tela
2909 2439 2963 2494 in
2990 2456 3220 2495 vacuum
3265 2439 3468 2511 dirigit.
3501 2439 3629 2494 Tela

2026 2547 2135 2587 non
2164 2546 2327 2586 vacua
2355 2528 2567 2599 recipit,
2599 2546 2729 2600 pars
2760 2529 3003 2584 maxima
3031 2529 3154 2597 ruit,
3188 2537 3237 2583 et
3263 2544 3389 2598 pars
3407 2528 3631 2583 residua

2029 2619 2185 2690 fugit.
2217 2619 2285 2672 Et
2313 2618 2446 2689 quid
2474 2619 2700 2673 morer?
2722 2619 2838 2687 jam
2883 2617 3037 2673 tertio
3088 2617 3213 2671 victi
3271 2632 3394 2671 cum
3444 2632 3503 2670 se
3559 2614 3629 2670 ad

2027 2712 2276 2779 quartum
2305 2706 2554 2777 praelium
2589 2722 2711 2761 cum
2744 2722 2873 2778 rege
2904 2721 3002 2760 suo
3051 2712 3445 2778 praepararent,
3504 2719 3628 2758 me-

2026 2796 2140 2850 ritis
2169 2796 2312 2851 beati
2343 2793 2591 2849 Wilfridi
2621 2794 2788 2848 multo
2819 2801 2943 2849 ante
2967 2796 3161 2849 horam
3192 2807 3345 2848 mare
3401 2792 3623 2859 eﬁluxit,

2027 2901 2221 2940 navem
2253 2882 2463 2950 extulit,
2494 2890 2549 2938 et
2571 2889 2814 2938 sanctum
2861 2882 2961 2936 Dei
3016 2898 3139 2938 cum
3196 2880 3450 2937 omnibus
3494 2880 3625 2949 suis,

2027 2969 2262 3040 quinque
2282 2968 2626 3024 solummodo
2656 2983 2722 3022 ex
2765 2966 2928 3022 sociis
2982 2966 3230 3036 perditis,
3268 2980 3528 3037 prospere
3571 2963 3626 3018 in

2027 3058 2326 3113 Sandicum
2358 3065 2574 3128 portum
2621 3056 2815 3111 evexit.
2875 3054 3034 3123 Quod
3087 3054 3294 3109 inimici
3353 3054 3621 3118 videntes,

2027 3147 2266 3201 maxima
2295 3144 2612 3202 confusione
2641 3145 2695 3197 in
2724 3158 2822 3198 sua
2843 3150 3104 3211 remeant,
3138 3149 3191 3197 et
3244 3158 3465 3197 servum
3517 3142 3623 3195 Do-

2025 3236 2154 3290 mini
2185 3235 2308 3290 lseta
2334 3233 2621 3289 serenitate
2649 3232 2912 3289 victorem
2934 3230 3084 3286 abire
3140 3229 3473 3301 gemebundi
3530 3228 3621 3284 de-

2023 3323 2265 3395 plorant.

2092 3434 2183 3487 20.
2236 3427 2410 3484 Patrio
2464 3428 2645 3497 itaque
2699 3435 2859 3497 portu
2906 3425 3187 3498 patriaque
3240 3424 3458 3496 potitus,
3498 3439 3625 3480 con-

2023 3519 2204 3575 festim
2242 3518 2343 3573 sibi
2370 3532 2555 3571 rumor
2583 3516 2834 3583 innotuit,
2868 3515 3101 3587 qualiter
3116 3530 3229 3569 suae
3254 3513 3371 3570 sedi
3402 3513 3624 3568 Ceadda

2021 3608 2343 3663 substitutus
2371 3606 2593 3661 antistes
2649 3605 2739 3660 sit.
2791 3604 2893 3674 Qui
2945 3619 3045 3673 pro
3102 3619 3159 3658 re
3214 3603 3348 3657 nihil
3396 3602 3619 3658 omnino

2020 3697 2379 3767 perturbatus,
2410 3693 2627 3765 placido
2657 3693 2806 3749 vultu
2848 3700 2901 3747 et
2929 3691 3085 3747 hilari
3141 3699 3358 3762 pectore
3422 3689 3618 3760 Ripum

2017 3786 2253 3857 perrexit
2284 3802 2298 3847 ;
2322 3784 2505 3855 ibique
2530 3782 2764 3838 servitiis
2795 3781 2891 3836 Dei
2922 3781 3175 3849 intentus,
3196 3796 3396 3852 magna
3424 3778 3620 3833 mentis

2016 3874 2308 3928 stabilitate
2336 3888 2436 3943 per
2466 3870 2688 3942 aliqupd
2724 3878 2935 3940 tempus
2962 3869 3016 3923 in
3073 3869 3349 3925 secretiori
3397 3867 3616 3923 habita-

2018 3963 2143 4018 culo
2171 3959 2391 4031 deguit.
2430 3959 2535 4014 Sed
2561 3960 2686 4029 quia
2715 3958 2907 4014 civitas
2936 3973 3100 4027 supra
3157 3966 3395 4013 montem
3436 3956 3616 4027 posita

2015 4046 2495 4120 nequitabscondi,
2528 4061 2560 4100 a
2590 4046 2773 4100 multis
2803 4052 2857 4100 et
2884 4046 3161 4115 przecipue
3191 4044 3472 4100 nobilibus
3502 4044 3614 4097 fre-

2012 4137 2389 4209 quentabatur,
2421 4133 2639 4188 eximiae
2666 4134 2965 4188 sanctitatis
2986 4132 3108 4201 ejus
3145 4132 3291 4187 fama
3324 4130 3607 4202 permotis.

2014 4227 2127 4281 ltex
2154 4239 2369 4295 quoque
2399 4220 2740 4292 Merciorum,
2776 4220 2995 4281 nomine
3025 4220 3322 4288 Wlfarius,
3360 4220 3443 4273 vir
3500 4219 3616 4275 Deo

2011 4314 2168 4370 valde
2197 4312 2439 4381 devotus,
2476 4311 2736 4366 famulum
2784 4310 2985 4366 Christi
3041 4309 3192 4376 adiit,
3252 4307 3502 4364 eumdem
3561 4316 3619 4362 ut

2013 4403 2133 4459 loco
2164 4401 2380 4458 cederet
2411 4416 2707 4470 secumque
2736 4399 3306 4470 maneretimportuna
3334 4396 3425 4451 vix
3455 4411 3618 4467 prece

1926 4454 1985 4519 D
2014 4490 2270 4551 deﬂexit:
2294 4497 2348 4545 et
2375 4505 2603 4559 compos
2620 4454 2743 4544 .suae
2774 4454 3093 4544 voluntatis.
3111 4485 3349 4554 effectus,
3404 4454 3614 4557 ingenti

2010 4580 2228 4635 beatum
2261 4581 2471 4634 Patrem
2504 4576 2814 4635 dilectionis
2844 4575 3040 4631 affectu
3096 4576 3282 4642 coluit,
3347 4573 3500 4629 terris
3558 4580 3617 4628 et

2010 4666 2313 4724 honoribus
2342 4666 2512 4721 auxit.

2081 4775 2180 4830 21.
2218 4772 2626 4845 Metropolitana
2658 4787 2787 4828 vero
2817 4771 2974 4828 sedes
2994 4770 3155 4827 totius
3196 4769 3423 4844 Anglice,
3483 4773 3614 4826 dum

2014 4866 2127 4918 haec
2150 4861 2225 4917 ita
2255 4861 2465 4931 ﬁerent,
2493 4868 2717 4932 pastore
2748 4862 2989 4928 carebat,
3025 4861 3281 4917 defuncto
3329 4864 3406 4933 (ut
3460 4877 3616 4933 prae-

2015 4951 2272 5022 diximus)
2303 4949 2719 5022 archiepiscOpo
2750 4950 3076 5006 Deusdedit.
3106 4950 3169 5005 Et
3188 4950 3440 5021 quoniam
3469 4958 3621 5007 tanta

2016 5040 2174 5097 sedes
2193 5041 2402 5112 absque
2427 5039 2725 5111 episcOpali
2784 5038 3123 5111 providentia
3169 5056 3289 5095 esse
3335 5042 3617 5114 nequibat,

2014 5146 2111 5186 rex
2139 5129 2551 5186 Cantuariorum
2587 5128 2859 5200 Egbertus
2888 5126 3033 5183 beati
3062 5126 3307 5183 Wilfridi
3332 5129 3622 5199 prudentia

2015 5218 2404 5289 sanctitateque
2453 5216 2659 5283 audita,
2694 5216 2765 5272 ad
2796 5217 2978 5287 ipsum
3007 5214 3151 5272 misit
3205 5233 3367 5287 quam
3423 5216 3620 5271 humil-

2019 5308 2146 5363 lima
2177 5322 2298 5363 eum
2355 5306 2755 5378 supplicatione
2819 5308 3148 5375 contestans,
3206 5312 3266 5359 ut
3320 5304 3623 5360 Ecclesiam

2021 5396 2297 5452 viduatam
2351 5411 2450 5451 sua
2500 5396 2828 5469 dignaretur
2890 5394 3177 5467 praesentia
3221 5392 3463 5457 visitare,
3523 5407 3627 5464 ope

2024 5483 2408 5541 consolationis
2463 5485 2696 5557 erigere,
2746 5492 2932 5541 contra
2980 5480 3289 5554 spirituales
3360 5479 3629 5549 nequitias

2029 5574 2223 5647 clypeo
2252 5590 2364 5630 suae
2391 5574 2778 5632 admonitionis
2806 5582 3114 5646 protegere,
3141 5577 3194 5626 et
3225 5584 3454 5642 quasque
3475 5574 3633 5625 tenor
