4046 6076
451 329 554 388 723

1450 322 1777 382 EADMERI
1813 318 2379 380 CANTUARIENSIS
2417 318 2569 376 ΜοΝ
2575 322 2611 376 Α
2622 323 2735 382 CH1

3654 327 3771 384 724

430 454 811 515 ecclesiasticae
845 451 1143 510 traditionis
1173 455 1467 522 expeteret,
1513 448 1568 504 in
1616 465 1681 505 ea
1747 445 2039 521 pontificali
2069 449 2127 512 Α
2156 451 2326 524 igitur
2353 454 2686 524 episcopatu,
2721 458 2772 508 et
2801 451 2869 507 ad
2927 451 3312 508 monasterium
3366 468 3549 522 suum,
3613 455 3771 526 quod

429 547 749 604 auctoritate
779 552 1043 600 statuere.
1082 540 1260 596 Atille
1292 539 1381 594 tali
1422 538 1476 593 in
1531 555 1693 594 causa
1746 539 1900 594 reniti
1959 539 2041 593 fas

433 653 557 694 esse
579 650 921 706 nequaquam
952 631 1290 697 existimans,
1324 629 1490 700 regiae
1531 628 1793 684 voluntati
1847 645 2039 683 assen-

432 743 554 782 sum
586 724 834 796 praebuit.
868 723 956 776 Ad
987 719 1271 776 ecclesiam
1301 717 1466 790 igitur
1493 717 1657 787 venit,
1694 726 1746 772 et
1779 733 1897 790 quae
1943 733 2041 788 per

431 813 692 886 Spiritum
727 819 974 866 sanctum
1031 808 1243 880 agenda
1299 807 1574 878 cognovit,
1635 806 1850 861 sedulus
1906 801 2038 860 inibi

431 901 848 959 administravit.
885 902 934 954 Is
962 898 1167 970 primus
1224 904 1360 962 erat,
1411 896 1501 966 qui
1554 895 1693 950 inter
1749 896 2037 966 episcopos

429 993 496 1046 de
523 991 822 1063 Anglorum
853 997 1018 1061 gente
1045 993 1258 1042 creatos
1288 984 1617 1039 catholicum
1647 983 1867 1040 vivendi
1915 1000 2034 1040 mo-

426 1096 548 1136 rem
582 1079 883 1151 Anglorum
917 1075 1174 1131 Ecclesiis
1202 1073 1418 1128 tradere
1444 1072 1744 1127 didicerat:
1797 1073 1939 1128 unde
1978 1082 2035 1128 et

425 1169 686 1241 perplura
714 1165 995 1222 catholica
1031 1161 1420 1220 observationis
1475 1161 1848 1216 moderamina
1904 1177 2034 1233 qua-

428 1274 535 1330 que
555 1274 653 1328 per
681 1256 903 1311 easdem
933 1253 1210 1309 Ecclesias
1241 1268 1336 1305 sua
1383 1250 1626 1305 doctrina
1673 1250 2030 1305 diffundebat.

429 1347 607 1417 Quare
628 1347 826 1400 factum
857 1350 937 1398 est
968 1349 1042 1408 ut,
1073 1348 1350 1397 crescente
1394 1354 1494 1410 per
1522 1339 1640 1394 dies
1694 1339 2033 1395 institutione

431 1434 714 1502 catholica,
749 1432 897 1489 Scoti
926 1447 1115 1486 omnes
1171 1429 1261 1499 qui
1317 1433 1448 1484 tunc
1495 1427 1848 1484 morabantur
1894 1429 2034 1484 inter

429 1525 653 1594 Anglos,
690 1529 782 1577 aut
812 1521 893 1576 his
921 1536 1112 1574 manus
1131 1518 1339 1586 darent,
1373 1524 1464 1573 aut
1491 1517 1558 1572 ad
1593 1532 1746 1572 suam
1799 1517 2030 1589 patriam

428 1612 774 1684 repedarent.

501 1703 592 1755 22.
638 1701 830 1755 Beatus
886 1706 1066 1754 autem
1118 1694 1431 1763 Wilfridus,
1489 1704 1647 1767 prout
1706 1695 1754 1750 ei
1807 1695 2030 1752 facultas

2148 543 2339 599 eratin
2368 542 2722 614 Lestingesei,
2754 543 2998 614 privatus
3015 544 3255 600 secessit.

2221 635 2309 688 24.
2343 634 2512 690 Porro
2557 631 2845 687 Thodorus
2893 632 3112 688 beatum
3170 631 3487 688 Wilfridum
3540 633 3596 688 in
3639 634 3762 705 epi-

2147 730 2374 792 scopatu
2403 722 2759 778 Eboracensis
2787 721 3048 778 Ecclesiae
3078 722 3326 790 restituit,
3378 737 3479 778 nec
3533 739 3640 778 non
3701 732 3762 779 et

2145 811 2393 865 omnium
2424 811 3019 879 Nordanhumbrorum,
3051 810 3150 866 sed
3171 819 3222 866 et
3253 810 3544 878 Pictorum,
3603 827 3757 883 quo-

2143 914 2313 968 usque
2333 915 2429 953 rex
2485 898 2703 954 Oswius
2758 899 3045 970 imperium
3079 899 3403 970 protendere
3464 908 3747 970 potuerat.

2143 986 2340 1058 Sicque
2361 989 2442 1043 vir
2469 989 2840 1044 sanctissimus
2869 995 2923 1044 et
2951 988 3187 1043 animam
3229 1004 3382 1043 suam
3438 989 3493 1042 in
3534 989 3760 1060 patien-

2144 1075 2217 1130 tia
2258 1076 2516 1146 possedit,
2576 1085 2629 1132 et
2685 1076 3075 1147 multiplicatus
3129 1078 3355 1145 honore,
3388 1080 3531 1147 quod
3590 1094 3752 1132 suum

2142 1164 2339 1231 fuerat,
2374 1165 2536 1222 totius
2557 1165 2738 1238 populi
2760 1166 3121 1221 exsultatione
3159 1166 3380 1237 recepit.
3433 1165 3552 1235 Quo
3616 1175 3760 1222 tem-

2140 1268 2276 1322 pore
2304 1270 2473 1327 regno
2499 1255 2821 1310 Merciorum
2865 1255 3126 1310 Wlfarius
3183 1255 3532 1326 praesidebat,
3593 1258 3757 1329 cujus

2139 1343 2304 1412 paulo
2331 1352 2454 1399 ante
2485 1344 2848 1400 meminimus.
2883 1344 2989 1413 Qui
3019 1360 3142 1400 curn
3167 1353 3377 1401 mortuo
3407 1344 3753 1402 Jaramanno

2139 1431 2396 1504 episcopo
2425 1433 2531 1487 sibi
2561 1433 2778 1504 suisque
2801 1433 2963 1489 alium
2993 1450 3026 1488 a
3054 1433 3343 1490 Theodoro
3373 1434 3489 1489 dari
3521 1443 3753 1506 peteret,

2138 1535 2249 1575 non
2279 1521 2474 1578 eisille
2505 1538 2706 1578 novum
2749 1521 2923 1578 voluit.
2961 1522 3276 1594 episcopum
3334 1522 3603 1591 ordinare,
3653 1525 3754 1580 sed

2138 1609 2429 1680 praefatum
2480 1612 2851 1667 venerabilem
2897 1611 3172 1667 Ceaddam
3213 1613 3291 1667 eis
3340 1612 3508 1668 dedit.
3557 1614 3755 1668 Beatus

2137 1714 2264 1753 vere
2293 1700 2584 1754 Wilfridus
2614 1701 2724 1755 suis
2752 1701 3018 1768 redditus,
3052 1702 3278 1773 egregia
3313 1701 3510 1756 mentis
3538 1701 3753 1756 instan-

429 1790 624 1858 inerat,
659 1791 758 1844 hac
785 1787 916 1843 illac
958 1795 1183 1858 prepter
1227 1785 1451 1841 verbum
1509 1785 1607 1840 Dei
1665 1784 2030 1841 disseminan-
2063 1809 2115 1869 Β
2144 1786 2219 1847 tia
2244 1803 2463 1858 operam
2494 1789 2681 1855 dabat,
2712 1797 2975 1860 quatenus
3002 1796 3054 1844 et
3082 1805 3148 1844 ea
3170 1806 3292 1859 quae
3314 1789 3482 1862 longa
3506 1798 3756 1845 vetustas

431 1881 560 1934 dum
590 1893 792 1950 magna
848 1877 1033 1948 p0puli
1097 1874 1408 1946 frequentia
1462 1874 1748 1930 comitatus
1802 1891 2035 1947 pergere

426 1975 806 2024 consueverat.
839 1965 996 2034 Quod
1025 1981 1146 2019 cum
1208 1973 1453 2034 tempore
1501 1964 1746 2034 quodam
1809 1962 2033 2032 faceret,

427 2057 646 2112 devenit
675 2055 729 2110 in
759 2053 934 2110 locum
979 2053 1068 2108 ubi
1123 2060 1282 2108 natus
1335 2053 1511 2106 fuerat
1567 2059 1730 2123 atque
1786 2053 2034 2109 nutritus.

430 2145 604 2214 Cujus
635 2143 738 2199 loci
787 2144 1077 2214 indigenas
1106 2141 1272 2198 verbo
1290 2141 1415 2197 vitae
1470 2141 1708 2196 caelestis
1737 2143 2033 2210 enutriens,

424 2235 622 2289 multos
651 2232 722 2287 ab
754 2247 939 2288 amore
967 2241 1183 2287 terreno
1214 2231 1432 2296 avertit,
1461 2239 1513 2285 et
1533 2230 1604 2284 ad
1639 2245 1881 2286 amorem
1909 2246 2034 2286 om-

419 2322 716 2394 nipotentis
745 2321 846 2376 Dei
865 2320 1152 2376 convertit.
1188 2320 1346 2376 Unde
1374 2319 1579 2374 factum
1610 2327 1693 2374 est
1738 2326 1799 2374 ut
1853 2321 2035 2390 plures

420 2411 625 2466 ibidem
656 2410 821 2466 cellas
842 2409 1077 2466 Domino
1107 2409 1313 2464 servire
1345 2409 1656 2464 volentibus
1712 2408 2031 2478 institueret,

423 2503 479 2555 et
537 2515 776 2571 quonam
832 2508 988 2570 pecto
1034 2515 1222 2554 eorum
1281 2499 1390 2553 vita
1465 2497 1724 2568 componi
1782 2498 2030 2564 deberet,

423 2605 866 2661 unumquemque
920 2589 1218 2659 prudenter
1267 2588 1567 2642 instrueret.
1653 2587 1849 2659 Sicque
1932 2603 2034 2659 per

422 2685 532 2732 tres
555 2679 838 2734 continuos
875 2693 1046 2732 annos
1105 2677 1270 2731 modo
1320 2675 1720 2731 Cantuariensis
1771 2676 2030 2732 Ecclesia:

424 2767 788 2836 dispositioni,
824 2765 986 2820 modo
1030 2765 1248 2821 illorum
1295 2764 1655 2819 exhortationi
1713 2771 1765 2818 et
1814 2765 2028 2819 illorum

421 2855 739 2910 correctioni
791 2870 904 2908 sure
951 2852 1314 2922 providentia:
1363 2869 1548 2907 curam
1605 2852 1886 2923 impendit.
1965 2855 2030 2908 Et

421 2944 546 3003 licet
575 2943 900 3013 episcopalis
929 2942 1200 2996 cathedrae
1232 2941 1509 3013 preprium
1550 2941 1730 2996 locum
1762 2958 2028 3013 nusquam

421 3033 674 3100 haberet,
707 3040 886 3086 tamen
917 3030 1212 3102 episcopali
1259 3029 1435 3085 ofﬁcio
1491 3030 1736 3085 studiose
1793 3032 2030 3086 intentus

423 3122 709 3194 satagebat
729 3121 962 3193 qualiter
991 3120 1212 3175 diabolo
1242 3136 1340 3174 sua
1372 3135 1503 3176 vasa
1561 3120 1814 3190 eriperet,
1865 3128 1918 3176 et
1965 3137 2030 3176 ea

423 3211 662 3267 Domino
693 3212 908 3266 Christo
939 3209 1274 3278 conciliaret,
1307 3216 1476 3281 atque
1504 3208 1560 3264 in
1589 3217 1788 3266 sancta:
1809 3224 2032 3266 conver-

423 3300 652 3357 sationis
677 3301 957 3371 proposito
987 3300 1393 3356 corroboraret.

497 3420 588 3473 23.
622 3417 858 3472 Emenso
888 3424 1069 3472 autem
1099 3416 1278 3486 spatio
1309 3415 1471 3470 trium
1516 3431 1800 3484 annorum,
1850 3415 2033 3472 Theo-

429 3505 592 3562 dorus
629 3521 662 3560 a
708 3507 974 3562 Vitaliano
1031 3521 1174 3576 papa
1222 3505 1658 3575 archiepiscopus
1696 3513 2037 3562 consecratus

431 3603 487 3651 et
506 3595 726 3660 missus,
762 3595 1004 3649 Cantiam
1036 3594 1182 3650 venit
1216 3611 1228 3646 :
1276 3600 1641 3664 susceptaque
1685 3595 1816 3649 sede
1864 3595 2040 3665 ponti-

432 3682 623 3738 ﬁcatus
654 3683 707 3736 in
740 3681 1029 3750 metropoli
1071 3681 1306 3749 civitate,
1361 3697 1487 3736 mox
1542 3682 1836 3736 secundum
1893 3684 2039 3753 quod

436 3770 683 3842 vigorem
717 3770 1142 3824 ecclesiasticum
1198 3768 1446 3836 decebat,
1507 3785 1572 3824 ea
1627 3787 1749 3841 quae
1799 3772 2038 3827 circum-

440 3873 656 3930 quaque
685 3857 1026 3912 emendanda
1057 3866 1228 3924 erant,
1262 3873 1471 3911 summa
1493 3859 1781 3928 prudentia
1801 3868 1854 3914 et
1905 3876 2041 3930 pon-

442 3947 627 4002 tiﬁcali
695 3947 1013 4002 auctoritate
1063 3946 1118 4000 in
1161 3945 1353 4000 melius
1402 3954 1606 4000 mutare
1653 3947 1925 4004 studebat.
1977 3951 2044 4005 Ut

445 4051 580 4092 vero
609 4036 874 4106 comperit
902 4035 1179 4091 Ceaddam
1209 4043 1396 4090 contra
1427 4050 1693 4090 canonum
1755 4045 1953 4092 statuta
1991 4039 2045 4093 in

445 4124 791 4197 episcopatus
846 4125 1079 4196 gradum
1145 4124 1311 4179 fuisse
1365 4133 1767 4194 consecratum,
1830 4128 2044 4198 publica

443 4214 598 4270 illum
627 4215 996 4286 increpatione
1025 4215 1330 4285 redarguit,
1359 4223 1412 4269 et
1439 4215 1581 4284 quod
1613 4215 1900 4287 degradari
1930 4217 2049 4287 jure

448 4302 673 4358 deberet
700 4305 860 4374 paulo
890 4303 1184 4359 districtius
1202 4303 1434 4357 minatus
1463 4311 1560 4358 est.
1586 4305 1663 4358 At
1689 4304 1799 4370 ille,
1823 4310 1880 4360 ut
1935 4319 2048 4364 erat

452 4409 668 4466 magnae
698 4392 1014 4448 humilitatis
1041 4400 1092 4448 et
1122 4391 1555 4447 mansuetudinis
1584 4393 1669 4449 vir
1713 4411 1725 4446 :
1764 4415 1785 4441 ι
1820 4393 1878 4448 Si
1934 4411 2044 4463 me,

450 4483 652 4554 inquit,
711 4483 913 4538 asseris
956 4488 1145 4537 contra
1190 4479 1325 4536 scita
1381 4496 1651 4536 canonum
1716 4481 2019 4538 ordinatum

452 4571 644 4628 libenti
699 4572 880 4627 animo
927 4569 1238 4626 exordinari
1295 4569 1558 4638 concedo,
1618 4585 1740 4624 cum
1797 4571 2044 4639 profecto

456 4678 750 4733 numquam
779 4661 915 4716 tanti
956 4660 1103 4730 apud
1155 4659 1534 4731 memetipsum
1587 4659 1900 4728 exstiterim,
1958 4662 2046 4731 qui

450 4749 576 4805 loco
607 4751 828 4820 hujusce
857 4749 1142 4821 regiminis
1175 4748 1259 4804 vel
1286 4747 1354 4803 ad
1409 4749 1596 4804 horam
1653 4764 1887 4819 praeesse
1945 4750 2048 4804 de-

453 4837 701 4901 buerim;
735 4839 833 4894 sed
863 4838 1187 4894 obedientiaa
1244 4853 1406 4894 causa
1450 4839 1633 4908 jussus
1686 4837 1884 4904 subire,
1943 4837 2049 4893 hoc

451 4924 580 4980 licet
635 4924 894 4997 indignus
948 4926 1222 4984 consensi.
1277 4949 1298 4977 υ
1362 4927 1480 4995 Qua
1526 4925 1863 4996 reponsionis
1931 4928 2050 4997 ejus

451 5012 754 5070 humilitate
770 5016 1081 5072 Theodorus
1106 5023 1348 5086 accepta,
1377 5015 1512 5070 dixit
1539 5031 1663 5071 eum
1710 5027 2048 5086 nequaquam

451 5104 630 5176 gradu
661 5103 956 5160 sacerdotii
987 5121 1044 5160 se
1089 5104 1230 5161 velle
1274 5104 1513 5174 privare.
1563 5106 1763 5161 Verum
1813 5105 1936 5175 quia
1970 5107 2051 5174 (ut

452 5192 712 5261 diximus)
741 5192 1042 5248 inordinate
1087 5194 1159 5248 ad
1204 5200 1413 5248 tantum
1462 5193 1824 5248 ministerium
1873 5193 2052 5249 fuerat

451 5282 752 5348 ordinatus,
786 5280 902 5352 ipse
922 5281 1323 5338 ordinationem
1371 5283 1488 5350 ejus
1537 5281 1799 5338 canonica
1842 5281 2050 5338 ratione

447 5370 872 5427 consummavit.
941 5370 1048 5426 Sed
1095 5369 1186 5426 ille
1233 5371 1588 5426 considerans
1634 5387 1692 5426 se
1758 5386 1866 5426 non
1905 5372 2049 5441 juste

445 5461 820 5532 episcopatum
850 5460 1073 5517 alterius
1105 5459 1345 5530 episcopi
1368 5459 1682 5529 obtinuisse,
1732 5457 2049 5530 poenitentia

443 5551 634 5606 ductus
666 5550 832 5623 elegit
869 5550 1048 5621 potius
1093 5548 1182 5606 tali
1231 5549 1439 5606 honore
1483 5562 1670 5606 carere
1710 5565 1874 5620 quam
1907 5547 2044 5604 alte-

439 5637 553 5697 rius
581 5639 851 5698 cathedrae
878 5639 1107 5699 ulterius
1145 5639 1346 5711 injuste
1395 5637 1715 5711 praesidere.
1773 5636 2046 5695 Discessit

2061 3169 2110 3232 C

2028 4525 2124 4591 ῗΙ)

2145 1882 2245 1930 aut
2269 1876 2470 1932 incuria
2494 1878 2837 1946 dissolverat,
2898 1879 2953 1932 in
3009 1878 3252 1934 ecclesiis
3307 1889 3653 1944 restauraret,
3698 1887 3756 1934 et

2147 1981 2268 2036 qua:
2300 1964 2353 2018 in
2388 1965 2728 2021 subditorum
2761 1983 2981 2022 suorum
3039 1968 3282 2022 moribus
3328 1969 3514 2024 oculos
3562 1970 3756 2040 magni

2144 2053 2244 2108 Dei
2277 2054 2564 2110 offendere
2594 2064 2857 2125 poterant,
2892 2055 3213 2111 eliminaret.
3248 2055 3454 2125 Quibus
3485 2058 3755 2127 oper-ibus

2147 2150 2350 2214 quanto
2379 2145 2555 2214 magis
2588 2145 2919 2214 intendebat,
2954 2152 3101 2200 tanto
3131 2162 3187 2200 se
3218 2146 3271 2199 in
3329 2145 3526 2215 majori
3576 2147 3750 2202 virtu—

2147 2236 2256 2284 tum
2280 2232 2535 2288 exercitio
2561 2233 2984 2306 constringebat,
3011 2233 3343 2305 utsubjectis
3365 2234 3418 2288 in
3476 2235 3589 2304 ejus
3634 2235 3753 2291 vita

2147 2326 2286 2374 esset
2319 2321 2525 2389 videre,
2559 2337 2667 2392 qua
2687 2323 2969 2395 diligentia
2983 2322 3548 2380 deberentverborum
3571 2324 3750 2396 ipsius

2145 2409 2470 2464 documenta
2501 2411 2796 2482 suscipere.

2211 2500 2300 2553 2-3.
2335 2498 2436 2553 llis
2454 2507 2636 2554 autem
2669 2517 2790 2572 qum
2821 2500 3090 2556 destructa
3118 2499 3458 2571 repereratin
3477 2501 3749 2573 integrum

2142 2585 2426 2653 restitutis,
2453 2588 2740 2643 ecclesiam
2767 2589 2822 2643 in
2852 2592 3110 2645 honorem
3151 2589 3294 2646 beati
3352 2589 3490 2645 Petri
3537 2598 3753 2662 aposto-

2141 2674 2315 2729 lorum
2348 2675 2607 2747 principis
2636 2695 2666 2732 a
2698 2678 3068 2733 fundamentis
3097 2678 3508 2747 consummavit,
3541 2687 3592 2734 et
3621 2696 3747 2735 eam

2141 2761 2308 2817 multo
2329 2763 2525 2819 decore
2554 2766 2651 2820 sub
2683 2766 2953 2821 immensa
2976 2767 3280 2838 principum
3310 2783 3372 2821 ac
3418 2768 3747 2838 populorum

2142 2852 2448 2922 frequentia
2465 2857 2820 2911 consecravit.
2853 2857 2920 2912 Ut
2949 2863 3129 2910 autem
3153 2863 3372 2910 ventum
3406 2864 3485 2911 est
3537 2858 3602 2910 ad
3663 2856 3746 2912 sui

2137 2941 2405 2996 sermonis
2437 2942 2695 3012 oﬂicium,
2725 2945 2845 3000 luce
2875 2944 3078 3001 clarius
3118 2944 3236 3000 visa
3278 2953 3403 2999 sunt
3459 2946 3748 3000 Dominica

2140 3030 2192 3083 in
2225 3045 2290 3084 ea
2320 3031 2489 3086 verba
2521 3034 2778 3104 compleri
2807 3051 2819 3089 :
2859 3042 2981 3092 Non
3014 3051 3103 3091 vos
3126 3035 3260 3089 estis
3289 3037 3386 3107 qui
3420 3034 3737 3108 loquimini,

2139 3117 2235 3174 sed
2247 3120 2487 3191 spiritus
2507 3124 2697 3179 Patris
2714 3126 2826 3180 mei
2845 3127 2941 3196 qui
2971 3125 3227 3196 loquitur
3261 3126 3322 3180 in
3346 3124 3492 3180 vobis
3527 3123 3746 3192 (Matth.

2143 3211 2503 3280 x,20).Quod
2535 3228 2596 3267 ea
2621 3229 2679 3267 re
2726 3212 2886 3283 plane
2944 3212 3070 3268 licet
3092 3213 3464 3280 considerare,
3525 3228 3649 3268 cum
3693 3221 3750 3268 et

2142 3303 2379 3372 populus
2409 3304 2463 3357 in
2510 3301 2802 3356 Dominum
2838 3317 3037 3374 magna
3073 3302 3144 3356 sit
3195 3301 3483 3358 dilectione
3541 3317 3608 3357 ex
3657 3301 3752 3357 illo

2143 3392 2388 3458 affectus,
2421 3400 2474 3448 et
2501 3390 2673 3446 corda
2691 3389 2997 3462 principum
3028 3398 3174 3446 tanto
3213 3390 3403 3446 timore
3459 3399 3514 3446 et
3563 3405 3750 3446 amore

2144 3481 2244 3536 Dei
2267 3481 2374 3536 sint
2404 3495 2656 3547 accensa,
2683 3487 2744 3533 ut
2774 3495 2882 3534 non
2899 3479 3073 3534 solum
3105 3495 3169 3534 ea
3197 3496 3318 3551 qua:
3335 3479 3482 3550 prius
3516 3479 3585 3535 ad
3621 3480 3753 3549 jura

2146 3570 2318 3640 ipsius
2361 3568 2608 3624 ecclesiae
2647 3568 3013 3638 pertinebant,
3049 3568 3119 3623 ad
3171 3583 3365 3625 vocem
3410 3568 3553 3622 illius
3591 3575 3746 3623 testa-

2147 3658 2342 3714 mentis
2382 3656 2787 3723 conftrmarent,
2826 3657 2923 3710 sed
2955 3665 3007 3712 et
3063 3658 3312 3726 quaedam
3347 3656 3415 3711 de
3477 3658 3587 3711 suis
3646 3656 3748 3728 ipsi

2147 3747 2392 3803 ecclesia:
2409 3746 2797 3801 condonarent.
2839 3745 3042 3800 Triduo
3071 3753 3193 3816 post
3238 3746 3356 3800 hac
3392 3747 3540 3801 omni
3594 3745 3751 3800 turba

2147 3851 2334 3890 secum
2370 3835 2608 3902 detenta,
2654 3849 2796 3903 pane
2836 3835 2958 3890 vitae
2996 3843 3104 3888 tam
3147 3834 3382 3889 cmlestis
3421 3850 3582 3904 quam
3641 3841 3752 3889 ter-

2149 3923 2336 3979 restris
2377 3937 2499 3978 eam
2567 3921 2788 3993 copiose
2862 3921 3067 3977 refecit.
3121 3922 3423 3978 Ecclesiam
3489 3931 3749 3993 prmterea

2151 4011 2368 4085 magnis
2388 4010 2701 4066 muneribus
2745 4017 2796 4065 et
2830 4013 3165 4066 ornamentis
3203 4011 3384 4067 decori
3428 4012 3620 4067 domus
3655 4011 3755 4066 Dei

2151 4100 2586 4170 competentibus
2622 4099 2828 4156 ditavit.
2906 4099 2976 4154 Et
3022 4117 3142 4154 cum
3205 4100 3320 4156 haec
3363 4115 3529 4170 opera
3595 4099 3757 4156 laude

2155 4188 2475 4261 dignissima
2526 4188 2745 4251 faceret,
2793 4188 2868 4242 uti
2916 4188 3245 4243 mortiferam
3295 4198 3498 4260 pestem
3533 4188 3754 4243 laudem

2159 4277 2710 4350 fugiebathumanam
2737 4292 2830 4331 :ac
2849 4277 3154 4346 sicpositus
3192 4277 3245 4330 in
3277 4278 3456 4334 medio
3513 4277 3751 4349 populo-

2158 4383 2299 4433 rum,
2347 4366 2598 4420 omuibus
2640 4373 2752 4420 erat
2778 4364 3059 4438 speculum
3093 4374 3145 4421 et
3189 4366 3498 4423 informatio
3526 4383 3758 4440 operum

2160 4454 2452 4510 bonorum.

2228 4573 2316 4623 26.
2353 4568 2449 4623 His
2481 4569 2558 4624 ita
2591 4585 2710 4624 sese
2745 4568 3092 4637 habentibus,
3135 4570 3476 4643 omnipotens
3520 4572 3666 4626 Deus
3703 4578 3762 4627 ut

2156 4658 2351 4714 merita
2401 4657 2590 4713 famuli
2621 4657 2702 4712 sui
2742 4657 2933 4730 quanti
2979 4660 3242 4730 penderet
3301 4661 3506 4716 mundo
3539 4661 3764 4717 demono

2158 4755 2381 4806 straret;
2423 4763 2543 4816 quae
2573 4746 2909 4802 internarum
2950 4748 3068 4804 luce
3114 4749 3375 4804 virtutum
3416 4750 3592 4821 primo
3624 4763 3762 4819 pro-

2159 4835 2316 4902 fudit,
2371 4835 2532 4890 etiam
2589 4835 2915 4890 exteriorum
2977 4837 3307 4892 exhibitione
3378 4837 3762 4895 miraculorum

2158 4923 2416 4979 decorare
2435 4922 2620 4979 voluit.
2643 4924 2782 4979 Hinc
2799 4932 2882 4978 est
2902 4924 3047 4996 quod
3069 4925 3158 4981 die
3194 4926 3432 4998 quadam
3479 4943 3601 4982 cum
3659 4940 3761 4981 ve-

2158 5012 2414 5067 nerabilis
2433 5020 2616 5082 pastor
2651 5027 2785 5067 oves
2825 5013 2926 5068 Dei
2962 5014 3144 5068 verbis
3173 5023 3225 5069 et
3254 5013 3380 5071 fidei
3413 5015 3762 5071 sacramentis

2159 5102 2428 5158 imbueret
2473 5109 2526 5156 et
2579 5101 2804 5172 antiquo
2857 5103 3075 5157 humani
3124 5103 3342 5174 generis
3386 5102 3530 5159 hosti
3574 5104 3629 5158 in
3682 5103 3761 5159 eis

2152 5189 2573 5262 jusdominandi
2591 5189 2846 5258 auferret,
2905 5199 3064 5261 atquc
3106 5208 3204 5262 per
3258 5191 3402 5247 sacri
3452 5191 3760 5248 chrismatis

2158 5280 2472 5336 unctionem
2490 5277 2818 5349 septiformis
2845 5280 3039 5350 gratiae
3083 5279 3338 5351 Spiritum
3356 5281 3473 5351 jam
3511 5280 3756 5352 baptiza-

2157 5369 2226 5425 tis
2243 5368 2497 5434 traderet,
2549 5381 2675 5422 ecce
2710 5383 2806 5436 per
2838 5368 3046 5424 effusas
3089 5377 3290 5424 turmas
3341 5369 3533 5424 mulier
3587 5369 3757 5425 nimio

2157 5458 2352 5514 dolore
2367 5457 2565 5513 aﬁlicta
2594 5455 2835 5512 ministro
2856 5457 2954 5512 Dei
2985 5457 3237 5525 occurrit,
3256 5458 3525 5514 defunctae
3563 5458 3757 5514 funera

2158 5546 2326 5620 prolis
2385 5543 2678 5601 miserabili
2743 5545 3120 5617 deportatione
3167 5545 3223 5601 in
3276 5546 3414 5602 ulnis
3454 5554 3750 5602 ostentans.

2157 5635 2276 5708 Quo
2295 5635 2411 5694 viso
2435 5635 2592 5692 Pater
2607 5633 2902 5708 obstupuit,
2945 5635 3205 5709 haesitque
3241 5635 3384 5706 loco,
3422 5634 3750 5710 paulumque
