4046 6076
290 365 396 419 725

1620 363 1778 418 VlTA
1807 363 1870 419 S.
1911 365 2269 421 WILFRIDI.

3491 367 3595 423 726

296 486 368 545 ab
397 485 621 559 incepti
680 486 864 560 operis
914 488 1210 547 ministerio
1272 504 1333 545 se
1381 487 1656 547 cohibenti
1710 488 1903 565 orbata
1927 489 1984 552 A
2012 489 2259 546 instituit.
2284 490 2416 548 Haec
2431 497 2651 564 prepter
2669 507 2877 549 summa
2907 493 3030 565 quis
3050 501 3168 552 erat
3206 491 3599 565 plebi~legalia

293 576 491 633 mulier
518 576 631 632 acri
666 576 867 634 doloris
894 578 1169 634 nimietate
1196 578 1408 634 turbata
1460 576 1683 649 pronior
1734 578 1894 633 incu-

296 664 433 733 buit,
456 665 775 737 gemituque
800 667 1102 738 pmpedita
1124 669 1214 724 vix
1244 667 1299 722 in
1328 668 1448 723 hac
1477 666 1644 723 verba
1672 667 1845 738 erupit
1878 683 1891 721 :

298 776 321 803 ι
360 755 461 822 En,
479 753 751 825 inquiens,
769 754 911 811 bone
934 756 1175 824 domine,
1200 772 1361 827 quem
1381 756 1450 811 ad
1496 754 1894 827 impositionem

295 857 490 898 manus
519 849 625 898 tuae
655 840 1084 899 conﬁrmandum
1113 844 1168 899 in
1198 844 1409 900 Christo
1440 852 1657 916 portare
1700 843 1893 900 decre-

296 947 506 999 veram,
531 932 649 1004 jam
704 947 813 987 non
868 932 1042 991 solum
1109 933 1178 988 ad
1225 932 1671 1002 conﬁrmandum,
1702 948 1893 989 verum

291 1019 471 1094 primo
498 1020 570 1077 ad
589 1020 1020 1078 resuscitandum
1038 1038 1068 1077 a
1088 1022 1313 1078 mortuis
1340 1030 1442 1078 tuae
1457 1030 1662 1077 sanctis
1708 1020 1895 1092 pietati

293 1109 508 1182 piaeque
538 1109 808 1165 sanctitati
846 1120 1098 1182 apporto.
1132 1109 1401 1165 Christum
1432 1118 1588 1166 tuum
1632 1111 1896 1182 praedicas

292 1198 742 1269 omnipotentem,
810 1200 958 1271 quod
1018 1215 1215 1271 precor
1264 1199 1520 1269 operibus
1584 1199 1776 1271 proba,
1842 1208 1895 1255 et

293 1303 476 1343 meum
506 1304 540 1344 a
566 1296 742 1345 morte
771 1286 939 1344 ﬁlium
971 1289 1309 1362 unigenitum
1338 1288 1563 1345 suscita.
1596 1289 1662 1343 Et
1707 1288 1894 1361 quanti

296 1376 404 1432 hoc
433 1384 515 1432 est
543 1377 952 1449 omnipotentis:
1000 1394 1113 1435 sua:
1165 1376 1448 1449 parvulum
1501 1376 1786 1444 suscitare,
1843 1386 1898 1434 et

293 1464 402 1519 mei
434 1464 637 1523 doloris
673 1464 922 1522 stimulos
961 1466 1203 1539 effugere
1229 1468 1257 1520 εὶ
1286 1482 1471 1523 revera
1518 1466 1694 1522 nihili.
1738 1466 1893 1536 Qua-

292 1556 525 1626 propter
552 1553 611 1608 in
639 1554 745 1615 hoc
771 1559 902 1626 peto
933 1572 1054 1627 qua:
1086 1555 1352 1628 praedicas
1378 1563 1495 1611 rata
1511 1571 1631 1612 esse
1643 1563 1896 1627 potenter

292 1642 538 1714 ostende,
571 1650 626 1699 ut
654 1644 725 1700 ad
754 1659 931 1700 meam
961 1644 1388 1702 consolationem
1449 1646 1666 1701 unicum
1720 1644 1891 1702 ﬁlium

297 1746 482 1787 meum
508 1733 764 1807 restituas
791 1733 939 1790 vitae.
976 1757 999 1784 ιι
1033 1735 1341 1807 Ingeminat
1395 1734 1653 1803 querulas
1709 1750 1891 1803 voces,

1997 580 2125 651 jura
2144 580 2510 650 tenenti,terra
2532 581 2777 654 frugibus
2797 591 2849 637 et
2868 584 3261 657 tranquillitate
3290 582 3471 654 Opima
3487 581 3597 636 suis

2000 670 2303 726 cultoribus
2333 687 2440 727 non
2470 670 2632 726 modo
2661 679 2957 744 egestatem
2987 673 3199 729 colebat
3228 671 3291 747 [Ι.
3330 669 3593 740 tollebat],

1999 759 2097 813 sed
2128 765 2181 814 ct
2225 759 2378 829 Operi
2431 760 2531 815 Dei
2588 760 2792 831 absque
2843 762 3201 819 sollicitudine
3256 760 3595 817 saecularium
3642 830 3643 833 η

2001 861 2181 902 rerum
2211 861 2398 903 curam
2421 848 2738 919 impendere
2763 851 3131 921 permittebat.
3186 850 3423 906 Classica
3479 848 3598 902 dira

1998 934 2178 1002 silent,
2253 952 2353 992 nec
2420 936 2690 992 latronum
2760 938 3005 995 incursio
3078 938 3419 994 formidatur.
3453 936 3597 1005 Quid

2001 1022 2155 1094 plura
2181 1024 2210 1077 ?
2247 1028 2306 1079 ut
2342 1031 2534 1080 cuncta
2574 1024 2725 1081 brevi
2764 1026 3000 1093 edicam,
3040 1027 3306 1097 promicat
3352 1025 3594 1082 Ecclesia

2000 1120 2190 1183 pacato
2222 1112 2429 1168 fcedere
2455 1127 2613 1170 nexa.
2647 1114 2780 1183 Qum
2810 1123 2867 1170 ut
2896 1116 3141 1172 diabolus
3170 1115 3323 1183 vidit,
3380 1115 3597 1185 propria

1998 1201 2101 1256 sibi
2130 1201 2468 1275 malignitate
2497 1201 2708 1270 invidit,
2741 1209 2796 1258 et
2824 1210 3059 1257 tractans
3086 1218 3271 1258 secum
3319 1202 3469 1273 pacis
3505 1204 3596 1256 in-

2000 1289 2317 1360 terruptioni
2337 1306 2528 1346 causas
2556 1290 2784 1345 invenit.
2808 1290 3011 1362 Spiritu
3040 1306 3278 1361 namque
3322 1289 3598 1361 superbiae

1997 1393 2112 1432 suae
2141 1378 2349 1434 invadit
2376 1385 2597 1451 gentem
2622 1379 2890 1436 Pictorum
2918 1379 2974 1433 in
3006 1386 3230 1448 tantum,
3261 1387 3319 1435 ut
3348 1394 3409 1434 ea
3459 1394 3597 1451 gens

1999 1466 2170 1538 (quod
2197 1483 2414 1538 semper
2443 1466 2579 1524 ferre
2605 1468 2989 1540 consueverat)
3009 1468 3153 1524 bello
3181 1484 3213 1523 a
3258 1484 3314 1523 se
3373 1475 3600 1524 tentaret

1998 1562 2251 1627 excutere
2277 1556 2467 1629 jugum
2483 1555 2802 1629 Anglorum.
2820 1557 3040 1613 Prazfuit
3059 1572 3123 1612 eo
3156 1563 3399 1627 tempore
3427 1570 3598 1627 regno

1997 1643 2575 1701 Nordanhumbrorum
2606 1644 2861 1701 chridus
2895 1644 3039 1701 ﬁlius
3085 1644 3254 1700 Oswii
3296 1644 3461 1716 regis,
3507 1642 3599 1714 qui

1999 1733 2142 1804 patri
2171 1749 2270 1789 suo
2290 1732 2342 1787 in
2375 1750 2605 1804 regnum
2634 1742 2993 1803 successerat,
3024 1733 3106 1791 vir
3133 1733 3189 1788 in
3233 1733 3402 1788 armis
3458 1739 3598 1788 stre-

293 1821 451 1892 cujus
479 1802 786 1879 vehementi
814 1822 1024 1894 gemitu
1077 1802 1255 1878 coacti
1307 1802 1544 1878 subhuo
1605 1802 1895 1879 convolant
1922 1845 1976 1906 Β
2005 1802 2162 1892 unus,
2194 1829 2249 1877 et
2274 1822 2418 1879 beati
2444 1802 2693 1879 Wilfridi
2730 1802 2985 1879 amicitiis
3034 1824 3385 1879 vehementer
3440 1820 3599 1875 astri-

296 1923 513 1966 omnes.
554 1910 636 1966 En
671 1911 903 1984 plangor
951 1909 1195 1984 grandis.
1259 1911 1501 1967 Tandem
1573 1916 1894 1983 compassus

296 1999 627 2056 venerabilis
653 1999 883 2056 Domini
911 2015 1126 2067 servus,
1156 1999 1271 2070 agit
1314 1999 1506 2054 tacitas
1558 2007 1746 2056 sancto
1795 2000 1896 2055 sub

291 2095 516 2159 pectore
543 2096 749 2161 grates,
782 2088 927 2160 quod
956 2090 1111 2143 turba
1165 2088 1407 2144 nondum
1458 2087 1717 2159 perfectae
1768 2088 1895 2145 ﬁdei

290 2175 444 2231 novit
470 2191 670 2250 rogare
692 2177 1041 2234 clementiam
1100 2177 1322 2234 Domini
1377 2177 1610 2240 Christi;
1660 2194 1899 2250 moxque

289 2265 412 2320 solo
442 2265 598 2321 fusus
627 2268 682 2323 et
713 2265 909 2321 faciem
942 2264 1199 2337 lacrymis
1224 2265 1480 2336 perfusus
1506 2284 1520 2320 :
1548 2289 1569 2314 α
1597 2265 1643 2322 Ο
1668 2267 1899 2323 Domine

291 2354 477 2423 Pater,
497 2353 594 2420 ait,
616 2369 725 2410 non
759 2354 832 2413 ad
869 2353 1069 2410 merita
1102 2369 1246 2423 mea,
1283 2353 1381 2410 sed
1424 2353 1493 2409 ad
1532 2362 1638 2410 tuae
1685 2354 1899 2426 pietatis

289 2455 480 2512 opera,
511 2457 729 2512 precor,
759 2442 1007 2513 placatus
1054 2442 1290 2509 attende,
1323 2449 1375 2497 et
1428 2442 1683 2497 erumnis
1737 2443 1899 2514 hujus

291 2529 537 2584 mulieris
596 2545 757 2601 Opem
808 2538 911 2586 tuae
966 2530 1348 2586 consolationis
1400 2529 1674 2601 impende,
1736 2530 1895 2586 resti-

291 2616 490 2673 tuendo
520 2617 846 2674 incolumem
882 2619 1048 2673 filium
1080 2635 1237 2674 suum
1267 2636 1366 2689 per
1416 2620 1599 2677 Iesum
1630 2618 1895 2674 Christum

289 2705 586 2761 Dominum
618 2715 858 2762 nostrum
886 2708 1221 2782 unigenitum
1256 2708 1447 2762 Filium
1483 2716 1648 2763 tuum.
1686 2730 1708 2756 ι
1774 2707 1895 2778 Quo

289 2795 438 2851 dicto
482 2795 737 2862 surrexit,
781 2804 833 2851 et
891 2801 1055 2867 caput
1111 2796 1349 2851 defuncti
1410 2796 1652 2851 dextera:
1704 2813 1896 2851 manus

288 2883 613 2939 extensione
636 2884 813 2957 tetigit
846 2902 857 2938 :
892 2884 975 2940 cui
1007 2883 1077 2939 ad
1106 2886 1226 2956 ejus
1260 2893 1455 2939 tactum
1487 2892 1650 2955 caput
1697 2884 1895 2957 exagi-

290 2972 423 3027 tanti
475 2971 559 3027 vir
609 2972 708 3031 Dei
739 2989 959 3028 manum
1017 2973 1279 3044 porrexit,
1339 2980 1392 3027 et
1439 2981 1682 3028 erectum
1714 2973 1893 3029 vivum

292 3060 732 3132 incolumemque
763 3064 971 3117 cunctis
1026 3062 1288 3118 exhibuit.
1342 3060 1550 3134 Vulgus
1584 3061 1639 3115 in
1696 3061 1895 3117 nimios

288 3147 668 3205 admirationis
725 3165 790 3207 ac
844 3149 1027 3205 laudis
1081 3150 1350 3206 clamores
1391 3150 1674 3220 excitatur,
1708 3158 1759 3205 et
1786 3150 1891 3205 ﬁde

287 3238 605 3309 plenissima
634 3238 689 3293 in
721 3240 1038 3295 Christianae
1067 3238 1206 3314 legis
1262 3238 1609 3295 observantia
1647 3238 1888 3294 consoli-

288 3326 473 3381 datur.
511 3328 651 3383 Puer
680 3328 952 3384 redivivus
972 3327 1024 3383 in
1061 3327 1271 3384 Christo
1300 3344 1401 3400 per
1456 3343 1651 3382 manus
1707 3328 1887 3399 impo-

289 3414 545 3471 sitionem
577 3415 943 3485 conﬁrmatur,
976 3416 1135 3472 matri
1180 3433 1306 3472 cum
1347 3416 1551 3489 gaudio
1597 3416 1891 3471 redonatur

288 3518 355 3558 eo
387 3512 542 3574 pacto
592 3512 649 3560 ut
703 3513 909 3575 septem
957 3505 1114 3560 annis
1171 3512 1416 3560 materna
1472 3520 1607 3560 cura
1659 3503 1889 3560 nutritus

285 3590 405 3647 viro
437 3592 535 3647 Dei
564 3593 891 3649 restituatur.
926 3593 1082 3664 Quod
1111 3602 1239 3665 post
1294 3591 1618 3665 praeﬁnitum
1674 3599 1888 3664 tempus

286 3695 358 3734 ne
386 3678 537 3736 ﬁeret
564 3689 720 3753 patre
746 3698 846 3738 suo
875 3682 1247 3751 interdicente,
1288 3681 1440 3737 exsul
1498 3680 1569 3736 ad
1626 3690 1886 3737 externos

285 3765 427 3840 fugit
454 3785 578 3825 cum
608 3770 762 3842 prole
788 3771 1099 3841 Britannos,
1130 3771 1306 3826 sciens
1351 3770 1603 3827 videlicet
1659 3786 1882 3843 puerum
1910 3804 1916 3811 -

285 3872 628 3928 nequaquam
658 3868 845 3915 contra
873 3859 973 3915 viri
1003 3858 1101 3915 Dei
1158 3867 1486 3932 praeceptum
1543 3859 1602 3914 in
1655 3859 1885 3930 proprio

284 3960 472 4001 secum
501 3962 665 4018 posse
694 3964 930 4003 manere.
964 3946 1121 4017 Quod
1152 3955 1329 4002 tamen
1357 3964 1455 4001 sua
1486 3948 1618 4020 fuga
1647 3947 1694 4003 ei
1745 3962 1885 4002 con-

286 4032 425 4088 tulit.
457 4034 586 4092 Post
631 4037 784 4106 parvi
841 4037 1100 4109 temporis
1151 4035 1267 4092 deis
1320 4035 1609 4106 praefectus
1665 4034 1882 4104 quidam

283 4117 468 4177 invitis
496 4124 807 4195 parentibus
836 4142 1063 4196 puerum
1093 4126 1148 4179 iu
1177 4140 1370 4178 manus
1418 4123 1585 4177 Patris
1647 4122 1880 4191 reduxit,

284 4226 446 4281 quem
499 4213 746 4284 protinus
804 4214 1025 4270 servitio
1080 4213 1177 4269 Dei
1235 4211 1581 4282 mancipavit,
1640 4220 1692 4266 et
1746 4211 1884 4267 bene

282 4297 602 4355 instructum
625 4302 871 4373 pluribus
893 4302 1209 4357 imitabilem
1241 4301 1294 4355 in
1350 4308 1535 4357 sancta
1581 4315 1880 4356 conversa-

286 4387 431 4443 tione
456 4392 805 4459 postmodum
838 4391 981 4448 fecit.
1007 4391 1144 4447 llinc
1174 4390 1376 4462 quippe
1405 4389 1729 4461 perpendite
1752 4388 1882 4460 quid

282 4475 425 4549 signi
452 4479 753 4549 pratulerit
781 4496 941 4553 super
970 4479 1087 4548 ejus
1123 4477 1393 4534 cunabula
1445 4477 1658 4535 coalitus
1713 4477 1880 4533 emis-

281 4581 403 4621 sum
434 4566 615 4624 lumen
642 4567 906 4624 radiantis
927 4568 1181 4623 ﬂammae.

353 4683 451 4738 27.
486 4685 567 4740 Ea
596 4691 912 4756 tempestate
967 4700 1194 4758 regnum
1224 4682 1398 4757 gentis
1453 4681 1749 4756 Anglorum
1777 4699 1878 4755 ge-

285 4771 439 4827 mino
468 4773 664 4830 decore
691 4774 918 4843 nitebat,
950 4790 1071 4830 cum
1139 4780 1193 4829 et
1244 4788 1401 4845 reges
1464 4771 1884 4829 Christianitatis

284 4874 470 4916 amore
502 4861 796 4929 fervebant,
841 4871 895 4918 et
946 4860 1236 4936 pontiﬁces
1292 4860 1457 4916 divini
1515 4861 1883 4933 operationem

288 4948 535 5019 mysterii
589 4967 803 5008 summo
859 4952 1038 5007 studio
1090 4949 1434 5008 exercebant.
1492 4949 1634 5004 ilinc
1686 4948 1888 5021 regalis

283 5037 633 5105 providentia
665 5041 766 5094 hoc
781 5039 1130 5111 potissimum
1161 5055 1262 5111 per
1289 5054 1347 5094 se
1376 5036 1605 5110 gerebat
1645 5052 1888 5108 quosque

286 5125 623 5185 subditorum
654 5128 830 5202 magis
867 5146 898 5185 a
937 5129 1201 5201 pravitate
1262 5142 1476 5182 morum
1542 5124 1884 5192 abstrahere,

288 5229 452 5285 quam
484 5216 781 5287 cupiditate
809 5217 975 5274 animi
1005 5234 1091 5273 res
1122 5232 1307 5273 eorum
1332 5214 1638 5285 diripienda
1686 5214 1885 5270 distra-

292 5306 458 5368 here;
490 5320 591 5362 nec
620 5306 731 5362 ulla
776 5306 852 5363 eis
906 5323 1035 5363 cura
1091 5307 1271 5362 fuerat
1318 5320 1480 5377 quam
1501 5301 1755 5369 subditis,
1785 5303 1881 5359 sed

285 5408 448 5463 quam
481 5393 640 5451 bonis
666 5395 771 5469 ipsi
800 5402 1107 5469 regnarent.
1138 5395 1276 5450 Hinc
1302 5392 1653 5449 nihilominus
1695 5406 1883 5450 sacer-

287 5482 487 5541 dotalis
516 5501 659 5556 apex
679 5485 760 5542 sui
790 5484 949 5542 oﬁicii
970 5482 1282 5556 plenissime
1330 5496 1555 5554 compos
1583 5481 1879 5547 exstiterat,

288 5570 367 5631 eis
391 5573 739 5635 solummodo
768 5590 865 5631 sua
886 5572 1169 5647 diligentia
1222 5586 1445 5644 operam
1498 5570 1767 5643 prebens,
1813 5569 1882 5627 ad

290 5677 411 5737 Quae
440 5662 614 5743 ipsius
643 5664 850 5725 ordinis
902 5663 1174 5725 inslitutor
1202 5668 1253 5720 et
1280 5668 1470 5723 auctor
1524 5660 1668 5723 Deus
1696 5660 1881 5737 ipsum

1919 3200 1969 3263 C

1908 4556 1960 4618 D

2004 1918 2142 1966 ctus.
2177 1911 2277 1967 Hic
2306 1926 2441 1984 ergo
2469 1910 2705 1983 pontiﬁci
2735 1912 3017 1985 negotium
3048 1910 3325 1967 Pictorum
3356 1908 3498 1979 quod
3514 1909 3603 1964 iu-

2003 1999 2295 2055 cumbebat
2322 2001 2595 2071 exposuit,
2626 2009 2787 2071 atque
2840 2008 2896 2055 ut
2953 1999 3117 2056 rebus
3172 2013 3331 2070 opem
3363 2013 3475 2052 sua:
3516 1997 3605 2052 in-

2005 2089 2345 2145 tercessionis
2390 2088 2557 2145 ferret
2596 2088 2827 2160 supplici
2866 2102 3030 2158 prece
3086 2086 3389 2143 admonuit.
3439 2085 3605 2155 Cujus

2004 2176 2203 2235 dehinc
2231 2177 2607 2235 benedictione
2638 2176 2870 2233 vallatus
2926 2184 3087 2246 atque
3113 2174 3456 2231 sanctissima
3484 2189 3602 2229 ora-

2007 2266 2151 2322 tione
2199 2267 2507 2334 comitutus,
2549 2282 2669 2322 cum
2738 2282 2912 2336 parva
2965 2264 3198 2320 militum
3231 2278 3394 2318 manu
3443 2262 3604 2319 Pictis

2004 2355 2227 2422 occurit,
2304 2354 2589 2428 Pictosque
2657 2360 3003 2411 occursantes
3083 2351 3398 2408 catervatim
3470 2367 3603 2422 pro—

2004 2443 2216 2512 stravit,
2249 2450 2302 2499 et
2366 2443 2638 2500 Pictorum
2671 2452 2933 2507 tumorem
2953 2440 3123 2514 gladii
3152 2440 3356 2496 ultione
3386 2456 3606 2509 repres-

2003 2532 2099 2587 sit.
2132 2533 2195 2586 Et
2225 2530 2354 2603 quid
2383 2534 2618 2587 morer?
2672 2532 2768 2586 dat
2827 2539 3037 2603 stragm
3090 2530 3218 2597 late,
3274 2527 3497 2584 redeunt
3551 2527 3609 2582 in

2003 2619 2145 2676 colla
2174 2627 2381 2676 catena:
2405 2638 2417 2682 ;
2453 2620 2643 2691 sicque
2671 2618 2897 2674 victoria
2926 2620 3049 2674 laeta
3080 2617 3282 2689 potitus
3328 2615 3506 2683 rediit,
3534 2616 3606 2670 ~et

2004 2707 2233 2764 eximias
2268 2707 2668 2782 propugnatori
2724 2723 2820 2763 suo
2868 2705 3073 2778 gratias
3101 2705 3234 2778 egit.
3266 2705 3385 2759 Hoc
3441 2704 3605 2758 modo

2002 2797 2151 2869 genti
2209 2797 2512 2869 Anglorum
2568 2811 2674 2866 pax
2731 2794 2973 2850 restituta
3028 2810 3126 2866 per
3179 2808 3349 2850 annos
3399 2792 3608 2862 aliquot

2003 2885 2218 2941 mansit.
2259 2888 2327 2941 At
2354 2900 2528 2957 regno
2558 2884 2876 2941 Merciorum
2908 2887 3033 2954 post
3070 2883 3188 2939 haec
3218 2882 3272 2935 in
3314 2879 3610 2935 dissensio-

2002 2989 2126 3029 nem
2158 2973 2325 3043 elato,
2355 2988 2449 3028 rex
2481 2972 2741 3044 praefatus
2773 2972 2940 3026 armis
2966 2986 3157 3041 pacem
3189 2984 3446 3025 revocare
3504 2967 3605 3023 de-

2003 3063 2268 3130 siderans,
2300 3062 2494 3119 obvius
2551 3061 2729 3118 eidem
2785 3059 2903 3133 regi
2932 3058 2986 3113 in
3045 3059 3248 3113 bellum
3311 3057 3601 3129 processit,

2000 3166 2243 3222 pugnam
2275 3149 2592 3219 commissit,
2626 3165 2789 3219 quam
2819 3146 3098 3218 quaerebat
3122 3162 3333 3217 pacem.
3366 3146 3502 3200 duce
3524 3145 3605 3199 fu-

1997 3248 2126 3312 gato
2157 3238 2504 3311 exercituque
2524 3245 2815 3309 prostrato,
2835 3236 3000 3292 victra
3039 3234 3291 3290 obtinuit.
3325 3235 3403 3288 Ea
3432 3233 3601 3287 nimi-

1995 3344 2115 3383 rum
2146 3344 2207 3383 re
2235 3327 2358 3382 huic
2377 3326 2492 3397 regi
2524 3326 2601 3381 sic
2628 3324 2909 3395 processit,
2934 3338 3042 3394 quo
3086 3323 3232 3380 Deus
3287 3320 3600 3376 ostenderet

1995 3431 2188 3486 preces
2220 3414 2361 3471 beati
2392 3413 2643 3468 Wilfridi
2672 3420 2795 3467 ante
2849 3427 2909 3467 se
2966 3412 3180 3482 penitus
3226 3407 3430 3466 cessari
3488 3424 3598 3463 non

1995 3520 2180 3576 posse.
2219 3505 2335 3560 Nec
2391 3502 2609 3557 mirum.
2654 3500 2758 3568 Qui
2798 3499 2942 3555 enim
2998 3499 3054 3553 in
3109 3497 3410 3569 Evangelio
3466 3495 3601 3551 dixit

1993 3594 2185 3649 omnia
2206 3593 2321 3648 fore
2334 3590 2625 3664 possibilia
2645 3588 2901 3646 credenti
2928 3587 3132 3659 (Marc.
3157 3602 3237 3652 ιχ,
3265 3587 3373 3654 22),
3398 3584 3595 3639 merito

1993 3680 2071 3734 illi
2102 3696 2261 3752 quem
2291 3687 2345 3734 et
2374 3677 2478 3734 ﬁde
2507 3677 2852 3744 catholicum,
2886 3683 2940 3732 et
2969 3676 3026 3729 in
3057 3672 3315 3745 Operibus
3343 3671 3587 3741 ejusdem

1993 3768 2118 3825 ﬁdei
2148 3767 2477 3840 praecipuum
2508 3766 2629 3836 ipsa
2682 3764 2903 3821 Domini
2948 3762 3209 3834 sapientia
3265 3760 3416 3828 vidit,
3469 3775 3591 3830 quae

1985 3858 2135 3929 juste
2164 3855 2403 3928 petebat,
2435 3853 2717 3924 possibilia
2745 3869 2863 3908 esse
2892 3852 3188 3907 concedere
3217 3849 3420 3904 debuit.
3448 3847 3590 3902 Nam

1989 3947 2057 4000 de
2089 3945 2234 4000 illius
2259 3944 2382 3999 ﬁdei
2416 3943 2726 4015 integritate
2753 3940 2880 4013 quis
2897 3940 3168 4003 dubitare,
3203 3945 3295 3992 aut
3350 3937 3473 4009 quis
3523 3936 3592 3991 de

1989 4034 2326 4105 perfectione
2384 4048 2612 4103 Operum
2665 4031 2784 4102 ejus
2840 4029 3006 4101 digne
3062 4027 3240 4082 valeat
3267 4026 3587 4095 disputare?

1992 4122 2372 4176 Verumtamen
2401 4118 2589 4190 paucis
2614 4134 2781 4187 opera
2810 4117 2928 4186 ejus
2951 4115 3202 4186 quaedam
3262 4112 3585 4168 describan-

1990 4214 2095 4278 tur,
2127 4224 2249 4281 qum
2287 4216 2340 4264 et
2371 4207 2666 4280 integritati
2696 4222 2808 4260 suae
2848 4203 2971 4259 ﬁdei
3028 4202 3387 4258 testimonium
3441 4215 3586 4270 pra:—

1990 4298 2169 4361 beant,
2202 4306 2253 4354 et
2282 4297 2425 4352 illius
2451 4295 2632 4352 cordis
2687 4293 3030 4350 devotionem
3086 4290 3284 4345 imitari
3342 4290 3584 4345 volentes

1990 4388 2132 4457 quod
2164 4387 2437 4443 imitentur
2453 4401 2568 4457 pra:
2597 4383 2768 4441 oculis
2798 4380 3055 4437 habeant.

2061 4507 2148 4559 28.
2180 4506 2256 4560 Ac
2285 4502 2461 4574 primo
2518 4499 2807 4557 dicendum
2865 4498 3018 4568 quod
3069 4494 3289 4568 optimis
3326 4510 3356 4549 a
3412 4509 3583 4566 puero

1990 4592 2231 4649 moribus
2259 4590 2535 4647 institutus
2565 4588 2708 4644 nulla
2734 4587 2916 4659 quoad
2972 4585 3102 4641 vixit
3153 4584 3356 4640 eisdem
3411 4582 3588 4654 potuit

1989 4680 2208 4737 ratione
2233 4679 2432 4736 abduci
2459 4675 2920 4736 incommutabilis
2970 4672 3194 4743 justitize
3244 4672 3437 4739 cultor,
3486 4687 3587 4727 nec

1988 4770 2180 4826 favore
2207 4768 2424 4837 remitti,
2456 4784 2557 4824 nec
2584 4764 2913 4822 detractione
2941 4760 3145 4827 diduci,
3174 4776 3276 4816 nec
3332 4758 3584 4815 laudibus

1988 4856 2191 4928 decipi,
2220 4871 2322 4913 nec
2350 4852 2839 4927 vituperationibus
2867 4851 2925 4905 in
2957 4850 3130 4905 zelum
3160 4855 3374 4919 poterat
3428 4863 3585 4904 com-

1999 4944 2229 5001 moveri.
2276 4945 2377 4999 Per
2428 4951 2640 4998 noctem
2697 4939 2896 4995 divinis
2959 4937 3212 4993 insistens
3284 4936 3582 5007 obsequiis,

1996 5049 2193 5104 corpus
2238 5047 2395 5088 suum
2452 5030 2598 5103 quod
2655 5029 2725 5087 ab
2792 5027 2938 5084 omni
2967 5026 3289 5098 contagione
3335 5040 3406 5079 ex
3436 5021 3588 5096 utero

1996 5122 2182 5178 matris
2209 5138 2323 5178 suae
2351 5119 2608 5176 mundum
2638 5116 2983 5184 custodierat,
3016 5122 3125 5169 tam
3169 5113 3371 5186 vigiliis
3427 5130 3587 5185 quam

1996 5210 2293 5285 frigoribus
2327 5209 2461 5266 mire
2518 5207 2811 5277 afﬁciebat,
2869 5204 3097 5280 singulis
3152 5203 3285 5259 illud
3343 5203 3592 5261 noctibus

1995 5316 2138 5373 aqua
2164 5299 2371 5373 frigida
2398 5298 2666 5373 tinguens,
2697 5310 2801 5352 nec
2844 5294 2994 5366 prius
3045 5292 3116 5349 ab
3171 5293 3273 5349 hac
3300 5300 3586 5349 consuetu-

1989 5389 2116 5446 dine
2144 5404 2388 5455 cessans,
2421 5404 2579 5458 quam
2607 5386 2837 5442 Joannis
2884 5382 3193 5457 apostolicae
3244 5379 3390 5436 sedis
3445 5377 3589 5433 anti-

1991 5486 2102 5535 stes
2130 5492 2253 5534 cum
2283 5492 2381 5549 pro
2410 5476 2584 5532 astatis
2640 5490 2752 5532 suae
2806 5473 3071 5547 gravitate
3127 5468 3253 5525 huic
3310 5466 3589 5547 proposito

1993 5567 2155 5623 ﬁnem
2171 5565 2388 5637 juberet
2415 5564 2723 5637 imponere.
2777 5565 2897 5619 Non
2953 5562 3094 5617 hunc
3149 5556 3318 5613 ardor
3366 5555 3591 5619 aestatis,

1994 5672 2105 5721 non
2164 5654 2340 5731 frigus
2396 5653 2588 5715 hiemis
2640 5653 2708 5711 ab
2765 5651 3014 5712 instantia
3068 5646 3227 5722 coepti
3260 5643 3437 5722 operis
3488 5645 3595 5704 Dei
