4046 6076
497 348 603 406 727

1504 335 1707 393 EADM
1717 335 1827 390 ERl
1877 331 2428 390 CANTUARIENSIS
2474 332 2789 389 MONACHI

3695 334 3814 389 758

467 506 473 515 ι
498 476 819 549 detorquere
847 472 1115 529 valebant.
1139 471 1408 525 Praeterea
1455 476 1887 535 quaquaversum
1918 458 2097 533 gratia
2122 457 2186 524 Α
2215 465 2349 527 tans,
2382 460 2529 532 quod
2549 458 2828 532 negotium
2848 458 3053 532 reginae
3081 459 3458 532 persuaderet,
3503 469 3561 516 ut
3598 460 3817 517 omisso

496 563 825 638 praedicandi
856 560 1087 635 gratiam
1117 558 1214 614 Dei
1246 571 1499 629 pergens,
1547 561 1768 625 paratus
1824 559 1941 607 erat
1991 567 2089 622 pro

497 656 615 728 ipsa
645 668 804 725 quam
834 648 1164 723 praedicabat
1191 647 1414 703 veritate
1442 644 1607 699 vitam
1629 642 1777 709 dare,
1800 641 1845 695 si
1877 640 2093 697 occasio

495 750 806 813 competens
870 738 1153 795 offerretur
1214 751 1335 806 quae
1368 733 1426 789 id
1481 732 1601 788 fieri
1655 731 1967 803 postularet.
2029 728 2092 785 Si

495 831 711 905 quando
740 828 949 901 aliquid
997 826 1309 882 deliciarum
1365 822 1558 895 quovis
1610 828 1826 889 eventu,
1884 826 1936 875 et
1989 820 2094 874 hoc

492 936 706 976 summa
734 934 861 975 cum
890 916 1172 987 parcitate,
1207 914 1262 968 in
1293 926 1474 968 escam
1530 910 1795 977 sumebat,
1852 908 2089 981 idipsum

493 1009 549 1066 in
581 1024 640 1064 se
668 1007 1018 1080 postmodum
1065 1003 1222 1075 gravi
1272 1001 1453 1058 inedia
1501 999 1825 1055 vindicabat.
1861 999 1990 1055 Haec
2019 999 2095 1054 in-

493 1098 700 1154 stitutio
729 1097 853 1153 vita:
882 1094 1163 1149 minimum
1184 1090 1431 1147 elationis
1460 1096 1512 1144 et
1539 1088 1838 1144 maximum
1896 1086 2091 1143 humi-

493 1187 660 1244 litatis
703 1186 758 1241 in
803 1185 922 1255 ejus
952 1190 1174 1254 pectore
1224 1179 1459 1234 studium
1532 1176 1895 1248 comparavit.
1962 1177 2093 1233 Haec

491 1275 724 1331 subditis
781 1273 887 1328 sibi
939 1269 1254 1341 exemplum
1316 1274 1519 1323 sanctae
1557 1264 1987 1322 conversationis
2011 1265 2094 1320 in-

492 1365 673 1427 dixit;
714 1364 832 1417 haec
868 1359 1087 1417 eosdem
1152 1357 1208 1412 in
1274 1363 1478 1411 arctam
1534 1354 1883 1410 continentiae
1947 1354 2090 1409 viam

494 1452 739 1514 induxit;
775 1453 894 1506 haec
923 1463 1136 1520 quoque
1165 1447 1361 1501 mullos
1389 1459 1422 1499 a
1449 1460 1546 1500 suo
1577 1459 1755 1499 errore
1798 1458 2095 1498 conversos

495 1541 566 1597 ad
593 1538 789 1594 Christi
817 1537 1046 1611 gratiam
1073 1535 1243 1591 duxit.
1277 1534 1433 1590 Unde
1480 1531 1867 1603 quamplurimi
1923 1530 2093 1586 nobi—

492 1628 623 1684 lium
656 1626 880 1695 incitati,
911 1626 1052 1681 filios
1100 1639 1225 1679 suos
1271 1622 1374 1678 Dei
1438 1621 1663 1677 servitio
1721 1618 2094 1691 nancipandos

494 1718 615 1776 viro
644 1715 926 1772 tradebant
952 1714 1227 1779 mirantes,
1252 1710 1550 1765 admiranto
1580 1708 1700 1779 ejus
1749 1707 1953 1764 merita
2004 1707 2094 1762 di-

2199 549 2526 622 virginitatis
2555 549 2833 621 proposito
2856 549 3026 621 regiae
3055 549 3317 605 voluntati
3344 565 3622 606 assensum
3654 568 3817 622 prae-

2199 639 2369 694 beret.
2400 640 2466 693 At
2493 638 2801 707 Wilfridus,
2834 638 3016 694 sciens
3054 638 3310 710 scriptum
3368 655 3485 695 esse
3519 655 3533 695 :
3598 644 3816 697 Vovetc

2199 730 2257 784 et
2307 727 2529 784 reddite
2580 728 2814 784 Domino
2866 728 2972 784 Dea
3007 731 3192 784 vestro
3245 728 3419 797 (Psal.
3452 742 3620 795 Lxxv,
3685 732 3813 799 12),

2200 815 2390 872 maluit
2418 815 2641 872 chrido
2670 815 2777 871 hac
2813 815 2869 871 in
2921 833 2977 871 re
3019 831 3128 872 non
3174 832 3382 887 parere,
3438 833 3598 888 quam
3642 835 3815 872 suum

2200 906 2437 960 Domino
2458 903 2783 961 sacriﬁcium
2815 906 3045 974 auferre,
3077 922 3145 962 ne
3178 922 3276 977 per
3312 906 3417 962 hoc
3469 922 3579 962 non
3636 907 3817 962 modo

2200 993 2449 1067 virginis,
2480 1009 2669 1050 verum
2704 1002 2756 1050 et
2776 1010 2888 1050 suae
2918 995 3114 1051 animae
3159 995 3347 1051 mortis
3390 1004 3605 1052 aeterna!
3681 995 3817 1051 dis-

2199 1082 2399 1154 pendia
2427 1092 2658 1155 pararet.
2690 1084 2834 1156 Ergo
2858 1083 3091 1156 virginei
3141 1084 3250 1140 voti
3302 1084 3479 1140 fautor
3541 1084 3813 1153 existens,

2200 1170 2480 1243 vigilantis
2525 1172 2693 1227 animi
2747 1173 3043 1244 sagacitate
3072 1173 3415 1244 procumbat,
3442 1189 3512 1230 ne
3561 1190 3670 1245 qua
3718 1175 3814 1230 fe-

2200 1260 2396 1317 minea:
2424 1261 2619 1317 mentis
2649 1261 3009 1317 inconstantia
3049 1261 3385 1333 propositum
3444 1263 3601 1334 virgo
3643 1273 3815 1333 post-

2200 1356 2450 1421 poneret,
2482 1357 2533 1404 et
2561 1349 2788 1405 terrenis
2816 1349 3089 1406 illecebris
3119 1350 3359 1405 animum
3403 1351 3612 1408 devicta
3666 1369 3813 1424 sup-

2200 1438 2596 1510 poneret.Egit
2622 1438 2789 1508 igitur
2841 1455 2938 1495 sua
2986 1439 3273 1507 industria,
3320 1447 3379 1495 ut
3433 1440 3560 1512 vigo
3618 1442 3815 1511 potius

2202 1526 2492 1582 divortium
2524 1528 2766 1600 conjugii
2809 1544 2842 1584 a
2894 1529 3138 1601 conjuge
3191 1538 3477 1599 quaereret,
3537 1537 3813 1601 quatenus

2202 1614 2453 1671 libertate
2482 1616 2650 1687 potita
2671 1617 2931 1673 saeculum
2960 1617 3228 1691 linquere,
3251 1625 3304 1674 et
3334 1618 3585 1673 thalamis
3615 1618 3814 1673 aeterni

2203 1704 2353 1775 regis
2397 1704 2601 1760 valeret
2646 1705 2872 1761 feliciter
2941 1706 3224 1762 inhaerere.
3258 1707 3417 1776 Quod
3454 1708 3680 1780 quidem
3721 1708 3811 1763 fa-

494 1806 619 1880 gnis
637 1804 891 1861 laudibus
919 1803 1306 1874 approbantes,
1331 1807 1494 1872 atque
1522 1814 1647 1853 suos
1673 1798 1852 1868 ipsius
1903 1796 2095 1868 probi-
2124 1810 2177 1869 B
2204 1800 2344 1847 ctum
2378 1800 2481 1848 est.
2514 1794 2650 1848 Nam
2689 1794 2781 1850 ubi
2825 1810 2918 1850 rex
2960 1795 3229 1866 comperit
3252 1812 3371 1851 eam
3429 1796 3576 1851 nullo
3598 1804 3813 1867 pactoa

496 1894 618 1950 tatis
688 1893 980 1948 imitatores
1034 1890 1149 1945 fieri
1208 1889 1390 1944 modis
1437 1887 1689 1943 omnibus
1740 1892 2083 1957 exoptantes.

493 1982 604 2039 Sed
624 1983 764 2038 sicut
784 1996 928 2053 saepe
962 1981 1105 2050 quod
1165 1978 1442 2051 aliquibus
1495 1975 1749 2046 provenit
1781 1975 1850 2029 ad
1889 1973 2102 2031 virtutis

506 2073 831 2145 profectum,
864 2068 1137 2142 aliquibus
1175 2066 1427 2139 procedit
1483 2065 1551 2120 ad
1604 2063 1911 2136 iniquitatis
1964 2062 2100 2119 effe-

496 2170 681 2225 ctum;
715 2161 798 2215 sic
824 2160 970 2214 unde
1001 2155 1250 2212 nonnulli
1296 2156 1354 2209 in
1407 2169 1647 2210 amorem
1694 2161 1749 2208 et
1804 2152 2104 2209 veneratio-

495 2266 622 2306 nem
654 2247 847 2305 famuli
871 2247 972 2303 Dei
1004 2245 1349 2317 profecerunt
1405 2243 1533 2298 inde
1581 2241 1801 2312 quidam
1832 2242 1888 2296 in
1918 2242 2103 2298 odium

499 2349 554 2396 et
580 2337 965 2396 contumeliam
996 2335 1115 2405 ejus
1134 2340 1442 2404 erumpunt.
1476 2334 1541 2386 At
1570 2332 1769 2386 athleta
1824 2330 1924 2386 Dei
1974 2348 2103 2387 cum

496 2432 568 2486 iis
588 2430 686 2502 qui
714 2428 953 2483 oderant
980 2439 1173 2497 pacem
1199 2426 1322 2478 erat
1339 2421 1613 2494 paciﬁcus
1635 2421 1810 2491 (Psal.
1835 2435 1990 2490 cxrx,
2021 2423 2099 2492 7),

497 2526 552 2575 et
578 2517 703 2575 odio
722 2516 964 2589 ipsorum
985 2528 1101 2568 suae
1121 2510 1456 2583 rependebat
1494 2509 1814 2580 obsequium
1844 2524 2101 2566 mansue-

496 2605 717 2663 tudinis.

571 2699 660 2751 29.
694 2695 955 2749 Praeterea
994 2693 1051 2747 in
1097 2689 1517 2765 Augustaldensi
1543 2688 1780 2759 ‘oppido
1838 2686 2103 2759 templum

498 2782 741 2839 mirabili
771 2798 938 2854 opere
975 2782 1124 2849 fecit,
1158 2780 1302 2853 quod
1360 2779 1476 2850 ipse
1523 2778 1579 2831 in
1634 2779 1900 2832 honorem
1955 2776 2101 2831 beati

496 2871 730 2928 Andreae
758 2869 985 2942 apostoli
1009 2870 1246 2925 Domino
1276 2867 1498 2934 dicavit,
1531 2865 1599 2921 ad
1627 2865 1804 2922 vicem
1851 2864 2104 2920 videlicet

511 2958 765 3015 beneﬁcii
795 2957 1229 3028 rependendam,
1261 2956 1405 3029 quod
1435 2955 1583 3010 idem
1614 2954 2023 3026 apostolusjam
2055 2952 2104 3008 ei

500 3047 702 3104 dudum
762 3047 1132 3118 impenderat.
1170 3046 1232 3099 In
1258 3046 1415 3116 cujus
1465 3044 1652 3114 templi
1705 3043 2105 3100 constructione

2207 1883 2491 1953 proposito
2522 1899 2679 1953 posse
2709 1883 3080 1954 mutari,licet
3120 1885 3338 1953 invitus,
3397 1884 3665 1941 concessit
3718 1890 3814 1939 ta-

2210 1986 2335 2025 men
2383 1979 2441 2026 nt
2491 1971 2678 2027 relicto
2726 1973 2947 2042 saeculo,
3004 1983 3160 2044 prout
3204 1974 3461 2043 volebat,
3537 1973 3812 2044 acciperet

2210 2060 2686 2133 velameninsigne
2714 2062 3072 2133 virginitatis.
3098 2062 3217 2133 Qua
3253 2063 3470 2119 licentia
3496 2063 3646 2132 felix,
3704 2081 3771 2119 ac
3791 2093 3809 2105 -

2210 2157 2368 2220 cepto
2394 2149 2657 2205 velamine
2687 2166 2719 2206 a
2748 2151 2909 2208 beato
2933 2152 3224 2219 Wilfrido,
3268 2169 3390 2223 quae
3441 2153 3627 2208 mundi
3682 2161 3812 2208 sunt

2210 2254 2332 2293 cum
2362 2239 2565 2295 mundo
2598 2240 2854 2309 deseruit,
2887 2241 3093 2312 sprevit
3116 2250 3278 2314 atque
3321 2259 3353 2297 a
3394 2242 3476 2297 sui
3536 2242 3808 2298 desiderio

2211 2329 2393 2387 cordis
2421 2330 2606 2400 procul
2628 2329 2848 2401 abjecit.

2281 2439 2368 2491 31.
2396 2437 2809 2510 Ermemhurgis
2839 2454 2966 2495 vero
2996 2439 3168 2513 regali
3197 2448 3277 2498 est
3305 2442 3553 2513 copulata
3608 2441 3813 2511 conju-

2210 2524 2323 2596 gio.
2356 2525 2457 2580 Per
2480 2527 2621 2581 hanc
2676 2525 2847 2599 igitur
2896 2528 3149 2584 diabolus
3198 2530 3382 2587 odium
3441 2529 3586 2601 quod
3623 2538 3817 2586 contra

2209 2613 2385 2669 virum
2414 2614 2514 2669 Dei
2545 2615 2801 2683 habebat,
2823 2633 3044 2674 exerere
3078 2628 3440 2690 opportunum
3470 2618 3814 2689 existimans,

2210 2701 2449 2757 animum
2507 2703 2653 2759 illius
2682 2706 2898 2776 injectis
2929 2707 3252 2778 quibusdam
3297 2707 3665 2765 simultatibus
3705 2710 3817 2764 ad—

2208 2808 2396 2848 versus
2424 2809 2547 2848 eum
2580 2794 2902 2865 inflammat,
2937 2813 3155 2868 quoque
3185 2797 3292 2868 ipsi
3329 2812 3548 2853 suarum
3580 2797 3819 2854 insidias

2212 2881 2468 2937 fraudum
2536 2883 2719 2938 tendat
2774 2886 3124 2941 vehementer
3151 2885 3428 2959 instingat.
3463 2887 3559 2941 Cui
3603 2904 3815 2959 sugge-

2210 2969 2368 3024 stioni
2395 2986 2461 3025 eo
2493 2971 2706 3028 facilius
2735 2973 2911 3043 cessit,
2945 2989 3054 3049 quo
3085 2974 3362 3030 muliebris
3418 2976 3817 3031 insconstantia

2211 3059 2426 3125 mentis,
2487 3059 2904 3131 intemperantia
2980 3062 3201 3120 lubricae
3248 3063 3643 3133 ostentationis,
3700 3080 3814 3136 op-

498 3154 610 3194 non
656 3135 827 3192 defuit
866 3134 1069 3192 invidia
1111 3134 1371 3190 mortiferi
1428 3132 1714 3226 serpentis.
1774 3134 1944 3226 Nam‘
1971 3132 2097 3187 dum
2130 3162 2180 3226 Ο
2213 3147 2418 3217 ρι-εεεξο
2449 3163 2513 3204 ac
2538 3149 2726 3220 rapina
2758 3151 3013 3207 νεοιρηιω
3042 3152 3422 3224 damnavimus,
3456 3170 3577 3224 quae
3635 3154 3689 3207 in
3739 3132 3818 3209 ξε

502 3224 836 3284 caementarii
885 3224 1059 3280 linunt
1121 3223 1410 3295 superiora
1444 3222 1682 3293 parietis,
1722 3221 2097 3293 praecipitante

499 3316 653 3372 illum
705 3313 956 3372 adversio
1029 3312 1254 3368 humani
1317 3310 1550 3384 generis,
1610 3327 1751 3368 unus
1801 3326 1989 3367 eorum
2044 3307 2100 3363 in

500 3420 750 3478 praeceps
777 3402 993 3471 corruit,
1053 3409 1107 3457 et
1142 3400 1223 3456 sic
1277 3407 1335 3456 ut
1360 3399 1608 3457 contritis
1638 3400 1893 3456 omnibus
1922 3415 2101 3455 mem-

500 3493 616 3548 bris
668 3492 779 3562 jam
836 3491 1061 3562 defungi
1091 3497 1389 3561 putaretur.
1444 3488 1551 3557 Qui
1580 3505 1705 3544 cum
1735 3488 1881 3545 velut
1910 3488 1965 3543 in
1996 3505 2100 3544 ex-

502 3581 777 3635 halatione
827 3579 908 3633 sui
939 3577 1164 3650 spiritus
1207 3577 1504 3644 laboraret,
1563 3585 1854 3634 excurrunt
1908 3593 2106 3633 omnes

503 3675 693 3737 utpote
727 3666 798 3721 ad
816 3665 1101 3735 exsequias
1131 3665 1332 3720 funeris
1362 3665 1497 3734 ejus.
1532 3666 1627 3720 Vir
1655 3674 1835 3720 autem
1886 3666 2104 3721 Domini

504 3753 796 3808 Wilfridus
825 3767 948 3808 cum
996 3768 1222 3822 corpore
1280 3752 1475 3808 absens
1534 3753 1827 3823 praesentia
1885 3755 2104 3824 spiritus

507 3844 705 3896 cuncta
734 3842 1102 3914 dignosceret,
1133 3855 1261 3896 mox
1294 3855 1415 3895 sese
1442 3840 1497 3895 in
1527 3840 1803 3912 lacrymas
1851 3842 2018 3911 dedit,
2053 3851 2108 3898 et

510 3944 755 4000 quosque
810 3927 1158 3983 assidentium
1206 3928 1339 4000 quid
1394 3929 1635 3984 evenerit
1662 3946 1726 3985 ex
1757 3930 1945 3987 ordine
2001 3932 2107 3987 do-

510 4033 660 4085 cens,
700 4033 798 4088 pro
827 4016 998 4072 salute
1028 4017 1207 4072 fratris
1252 4033 1345 4073 eos
1400 4018 1731 4074 intercedere
1773 4021 2099 4091 postulavit.

512 4104 616 4161 Ubi
647 4120 777 4161 vero
808 4105 875 4162 ad
904 4121 1111 4179 aegrum
1144 4114 1363 4163 ventum
1394 4114 1493 4175 est,
1526 4123 1655 4162 mox
1682 4109 1753 4163 ad
1797 4109 1968 4164 Patris
2017 4118 2104 4164 ta-

512 4200 661 4248 ctum
692 4195 977 4266 pristinam
1009 4202 1333 4265 receperunt
1359 4196 1602 4250 membra
1631 4197 1861 4252 salutem
1896 4215 1907 4251 :
1955 4205 2027 4266 et,
2061 4193 2109 4251 si

513 4281 835 4352 dicendum,
869 4282 1072 4339 lethum
1097 4284 1327 4349 erubuit,
1347 4301 1468 4340 cum
1491 4301 1589 4356 per
1603 4285 1877 4341 hominem
1900 4287 2024 4343 vitae
2051 4305 2108 4343 se

510 4370 732 4441 depelli.
765 4380 818 4426 et
846 4370 1051 4427 homini
1087 4371 1253 4427 vitam
1292 4372 1502 4427 restitui
1533 4372 1683 4429 vidit.
1718 4374 1883 4443 Cujus
1923 4376 2110 4431 mortis

510 4468 698 4516 auctor
731 4460 1000 4543 diabolus,
1043 4457 1234 4515 videns
1283 4460 1456 4515 virum
1510 4467 1616 4516 tam
1648 4461 1881 4517 internis
1937 4464 2105 4519 animi

509 4548 793 4604 virtutibus
847 4564 1006 4619 quam
1071 4548 1398 4604 exteriorum
1455 4549 1784 4605 exhibitione
1813 4550 2108 4609 miraculo-

511 4653 632 4692 rum
661 4652 817 4693 suam
846 4635 1221 4693 confusionem
1249 4652 1471 4710 augere,
1502 4638 1559 4691 in
1589 4636 1806 4692 nimiam
1840 4640 1923 4694 sui
1953 4641 2104 4697 furo-

512 4726 594 4780 ris
622 4725 1013 4797 malignitatem
1046 4725 1377 4794 accenditur,
1423 4725 1617 4798 quibus
1661 4727 1841 4783 modis
1895 4733 2105 4799 poterat

507 4812 804 4883 inquirens,
837 4814 1071 4885 qualiter
1096 4812 1471 4870 confusionem
1502 4829 1654 4870 suam
1693 4830 1855 4872 versa
1909 4817 2029 4874 vice
2049 4818 2104 4874 in

509 4916 628 4956 eum
662 4909 995 4972 retorqueret
1006 4942 1020 4957 .

576 5006 666 5061 30.
689 5009 983 5078 Acceperat
1004 5015 1180 5064 autem
1224 5025 1319 5065 rex
1348 5009 1608 5066 chridus
1665 5012 1949 5085 conjugem
1994 5028 2100 5070 no—

508 5094 655 5151 mine
697 5095 1078 5165 Adeldridam,
1125 5114 1245 5168 qua:
1279 5099 1333 5153 in
1390 5102 1517 5155 voto
1550 5098 1875 5174 virginitatis
1921 5102 2100 5173 potius

497 5184 639 5241 hanc
685 5183 852 5240 vitam
915 5185 1214 5259 transigere
1258 5195 1629 5259 proposuerat,
1705 5206 1866 5261 quam
1923 5191 2097 5247 aliena

498 5273 724 5330 libidine
742 5272 959 5329 violari.
992 5273 1179 5330 Iuncta
1210 5282 1285 5331 est
1315 5283 1493 5333 tamen
1523 5278 1638 5351 regi
1687 5280 1917 5350 praefato
1971 5280 2094 5353 lege

493 5363 799 5437 conjugali,
821 5379 927 5419 non
949 5364 1330 5434 conjunctione
1357 5367 1579 5422 carnali.
1604 5367 1770 5438 Cujus
1792 5369 1866 5425 rei
1915 5370 2092 5443 gratia

491 5453 710 5510 beatum
739 5448 1058 5508 Wilfridum
1087 5458 1199 5508 tam
1220 5468 1320 5525 per
1347 5470 1408 5509 se
1437 5469 1600 5527 quam
1644 5463 1698 5512 et
1720 5473 1852 5527 peer
1882 5458 2090 5516 amicos

490 5557 620 5597 suos
646 5557 748 5597 rex
777 5542 1053 5611 convenit,
1083 5556 1254 5598 orans
1291 5549 1343 5598 et
1371 5543 1684 5615 obsecrans,
1718 5554 1771 5601 et
1825 5548 2085 5604 maxima-

485 5644 604 5685 rum
625 5645 803 5686 rerum
845 5630 1235 5701 pollicitatione
1265 5631 1318 5688 in
1349 5633 1452 5690 hoc
1475 5632 1653 5703 ipsum
1705 5634 1924 5693 allicere
1957 5644 2082 5693 ten-

2210 3251 2412 3309 magno
2442 3252 2563 3293 cum
2624 3245 2834 3295 tumore
2901 3239 3187 3312 vigebant,
3247 3257 3459 3300 servum
3490 3242 3705 3297 Domini
3754 3242 3819 3297 in

2209 3324 2648 3397 redargutionem
2687 3327 2769 3382 sui
2824 3328 3097 3385 multoties
3149 3330 3349 3387 acerba
3378 3331 3687 3387 invectione
3715 3348 3813 3387 ar-

2211 3413 2453 3468 mabant.
2484 3413 2853 3483 Quamobrem
2909 3433 3016 3473 non
3046 3435 3240 3489 parum
3294 3420 3437 3475 intus
3482 3420 3702 3489 offensa,
3757 3429 3817 3476 et

2211 3502 2434 3574 insuper
2461 3503 2797 3561 daemoniaco
2825 3505 2953 3579 igne
2981 3523 3263 3576 succensa,
3295 3508 3490 3581 gloriae
3524 3509 3818 3583 dignitati-

2213 3607 2318 3663 que
2363 3591 2532 3662 ipsius
2615 3609 2943 3666 magnopere
2994 3596 3159 3667 coepit
3183 3595 3448 3665 invidere,
3482 3606 3534 3653 et
3574 3614 3815 3668 quonam

2213 3681 2378 3736 modo
2399 3697 2525 3736 eum
2555 3681 2818 3753 dignitate
2847 3699 2949 3738 sua
2979 3684 3215 3756 spoliare
3244 3701 3311 3741 ac
3339 3687 3629 3758 spoliatum
3656 3686 3813 3757 abji-

2215 3784 2339 3823 cere
2363 3778 2565 3839 posset,
2595 3772 2906 3828 occasiones
2934 3790 3207 3844 quaerere.
3263 3775 3620 3831 Considerata
3674 3791 3814 3848 ergo

2214 3856 2356 3930 glori
2385 3857 2506 3925 viri,
2548 3860 2777 3929 qualiter
2830 3878 2952 3916 cum
3009 3863 3156 3919 omni
3214 3879 3282 3919 ex
3336 3873 3490 3935 parte
3522 3863 3816 3921 afﬂuentia

2215 3944 2492 4017 dignitatis
2518 3947 2975 4020 circumfulsisset,
3009 3967 3197 4024 regem
3253 3952 3505 4008 muliebri
3552 3953 3815 4009 facundia

2215 4035 2492 4105 convenit,
2518 4038 2672 4106 quasi
2703 4038 2772 4093 de
2795 4038 3117 4109 quibusdam
3148 4041 3262 4096 suis
3291 4041 3606 4097 utilitatibus
3650 4050 3811 4098 actu-

2215 4138 2310 4189 ra;
2344 4133 2599 4180 reautem
2628 4142 2752 4183 vera
2807 4114 2985 4197 prima
3014 4146 3082 4183 an
3109 4130 3349 4184 animum
3389 4131 3509 4201 ejus
3563 4131 3631 4186 ad
3687 4147 3814 4201 quae

2216 4210 2378 4267 vellet
2410 4212 2678 4270 acclinare
2706 4224 2889 4286 posset
2911 4216 3133 4286 habere,
3185 4234 3252 4272 ex
3303 4218 3525 4289 obliquo
3581 4217 3814 4291 ρει-ίιυί-

2215 4296 2401 4353 situra.
2436 4299 2609 4370 Quem
2637 4303 2728 4358 ubi
2755 4304 2823 4358 ad
2854 4321 3009 4360 suum
3035 4313 3222 4361 votum
3260 4322 3380 4362 esse
3434 4307 3721 4378 persensit,
3751 4315 3817 4363 ut

2213 4385 2491 4443 hominem
2529 4390 2625 4445 Dei
2675 4391 2729 4445 in
2764 4392 3027 4448 invidiam
3076 4394 3387 4464 adduceret,
3448 4395 3812 4451 fraudulentis

2215 4476 2554 4532 sermonibus
2584 4480 2701 4549 ejus
2728 4480 2955 4552 gloriam
2984 4483 3101 4555 regi
3132 4482 3298 4554 coepit
3316 4484 3638 4540 admirando
3650 4499 3810 4539 enar-

2216 4580 2359 4620 rare.
2392 4565 2554 4635 Nam,
2587 4569 2835 4639 exposita
2866 4570 3176 4626 divitiarum
3233 4572 3591 4639 abundantia,
3623 4588 3813 4630 caeno-

2215 4652 2427 4708 biorum
2459 4656 2817 4726 multitudine,
2849 4658 3200 4715 aediﬁciorum
3233 4662 3623 4733 magnitudine,
3672 4661 3811 4717 sub-

2211 4739 2448 4796 ditorum
2505 4745 2811 4817 principum
2868 4748 3042 4817 turba,
3100 4749 3522 4820 obsequentium
3577 4749 3805 4804 militum

2210 4830 2387 4899 copia,
2418 4832 2693 4904 regalibus
2720 4836 2964 4891 vestibus
2991 4844 3043 4892 et
3072 4838 3240 4892 armis
3274 4837 3530 4894 instructa
3581 4838 3755 4893 intulit
3788 4856 3803 4892 :

2214 4940 2237 4965 α
2272 4919 2338 4973 Et
2390 4919 2525 4990 quid
2567 4921 2799 4993 amplius
2819 4924 2940 4994 ipse
2969 4925 3087 4994 tibi,
3118 4942 3283 4998 quam
3317 4934 3372 4982 tu
3429 4927 3535 4982 sibi
3562 4927 3590 4980 ἢ
3638 4934 3805 4983 totum

2209 5023 2437 5080 regnum
2469 5017 2618 5065 tuum
2647 5013 2989 5085 episcopatus
3012 5014 3178 5085 ipsius
3204 5024 3322 5077 est;
3374 5016 3503 5089 quin
3554 5023 3607 5071 et
3635 5016 3680 5071 si
3710 5024 3805 5070 tua

2206 5108 2448 5170 potestas
2479 5103 2598 5174 ejus
2619 5104 2869 5175 potestati
2891 5113 3256 5179 comparetur,
3287 5105 3467 5162 minor
3504 5114 3603 5162 est.
3660 5106 3799 5161 Ter-

2204 5189 2380 5245 minus
2417 5191 2559 5246 enim
2615 5192 2833 5264 imperii
2888 5194 2963 5249 tui
3019 5196 3133 5250 suis
3178 5193 3374 5251 ﬁnibus
3445 5202 3797 5256 coarctatur;

2204 5278 2468 5334 terminus
2495 5288 2673 5336 autem
2709 5283 3058 5355 episcopatus
3087 5285 3206 5354 ejus
3255 5292 3373 5341 tuos
3412 5282 3547 5340 fines
3601 5292 3797 5340 aucto-

2198 5367 2351 5425 ritate
2380 5371 2746 5445 progreditur.
2796 5371 2888 5439 Et,
2946 5373 3145 5443 fateor,
3203 5372 3452 5429 fidelibus
3507 5381 3560 5429 et
3610 5372 3800 5428 amicis

2196 5457 2301 5513 tuis
2329 5467 2413 5515 est
2442 5460 2736 5517 timendum
2758 5478 2846 5531 ne,
2877 5462 2919 5517 si
2942 5461 3235 5534 aliquando
3264 5460 3465 5518 inimici
3498 5461 3573 5517 tui
3610 5469 3797 5518 contra

2195 5553 2247 5603 te
2275 5563 2421 5604 arma
2450 5546 2799 5622 susceperint,
2829 5550 2947 5622 ipse
2978 5567 3140 5621 quam
3171 5550 3432 5622 praedicat
3467 5565 3660 5622 pacem
3699 5566 3793 5606 se-

2190 5637 2393 5706 quendi
2425 5653 2552 5694 suos
2581 5638 2650 5695 ab
2666 5640 2835 5694 armis
2864 5641 3135 5696 immunes
3173 5639 3423 5709 retineat,
3457 5647 3618 5711 tuque
3668 5647 3793 5695 tuo-
