4046 6076
325 325 429 380 729

1659 330 1814 383 γιΤΑ
1845 329 1900 383 8.
1936 327 2291 384 WILFRIDI.

3520 337 3627 391 730

328 466 447 505 rum
499 448 770 521 paucitate
828 449 1064 509 inimicis
1114 452 1343 510 inferior
1388 452 1560 509 victus
1600 452 1915 509 occumbas.
1943 453 1996 517 Α
2025 454 2145 524 ejus
2173 453 2465 510 infortunio
2523 455 2681 510 valde
2730 455 3057 512 contristatis
3111 470 3219 512 non
3249 472 3423 528 pauca
3453 459 3637 516 disse-

331 538 682 612 Quapropter
722 540 791 596 de
833 543 1057 615 negotio
1106 549 1230 598 ante
1288 543 1565 616 negotium
1615 546 1823 603 tracta;
1858 550 1930 610 et,

332 644 401 684 ne
428 628 485 683 in
528 630 646 700 ipsa
675 629 924 701 gestione
965 631 1170 704 negotii
1203 640 1297 687 tua
1338 631 1510 687 virtus
1549 631 1778 696 decidat,
1814 647 1935 703 quae

333 718 535 773 obsunt
564 735 770 790 gnarus
798 718 1130 791 praeordina.
1165 721 1298 776 Sunt
1327 722 1545 791 quidem
1577 730 1630 776 et
1656 721 1762 776 alia
1793 735 1933 776 non-

336 808 490 863 nulla
535 824 658 878 quae
683 808 779 863 tibi
810 809 1038 865 honeste
1076 818 1302 880 possunt
1348 812 1699 881 persuadere,
1733 810 1806 865 tui
1829 811 1935 865 ho-

332 897 481 951 noris
524 896 831 953 nullatenus
872 914 1009 968 esse,
1069 914 1180 954 non
1237 898 1360 955 dico
1418 900 1778 970 superiorem,
1836 898 1932 953 sed

332 1001 524 1057 parem
570 1000 903 1059 quemquam
950 986 1005 1041 in
1048 1002 1223 1060 regno
1276 996 1369 1043 tuo
1396 988 1624 1043 habere.
1671 988 1805 1057 Quae
1834 1003 1935 1042 nec

333 1073 441 1129 dici
490 1073 708 1144 quidem
760 1090 898 1147 opus
922 1090 1044 1131 esse
1087 1090 1445 1149 recognosco,
1477 1076 1605 1148 quia
1632 1091 1741 1132 non
1769 1076 1934 1131 modo

334 1170 443 1219 tum
472 1162 793 1234 prudentia},
840 1163 937 1219 sed
966 1170 1019 1219 et
1065 1162 1236 1223 cuivis
1265 1163 1602 1237 imprudenti
1644 1166 1787 1221 clara
1816 1180 1936 1220 esse

333 1267 449 1308 non
477 1252 683 1309 nescio.
719 1275 743 1300 ι

409 1345 495 1396 31.
522 1340 748 1397 Talibus
802 1341 983 1398 verbis
1030 1357 1123 1398 rex
1179 1349 1474 1414 permotus,
1525 1350 1581 1398 et
1635 1343 1785 1415 quasi
1823 1359 1935 1399 suae

332 1429 550 1485 utilitati
578 1430 969 1500 consuleretur,
1015 1432 1088 1487 ad
1118 1447 1183 1487 ea
1234 1439 1374 1487 totus
1432 1440 1693 1498 arrectus,
1742 1430 1935 1487 melius

328 1518 445 1573 suis
490 1517 654 1574 rebus
697 1518 908 1574 consuli
940 1534 1048 1574 non
1092 1534 1255 1589 posse
1284 1521 1512 1591 putavit,
1559 1537 1719 1591 quam
1776 1520 1820 1575 si
1853 1520 1935 1574 vir

329 1606 433 1662 Dei
460 1605 570 1661 suis
606 1606 860 1663 omnibus
916 1607 1236 1679 privaretur,
1270 1616 1323 1663 et
1369 1608 1721 1681 episcopatus
1762 1609 1932 1679 ipsius

336 1712 376 1753 n
410 1694 592 1767 plures
621 1694 913 1767 episcopos
955 1696 1312 1753 divideretur.
1353 1698 1556 1753 Verum
1588 1698 1715 1769 quia
1749 1697 1805 1752 id
1836 1697 1924 1770 agi

2042 542 2147 598 ruit
2176 543 2342 599 verba
2395 543 2798 614 consolationis,
2859 544 3136 616 patientia:
3179 553 3231 600 et
3289 562 3434 603 verre
3462 549 3639 604 chari-

2044 631 2186 699 tatis,
2220 632 2433 699 dicens,
2465 633 2607 688 inter
2632 633 2762 699 alia,
2794 633 2947 688 nihili
2976 650 3095 690 esse
3124 634 3470 706 pendendum
3492 640 3637 708 quod

2044 725 2317 775 constaret
2359 735 2748 791 nonnunquam
2776 720 2890 776 fore
2927 722 3300 791 pendendum.
3332 726 3455 792 Ipse
3505 740 3638 780 vero

2043 815 2166 877 post
2222 809 2339 863 haec
2394 809 2622 864 Romam
2655 809 2843 878 iturus,
2903 818 3055 866 etne
3120 812 3263 882 quod
3318 813 3636 868 scandalum

2043 895 2302 952 Ecclesia:
2360 897 2555 951 Christi
2612 907 2833 969 propter
2886 915 3009 954 eum
3066 898 3371 955 immineret
3419 917 3638 957 causam

2043 1000 2199 1040 suam
2231 993 2355 1041 ante
2380 986 2566 1041 sedem
2597 986 2947 1056 apostolicam
2974 988 3338 1058 expositurus,
3360 990 3429 1043 ad
3462 1004 3635 1056 mare,

2043 1073 2342 1131 venerabili
2398 1077 2783 1129 monacliarum
2856 1075 3092 1147 collegio
3146 1076 3340 1132 dextra
3396 1078 3640 1149 laevaque

2043 1162 2292 1233 stipatus,
2352 1163 2677 1232 perducitur
2706 1182 2718 1225 ;
2751 1162 2873 1218 navi
2913 1163 3229 1235 imponitur,
3282 1164 3373 1236 pia
3425 1165 3638 1221 illomm

2042 1251 2425 1323 imprecatione
2480 1251 2874 1322 perfungitur;
2934 1267 3198 1322 prospero
3254 1269 3413 1308 cursu
3468 1253 3642 1309 ventis

2043 1340 2163 1397 vela
2201 1341 2532 1411 panduntur.
2591 1343 2659 1395 At
2688 1340 2780 1395 ubi
2836 1341 3115 1411 paululum
3164 1343 3321 1398 navis
3357 1342 3638 1414 processit,

2042 1437 2246 1484 mutato
2276 1437 2438 1486 vento
2467 1430 2655 1499 pulsus
2683 1437 2766 1485 est
2795 1430 3033 1484 Fresiam
3068 1448 3079 1484 :
3116 1430 3207 1485 ubi
3240 1448 3272 1486 a
3300 1431 3548 1486 barbaris
3576 1448 3640 1487 ac

2039 1535 2169 1591 rege
2199 1519 2412 1575 illorum
2442 1518 2691 1591 Aldgislo
2737 1517 3035 1575 honoriﬁce
3065 1527 3370 1590 susceptus,
3402 1520 3639 1576 ibidem-

2039 1623 2145 1679 que
2190 1607 2483 1664 honeriﬁce
2538 1614 2914 1675 conversatus,
2980 1607 3050 1663 ab
3105 1608 3359 1663 omnibus
3426 1622 3640 1663 summo

2040 1712 2161 1750 cum
2194 1697 2426 1760 honore,
2456 1697 2638 1766 quoad
2694 1694 2772 1750 ibi
2803 1712 3023 1752 manere
3053 1697 3203 1752 cordi
3255 1695 3374 1764 fuit,
3423 1696 3641 1752 habitus

326 1791 528 1855 praeter
562 1798 889 1839 consensum
934 1784 1346 1840 Cantuariensis
1382 1785 1785 1857 archiepiscopi
1816 1785 1927 1840 mi-
1955 1803 2009 1863 B
2041 1793 2143 1853 est,
2176 1784 2303 1840 licet
2355 1785 2533 1842 adhuc
2562 1792 2672 1839 tota
2699 1785 2981 1855 provincia
3011 1785 3288 1853 idolorum
3337 1785 3500 1841 cultui
3533 1786 3638 1840 de-

326 1872 479 1927 nime
525 1880 755 1943 poterat,
806 1872 974 1929 verba
1021 1873 1277 1946 maligna
1334 1874 1701 1931 accusationis
1745 1883 1933 1930 contra

325 1961 647 2032 episcopum
675 1961 852 2033 ipsius
894 1962 1040 2018 sedis
1071 1963 1295 2018 antistiti
1323 1963 1609 2019 Theodoro
1641 1965 1928 2030 mandant,

325 2057 379 2105 et
422 2050 490 2106 ad
549 2066 664 2106 suae
692 2051 991 2106 voluntatis
1039 2051 1292 2107 eﬂectum
1334 2052 1624 2122 deceptum
1657 2052 1937 2108 inclinant.

326 2138 492 2195 Venit
540 2138 714 2213 igitur
758 2140 830 2195 ad
886 2140 1126 2211 regalem
1183 2141 1389 2196 curiam
1439 2140 1776 2210 Theodorus,
1835 2155 1935 2195 sua

328 2228 651 2284 auctoritate
698 2227 911 2300 regiam
941 2229 1279 2285 voluntatem
1337 2245 1501 2301 super
1538 2229 1799 2284 Wilfrido
1829 2229 1939 2283 im-

328 2316 592 2389 pleturus.
627 2316 786 2386 Quod
817 2316 1020 2375 factum
1053 2326 1156 2374 est.
1206 2319 1345 2374 Nam
1384 2317 1636 2388 protinus
1661 2319 1721 2372 in
1754 2318 1934 2375 locum

330 2406 451 2476 ejus
500 2414 605 2462 tres
651 2405 944 2478 episcopos
989 2423 1054 2463 eo
1085 2407 1311 2462 absente
1353 2406 1642 2463 ordinavit.
1683 2407 1791 2463 Res
1821 2406 1937 2462 viro

333 2495 500 2551 celari
539 2510 649 2551 non
677 2496 897 2566 potuit:
959 2503 1013 2551 et
1059 2496 1422 2552 admiratione
1474 2512 1636 2569 quam
1692 2496 1935 2552 maxima

330 2584 549 2652 ductus,
601 2584 761 2640 hilari
798 2584 987 2654 corde,
1039 2585 1203 2641 alacri
1235 2585 1403 2651 vultu,
1446 2586 1695 2641 modesto
1738 2602 1936 2657 gressu

331 2673 485 2745 regis
514 2672 773 2744 palatium
803 2672 986 2742 subiit,
1028 2690 1247 2729 causam
1278 2674 1478 2746 negotii
1508 2675 1934 2745 perquisuturus.

340 2761 435 2817 Cui
478 2761 583 2817 hoc
620 2762 806 2831 modo,
860 2770 919 2817 ut
948 2762 1139 2831 fertur,
1193 2763 1263 2819 ad
1309 2763 1568 2834 inquisita
1611 2779 1934 2835 responsum

336 2856 463 2906 est:
529 2873 551 2898 α
611 2851 727 2907 Nec
774 2854 828 2907 te
883 2852 1375 2924 impraesentiarum
1422 2852 1656 2923 alicujus
1692 2853 1939 2909 criminis

332 2938 668 2996 admissione
718 2947 990 3010 notamus,
1022 2957 1125 2998 nec
1166 2949 1344 2998 tamen
1382 2948 1638 2997 statutum
1668 2941 1736 2997 de
1767 2949 1818 2997 te
1840 2943 1937 3012 ju-

335 3028 543 3084 dicium
573 3029 674 3085 hac
701 3029 822 3086 vice
850 3030 1203 3087 mutabimus.
1241 3055 1264 3081 ι
1308 3030 1406 3087 llle
1433 3047 1563 3087 vero
1586 3031 1785 3086 talibus
1819 3047 1937 3087 ver-

338 3116 428 3172 bis
455 3132 563 3174 non
588 3118 691 3173 sibi
719 3119 1053 3177 satisfactum
1102 3136 1223 3176 esse
1268 3120 1633 3189 consentiens,
1665 3118 1935 3191 apostoli-

339 3220 465 3263 cam
496 3206 681 3262 sedem
711 3207 1023 3279 appellavit,
1055 3216 1107 3264 et
1136 3224 1234 3279 pro
1274 3223 1461 3264 eorum
1491 3208 1756 3279 injustitia
1792 3208 1934 3263 indi-

338 3302 539 3367 gnatus
587 3296 790 3352 reﬂexo
820 3312 1011 3368 gressu
1054 3297 1231 3352 aulam
1277 3296 1465 3369 egredi
1509 3296 1698 3351 voluit.
1731 3297 1946 3352 lntuens

343 3387 530 3440 autem
589 3385 852 3456 quosdam
896 3385 1031 3441 satis
1078 3385 1225 3441 foedo
1263 3385 1372 3439 suis
1412 3384 1633 3440 casibus
1681 3384 1942 3439 insultare

341 3472 609 3530 cachinno
644 3493 656 3529 :
696 3497 718 3522 α
754 3475 825 3529 Et
874 3488 930 3540 o,
988 3473 1180 3544 inquit,
1240 3473 1355 3541 lilii,
1389 3472 1530 3528 felici
1586 3472 1943 3543 prosperitate

336 3561 552 3616 ducetis
600 3569 845 3632 tempora
902 3562 1103 3631 longa;
1156 3561 1251 3617 sed
1289 3560 1569 3626 noveritis,
1621 3560 1940 3630 quantocius

331 3665 452 3704 sors
482 3648 679 3706 infesta
716 3650 964 3705 resolvet
992 3650 1109 3706 haec
1161 3650 1366 3723 gaudia
1395 3657 1579 3705 vestra
1613 3666 1624 3702 :
1658 3665 1760 3705 nec
1788 3648 1940 3719 prius

336 3737 484 3793 hunc
533 3754 735 3793 annum
781 3738 1036 3793 transisse
1094 3738 1363 3807 videbitis,
1422 3754 1585 3809 quam
1628 3737 1758 3793 istas
1806 3753 1940 3807 quas

335 3842 498 3896 super
521 3842 609 3881 me
653 3826 955 3882 derisiones
1011 3826 1244 3892 habetis,
1284 3826 1467 3882 acerbi
1524 3841 1758 3881 moerere
1813 3823 1938 3880 lua-

332 3914 423 3969 tis.
489 3939 511 3962 ιο
573 3913 709 3983 Quae
740 3915 1025 3986 prophetia
1084 3915 1279 3971 veritas
1321 3915 1464 3969 facta
1512 3923 1613 3969 est.
1647 3915 1781 3969 Nam
1815 3921 1941 3984 post

339 4018 448 4057 non
476 4003 706 4058 multum
755 4003 1029 4074 temporis
1084 4009 1332 4058 conserto
1360 4003 1515 4073 gravi
1582 4003 1772 4072 praelio
1803 4003 1939 4056 inter

338 4090 620 4147 chridum
653 4099 708 4147 et
738 4091 1023 4146 Ailredum
1066 4106 1249 4163 regem
1295 4089 1621 4146 Merciorum
1649 4094 1805 4160 juxta
1835 4089 1940 4146 flu-

333 4179 484 4235 vium
537 4179 792 4248 Treanta,
834 4180 1046 4235 occisus
1103 4188 1196 4236 est
1268 4177 1519 4234 Elluinus
1573 4178 1742 4234 frater
1796 4178 1940 4251 regis

333 4267 563 4337 chridi,
600 4267 823 4337 juvenis
877 4267 1098 4324 circiter
1154 4268 1344 4323 decem
1374 4276 1429 4322 et
1482 4276 1605 4323 octo
1635 4282 1805 4322 annos
1836 4268 1938 4321 ha-

334 4356 489 4422 bens,
522 4357 733 4426 utrique
762 4356 1061 4428 provinciae
1104 4358 1328 4411 multum
1359 4356 1608 4411 amabilis
1643 4373 1655 4409 :
1688 4372 1755 4411 ex
1786 4357 1941 4424 cujus

333 4453 507 4502 morte
536 4462 766 4517 magnus
795 4453 847 4499 et
891 4444 1250 4500 intolerabilis
1308 4461 1511 4501 mceror
1564 4443 1843 4500 chridum
1873 4461 1938 4501 ac

2044 1873 2156 1927 dita
2214 1873 2532 1928 deserviret.
2592 1874 2778 1928 Vicem
2833 1873 3017 1943 itaque
3072 1873 3393 1945 benignitati
3450 1889 3642 1930 eorum

2044 1962 2342 2032 rependere
2397 1961 2609 2028 volens,
2658 1961 2998 2031 prazdicabat
3044 1963 3122 2018 eis
3158 1962 3385 2018 verbum
3416 1962 3536 2029 Dei,
3585 1970 3642 2021 et

2043 2051 2213 2105 multa
2242 2050 2413 2105 millia
2461 2050 2628 2106 verbo
2658 2050 2905 2106 veritatis
2935 2051 3186 2118 instituit,
3218 2067 3280 2106 ac
3309 2052 3457 2106 fonte
3487 2050 3635 2106 salu-

2048 2139 2146 2194 tari
2198 2154 2231 2193 a
2288 2154 2511 2194 suorum
2541 2146 2891 2209 peccatorum
2945 2140 3195 2195 sordibus
3232 2139 3408 2195 lavit:
3450 2138 3639 2211 sicque

2045 2235 2393 2297 susceptores
2423 2243 2551 2283 suos
2575 2235 2628 2282 et
2658 2244 2689 2283 a
2730 2227 2967 2283 Domino
3014 2228 3238 2298 suscipi,
3271 2236 3324 2283 et
3350 2227 3642 2283 Dominum

2044 2317 2097 2370 in
2128 2332 2187 2371 se
2243 2317 2523 2389 suscipere
2577 2316 2729 2374 fecit.
2764 2318 2890 2371 Erat
2933 2323 3114 2372 autem
3171 2324 3295 2373 ante
3348 2317 3639 2373 adventum

2044 2405 2189 2460 beati
2222 2405 2325 2459 viri
2385 2413 2525 2460 terra
2567 2405 2688 2476 ipsa
2740 2420 2960 2478 magnae
3008 2405 3260 2460 salsitatis
3317 2422 3638 2478 magnaeque

2044 2494 2358 2560 sterilitatis,
2409 2502 2460 2549 et
2490 2495 2641 2549 velut
2672 2493 2725 2548 in
2754 2495 2980 2550 modum
3011 2494 3162 2565 rupis
3214 2494 3403 2551 nimiae
3423 2494 3638 2566 asperi-

2046 2582 2189 2651 tatis,
2237 2597 2302 2639 ac
2330 2598 2431 2653 per
2460 2583 2565 2639 hoc
2601 2583 2905 2655 quibusque
2935 2583 3260 2639 animalibus
3286 2584 3357 2638 ad
3386 2584 3639 2639 incolen-

2044 2673 2173 2727 dum
2204 2687 2418 2743 magnae
2476 2671 2959 2728 incommoditatis.
3013 2672 3215 2728 Verum
3270 2672 3339 2727 ad
3369 2673 3644 2742 praedica-

2043 2761 2243 2816 tionem
2276 2761 2372 2816 viri
2421 2760 2521 2815 Dei
2552 2761 2745 2816 eadem
2789 2769 2951 2833 gente
2993 2761 3159 2817 ﬁdem
3192 2761 3411 2816 Domini
3467 2763 3640 2817 susci-

2043 2851 2246 2920 piente,
2279 2849 2422 2904 sicut
2468 2849 2634 2905 corda
2663 2865 2855 2905 eorum
2895 2866 3146 2919 supernae
3182 2849 3487 2905 dulcedinis
3517 2865 3643 2905 rore

2042 2940 2113 2994 ad
2152 2938 2488 2995 fertilitatem
2520 2954 2749 3008 eperum
2785 2939 3052 2993 bonorum
3081 2938 3306 3005 mollita,
3341 2947 3394 2994 et
3423 2938 3644 2994 inhabi-

2044 3029 2243 3084 tatioue
2273 3027 2510 3099 Spiritus
2553 3028 2732 3085 sancti
2790 3034 2910 3082 sunt
2940 3027 3298 3084 accommoda
3326 3028 3477 3083 facta
3508 3046 3521 3089 ;
3570 3027 3646 3083 ita

2049 3125 2103 3172 et
2132 3125 2285 3173 terrae
2340 3117 2582 3188 ipsorum
2640 3116 2857 3172 salsitas
2885 3116 2939 3170 in
2968 3116 3335 3183 dulcedinem,
3394 3116 3646 3171 sterilitas

2046 3206 2102 3261 in
2160 3206 2508 3274 fertilitatem,
2560 3206 2828 3275 a8peritas
2882 3205 2935 3259 in
2992 3204 3271 3259 mollitiem
3329 3212 3491 3275 atque
3520 3206 3648 3276 pin-

2045 3296 2339 3367 guedinem
2392 3310 2571 3361 versa,
2632 3294 2890 3349 omnibus
2931 3292 3353 3348 inhabitantibus
3394 3309 3516 3348 eam
3565 3294 3643 3348 di-

2046 3400 2217 3439 versae
2246 3382 2646 3439 commoditatis
2672 3380 2859 3450 copias
2894 3380 3200 3435 lautissima
3229 3381 3426 3436 intulit.

2115 3490 2204 3544 33.
2238 3490 2447 3543 Interea
2476 3488 2513 3541 ii
2548 3487 2645 3558 qui
2675 3502 2776 3542 sua
2804 3485 3041 3556 nequitia
3070 3486 3201 3540 victi
3231 3486 3468 3541 amicum
3499 3486 3645 3542 Chri-

2045 3576 2112 3632 sti
2161 3576 2389 3648 prepria
2417 3574 2702 3647 dignitate,
2752 3572 3123 3644 possessione,
3186 3582 3328 3629 terra
3359 3573 3646 3644 proturba-

2045 3673 2255 3734 vcrant,
2306 3665 2513 3736 legatos
2581 3678 2708 3718 suos
2783 3671 2893 3717 tam
2945 3661 3226 3718 fraudibus
3297 3661 3647 3734 iniquissimae

2046 3754 2333 3810 delationis
2362 3753 2581 3825 ligatos,
2624 3767 2788 3823 quam
2819 3759 2872 3807 et
2904 3750 3134 3807 diversis
3159 3750 3365 3807 exeniis
3391 3759 3646 3807 oneratos

2048 3844 2103 3897 in
2160 3843 2440 3898 Franciam
2501 3841 2763 3914 dirigunt,
2824 3855 2930 3911 quo
2997 3840 3113 3895 viro
3170 3838 3389 3896 Domini
3443 3840 3645 3910 partim

2047 3931 2253 3999 fraude,
2310 3932 2505 4002 partim
2536 3945 2760 3985 munere
2817 3930 3040 3999 laqueos
3071 3928 3406 4000 deceptionis
3469 3936 3523 3983 et
3550 3944 3645 3984 ca-

2045 4020 2267 4090 ptionis,
2291 4020 2513 4088 laqueos
2541 4017 2985 4090 depraedationis,
3022 4016 3349 4086 perditionis
3378 4024 3430 4070 et
3460 4015 3647 4071 mortis

2046 4107 2344 4162 instituant.
2378 4106 2483 4161 Sed
2541 4114 2599 4160 ut
2649 4106 2878 4177 laqueus
2908 4120 3118 4169 eorum,
3180 4105 3271 4176 qui
3328 4103 3645 4159 muneribus

2045 4196 2252 4251 seducti
2281 4195 2533 4266 laqueum
2565 4193 2909 4248 instituerunt
2936 4207 3093 4247 servo
3127 4192 3247 4257 Dei,
3282 4192 3433 4263 ipsos
3461 4190 3645 4247 invol-

2046 4293 2214 4351 veret,
2247 4283 2536 4354 quemdam
2590 4280 2929 4337 sacerdotem
2960 4280 3195 4349 Domini,
3225 4279 3446 4335 nomine
3499 4279 3649 4333 Win-

2046 4373 2269 4440 fridum,
2300 4387 2474 4443 nuper
2530 4387 2561 4425 a
2591 4385 2689 4426 suo
2738 4370 3052 4440 episcopatu
3082 4369 3407 4440 depositum,
3439 4375 3492 4423 et
3521 4371 3647 4422 tunc

2048 4461 2102 4516 in
2151 4460 2649 4533 peregrinationem
2682 4474 2779 4530 pro
2812 4458 2910 4514 Dei
2950 4473 3137 4513 amore
3166 4465 3402 4521 euntem,
3431 4455 3645 4511 occulto

337 4550 468 4590 suos
496 4534 755 4604 percutit,
786 4530 1074 4603 omnisque
1114 4532 1297 4589 laetitia
1328 4550 1488 4603 quam
1521 4535 1588 4589 de
1616 4534 1936 4604 expulsione

2152 4510 2277 4532 Γ---
2682 4510 2772 4530 rc-
2812 4510 2909 4514 _--
3175 4510 3215 4512 ﬁ
3391 4510 3402 4521 ,
3448 4510 3485 4511 η
3626 4510 3632 4511 ,

2046 4550 2253 4622 judicio
2284 4510 2403 4605 ε’1)θί
2431 4550 2543 4603 suis
2597 4547 2853 4603 omnibus
2911 4546 3306 4616 spoliaverunt,
3363 4544 3645 4601 vicinitate

337 4620 481 4677 beati
511 4622 754 4676 Wilfridi
788 4621 1106 4687 habuerant,
1133 4621 1282 4692 justo
1311 4622 1406 4677 Dei
1434 4621 1642 4691 judicio
1681 4623 1739 4676 in
1773 4622 1936 4677 tristi-

335 4710 466 4764 tiam
496 4725 658 4765 versa
705 4718 807 4766 est.
870 4711 963 4767 Sic
1013 4726 1084 4766 ex
1144 4726 1209 4765 eo
1236 4725 1343 4782 quo
1382 4726 1414 4766 a
1472 4726 1533 4765 se
1580 4711 1936 4767 fortissimum

337 4797 565 4854 militem
595 4798 814 4854 Domini
845 4798 1116 4869 repellere
1164 4815 1275 4853 non
1307 4800 1620 4867 timuerunt,
1660 4816 1937 4871 nunquam

335 4886 459 4943 laeta
491 4887 724 4944 victoria
752 4887 907 4959 potiti
938 4894 1062 4942 sunt
1095 4901 1107 4940 :
1143 4887 1239 4942 sed
1271 4887 1360 4958 qui
1391 4888 1544 4958 prius
1574 4905 1742 4959 parva
1773 4905 1939 4944 manu

340 4974 597 5042 militum,
643 4976 762 5047 ejus
792 4974 1179 5031 intercessione
1226 4976 1435 5044 muniti,
1472 4976 1720 5049 ingentes
1748 4978 1940 5049 copias

337 5071 658 5131 straverunt,
715 5063 1065 5134 postmodum
1112 5080 1236 5119 cum
1294 5064 1498 5137 ingenti
1540 5065 1700 5136 copia
1755 5083 1786 5121 a
1815 5081 1939 5121 raro

335 5151 511 5207 milite
539 5152 666 5208 victi
708 5151 995 5208 cadebant.
1036 5151 1153 5207 Nec
1180 5153 1404 5222 injuria.
1470 5154 1704 5224 Repulso
1734 5154 1937 5209 etenim

334 5256 401 5297 eo
430 5256 533 5311 per
587 5257 749 5313 quem
803 5242 1036 5299 victores
1082 5242 1428 5309 exstiterant,
1486 5243 1564 5296 nil
1594 5251 1707 5297 erat
1732 5243 1933 5299 residui

334 5345 501 5400 quare
528 5332 732 5401 passim
763 5330 907 5386 vinei
936 5346 1047 5386 non
1076 5329 1399 5386 debuerunt.
1452 5330 1649 5385 Verum
1680 5331 1748 5385 ad
1778 5331 1934 5387 ordi-

331 5434 459 5475 nem
488 5418 714 5475 instituti
746 5421 930 5490 operis
970 5417 1096 5490 styli
1127 5417 1301 5475 officio
1330 5417 1637 5474 redeamus.

304 5587 309 5593 ,
405 5529 493 5581 32.
525 5526 723 5583 Beatus
762 5525 1061 5581 Wilfridus
1089 5524 1419 5596 episcopalis
1446 5524 1716 5581 cathedra:
1742 5525 1927 5598 digni-

328 5618 437 5670 tate
465 5613 714 5686 privatus
741 5615 811 5669 ad
841 5630 941 5671 sua
973 5612 1155 5681 rediit,
1186 5611 1313 5669 ﬁliis
1344 5621 1397 5668 et
1425 5610 1679 5669 fratribus
1710 5612 1829 5668 suis
1858 5614 1926 5669 de

2048 4639 2282 4694 nominis
2310 4638 2640 4709 propriaque
2680 4634 3019 4706 malignitate
3051 4633 3279 4704 decepti.
3318 4632 3517 4689 Verum
3550 4633 3645 4687 ubi

2048 4731 2152 4783 hoc
2179 4727 2249 4782 ab
2277 4727 2383 4781 illis
2420 4733 2503 4781 est
2550 4724 2902 4786 intellectum,
2936 4730 2991 4777 et
3020 4737 3254 4791 quonam
3287 4721 3372 4776 vir
3426 4721 3642 4777 Domini

2049 4833 2111 4871 ea
2134 4823 2453 4888 tempestate
2474 4816 2696 4886 degeret
2727 4811 3085 4884 recognitum,
3121 4810 3412 4876 Ebroinus,
3443 4809 3648 4883 regalis

2005 4936 2009 4939 -
2048 4905 2216 4962 curia;
2238 4913 2289 4959 et
2318 4905 2476 4959 istius
2497 4901 2755 4973 nequitia:
2777 4900 3057 4970 princeps,
3079 4898 3277 4971 scripta
3297 4915 3419 4954 cum
3442 4914 3645 4971 magno

2049 5009 2275 5049 munere
2304 4992 2554 5065 Aldgislo
2614 4990 2729 5063 regi
2758 4989 2975 5056 direxit,
3009 4997 3199 5060 petens
3243 4995 3302 5043 ut
3329 4988 3646 5044 Wilfridum

2047 5082 2299 5138 omnibus
2327 5081 2483 5137 bonis
2541 5079 2895 5151 exspoliatum
2944 5077 3148 5134 crudeli
3198 5083 3373 5133 morte
3404 5084 3641 5134 necaret.

2047 5172 2160 5227 Rex
2193 5178 2371 5225 autem
2422 5183 2523 5226 nec
2569 5169 2843 5240 precibus,
2876 5183 2976 5223 nec
3003 5166 3162 5222 donis
3208 5166 3310 5222 sub
3365 5182 3423 5222 se
3451 5165 3648 5223 cadere

2047 5268 2208 5316 tanta:
2263 5258 2517 5329 nequitiae
2587 5256 2956 5328 acquiescens,
3042 5255 3265 5311 missam
3350 5256 3644 5311 chartulam

2046 5360 2241 5416 magna
2272 5360 2395 5400 cum
2435 5342 2809 5414 indignatione
2852 5341 3125 5412 diruptam
3156 5339 3374 5412 ignibus
3414 5339 3597 5410 injecit
3632 5356 3644 5392 :

2042 5434 2424 5507 nequitiaeque,
2488 5442 2547 5486 ut
2605 5431 2828 5504 dignum
2872 5430 2989 5500 fuit,
3048 5428 3376 5501 exprobans,
3431 5427 3647 5498 legatos

2041 5524 2249 5595 absque
2277 5525 2486 5578 honore
2514 5519 2771 5575 dimissos
2800 5520 2985 5575 statim
3018 5531 3263 5573 remeare
3292 5514 3568 5587 praecepit.

2109 5615 2203 5667 34.
2252 5610 2481 5667 Securus
2528 5609 2694 5684 igitur
2747 5608 3073 5664 insidiarum
3132 5602 3350 5676 praesul,
3404 5601 3458 5658 in
3520 5602 3643 5676 ipsa
