4046 6076
299 357 405 412 733

298 570 440 627 inter
467 587 563 627 eos
591 571 919 643 habebatur,
979 590 1206 631 excusso
1235 576 1380 647 quod
1437 593 1601 632 manu
1659 583 1903 635 tenuerat

301 659 431 732 telo,
462 660 620 716 militi
653 661 844 717 Christi
877 663 1025 719 fmdo
1056 679 1148 719 ore
1178 665 1587 721 conviciabatur
1617 685 1629 721 :
1669 690 1692 715 α
1727 668 1899 723 Dela-

301 757 408 819 tor,
440 750 706 822 inquiens,
739 751 931 823 patriae
972 752 1224 824 petulans
1265 762 1317 809 et
1346 755 1674 811 moribunde
1706 756 1897 826 viator,

300 846 357 895 tu
412 838 632 910 quidem
681 840 992 911 jampriden
1050 842 1261 899 Gallica
1316 851 1525 914 sceptra
1580 845 1814 912 violasti,
1846 854 1901 901 tu

302 928 514 985 Gallica
545 945 673 985 rura
699 930 1136 1001 pessumdedisti,
1170 939 1226 988 tu
1275 931 1541 988 Gallicam
1601 934 1901 990 libertatem

298 1018 357 1073 in
386 1018 697 1076 servitutem
729 1018 1009 1092 redegisti,
1042 1035 1166 1075 cum
1222 1027 1509 1092 tyrannum
1540 1036 1574 1078 a
1603 1022 1762 1078 nobis
1786 1024 1900 1093 jam

300 1108 432 1163 olim
461 1109 764 1164 exsiliatum
797 1116 885 1163 tua
915 1108 1171 1164 instantia
1212 1109 1265 1163 in
1296 1126 1522 1182 regnum
1552 1111 1898 1168 constituisti.

298 1198 368 1251 At
393 1196 566 1268 ipsius
595 1197 813 1271 quidem
831 1197 1123 1253 crudelitas
1148 1198 1458 1268 justissima
1487 1209 1662 1256 morte
1691 1201 1899 1271 punita,

302 1292 355 1341 te
382 1301 599 1359 quoque
622 1293 808 1357 utpote
838 1287 1138 1341 maximum
1182 1303 1297 1343 suae
1352 1288 1548 1344 mortis
1604 1296 1898 1358 auctorem,

305 1382 377 1443 te,
412 1372 652 1446 inquam,
677 1375 870 1431 eadem
900 1379 1074 1431 morte
1105 1376 1437 1447 puniendum
1458 1394 1580 1433 esse
1610 1378 1898 1434 declamat.

299 1463 607 1519 Procumbe
637 1463 846 1536 igiitur,
877 1464 1123 1536 pestifer,
1155 1467 1474 1537 procumbe,
1508 1476 1560 1523 et
1614 1467 1785 1540 digna
1812 1467 1900 1522 ul-

300 1551 445 1608 tione
475 1552 784 1620 mulctatus,
809 1554 987 1610 eidem
1010 1570 1171 1626 quam
1201 1563 1393 1611 contra
1418 1571 1518 1612 nos
1540 1555 1715 1613 fovisti
1739 1561 1900 1615 morti

296 1641 611 1699 succumbe.
650 1664 673 1691 ι
696 1643 767 1698 Ει
796 1643 956 1700 Pater
983 1651 1172 1700 contra
1203 1662 1215 1698 :
1254 1667 1277 1693 ε
1313 1644 1370 1699 Si
1401 1661 1507 1700 non
1531 1647 1672 1716 jure,
1702 1647 1899 1720 inquit,

298 1727 402 1786 feci
432 1747 556 1786 cum
583 1747 776 1805 regem
806 1748 980 1805 regno
1010 1732 1209 1804 injuste
1236 1733 1546 1804 depulsum,
1565 1744 1822 1808 quantum
1845 1738 1900 1792 in

293 1834 385 1874 me
412 1817 529 1889 fuit,
560 1820 918 1877 haereditaria:
964 1822 1215 1894 dignitati
1268 1824 1525 1893 praefeci,
1557 1832 1609 1879 et
1664 1828 1766 1881 hoc.
1819 1825 1893 1881 ita
1920 1842 1977 1906 Β

292 1923 461 1980 penes
478 1924 535 1963 se
555 1908 975 1982 essejustissimi
992 1910 1196 1981 judicis
1226 1912 1455 1984 aequitas
1484 1913 1667 1979 habet,
1698 1914 1891 1983 fateor,

296 2011 492 2067 poenas
512 1996 694 2068 justas
724 1997 942 2054 ultionis
968 2000 1372 2070 promptissime
1388 2002 1651 2073 pendam.
1685 2002 1841 2072 Quod
1854 2004 1897 2059 si

296 2099 643 2156 nequaquam
698 2086 804 2142 hoc
857 2086 913 2142 in
970 2089 1112 2144 facto
1160 2090 1478 2161 contrarius,
1510 2091 1604 2145 sed
1634 2093 1898 2160 cumjure

304 2172 434 2239 feci,
457 2173 606 2228 velut
621 2174 739 2245 ipsa
757 2191 885 2231 mox
906 2175 1223 2233 innocentia
1248 2179 1442 2234 mentis
1488 2178 1622 2233 mihi
1652 2186 1896 2251 testatur,

290 2276 359 2317 eo
393 2260 672 2329 libentius,
704 2262 749 2317 si
779 2264 939 2320 vultis
967 2265 1236 2335 occidere,
1267 2266 1405 2321 mori
1462 2267 1739 2336 desidero,
1789 2286 1897 2340 quo

288 2364 379 2404 me
409 2365 505 2421 pro
531 2349 740 2421 justitia
768 2352 1009 2408 occisum
1039 2354 1283 2425 martyrii
1313 2354 1487 2427 gloria
1517 2358 1896 2411 coronandum

294 2437 417 2493 fore
449 2438 767 2495 considero.
810 2464 834 2489 ι
870 2440 1077 2509 Quibus
1106 2443 1286 2511 dictis,
1317 2443 1410 2497 ubi
1446 2443 1896 2500 videruntvirum

290 2530 441 2582 tanta
468 2528 667 2583 mentis
708 2530 1007 2585 constantia
1059 2530 1177 2598 niti,
1209 2531 1376 2587 nimio
1433 2540 1634 2589 terrore
1663 2532 1896 2605 perculsi

294 2630 448 2670 arma
494 2617 804 2688 projiciunt,
865 2624 1018 2675 terra:
1073 2621 1455 2691 procumbunt,
1510 2622 1609 2677 viri
1665 2622 1897 2695 vestigia

287 2704 489 2761 osculis
515 2712 722 2777 petunt,
758 2707 972 2762 veniam
1005 2716 1268 2778 quaerunt.
1302 2708 1435 2778 Quae
1453 2710 1522 2764 ad
1540 2727 1697 2765 suum
1709 2720 1892 2767 votum

286 2791 503 2848 inventa
552 2795 668 2865 ejus
706 2794 1085 2851 benedictione
1142 2796 1319 2867 ditati,
1377 2798 1480 2853 viae
1533 2800 1886 2870 prosperitati

286 2881 599 2953 pontiﬁcem
655 2898 780 2940 cum
837 2884 949 2940 suis
1003 2885 1254 2941 omnibus
1296 2885 1571 2955 reddunt;
1604 2888 1709 2959 ipsi
1739 2896 1891 2946 certo

286 2969 479 3027 itinere
517 2979 770 3045 pergunt.

357 3094 449 3150 38.
482 3096 815 3155 Perveniens
853 3098 936 3155 vir
963 3100 1063 3156 Dei
1118 3100 1453 3171 Brittaniam,
1508 3101 1626 3175 regi
1682 3101 1887 3159 litteras

285 3199 421 3256 quas
448 3184 518 3240 ab
544 3187 847 3256 apostolica
874 3188 1003 3245 sede
1032 3195 1319 3261 acceperat
1346 3190 1555 3259 detulit,
1578 3197 1633 3245 et
1661 3206 1883 3247 earuin-
1915 3197 1966 3261 Ο

287 3271 417 3328 dem
474 3271 770 3330 litterarum
824 3276 1143 3332 auctoritate
1169 3277 1452 3346 subnixus,
1502 3279 1562 3332 in
1617 3287 1889 3335 conventu

284 3359 553 3418 nobilium
614 3377 768 3418 suam
814 3380 1036 3421 causam
1070 3364 1196 3421 viva
1222 3380 1357 3421 voce
1411 3366 1671 3434 defendit,
1726 3382 1890 3437 seque

285 3447 420 3505 falso
449 3459 760 3507 accusatum
787 3468 852 3508 ac
879 3452 1085 3523 injuria
1141 3452 1500 3526 degradatum
1546 3454 1723 3511 libera
1750 3470 1885 3526 pro-

287 3538 576 3595 testatione
601 3540 858 3597 ostendit.
890 3541 1008 3597 Rex
1037 3550 1219 3597 autem
1253 3550 1456 3612 quanto
1511 3542 1661 3598 illum
1693 3542 1885 3612 majori

286 3626 536 3682 veritatis
593 3628 797 3685 ratione
824 3628 1087 3687 vallatum
1116 3630 1360 3702 agnovit,
1399 3638 1548 3686 tanto
1597 3646 1655 3686 se
1685 3630 1887 3687 minori

286 3713 531 3770 veritatis
559 3715 763 3773 ratione
792 3716 1071 3772 suﬁ‘ultum
1112 3717 1361 3787 indoluit,
1421 3734 1733 3789 moremque
1786 3735 1887 3776 ne-

292 3802 678 3873 quissimorum
707 3804 972 3873 imitatus,
1002 3805 1197 3862 maluit
1224 3806 1280 3861 in
1308 3821 1409 3862 sua
1437 3807 1734 3878 pertinacia
1761 3822 1888 3864 con-

287 3897 375 3947 tra
401 3892 710 3962 aequitatem
756 3894 1074 3964 perdurare,
1141 3910 1303 3965 quam
1359 3895 1628 3965 mquitatis
1680 3896 1888 3951 ratione

289 3994 446 4036 suam
472 3980 823 4051 pertinaciam
853 3983 1121 4056 mitigare.
1179 3984 1331 4039 Hanc
1386 3999 1519 4040 vero
1575 3985 1657 4039 sui
1708 3984 1887 4040 cordis

291 4070 603 4125 socordiam
618 4085 953 4143 magnopere
971 4072 1325 4127 conﬁrmabat
1354 4073 1697 4144 antiquorum
1730 4072 1884 4128 dela-

290 4165 464 4213 torum
492 4158 794 4216 iuveterata
821 4160 1116 4227 discordia,
1148 4160 1278 4216 dum
1310 4162 1415 4231 ipsi
1454 4178 1593 4234 quos
1621 4162 1745 4232 ipsa
1768 4161 1884 4231 jam

286 4246 523 4318 repletos
550 4249 890 4318 possidebat,
936 4265 1140 4306 venena
1169 4266 1282 4306 suae
1310 4250 1667 4324 malignitatis
1721 4251 1886 4322 regiis

287 4334 512 4391 auribus
530 4335 906 4394 infundebant.
940 4338 1162 4409 Propria
1182 4340 1368 4410 itaque
1399 4355 1494 4394 rex
1540 4340 1623 4393 ira
1653 4346 1886 4396 cecatus

285 4432 341 4480 et
367 4422 736 4482 seducentium
764 4442 823 4482 se
853 4426 1163 4483 adulatione
1193 4442 1227 4483 a
1255 4443 1388 4483 vero
1418 4429 1726 4495 distractus,
1749 4428 1886 4483 litte-

284 4528 375 4568 ras
394 4514 684 4583 apostolici
712 4530 872 4586 papaa
900 4515 1105 4571 tumido
1164 4516 1307 4572 fastu
1363 4516 1638 4587 despexit,
1688 4516 1878 4587 despi—

286 4597 480 4657 cienda
509 4601 695 4670 irrisit,
725 4603 1003 4660 irridendo
1033 4620 1065 4660 a
1092 4619 1155 4660 se
1182 4605 1370 4674 procul
1397 4605 1700 4675 abjecit,ac
1729 4605 1782 4659 iu
1805 4605 1882 4659 fa—

284 4688 493 4745 mulum
549 4689 651 4746 Dei
732 4692 1052 4764 nequissimi
1099 4692 1364 4749 delatoris
1420 4693 1623 4750 crimen
1680 4693 1882 4763 injecit.

289 4777 461 4834 Tanta
513 4778 661 4851 regis
714 4779 1089 4852 indignatione
1116 4781 1361 4838 nonnulli
1392 4781 1631 4850 clientes,
1664 4781 1776 4837 imo
1832 4789 1888 4837 et

289 4865 489 4938 quique
540 4867 755 4923 nobiles
808 4868 1012 4940 oppido
1066 4871 1318 4939 permoti,
1378 4870 1642 4925 unanima
1695 4886 1887 4926 omnes

282 4962 477 5027 contra
530 4955 749 5012 beatum
804 4956 1201 5027 conspiratione
1253 4959 1559 5029 insurgunt,
1608 4975 1674 5015 ac
1704 4958 1887 5014 multis

274 5057 412 5109 eum
467 5043 810 5100 contumeliis
838 5042 1088 5101 afﬁciunt
1119 5063 1134 5110 ;
1165 5054 1219 5101 et
1244 5061 1353 5117 quo
1394 5047 1560 5119 regia:
1615 5046 1884 5115 majestati

287 5146 345 5186 se
371 5130 442 5186 ad
471 5132 694 5202 plenum
723 5131 911 5189 ﬁdeles
953 5132 1193 5190 existere
1248 5143 1565 5202 monstrent,
1624 5135 1882 5205 indigna-

284 5219 418 5277 tioni
446 5220 565 5289 ejus
582 5221 744 5293 plene
781 5221 1096 5279 satisfacere
1123 5222 1365 5293 cupiunt,
1398 5231 1450 5278 et
1477 5223 1577 5278 Dei
1607 5224 1883 5280 hominem

284 5324 316 5363 a
346 5309 800 5382 regisconspectu
816 5310 1069 5366 avulsum
1091 5310 1322 5366 carceris
1351 5311 1463 5366 imo
1488 5312 1884 5368 detrudendum

282 5397 570 5469 arripiunt.
614 5399 1030 5473 Ermemburgis
1076 5406 1256 5455 autem
1314 5399 1581 5456 bonorum
1637 5400 1883 5457 omnium

284 5489 648 5557 persecutrix,
691 5497 747 5546 et
767 5489 926 5560 hujus
951 5487 1263 5547 schismatis
1281 5488 1630 5546 indomabilis
1657 5490 1883 5561 auctrix,

284 5590 404 5633 sese
425 5576 480 5632 in
511 5577 815 5650 direptione
844 5578 999 5635 illius
1029 5578 1265 5635 mediam
1286 5578 1571 5649 immersit,
1603 5580 1883 5651 capsulam

280 5664 626 5740 reliquiarum
656 5666 726 5726 de
754 5666 926 5740 ipsius
953 5668 1097 5729 collo
1126 5668 1431 5743 procaciter
1458 5669 1698 5739 abstulit,
1729 5684 1884 5727 cum-

1613 359 1773 416 VITA
1813 358 1871 415 S.
1912 359 2265 418 WlLFRlDI.

297 495 403 537 nus
430 480 621 540 hastis.
654 481 895 552 Quorum
923 499 1059 541 unus
1099 486 1191 557 qui
1247 488 1402 559 quasi
1459 487 1581 544 loco
1635 487 1895 561 principis
1924 486 1978 547 Α
2008 503 2113 559 que
2145 486 2289 543 foeda
2317 487 2633 559 garrulitate
2663 497 2715 545 et
2744 488 2977 547 feminea
3006 492 3333 564 loquacitate
3362 490 3602 547 derisum
3683 555 3701 565 ο

2668 30 2689 31 7
2738 30 3251 39 ή-ν-...νη-ή-τ-ή-μ
3270 32 3383 39 κήκ...-
3412 34 3449 41 ..-
3474 34 3501 41 -

3501 368 3603 423 734

2008 576 2228 646 abjecit.
2262 578 2411 651 Ergo
2441 578 2670 651 inclytus
2699 580 3061 647 heros,sociis
3090 592 3141 637 et
3153 582 3349 652 opibus
3378 580 3523 637 omni
3542 597 3612 634 ex

2007 673 2160 736 parte
2188 667 2452 737 privatus,
2482 668 2552 722 ad
2601 685 2746 738 suos,
2778 678 2939 738 prout
2969 672 3159 741 potuit,
3220 670 3358 725 inter
3384 669 3605 740 iniquo-

2010 770 2133 809 rum
2155 772 2352 811 manus
2382 773 2501 812 sese
2532 758 2821 829 convertit,
2853 767 3014 830 atque
3045 759 3100 813 in
3128 759 3218 813 his
3245 757 3424 814 verbis
3452 757 3607 814 brevi

2009 842 2079 897 ad
2134 859 2233 899 eos
2290 846 2591 900 orationem
2649 845 2796 901 fecit.
2830 870 2851 895 α
2885 847 3007 902 Non
3038 863 3154 916 vos,
3186 847 3376 920 inquit,
3401 846 3608 902 domini

2008 931 2205 987 fratres
2236 940 2290 987 et
2312 931 2404 986 ﬁlii
2438 933 2563 1001 mei,
2587 950 2695 988 non
2727 950 2821 990 vos
2871 937 2988 990 haec
3017 951 3135 1006 quae
3192 936 3349 991 nobis
3400 934 3610 1009 ingeri-

2010 1028 2096 1075 tur
2149 1020 2353 1089 injuria
2400 1021 2600 1091 turbet,
2657 1038 2760 1078 nec
2789 1038 2822 1077 a
2851 1024 3091 1079 veritatis
3147 1024 3358 1080 tramite
3386 1039 3607 1096 quoquo

2008 1109 2172 1164 modo
2204 1110 2511 1180 proturbet.
2551 1111 2671 1165 Prae
2703 1112 2870 1166 oculis
2898 1128 3113 1184 semper
3137 1114 3333 1168 habete
3366 1112 3608 1168 :Omnc:

2008 1198 2104 1269 qui
2132 1199 2330 1255 volunt
2360 1201 2420 1255 in
2436 1200 2655 1257 Christo
2676 1202 2767 1272 pie
2800 1203 2998 1270 vivere,
3030 1201 3336 1258 necessario
3381 1201 3608 1255 tribula-

2010 1285 2210 1341 tionem
2240 1288 2352 1357 pati
2383 1297 2630 1360 oportere
2661 1289 2736 1358 (ll
2780 1291 2918 1345 Tim.
2951 1306 3035 1357 nr,
3068 1290 3173 1360 12).
3239 1292 3433 1345 Verum
3485 1289 3612 1345 licet

2006 1374 2163 1444 impii
2219 1375 2286 1431 ad
2345 1383 2557 1448 tempus
2613 1377 2721 1448 piis
2751 1379 3051 1449 praevalere
3080 1376 3378 1447 videantur,
3429 1386 3612 1433 tamen

2006 1478 2114 1518 non
2171 1464 2249 1519 sic
2270 1480 2492 1535 semper
2547 1466 2665 1521 erit.
2697 1467 2815 1521 Erit
2842 1468 2985 1522 enim
3016 1470 3231 1537 tempus
3252 1483 3375 1521 cum
3398 1474 3449 1521 et
3476 1465 3603 1537 pio—

2006 1568 2126 1606 rum
2175 1552 2450 1609 tribulatio
2506 1555 2729 1623 perenni
2800 1556 2987 1611 laetitia
3025 1554 3476 1623 remunerabitur,
3554 1560 3608 1610 et

2005 1641 2296 1712 impiorum
2326 1643 2559 1713 superba
2582 1645 2750 1701 elatio
2777 1645 3007 1715 perenni
3053 1644 3269 1699 tristitia
3324 1642 3597 1715 punietur.

2006 1730 2114 1786 Sed
2144 1746 2212 1786 ne
2241 1730 2520 1787 tribulatio
2550 1748 2647 1788 vos
2677 1734 2730 1787 in
2756 1733 3153 1803 impatientiam
3184 1740 3332 1803 agat,
3364 1730 3607 1787 animad-

2005 1818 2196 1874 vertite
2225 1836 2463 1892 quonam
2493 1821 2656 1877 modo
2703 1835 2840 1877 cana
2866 1822 3259 1893 patrumseries
3274 1821 3469 1875 multas
3487 1834 3608 1891 per-

2005 1922 2171 1978 pessa
2211 1908 2604 1977 tribulationes,
2638 1926 2738 1981 per
2768 1910 3088 1982 patientiam
3118 1911 3333 1977 meruit,
3367 1910 3481 1965 Deo
3504 1909 3604 1979 ju-

2005 2004 2186 2063 vante,
2246 1998 2461 2053 vincere
2517 1997 2843 2069 multiplices
2874 2000 3089 2055 hostes.
3148 2000 3265 2054 Nec
3316 1997 3371 2054 id
3409 2005 3601 2054 vestrae

2006 2085 2170 2140 menti
2231 2086 2495 2142 ullatenus
2539 2087 2668 2144 volo
2717 2089 2929 2158 abesse,
2978 2088 3250 2144 neminem
3306 2085 3603 2143 secundum

2003 2174 2249 2243 Apostoli
2279 2174 2482 2231 dictum
2513 2191 2673 2247 posse
2703 2176 2973 2244 coronari,
3008 2177 3108 2231 nisi
3140 2176 3231 2246 qui
3260 2183 3448 2231 contra
3475 2174 3602 2230 dia-

2005 2261 2191 2316 bolum
2221 2262 2479 2318 studuerit
2505 2263 2748 2337 legitime
2788 2266 3063 2322 decertare
3108 2265 3183 2337 (ΙΙ
3237 2265 3374 2321 Tim.
3432 2278 3492 2334 ιι,
3525 2263 3602 2333 5).

2002 2349 2075 2403 Et
2102 2357 2245 2407 certe
2260 2350 2697 2424 hujustemporis
2707 2355 2999 2409 certamina
3015 2352 3485 2425 parvipendenda,
3498 2367 3603 2407 nec

2001 2438 2232 2495 multum
2260 2440 2466 2496 diutina
2496 2459 2511 2495 :
2546 2457 2644 2513 per
2672 2443 2765 2497 illa
2798 2450 2975 2498 tamen
3004 2450 3206 2499 interna
3263 2441 3491 2498 felicitas
3545 2446 3601 2496 et

2004 2524 2137 2581 felix
2164 2529 2437 2584 aeternitas
2464 2529 2618 2601 regni
2647 2530 2745 2584 Dei
2767 2539 3134 2601 comparatur.
3193 2530 3369 2600 Quam
3418 2528 3597 2584 felici-

2004 2622 2190 2685 tatem,
2233 2633 2435 2687 quaeso,
2486 2619 2704 2689 fratres,
2729 2627 2927 2688 amate,
2961 2635 3083 2674 eam
3115 2618 3424 2674 desiderate
3455 2635 3470 2686 ;
3528 2617 3599 2672 ad

2003 2720 2121 2759 eam
2177 2706 2377 2761 tendite
2419 2714 2582 2778 atque
2611 2710 2680 2763 ad
2713 2722 2834 2763 eam
2889 2708 3179 2779 pervenire
3234 2715 3344 2763 tota
3400 2705 3597 2783 mentis

2001 2792 2297 2849 intentione
2325 2796 2581 2867 satagite.
2621 2796 2777 2865 Quod
2805 2797 2848 2851 si
2887 2797 3144 2865 feceritis,
3174 2795 3418 2867 profecto
3462 2793 3599 2849 nihil

2001 2882 2108 2936 erit
2136 2899 2301 2954 quare
2330 2884 2481 2939 istius
2503 2886 2627 2940 vitae
2657 2885 2886 2941 adversa
2904 2885 3226 2941 formidetis.
3253 2907 3274 2934 ι
3310 2883 3410 2939 Vix
3431 2882 3602 2940 verba

2000 2972 2389 3042 compleverat,
2423 2990 2542 3028 cum
2575 2990 2698 3029 ecce
2728 2975 2783 3029 in
2838 2990 3070 3044 quorum
3122 2973 3372 3029 manibus
3426 2972 3596 3028 strin-

1998 3060 2244 3131 gebatur,
2278 3062 2475 3118 acriori
2506 3063 2689 3118 furore
2711 3076 2780 3116 ex
2810 3061 2941 3132 ipsis
2967 3063 3152 3119 verbie
3181 3061 3418 3131 accensi,
3472 3077 3596 3118 eum

1996 3151 2056 3204 in
2087 3150 2372 3205 tenebroso
2400 3165 2614 3206 carcere
2636 3151 2874 3206 vinctum
2903 3151 3257 3208 detruserunt.

2066 3274 2164 3329 39.
2220 3273 2266 3329 Ο
2297 3276 2598 3330 constantia
2635 3274 2735 3329 viri
2769 3273 2781 3329 l
2814 3275 2893 3330 sic
2920 3277 3065 3332 enim
3095 3276 3171 3331 tui
3227 3275 3425 3343 cordis,
3458 3290 3593 3331 san-

1996 3361 2239 3421 ctissime
2270 3364 2446 3431 Pater,
2479 3362 2809 3419 hilaritatem
2838 3363 2897 3418 in
2946 3368 3097 3419 tanta
3126 3372 3213 3420 tua
3270 3364 3595 3420 adversitate

1996 3458 2275 3519 contueor,
2297 3450 2377 3506 sic
2404 3451 2688 3507 considero
2717 3452 2945 3508 hilarem
2977 3461 3027 3507 te
3056 3468 3177 3508 esse
3207 3451 3408 3519 solere,
3469 3467 3592 3505 cum

1995 3540 2176 3596 omnia
2221 3556 2481 3611 prospera
2536 3540 2631 3596 tibi
2680 3541 3005 3597 videbantur
3042 3540 3301 3596 arridere.
3358 3540 3590 3595 Tamens

1995 3644 2064 3685 ne
2117 3628 2339 3699 pietatis
2394 3629 2606 3685 viscera
2651 3628 2707 3685 in
2729 3628 2831 3685 tuis
2866 3629 2992 3685 ﬁliis
3018 3629 3352 3700 aliquatenus
3400 3627 3590 3700 perdi-

1994 3717 2142 3774 disse
2168 3718 2446 3786 videreris,
2512 3733 2701 3774 eorum
2758 3717 2936 3790 potius
2983 3733 3144 3789 quam
3174 3717 3280 3772 tuis
3307 3715 3585 3785 erumnis,

1994 3807 2112 3877 pias
2140 3806 2409 3878 lacrymas
2437 3807 2802 3879 impendebas
2834 3827 2846 3863 :
2880 3815 2934 3863 et
2964 3823 3086 3863 cum
3118 3814 3168 3862 te
3196 3822 3381 3863 carcer
3434 3815 3590 3862 tene-

1995 3894 2527 3966 brosusiuvolveret,
2561 3897 2735 3968 magis
2774 3895 3001 3952 dolebas
3054 3896 3126 3951 ab
3148 3911 3342 3951 eorum
3372 3895 3594 3950 auribus

1997 3983 2125 4040 vitae
2153 3984 2321 4040 verba
2349 3985 2607 4055 separari,
2639 4001 2807 4057 quam
2857 3993 2907 4040 te
2963 3983 3258 4055 praesentia
3311 3998 3592 4053 corporeae

1996 4072 2132 4128 lucis
2159 4073 2398 4144 spoliari.
2431 4074 2639 4129 Interni
2668 4075 2867 4129 etenim
2883 4073 3100 4127 luminis
3128 4072 3343 4143 fulgore
3358 4071 3587 4140 nitebas,

1997 4176 2105 4231 quo
2159 4161 2462 4217 carcerales
2516 4160 2769 4218 tenebras
2815 4176 2915 4232 pro
2972 4160 3140 4215 nihilo
3196 4158 3587 4215 contendebas.

1996 4248 2175 4318 Quare
2220 4265 2342 4304 cum
2394 4248 2593 4305 divinae
2646 4249 2784 4305 lucis
2838 4249 3185 4319 splendorem
3257 4248 3403 4302 Deus
3456 4246 3591 4301 inte

1993 4337 2179 4410 vigere
2206 4347 2588 4409 conspexerat,
2623 4337 2874 4393 humanis
2903 4336 3137 4393 tenebris
3168 4344 3221 4392 te
3246 4351 3590 4406 nequaquam

1993 4426 2083 4481 diu
2103 4425 2277 4498 premi
2295 4426 2540 4497 permisit
2569 4444 2583 4489 ;
2618 4426 2711 4482 sed
2740 4425 2942 4481 eisdem
2973 4424 3182 4496 fugatis
3210 4423 3420 4479 radium
3477 4438 3592 4479 sum

1986 4515 2128 4572 lucis
2159 4515 2343 4572 domui
2383 4532 2544 4585 quam
2598 4514 2937 4570 inhabitabas
2965 4512 3204 4569 immisit.
3265 4514 3341 4568 Ac
3369 4510 3588 4583 quidem

1991 4603 2202 4660 merito.
2225 4603 2366 4658 Nam
2396 4605 2522 4674 quia
2572 4602 2812 4675 pervigil
2831 4610 3047 4658 aeternae
3068 4602 3175 4657 luci
3208 4610 3317 4658 tam
3368 4601 3426 4655 in
3481 4614 3588 4654 no-

1990 4691 2090 4748 ctis
2136 4707 2305 4765 quam
2359 4693 2415 4747 in
2451 4692 2686 4747 carceris
2726 4694 2955 4747 horrore
2979 4690 3297 4759 assistebas,
3357 4689 3586 4760 dignum

1991 4781 2147 4837 duxit
2174 4781 2257 4836 sui
2285 4780 2501 4836 luminis
2547 4778 2867 4834 cﬂ'usiouem
2898 4778 3135 4850 signare,
3196 4775 3453 4847 operibus
3483 4775 3590 4831 tuis

1989 4876 2043 4926 et
2070 4869 2292 4941 caligini
2314 4868 2658 4924 tenebrarum
2715 4866 2846 4921 nihil
2906 4881 3024 4922 esse
3066 4879 3377 4921 commune.
3436 4864 3590 4921 Hanc

1990 4958 2209 5013 luminis
2246 4957 2572 5014 effusionem
2628 4955 2911 5012 custodum
2969 4954 3165 5028 vigilia
3237 4960 3585 5027 protestatur,

1993 5064 2120 5118 quae
2139 5047 2300 5104 circa:
2347 5046 2542 5102 mediae
2570 5044 2742 5101 noctis
2771 5045 2961 5101 horam
2991 5059 3272 5101 carcerem
3302 5043 3438 5100 mire
3482 5042 3592 5098 ful-

1992 5144 2212 5209 gentem
2235 5151 2340 5191 non
2372 5135 2578 5205 absque
2605 5134 2760 5205 gravi
2795 5133 2989 5190 timore
3016 5149 3137 5189 sese
3165 5132 3368 5189 vidisse
3420 5140 3589 5189 testa-

1994 5233 2097 5283 tur.
2129 5223 2236 5281 Sed
2267 5225 2369 5280 hoc
2399 5222 2714 5280 testimonio
2738 5230 2788 5278 te
2843 5237 2954 5278 non
3010 5222 3226 5294 eguisse
3284 5221 3589 5294 perpendit,

1992 5314 2085 5384 qui
2114 5311 2416 5369 sanctitatis
2445 5317 2552 5368 tum
2579 5311 2772 5368 merita
2801 5312 2959 5368 oculo
2989 5310 3136 5367 ﬁdeli
3178 5310 3421 5367 attendit.
3443 5308 3592 5367 Beati

1992 5402 2135 5459 Petri
2160 5400 2394 5473 apostoli
2421 5416 2697 5457 carcerem
2752 5416 2876 5457 cum
2909 5408 2999 5456 tuo
3054 5399 3235 5471 potius
3287 5396 3592 5463 considero,

1990 5498 2149 5562 teque
2168 5490 2271 5547 sibi
2289 5497 2512 5562 accepta
2566 5488 2888 5546 liberatione
2915 5488 3229 5561 evangelica
3267 5486 3324 5542 in
3377 5483 3597 5555 luminis

1991 5579 2299 5636 ostensione
2322 5578 2629 5652 comparari
2646 5581 2992 5635 vehementer
3010 5577 3241 5633 exsulto.
3273 5575 3594 5644 Quanquam

1991 5676 2111 5745 post
2140 5668 2257 5727 haec
2309 5675 2360 5726 et
2388 5667 2773 5743 archangelica
2801 5664 3082 5722 Michaelis
3112 5663 3421 5723 visitatione
3450 5662 3527 5726 sis
3556 5680 3588 5723 a
