4046 6076
458 273 560 329 735

1478 269 1787 325 EiDMERI
1828 265 2381 345 CANTUARIENSIS
2417 266 2733 324 ΜΟΝΛΟΗΙ

3649 261 3779 313 736

456 396 648 451 mortis
676 394 917 467 periculo
947 394 1225 463 liberatus,
1256 401 1316 449 ut
1343 392 1551 450 cunctis
1581 392 1868 461 clarescat,
1900 389 2045 463 quod
2075 390 2132 453 A
2160 391 2233 447 ris
2257 407 2571 464 expugnare
2600 393 2628 444 ‘l
2659 391 2787 462 quid
2821 388 2976 446 toties
3021 398 3074 446 et
3103 388 3257 443 toties
3284 386 3353 441 ad
3410 382 3777 439 vinciendum

458 484 634 556 gloria
664 484 819 556 regni
850 483 946 538 Dei
978 483 1135 537 simul
1159 498 1281 539 cum
1314 482 1428 554 ipso
1485 481 1730 555 apostolo
1758 481 1835 536 sis
1889 495 2049 536 coro-

460 580 635 628 natus.

533 664 625 717 40.
664 664 810 716 Inter
846 663 960 716 haac
986 676 1124 716 uxor
1151 660 1397 731 praefecti
1455 659 1666 727 Oﬂ‘ridi,
1699 659 1792 730 qui
1832 658 2055 713 beatum

470 749 779 804 Wilfridum
801 749 855 803 in
898 749 1145 806 custodia
1169 749 1421 818 habebat,
1482 749 1741 804 acerrimo
1795 748 2057 818 languore

465 837 771 907 corripitur,
798 839 1137 909 jamjamque
1167 838 1232 893 ad
1267 838 1394 893 vitae
1451 845 1691 893 extrema
1721 834 2054 907 perducitur.

459 926 608 981 Jacet
663 926 931 996 siquidem
978 935 1088 982 toto
1119 942 1347 998 corpore
1404 926 1706 993 debilitata,
1765 923 2060 995 solutisque

463 1014 823 1086 compagibus
844 1015 995 1070 omni
1016 1015 1377 1070 membrorum
1409 1013 1583 1069 oliicio
1610 1013 1857 1068 destituta
1893 1031 1905 1066 :
1938 1027 2059 1081 per-

462 1101 575 1157 dito
605 1102 825 1173 insuper
853 1119 1033 1170 sensu,
1058 1105 1346 1158 contractis
1375 1110 1620 1157 emortua
1648 1099 1824 1157 nervis
1851 1101 2063 1156 viscera

466 1190 774 1245 ﬂuitabant.
809 1189 1047 1258 Quaeres
1073 1192 1192 1247 viro
1219 1207 1319 1246 suo
1350 1192 1540 1264 magni
1571 1190 1775 1246 doloris
1803 1198 1854 1244 et
1882 1188 2064 1245 anxie’

466 1278 588 1333 tatis
614 1279 858 1335 stimulos
887 1296 1103 1351 magna:
1132 1279 1452 1335 defectionis
1503 1287 1556 1334 et
1584 1279 1824 1334 horroris
1875 1293 2063 1333 causas

470 1366 775 1438 ingerebat.
809 1368 928 1437 Quo
959 1368 1250 1422 infortunio
1271 1375 1446 1424 motus
1501 1369 1674 1423 virum
1731 1367 1830 1422 Dei
1883 1367 2061 1438 lacry-

467 1455 635 1510 mosis
657 1457 937 1528 questibus
952 1457 1346 1520 adiit;vincula
1378 1457 1573 1528 quibus
1604 1456 1932 1528 gravabatur
1958 1455 2061 1510 ab-

464 1543 671 1613 solvit;
706 1544 775 1599 ad
816 1546 1032 1615 pietatis
1083 1545 1333 1602 affectum
1363 1545 1660 1614 inclinavit,
1720 1554 1771 1600 et
1814 1545 2063 1600 eductum

471 1634 742 1701 ergastulo
770 1650 882 1689 suae
911 1636 1130 1706 conjugi
1159 1634 1430 1691 medicum
1461 1634 1648 1690 salutis
1682 1635 1926 1689 adduxit.
1958 1634 2062 1688 Ad-

2164 482 2376 537 vincula
2404 488 2607 552 mutas,
2667 488 2719 536 et
2775 494 2809 535 a
2865 487 2916 535 te
2970 477 3182 533 vincula
3230 472 3445 546 quibus
3474 490 3539 528 ex
3567 471 3780 527 merito

2162 580 2265 626 tuae
2295 571 2572 642 pravitatis
2618 587 2675 625 es
2707 569 2901 634 vincta,
2964 582 3070 622 non
3129 566 3309 637 potius
3350 563 3574 618 mutas?
3606 560 3779 617 Collo

2158 661 2285 730 justi
2315 661 2431 715 lora
2483 668 2569 713 tua
2616 658 2820 730 imponi
2895 664 3162 723 verentur,
3220 654 3364 725 quod
3404 654 3581 724 ipsum
3622 652 3781 723 jugo

2167 750 2365 805 Christi
2393 748 2694 817 subjectum
2716 763 2837 802 esse
2867 745 3033 817 digna
3053 743 3398 800 veneratione
3415 748 3779 796 contueutur.

2167 841 2397 897 Manieae
2454 845 2559 894 tuae
2613 835 2865 890 manibus
2910 836 3026 903 ejus
3084 833 3245 889 inseri
3303 838 3546 886 metuunt
3575 829 3666 902 qui
3710 828 3778 880 in

2170 929 2418 985 fovendis
2448 925 2771 998 pauperibus
2826 941 2918 979 eas
2974 922 3138 977 fuisse
3195 928 3407 976 exertas
3457 919 3777 974 attendunt.

2167 1021 2478 1075 Trementcs
2506 1024 2707 1071 catenae
2740 1013 2906 1085 pedes
2937 1027 3137 1067 nexare
3164 1010 3425 1077 devitant,
3472 1014 3783 1078 propterea

2170 1108 2315 1180 quod
2336 1108 2457 1163 illos
2485 1105 2554 1161 ad
2583 1119 2778 1175 pacem
2812 1101 3211 1174 praedicandum
3242 1099 3456 1154 veloces
3487 1096 3771 1152 exstitisse

2170 1198 2540 1255 considerant.
2573 1194 2777 1249 Omnes
2800 1206 2930 1262 ergo
2963 1190 3105 1244 vires
3135 1197 3253 1243 tuas
3283 1187 3481 1242 frustra
3527 1184 3768 1255 dispen-

2173 1288 2276 1355 dis,
2319 1302 2441 1341 cum
2487 1284 2660 1349 illum,
2700 1296 2858 1352 quem
2892 1293 3230 1350 nequaquam
3272 1273 3618 1347 permitteris,
3652 1282 3774 1327 tor-

2172 1392 2337 1446 quere
2367 1371 2665 1430 contendis.
2697 1370 2891 1424 Beatus
2913 1376 3092 1423 autem
3146 1365 3457 1429 Wilfridus,
3484 1362 3613 1445 licet
3634 1377 3773 1416 car-

2172 1464 2441 1522 ceralibus
2470 1460 2705 1516 tenebris
2727 1457 3013 1524 involutus,
3047 1470 3286 1526 quosque
3328 1461 3507 1508 tamen
3552 1448 3771 1525 adven-

2173 1555 2400 1610 tantium
2432 1549 2635 1606 lumine
2665 1546 2816 1603 verbi
2847 1546 2967 1613 Dei,
2986 1552 3144 1615 prout
3161 1544 3208 1599 ei
3230 1543 3397 1612 licuit,
3417 1539 3769 1605 illuminavit,

2174 1642 2409 1712 edocuit,
2432 1656 2494 1695 ac
2516 1637 2845 1710 baptismate
2877 1634 2947 1690 ab
2979 1632 3123 1703 omni
3146 1631 3430 1688 criminum
3475 1630 3597 1685 labe
3618 1644 3779 1683 mun-

452 1719 573 1794 .fuit
601 1720 685 1774 vir
708 1722 806 1775 Dei
839 1730 891 1778 et
921 1739 1047 1778 mox
1074 1723 1278 1791 turbas,
1311 1741 1442 1796 quae
1480 1725 1550 1779 ad
1606 1724 1767 1779 {unus
1822 1722 2062 1777 mulieris
2088 1748 2141 1809 B
2172 1734 2337 1788 (lavit,

467 1817 746 1878 venerant,
780 1810 944 1879 jussit
972 1811 1237 1867 amoveri.
1295 1812 1431 1867 Hinc
1457 1813 1712 1882 precibus
1742 1813 1812 1867 ad
1868 1811 2061 1866 Domi-

470 1913 596 1952 num
627 1899 925 1968 praemissis
953 1915 1148 1970 aquam
1180 1901 1472 1969 benedixit,
1507 1902 1920 1957 etbencdictam
1965 1918 2068 1955 su-

471 2000 573 2056 per
593 1986 828 2057 jacentis
877 2003 1079 2059 corpus
1119 1992 1370 2061 aspersit.
1429 1991 1673 2045 Mirabile
1728 1989 1919 2045 dictu!
1962 2005 2068 2045 non

469 2074 621 2147 prius
650 2092 792 2146 aqua
820 2076 1139 2133 inﬁrmantis
1193 2080 1444 2134 membra
1474 2080 1667 2152 tetigit,
1717 2096 1875 2150 quam
1924 2078 2071 2135 omni

458 2162 736 2243 languore
765 2165 1015 2235 depulso,
1041 2167 1253 2223 mulieri
1287 2168 1741 2239 perfectasanitas
1759 2168 1935 2223 rediit.
1953 2168 2071 2237 Quo

476 2252 621 2309 facto
633 2253 702 2308 ab
722 2254 973 2310 omnibus
989 2256 1080 2325 qui
1097 2257 1322 2312 aderant
1342 2266 1524 2329 grates
1544 2259 1662 2313 Deo
1682 2273 1919 2313 consona
1938 2273 2072 2315 voce

476 2341 795 2411 redduntur,
827 2358 891 2398 ac
919 2344 1111 2399 merita
1142 2344 1286 2400 beati
1330 2346 1497 2400 Patris
1526 2361 1633 2401 non
1680 2362 1920 2414 carcere,
1977 2345 2072 2401 sed

460 2431 622 2502 omni
652 2432 858 2487 honore
880 2431 1594 2504 dignissimapraedicantur.
1621 2435 1703 2491 Ne
1729 2444 1906 2491 autem
1937 2452 2075 2508 gra-

476 2519 553 2575 tia
583 2520 849 2575 evadendi
886 2522 1119 2576 carceris
1176 2522 1350 2595 magis
1406 2539 1563 2593 quam
1621 2524 1835 2594 pietatis
1891 2539 2075 2579 amore

477 2607 669 2663 ductus
723 2610 827 2665 hoc
868 2609 1080 2665 virtutis
1109 2610 1325 2683 signum
1356 2611 1423 2666 ab
1453 2612 1634 2683 aliquo
1691 2612 1884 2668 fecisse
1922 2621 2074 2682 puta-

476 2703 642 2765 retur,
698 2704 850 2751 extra
896 2713 1180 2753 remanere
1208 2699 1399 2767 noluit,
1429 2700 1528 2754 sed
1556 2699 1851 2755 divinitatis
1876 2700 2077 2756 lumine

466 2783 745 2840 .fruiturus
766 2786 1084 2855 quantocius
1124 2787 1413 2842 carceralis
1442 2788 1700 2842 custodiae
1727 2796 1878 2859 septa
1935 2790 2079 2845 revi—

483 2870 569 2926 sit.
634 2872 843 2942 Conjux
896 2889 1023 2929 vero
1079 2874 1315 2945 prmfecti
1358 2892 1479 2946 qua:
1510 2877 1687 2930 fuerat
1714 2877 1947 2932 sanitate
1975 2877 2081 2933 do-

484 2966 631 3028 nata,
654 2969 776 3032 post
803 2976 1008 3031 paucos
1036 2962 1173 3031 dies,
1217 2971 1400 3034 spreto
1438 2963 1660 3033 saeculo,
1694 2963 1751 3019 id
1807 2965 2080 3021 servitium

484 3049 684 3105 Christi
715 3066 866 3105 sacro
888 3050 1223 3107 etvelamine
1252 3052 1555 3124 designata.

558 3140 648 3195 41.
691 3141 982 3197 Praefectus
1000 3151 1178 3198 autem
1210 3159 1279 3199 ex
1329 3159 1396 3199 eo
1425 3150 1668 3215 tempore
1720 3161 1936 3200 servum
1972 3144 2078 3198 Do-

488 3229 621 3285 mini
650 3229 703 3285 in
736 3248 932 3302 magna
962 3232 1313 3288 veneratione
1337 3232 1564 3301 habens,
1594 3234 1710 3306 regi
1740 3249 1840 3303 per
1866 3233 2079 3287 nuntios

487 3319 635 3375 adito
692 3319 825 3375 dixit
860 3337 872 3373 :
904 3344 926 3369 κ
962 3322 1064 3376 Per
1090 3322 1318 3376 salutem
1346 3330 1399 3376 et
1419 3337 1648 3393 regnum
1680 3329 1830 3376 tuum
1878 3328 1929 3375 te
1985 3321 2078 3375 ad-

476 3409 618 3478 juro,
652 3417 922 3480 quatenus
950 3410 1285 3465 sacerdotem
1318 3410 1536 3466 Domini
1592 3410 1913 3464 Wilfridum
1946 3425 2079 3464 ame

485 3494 693 3549 diutius
722 3495 951 3550 detineri
981 3512 1088 3551 non
1112 3496 1314 3564 facias;
1363 3496 1491 3567 quia
1521 3495 1692 3551 fateor
1726 3495 1920 3551 melius
1948 3496 2075 3551 mihi

486 3598 606 3637 esse
635 3583 772 3637 mori
813 3598 969 3652 quam
1027 3583 1085 3637 in
1138 3599 1203 3638 eo
1242 3583 1444 3653 aliquid
1487 3584 1806 3654 injuriarum
1856 3582 2080 3638 ulterius

493 3685 776 3725 exercere.
815 3671 975 3735 Quod
1005 3672 1048 3725 si
1079 3674 1178 3727 hac
1200 3672 1539 3739 adjuratione
1568 3673 1825 3742 despecta
1876 3672 1934 3726 in
1992 3680 2079 3725 tua

490 3757 760 3811 sententia
787 3757 1076 3827 persistere
1116 3759 1307 3827 mavis,
1331 3776 1417 3813 me
1448 3759 1606 3813 simul
1662 3776 1785 3813 cum
1841 3775 1906 3814 eo
1963 3767 2077 3814 tor-

487 3848 675 3899 menta
694 3853 746 3899 et
774 3853 1003 3900 mortem
1034 3848 1210 3918 magis
1237 3846 1417 3902 subire
1435 3847 1575 3902 velle
1603 3862 1893 3919 cognosce,
1917 3862 2078 3918 quam

488 3949 614 3987 eum
645 3933 698 3987 in
730 3934 1010 3989 tormentis
1039 3935 1257 3989 habere.
1286 3958 1307 3983 ι
1344 3935 1428 3990 Ad
1460 3936 1576 3990 haec
1607 3951 1702 3990 rex
1731 3938 2081 3991 vehementer

485 4022 654 4077 iratus
677 4022 1105 4092 jussitsanctum
1160 4024 1286 4081 duci
1343 4025 1400 4080 in
1447 4025 1639 4081 urbem
1695 4040 1849 4079 suam
1873 4025 2079 4094 Thym-

488 4112 588 4168 ber
617 4113 696 4182 (3)
726 4113 795 4167 ad
825 4114 1142 4183 praefectum
1200 4114 1421 4171 nomine
1473 4115 1688 4186 Tydlin,
1722 4120 1907 4185 utpote
1940 4114 2080 4169 fero-

487 4202 712 4271 ciorem,
761 4202 1084 4273 praecipiens
1130 4203 1206 4258 illi
1256 4212 1311 4259 ut
1367 4204 1722 4274 compedibus
1768 4212 1819 4259 et
1849 4202 2081 4257 vinculis

492 4288 704 4344 fcrtiter
732 4290 1004 4345 astrictum
1031 4292 1248 4348 arctiori
1281 4292 1539 4347 custodiae
1560 4291 1916 4362 manciparet.
1977 4290 2079 4359 Qui

482 4378 715 4449 jussioni
738 4379 1004 4433 contraire
1034 4396 1140 4435 non
1171 4381 1398 4449 audens,
1422 4379 1591 4434 virum
1647 4380 1891 4451 suscipit,
1950 4395 2079 4433 cus-

2249 1824 2337 1877 Η.
2372 1822 2497 1875 Haec
2528 1817 2743 1873 interim
2774 1831 2894 1882 rex,
2928 1815 3059 1869 dum
3091 1813 3202 1867 suis
3223 1809 3509 1867 comitatus
3566 1807 3635 1862 ad
3666 1823 3782 1862 ex-

2176 1911 2467 1982 pletionem
2496 1924 2605 1962 sua:
2635 1904 2927 1974 voluptatis
2947 1919 3003 1958 se
3033 1917 3245 1973 quaque
3278 1900 3570 1955 deduceret
3619 1904 3785 1965 atque

2176 2003 2231 2056 in
2262 2015 2459 2070 magna
2478 1996 2743 2050 hilaritate
2764 1994 2915 2049 frena
2940 1992 3138 2047 laetitia:
3156 1991 3386 2052 laxaret,
3422 2002 3549 2043 ecce
3578 2000 3781 2055 repen-

2180 2091 2290 2145 tino
2312 2088 2598 2143 turbantur
2626 2083 2825 2156 gaudia
2856 2098 3004 2137 casu.
3029 2082 3168 2135 Dum
3202 2079 3401 2134 etenim
3456 2075 3608 2147 regia
3638 2089 3779 2129 con-

2172 2179 2271 2249 jux
2304 2185 2516 2230 tumens
2544 2174 2708 2228 nimio
2742 2174 2879 2227 fastu
2911 2169 3203 2240 impietatis
3233 2167 3396 2237 raptis
3427 2164 3589 2219 audet
3631 2161 3780 2216 abuti

2180 2266 2437 2336 reliquiis,
2462 2263 2605 2318 illico
2649 2261 2845 2316 vindex
2889 2260 2967 2312 ira
2990 2258 3155 2312 subit.
3215 2254 3497 2325 Siquidem
3557 2250 3781 2306 easdem

2181 2353 2433 2423 reliquias
2453 2352 2646 2412 ferens,
2676 2366 2798 2404 cum
2816 2348 2954 2403 sicut
2973 2346 3160 2417 perdix
3183 2343 3344 2399 alacri
3374 2349 3550 2397 mente
3575 2339 3785 2395 lasciva

2183 2442 2426 2516 garriret,
2467 2438 2695 2510 contigit
2747 2445 2805 2491 ut
2858 2451 2986 2491 mox
3050 2434 3260 2503 repleta
3300 2429 3593 2497 daemonio,
3625 2426 3784 2483 sicuti
3822 2496 3829 2506 .

2184 2529 2492 2604 vulpecula,
2532 2528 2736 2598 perdita
2767 2534 2943 2580 mente
2974 2524 3162 2578 insana
3192 2521 3443 2594 ganniret
3469 2538 3481 2573 :
3507 2533 3785 2589 quemque

2184 2637 2281 2677 sua
2318 2620 2472 2690 prius
2521 2614 2819 2688 petulantia
2840 2614 3031 2669 volens
3052 2611 3235 2678 coluit,
3265 2611 3408 2665 hunc
3436 2606 3786 2679 postmodum

2186 2710 2236 2764 in
2268 2708 2347 2764 sui
2377 2707 2620 2778 corporis
2644 2704 2950 2759 habitacula
2982 2703 3171 2756 nolens
3211 2700 3370 2754 fovit.
3410 2699 3536 2752 Haec
3565 2700 3790 2765 propter

2187 2798 2486 2868 quibusque
2518 2795 2568 2848 in
2601 2800 2877 2862 stuporem
2918 2791 3136 2845 arrectis
3157 2787 3381 2843 accessit
3411 2793 3581 2839 mater
3610 2783 3784 2854 regis,

2189 2886 2452 2939 furentem
2485 2881 2788 2951 increpabat
2853 2876 3156 2948 hujusmodi
3187 2875 3366 2931 verbis
3399 2891 3412 2928 :
3450 2896 3472 2923 α
3509 2879 3666 2927 Anne
3682 2885 3791 2939 pa-

2188 2981 2317 3038 tent,
2375 2972 2566 3040 inquit,
2625 2985 2795 3035 soror,
2856 2983 2993 3023 anne
3023 2972 3207 3036 patent
3256 2962 3456 3019 veteris
3498 2959 3793 3015 commissa

2191 3059 2731 3132 piacli?Wilfridum
2779 3056 2881 3111 tuis
2921 3055 3069 3109 falsis
3105 3050 3568 3108 criminationibus
3596 3064 3625 3101 a
3656 3045 3791 3101 sede

2190 3150 2271 3206 sui
2303 3151 2652 3221 episcOpatus
2679 3143 2951 3215 pepulisti,
2986 3150 3039 3198 et
3069 3158 3209 3196 nunc
3238 3140 3355 3195 vice
3409 3144 3613 3192 mutata
3635 3136 3688 3189 in
3702 3151 3790 3190 se-

2188 3240 2311 3295 dem
2346 3238 2417 3292 tui
2438 3233 2671 3307 pectoris
2693 3235 2997 3288 daemonem
3038 3228 3286 3300 recepisti
3321 3244 3333 3282 :
3363 3235 3421 3281 ut
3438 3242 3537 3297 per
3564 3225 3667 3280 hoc
3694 3225 3789 3277 in-

2189 3328 2405 3399 telligas
2439 3323 2565 3395 quid
2598 3321 2809 3392 peccati
2857 3320 2949 3375 illo
2996 3319 3046 3373 in
3088 3318 3231 3374 facto
3271 3313 3605 3371 commisisti.
3630 3310 3787 3365 Wil-

2191 3415 2332 3471 frido
2363 3420 2673 3469 sanctorum
2704 3408 2961 3479 reliquias
2990 3408 3059 3462 de
3088 3406 3228 3461 collo
3255 3421 3360 3459 non
3405 3410 3587 3457 sancte
3616 3399 3785 3455 tulisti

2187 3512 2237 3559 et
2257 3518 2385 3559 ecce
2420 3510 2478 3555 ut
2508 3499 2703 3555 collum
2738 3507 2883 3552 tuum
2914 3512 3010 3551 suo
3033 3493 3272 3550 dominio
3301 3493 3515 3547 daemon
3528 3488 3784 3544 subderet

2188 3591 2455 3647 meruisti.
2490 3586 2731 3643 Wilfridi
2762 3584 3101 3640 sanctissima
3146 3582 3307 3638 verba
3337 3588 3387 3635 et
3443 3580 3587 3635 beati
3642 3576 3782 3632 Petri

2188 3679 2504 3735 auctoritate
2525 3674 2736 3729 suffulta
2778 3672 3071 3743 despexisti
3108 3690 3119 3734 ;
3153 3679 3206 3725 et
3250 3670 3323 3724 ob
3370 3671 3471 3723 hoc
3529 3668 3785 3723 daemone

2187 3783 2282 3825 cor
2298 3775 2443 3821 tuum
2464 3764 2779 3835 possidente
2797 3761 3090 3815 verborum
3124 3767 3334 3813 tuorum
3361 3757 3451 3827 jus
3483 3754 3781 3827 perdidisti.

2188 3854 2478 3909 Wilfridus
2507 3851 2806 3906 divinitatis
2837 3849 3037 3903 lumine
3085 3847 3277 3917 plenus
3309 3845 3611 3901 carcerales
3640 3852 3789 3896 tene-

2190 3947 2313 3998 bras
2338 3959 2437 4014 per
2465 3950 2516 3996 te
2545 3941 2600 3995 in
2639 3942 2718 3994 eis
2748 3938 2951 4010 positus
2981 3952 3087 3992 non
3114 3942 3328 3990 veretur
3358 3952 3372 4001 ;
3400 3936 3455 3989 et
3488 3941 3609 3987 tuus
3663 3930 3789 3985 ani-

2187 4049 2306 4086 mus
2334 4029 2669 4086 deemoniaco
2723 4028 2903 4081 furore
2933 4025 3171 4095 repletus
3198 4038 3298 4094 per
3348 4021 3453 4075 hoc
3479 4021 3590 4090 jam
3647 4034 3793 4073 nunc

2187 4119 2507 4190 dignissima
2536 4117 2738 4171 ultione
2790 4122 3084 4185 torquetur.
3117 4135 3139 4160 υ
3175 4112 3286 4167 Rex
3343 4110 3531 4165 aderat
3583 4107 3791 4177 oppido

2188 4206 2554 4271 conturbatus,
2587 4214 2638 4260 et
2658 4204 2859 4276 ingenti
2892 4201 3112 4257 furioris
3147 4201 3274 4272 igne
3328 4212 3619 4253 succensus
3646 4211 3789 4250 ven-

2191 4305 2301 4352 tum
2353 4295 2574 4349 naribus
2622 4292 2775 4363 quasi
2820 4292 3030 4345 fumum
3060 4287 3356 4343 emittebat.
3390 4288 3564 4354 Quem
3620 4285 3789 4341 etiam

2192 4393 2363 4440 mater
2385 4399 2475 4438 sua
2510 4381 2602 4437 tali
2618 4397 2750 4438 voce
2780 4387 2863 4434 est
2891 4378 3160 4434 allocuta:
3197 4401 3218 4425 -
3252 4378 3371 4430 Jam
3415 4373 3654 4437 tandem,
3688 4370 3788 4437 ﬁli,

487 4467 650 4523 todiaa
680 4468 860 4533 tradit,
890 4468 1105 4524 vincula
1125 4468 1265 4524 facit.
1302 4470 1499 4524 Verum
1531 4484 1651 4524 cum
1683 4470 1738 4522 in
1769 4450 1871 4524 hoc
1900 4476 1957 4523 ut
2011 4468 2082 4521 li-
2113 4450 2163 4511 Ι)
2186 4472 2303 4543 jam
2333 4471 2552 4525 tandem
2573 4484 2787 4524 memor
2812 4476 2929 4522 esto
2960 4466 3053 4521 tui.
3078 4464 3223 4522 Ultio
3246 4463 3430 4518 divina
3453 4471 3598 4517 tuam
3626 4474 3789 4533 quam

485 4565 702 4627 geretur
731 4556 1096 4612 ministrorum
1128 4573 1321 4613 manus
1369 4558 1730 4626 elaborarent,
1781 4564 1871 4611 aut
1926 4564 2088 4627 rupta

496 4647 566 4701 ab
623 4646 789 4717 ipsius
844 4648 1279 4716 corporeeadem
1313 4646 1530 4702 vincula
1587 4645 1940 4715 dissiliebant,
1999 4654 2089 4701 aut

488 4743 632 4790 certe
685 4735 946 4807 colligare
1003 4750 1109 4790 non
1160 4736 1393 4791 valentia
1448 4734 1643 4790 diﬂusa
1690 4734 1999 4797 cadebant;
2034 4742 2089 4789 et

494 4823 636 4879 miro
668 4824 1039 4879 moderamine
1061 4824 1253 4880 Christi
1285 4840 1350 4880 eo
1397 4825 1579 4880 minor
1615 4824 1670 4877 in
1718 4840 1839 4878 eum
1878 4823 2084 4894 ligandi

494 4919 735 4981 potestas
758 4913 1063 4982 exstiterat,
1090 4928 1197 4984 quo
1227 4915 1296 4968 ad
1328 4914 1605 4985 ligandum
1636 4912 1847 4968 hostilis
1905 4912 2087 4968 feritas

492 5000 784 5055 immanius
814 5001 1089 5056 saeviebat.
1123 5002 1281 5057 Unde
1309 5002 1385 5057 illi
1423 5003 1649 5057 nimium
1688 5001 1959 5067 admirati,
1992 5003 2087 5056 sed

489 5087 645 5160 regio
681 5094 887 5143 terrore
919 5104 1121 5158 suaque
1152 5089 1407 5144 vecordia
1455 5090 1508 5145 in
1539 5089 1853 5145 barbaricos
1908 5098 2088 5144 motus

496 5174 779 5247 exagitati,
836 5176 944 5231 alia
972 5184 1025 5231 et
1054 5177 1157 5232 alia
1186 5177 1404 5232 vincula
1441 5187 1655 5248 parant,
1706 5185 1901 5234 conatu
1959 5192 2085 5242 suo,

504 5279 662 5322 casso
690 5264 873 5320 labore
901 5263 1143 5319 funditus
1162 5266 1536 5321 consumendi.
1564 5266 1679 5331 Eia,
1729 5266 1827 5321 tibi
1881 5265 2087 5338 ligandi

490 5361 763 5427 potestate
819 5351 1036 5408 sublata
1093 5352 1222 5424 quid
1277 5353 1431 5421 furis,
1464 5370 1654 5409 manus
1679 5354 1873 5410 insana
1901 5356 1929 5407 ἢ
1960 5353 2088 5424 quid

486 5451 783 5515 tantopere
811 5441 999 5499 niteris
1027 5457 1369 5515 oppugnare,
1399 5459 1557 5513 quem
1601 5459 1872 5515 nunquam
1928 5451 2085 5515 pote-

551 5569 626 5637 (3)
670 5567 985 5624 Willelmus
1012 5565 1332 5625 satellitem
1372 5567 1607 5625 Tumber
1637 5575 1815 5625 vocat.

2194 4559 2355 4616 nimis
2379 4558 2566 4629 diligis
2589 4558 2902 4628 conjugem,
2947 4563 3003 4609 ut
3033 4552 3232 4620 cernis,
3261 4551 3475 4623 afﬂigit,
3533 4558 3585 4605 et
3617 4549 3794 4604 fateor

2195 4648 2360 4705 crede
2390 4646 2541 4712 mihi,
2576 4645 2701 4716 quia
2731 4644 2869 4699 bene
2901 4642 3198 4715 promeruit
3227 4640 3318 4696 tali
3348 4637 3619 4712 supplicio
3676 4635 3796 4691 fati-

2195 4737 2333 4809 gari,
2364 4750 2430 4790 eo
2490 4734 2633 4804 quod
2665 4732 2935 4787 diabolica
2961 4729 3331 4803 indignatione
3360 4742 3636 4793 succensa,
3669 4741 3795 4780 ser-

2194 4841 2317 4880 vum
2349 4823 2563 4879 Domini
2588 4820 2903 4877 Wilfridum
2934 4836 3040 4875 non
3072 4820 3246 4874 timuit
3294 4817 3444 4871 miris
3489 4813 3792 4871 afﬂictioni-

2193 4914 2293 4968 bus
2322 4911 2593 4967 insectari.
2629 4909 2971 4980 Quapmpter
3007 4910 3145 4963 hanc
3176 4905 3469 4961 vindictam
3515 4904 3618 4958 sibi
3648 4903 3793 4957 irro-

2193 5009 2377 5075 gatam
2406 5016 2475 5055 ne
2501 4999 2733 5063 dubites,
2772 4998 3019 5065 obsecro,
3050 5002 3273 5068 propter
3296 5002 3346 5049 te
3374 5009 3495 5048 esse
3510 4991 3788 5047 collatam.

2196 5090 2353 5160 Quod
2403 5088 2445 5143 si
2500 5089 2602 5143 hac
2629 5087 2826 5160 corrigi
2866 5094 3057 5157 sponte
3086 5081 3495 5153 contempseris,
3543 5095 3677 5136 cave
3724 5095 3792 5134 ne

2197 5188 2288 5234 tua
2316 5178 2535 5249 propria
2589 5174 2882 5248 corrigaris
2911 5175 3129 5230 invitus.
3182 5174 3328 5245 Ergo
3359 5170 3512 5226 solve
3539 5168 3709 5224 virum
3759 5183 3793 5222 a

2197 5282 2437 5332 carcere,
2489 5281 2649 5336 quem
2708 5264 2905 5319 nullius
2959 5263 3041 5318 sui
3072 5260 3308 5317 criminis
3345 5272 3510 5315 causa
3541 5259 3791 5312 novimus

2197 5354 2426 5411 detineri
2464 5373 2476 5409 :
2510 5362 2563 5409 et
2589 5353 2631 5408 si
2675 5369 2799 5407 eum
2830 5351 2883 5406 in
2914 5366 3088 5422 regno
3146 5358 3236 5404 tuo
3265 5362 3489 5402 manere
3516 5344 3783 5411 nolueris,

2191 5442 2328 5514 jube
2357 5443 2504 5498 illum
2527 5457 2701 5514 regno
2719 5441 3002 5507 decedere,
3035 5454 3101 5494 ne
3121 5438 3163 5493 si
3193 5436 3393 5495 diutius
3405 5433 3567 5491 fuerit
3587 5436 3786 5513 tentus,
