4046 6076
281 287 394 348 737

1608 286 1773 347 VITA
1814 292 1878 348 S.
1925 283 2280 349 WILF'RIDI.

3489 313 3593 371 788

282 426 411 473 tunc
457 432 581 471 cum
629 415 807 488 primo
855 414 1129 471 dimittere
1157 414 1314 483 velis,
1348 430 1472 471 eum
1503 414 1665 472 fueris
1692 416 1886 487 majori
1918 421 1973 482 A
2001 432 2123 473 esse
2175 432 2286 474 non
2339 418 2599 490 pateris?
2629 422 2770 480 Ecce
2817 434 2941 481 eum
2990 422 3143 483 illum
3201 444 3232 485 a
3280 432 3595 492 Christianis

286 521 454 579 poena
484 504 794 561 mulctatus.
833 528 855 553 ι»
890 505 1015 560 Istis
1040 520 1137 561 rex
1184 504 1305 576 ipse
1350 504 1675 573 admonitus,
1709 506 1898 561 annuit

291 602 351 649 ut
376 609 652 650 carcerem
683 593 770 650 vir
798 601 1016 649 sanctus
1046 592 1248 648 exiret.
1281 593 1504 649 Factum
1533 601 1633 663 est,
1667 601 1720 650 et
1749 609 1780 650 e
1807 602 1893 649 te-

294 682 481 738 nebris
507 681 601 737 lux
630 681 830 737 mundo
852 680 1141 753 processit.
1162 679 1372 736 Maleas
1391 688 1571 738 autem
1594 698 1780 739 servus
1796 682 1895 738 Dei

293 769 496 826 bonum
555 786 655 842 pro
703 770 847 827 malo
896 787 1063 843 quam
1107 785 1209 841 pro
1237 769 1382 825 malo
1413 771 1616 826 malum
1645 769 1891 842 reddere,

296 860 476 917 oravit
504 860 816 928 Dominum,
845 867 900 915 et
933 858 1178 932 reginam
1208 858 1496 916 confestim
1525 860 1773 916 daemone
1800 858 1894 915 fu-

292 955 425 1020 gato
450 948 668 1002 sanitati
696 948 944 1003 restituit.

365 1039 455 1091 43.
487 1036 624 1090 Hinc
646 1036 882 1106 patriam
912 1045 1251 1110 cognataque
1277 1054 1401 1094 rura
1429 1036 1653 1107 deserit,
1672 1043 1726 1093 et
1752 1034 1897 1093 velut

300 1125 521 1181 advena
568 1133 742 1180 terras
788 1125 1050 1181 australes
1091 1126 1378 1197 petiturus,
1412 1142 1477 1182 eo
1514 1125 1765 1182 veniendi
1795 1125 1898 1181 iter

303 1213 536 1272 invadit.
571 1213 635 1268 Et
662 1228 786 1269 cum
803 1213 1056 1270 Veritatis
1075 1215 1352 1286 prmconia
1380 1215 1525 1269 nulla
1554 1223 1757 1287 queant
1784 1214 1894 1269 fal-

297 1301 444 1357 lacia
493 1301 708 1371 violari,
740 1301 943 1358 famulo
990 1303 1088 1359 Dei
1135 1302 1313 1374 primo
1361 1303 1607 1373 quarenti
1667 1317 1895 1374 regnum

294 1390 417 1460 Dei,
450 1390 582 1445 nihil
610 1406 796 1447 eorum
828 1407 949 1462 quae
964 1391 1087 1447 vita:
1108 1392 1397 1448 necessitas
1418 1392 1690 1463 exigebat,
1705 1392 1894 1447 deesse

294 1479 541 1536 valebat.
605 1479 761 1535 Unde
816 1479 1048 1551 contigit
1100 1489 1157 1535 ut
1206 1480 1353 1537 hunc
1401 1489 1618 1536 euntem
1675 1480 1895 1550 quidam

292 1567 658 1639 Byrtwaldus,
687 1567 840 1639 regia
869 1569 1031 1639 stirpe
1052 1569 1396 1640 progenitus,
1428 1584 1629 1640 magno
1660 1583 1783 1624 cum
1802 1570 1897 1622 ho-

293 1673 433 1713 nore
491 1655 685 1713 obvius
740 1656 1031 1726 exciperet,
1062 1665 1116 1711 et
1163 1657 1551 1728 aliquantisper
1577 1673 1762 1713 secum
1791 1657 1893 1712 de-

291 1754 445 1801 tento
471 1760 704 1816 quaeque
732 1761 868 1816 opus
898 1745 1136 1801 habebat
1165 1745 1400 1801 beninne
1428 1746 1789 1817 impenderet.
1823 1751 1893 1800 At

292 1833 500 1890 invidia
528 1833 800 1890 diabolica
831 1834 924 1889 diu
952 1834 1195 1904 impendi
1228 1834 1372 1890 ferre
1401 1850 1508 1890 non
1539 1835 1731 1905 potuit.
1756 1834 1893 1889 Prae-

289 1922 495 1978 dictum
525 1921 727 1977 etenim
755 1922 931 1979 virum
961 1938 1170 1979 veneno
1197 1938 1309 1978 suae.
1340 1922 1710 1993 perversitatis
1743 1923 1891 1977 infe-

292 2011 386 2078 cit,
418 2025 636 2083 qquue
667 2009 894 2065 militem
924 2010 1124 2066 Christi
1155 2026 1254 2065 sua
1284 2008 1644 2065 muniﬁcentia
1675 2017 1893 2065 exutum

293 2114 328 2154 a
355 2114 417 2155 se
444 2099 667 2169 suisque
698 2099 948 2155 omnibus
984 2098 1292 2155 eliminaret
1330 2098 1532 2155 eﬂ‘ecit.
1567 2099 1703 2154 Erat
1730 2114 1891 2154 nam-

294 2203 402 2258 que
426 2186 590 2244 frater
616 2187 911 2243 IEdelfredi
956 2190 1102 2259 regis
1149 2187 1496 2253 Merciorum,
1523 2189 1617 2258 qui
1643 2204 1892 2245 sororem

291 2276 443 2347 regis
468 2275 545 2346 (4)
586 2274 789 2331 chridi
819 2275 1053 2331 habebat
1081 2276 1136 2330 in
1165 2277 1499 2348 conjugium.
1532 2277 1752 2333 Timens
1780 2277 1892 2348 igi-

296 2372 382 2418 tur
411 2379 479 2419 ne
499 2364 678 2419 fratris
707 2364 947 2419 animum
967 2364 1284 2434 offenderet,
1315 2367 1363 2419 si
1401 2381 1527 2421 eum
1558 2367 1649 2437 qui
1674 2365 1892 2421 fratrem

293 2453 554 2525 conjugis
583 2470 696 2509 suae
722 2453 994 2509 infensum
1025 2454 1280 2523 habebat,
1312 2469 1500 2510 secum
1528 2462 1754 2525 teneret,
1786 2470 1894 2510 non

226 2527 237 2536 ’
293 2544 498 2600 veritus
534 2543 873 2612 injustitiam,
906 2541 1222 2597 Wilfridum
1278 2542 1494 2612 abjecit,
1544 2557 1652 2597 non
1710 2548 1893 2599 tamen

290 2633 502 2701 absque
544 2631 893 2700 contumelia,
923 2639 981 2686 ut
1025 2647 1124 2701 per
1168 2634 1270 2687 hoc
1316 2634 1553 2687 sciamus
1603 2648 1730 2688 eum
1784 2647 1895 2688 non

288 2720 593 2776 immunem
624 2719 794 2776 fuisse
823 2720 877 2774 in
906 2720 1014 2776 hoc
1042 2719 1186 2775 facto
1214 2735 1245 2775 a
1266 2728 1446 2776 mente
1466 2721 1727 2793 maligna.
1751 2721 1892 2777 Nam

290 2810 444 2881 prius
472 2818 581 2864 tam
612 2825 644 2863 a
674 2825 734 2864 se
764 2824 929 2880 quam
959 2808 1030 2864 ab
1057 2808 1350 2865 Edelredo
1372 2825 1504 2882 rege
1521 2810 1741 2882 suisque
1769 2826 1894 2866 uxo-

291 2898 462 2969 ribus,
503 2913 676 2954 necne
705 2898 996 2955 voluntatis
1037 2913 1232 2953 eorum
1275 2899 1575 2955 fautoribus
1622 2900 1890 2970 multipli-

292 2986 431 3043 citer
481 2985 729 3055 afﬂictus,
762 2986 1069 3055 injuriatus,
1103 2987 1286 3041 multis
1329 3003 1547 3059 quoque
1595 2987 1893 3043 terroribus

290 3076 362 3131 ad
394 3075 740 3132 violationem
766 3075 895 3131 fidei
925 3091 1039 3131 sua:
1086 3080 1251 3146 atque
1297 3076 1367 3131 ad
1414 3076 1889 3146 exprobrationem

292 3166 573 3222 catholicae
599 3174 651 3221 et
681 3164 994 3237 apostolicae
1024 3166 1327 3220 traditionis
1358 3182 1460 3236 pro
1509 3183 1616 3237 qua
1659 3168 1891 3221 maxime

291 3254 652 3326 imp‘etebatur
697 3254 970 3324 incitatus,
1004 3254 1284 3325 impulsus,
1325 3270 1423 3310 nec
1458 3261 1788 3325 prostratus,
1821 3255 1892 3310 ad

291 3343 545 3399 ultimum
571 3359 696 3400 cum
725 3343 999 3400 dedecore
1026 3344 1215 3414 pulsus
1239 3350 1339 3398 est.

314 3464 319 3467 Α
359 3434 416 3487 4.
465 3431 630 3488 Omni
683 3447 819 3501 ergo
868 3433 1107 3487 humano
1169 3432 1453 3488 frustratus
1507 3433 1735 3501 auxilio,
1784 3448 1893 3503 quo

291 3520 555 3590 tenderet,
590 3535 697 3590 quo
725 3536 784 3575 se
804 3526 1034 3576 verteret
1060 3520 1130 3574 ad
1159 3520 1545 3591 hospitandum
1574 3520 1888 3593 ignorabat:

294 3611 402 3666 hoc
428 3609 604 3665 solum
632 3608 844 3664 fiducita
871 3624 987 3678 prae
1017 3624 1077 3664 se
1092 3624 1312 3680 gerens,
1335 3610 1480 3680 quod
1505 3625 1539 3664 a
1559 3611 1673 3665 Deo
1693 3625 1893 3680 nequa-

293 3712 462 3768 quam
518 3698 696 3753 deseri
737 3705 940 3769 posset.
991 3696 1113 3762 Qua
1160 3697 1358 3752 fiducia
1386 3696 1675 3770 magniﬁce
1706 3698 1889 3767 fretus,

293 3786 557 3856 quidquid
584 3786 634 3841 ei
664 3786 1134 3842 incommoditatis
1154 3786 1456 3855 accidebat,
1471 3803 1685 3842 summa
1713 3787 1893 3843 cordis

294 3875 578 3930 alacritate
607 3875 921 3947 perferebat
952 3892 966 3929 :
999 3890 1215 3945 quoque
1252 3875 1428 3946 magis
1468 3876 1894 3932 adversitatibus

293 3964 606 4032 feriebatur,
639 3979 707 4019 eo
736 3963 968 4035 amplius
988 3965 1043 4018 in
1072 3979 1239 4034 opera
1263 3965 1362 4019 Dei
1392 3972 1505 4020 toto
1533 3966 1713 4021 studio
1743 3966 1893 4022 fere-

293 4052 470 4109 batur.
502 4053 662 4109 Venit
688 4053 912 4108 tandem
938 4054 1008 4107 ad
1037 4052 1242 4108 curiam
1281 4053 1433 4125 regis
1461 4054 1766 4124 cujusdam,
1800 4054 1891 4127 qui

294 4142 610 4198 Kentwinus
636 4145 714 4213 (5)
754 4140 1051 4197 vocabatur
1081 4159 1093 4196 :
1127 4141 1219 4196 ubi
1261 4143 1397 4197 satis
1434 4143 1669 4198 humane
1700 4160 1891 4199 susce-

290 4240 417 4305 ptus
453 4240 505 4287 et
544 4233 704 4300 bene,
736 4246 924 4288 verum
953 4229 1105 4286 brevi
1135 4229 1351 4286 habitus
1377 4235 1482 4286 est.
1520 4232 1660 4286 Nam
1691 4248 1891 4304 quem-

291 4321 588 4377 admodum
615 4320 771 4390 alias,
803 4319 880 4375 sic
900 4327 953 4375 et
981 4319 1056 4373 ibi
1077 4318 1342 4375 daemonis
1355 4319 1609 4377 instinctu
1630 4320 1894 4378 femineas

289 4423 483 4481 passus
536 4417 621 4464 est
673 4408 798 4462 iras.
857 4406 1146 4477 Siquidem
1192 4408 1341 4479 regia
1384 4423 1525 4463 uxor
1565 4425 1724 4465 soror
1778 4415 1891 4465 erat

1920 1778 1973 1838 Β

1922 3133 1969 3198 C

2003 506 2252 578 depellis,
2284 507 2355 563 ad
2380 523 2629 582 paganos
2659 510 2954 569 liberaliter
2995 516 3111 587 ibit,
3143 518 3303 590 velis,
3331 523 3470 579 nolis
3498 540 3510 579 :
3542 534 3593 581 et

2002 594 2092 665 qui
2122 594 2282 651 times
2310 612 2377 652 ne
2406 600 2762 667 quorumdam
2793 601 3208 662 Christianorum
3254 620 3462 668 mentes
3491 616 3595 671 tuis

2002 683 2411 777 deceptionibus
2447 702 2547 757 per
2600 688 2767 759 ipsius
2831 695 3296 752 conversationem
3368 719 3594 777 quoquo

2002 772 2170 827 modo
2195 782 2537 842 evacuentnr,
2568 776 2731 850 longe
2759 795 2920 851 quam
2950 790 3106 852 putas
3134 801 3232 855 per
3272 772 3595 866 ista‘efﬁcis,

2000 867 2059 914 ut
2087 859 2326 931 integras
2350 863 2631 932 provincia
2659 866 2876 937 penitus
2925 876 3016 924 tua
3061 871 3427 935 dominatione
3472 859 3596 953 pri;

2001 954 2176 1005 vetur.

2074 1038 2167 1093 45.
2214 1039 2463 1111 Namque
2516 1040 2731 1100 divertit
2780 1053 2904 1117 post
2959 1049 3079 1106 haec
3134 1052 3203 1106 ad
3261 1057 3598 1126 provinciam

2003 1126 2319 1224 australium
2349 1130 2648 1224 saxonum,
2682 1135 3010 1224 quaeadhuc
3038 1139 3132 1195 illo
3165 1150 3410 1214 tempore
3439 1166 3606 1224 paga-

2003 1215 2087 1269 nis
2116 1215 2291 1270 adhuc
2333 1217 2568 1273 cultibus
2615 1220 2904 1279 insudabat
2937 1244 2948 1279 :
2983 1227 3167 1300 ibique
3210 1215 3454 1292 verbum-
3477 1215 3601 1296 ﬁdei

2002 1303 2353 1375 praedicabat,
2387 1314 2438 1361 et
2468 1307 2813 1365 credentibus
2831 1312 3103 1371 lavacrum
3126 1320 3313 1376 salutis
3339 1326 3606 1387 ministra-

2003 1390 2112 1445 bat.
2148 1393 2277 1485 Erat
2307 1401 2487 1449 autem
2514 1412 2610 1451 rex
2639 1399 2816 1470 gentis
2865 1401 3027 1473 illius,
3063 1405 3331 1464 Edilwalh
3362 1415 3601 1485 nomine,

2003 1494 2112 1534 non
2153 1480 2321 1537 multo
2369 1491 2495 1539 ante
2541 1484 2838 1557 baptizatus
2868 1489 2921 1543 in
2951 1493 3231 1562 provincia
3259 1480 3605 1569 Merciorum,

2003 1574 2057 1622 et
2112 1570 2303 1642 regina
2360 1573 2579 1627 nomine
2636 1576 2784 1632 Eabe
2832 1578 3108 1648 baptizata
3157 1584 3212 1639 in
3242 1604 3359 1657 sua,
3394 1591 3495 1647 hoc
3527 1602 3612 1650 est

2002 1657 2289 1747 provincia
2319 1659 2690 1720 Huicciorum.
2719 1667 2907 1737 Itaque
2938 1668 3133 1725 beatus
3149 1674 3453 1747 Wilfridus,
3479 1696 3612 1738 con-

2002 1745 2254 1839 cedente,
2280 1746 2392 1803 imo
2420 1749 2647 1805 multum
2696 1754 2971 1825 gaudente
2999 1774 3153 1829 rege,
3202 1763 3410 1833 primos
3442 1745 3607 1839 Spro-

2005 1834 2195 1927 vincia:
2223 1835 2392 1891 duces
2420 1853 2482 1927 ac
2512 1839 2711 1894 milites
2742 1857 2900 1898 sacro
2943 1845 3093 1903 fonte
3124 1850 3419 1924 abluebat;
3453 1834 3606 1927 pres-

2001 1920 2177 1993 byteri
2209 1939 2336 1979 vero
2358 1925 2462 1991 sui,
2491 1934 2741 1982 crateram
2770 1929 3011 1999 plebem.
3040 1936 3289 1995 Antehac
3333 1920 3470 1998 inim
3497 1953 3610 2003 tota

2001 2010 2096 2064 illa
2141 2011 2425 2081 provincia
2472 2012 2641 2070 divini
2687 2019 2927 2075 nominis
2958 2030 3010 2077 et
3040 2023 3163 2081 ﬁdei
3215 2037 3335 2084 erat
3389 2032 3603 2105 ignara,

2001 2106 2201 2170 praeter
2224 2116 2410 2173 regem
2442 2108 2605 2174 atque
2636 2107 2898 2178 reginam.
2933 2111 3060 2166 Erat
3090 2122 3271 2172 tamen
3298 2117 3373 2173 ibi
3405 2137 3603 2180 mona-

2002 2188 2140 2243 chus
2166 2189 2384 2260 quidam
2416 2191 2485 2247 de
2514 2194 2733 2250 natione
2765 2196 3093 2270 Scottorum,
3116 2205 3333 2262 nomine
3359 2208 3602 2283 Diculus,

2001 2276 2214 2333 habens
2242 2282 2632 2336 monasterium
2664 2287 3041 2353 permodicum
3068 2289 3123 2345 in
3158 2292 3279 2349 loco
3309 2297 3402 2367 qui
3433 2276 3603 2356 voca;

2003 2374 2089 2421 tur
2117 2367 2444 2439 Bosanham,
2498 2370 2649 2426 silvis
2698 2374 2946 2444 marique
2993 2378 3419 2449 circumdatum;
3465 2396 3519 2444 et
3549 2390 3607 2447 in

2003 2469 2069 2545 eo
2099 2453 2562 2545 fratresAquiuque
2594 2460 2681 2515 vel
2712 2478 2807 2517 sex
2839 2463 2893 2517 in
2924 2465 3116 2521 humili
3147 2484 3210 2524 ac
3228 2486 3471 2545 paupere
3490 2477 3601 2535 vita

2002 2538 2238 2599 Domino
2296 2543 2638 2605 famulantes.
2674 2550 2780 2606 Sed
2823 2552 3002 2610 nullus
3047 2538 3460 2626 provincialium
3515 2568 3603 2624 vel

2001 2646 2191 2687 eorum
2238 2633 2404 2687 vitam
2450 2636 2723 2705 aemulari,
2753 2639 2839 2694 vel
2877 2643 3325 2712 praedicationem
3373 2654 3602 2713 curabat

2002 2721 2302 2811 attendere.
2336 2723 2731 2796 Evangelizans
2760 2735 2939 2784 autem
2968 2735 3118 2804 genti
3148 2737 3459 2811 episcopus,
3491 2759 3601 2800 non

2000 2808 2176 2864 solum
2209 2824 2329 2865 eam
2379 2811 2449 2866 ab
2491 2829 2734 2869 mrumna
2775 2827 3052 2889 perpetua:
3082 2808 3466 2899 damnationis,
3498 2849 3601 2889 ve—

2001 2913 2118 2990 rum
2141 2906 2201 2990 et
2235 2914 2267 2953 a
2292 2899 2451 2990 clade
2482 2900 2706 2957 infanda
2751 2909 3060 2976 temporalis
3088 2910 3335 2970 interitus
3362 2919 3582 2990 eripuit.

2002 2984 2281 3075 Siquidem
2314 2988 2488 3043 tribus
2515 2990 2671 3045 annis
2699 3001 2822 3048 ante
2841 2995 3137 3053 adventum
3160 3001 3281 3071 ejus
3306 3003 3358 3058 in
3376 2984 3599 3075 provin-

2000 3074 2085 3129 cia
2115 3075 2263 3129 nulla
2290 3075 2396 3131 illis
2424 3076 2482 3131 in
2508 3078 2650 3133 locns
2680 3080 2865 3149 pluvia
2895 3086 3190 3143 ceciderat.
3224 3074 3597 3159 Quamobrem

2000 3161 2174 3217 fames
2206 3164 2558 3220 acerbissima
2585 3167 2807 3236 plebem
2838 3171 3128 3245 invaserat,
3161 3191 3225 3233 ac
3266 3180 3436 3252 impia
3463 3201 3599 3244 nece

1998 3258 2396 3345 prostraverat.
2416 3254 2665 3345 Denique
2696 3256 2890 3327 ferunt,
2916 3261 3043 3329 quia
3071 3280 3215 3335 saepe
3245 3271 3603 3345 quadraginta

1998 3339 2158 3394 simul
2189 3348 2281 3395 aut
2310 3341 2706 3413 quinquaginta
2736 3346 2984 3404 homines
3013 3350 3191 3407 inedia
3220 3339 3502 3430 macerati,
3532 3365 3602 3419 ad

1996 3427 2363 3500 praecipitium
2385 3430 2606 3502 aliquod
2628 3432 2741 3489 sive
2760 3450 2905 3491 mare
2920 3440 3309 3514 procedebant,
3330 3454 3383 3501 et
3397 3427 3605 3517 junctis

1999 3517 2197 3572 misere
2254 3518 2508 3573 manibus
2551 3521 2753 3591 pariter
2781 3538 2972 3580 omnes
3018 3536 3111 3583 aut
3163 3530 3316 3587 ruina
3357 3537 3599 3610 perituri,

2000 3613 2092 3661 aut
2116 3606 2369 3696 fluctibus
2398 3608 2737 3685 absorbendi
2766 3612 3113 3671 decidebant.
3150 3619 3349 3677 Verum
3368 3624 3487 3696 ipso
3512 3606 3604 3686 die

2000 3710 2108 3765 quo
2138 3695 2468 3767 baptismum
2501 3696 2626 3755 fidei
2657 3717 2794 3773 gens
2823 3704 3080 3776 suscepit,
3104 3708 3170 3763 ad
3198 3695 3602 3780 preceseximii

2001 3784 2188 3853 Patris,
2224 3785 2407 3857 pluvia
2436 3802 2635 3843 serena
2669 3790 2765 3845 sed
2816 3793 3040 3864 c0piosa
3073 3796 3376 3857 descendit.
3416 3803 3604 3864 Reﬂo-

1998 3872 2101 3927 ruit
2129 3880 2307 3941 terra;
2343 3875 2501 3931 rediit
2530 3876 2887 3935 viridantibus
2935 3884 3083 3939 arvis
3123 3901 3297 3944 annus
3342 3890 3494 3949 laztus
3541 3913 3608 3953 ac

2000 3960 2235 4049 frugifer
2267 3978 2279 4017 :
2314 3963 2499 4034 sicque
2547 3965 2759 4033 abjecta
2795 3971 3191 4043 superstitione,
3241 3979 3460 4049 antiqua
3498 3999 3601 4039 ex-

1998 4047 2207 4103 sufﬂata
2227 4048 2552 4119 idololatria,
2576 4068 2673 4108 cor
2695 4056 2938 4110 omnium
2959 4061 3015 4113 et
3038 4077 3169 4117 caro
3186 4047 3601 4128 exultauerunt

1997 4138 2062 4192 in
2094 4139 2267 4193 Deum
2296 4139 2483 4194 vivum
2508 4140 2936 4211 (Psal.Lxxxm,
2967 4146 3044 4217 3),
3079 4147 3446 4223 intelligentes
3476 4173 3601 4217 eum

1999 4225 2091 4296 qui
2119 4241 2279 4283 verus
2322 4235 2402 4282 est
2449 4228 2615 4297 Deus,
2668 4237 2720 4286 et
2757 4230 3101 4290 interioribus
3151 4244 3205 4294 et
3246 4242 3604 4305 exterioribus

1998 4331 2059 4371 se
2089 4314 2248 4370 bonis
2277 4315 2465 4386 gratiae
2494 4316 2736 4374 caelestis
2766 4320 2985 4378 ditasse.

2070 4405 2160 4458 46.
2193 4403 2434 4460 Antistes
2462 4422 2698 4479 quoque,
2731 4424 2857 4465 cum
2914 4410 2969 4465 in
2998 4413 3333 4483 provinciam
3362 4421 3605 4483 venisset

292 4496 727 4569 Ermemburgis,
777 4497 1046 4552 malorum
1088 4495 1205 4552 fere
1260 4497 1504 4553 omnium
1534 4514 1657 4569 quae
1699 4507 1885 4555 contra
1911 4488 1970 4552 D
2006 4500 2318 4565 tantamque
2377 4495 2537 4551 famis
2567 4513 2786 4567 poenam
2834 4499 2911 4555 ibi
2968 4500 3215 4574 vidisset,
3258 4507 3445 4566 docuit
3493 4527 3594 4570 eos

292 4590 472 4643 virum
486 4587 587 4642 Dei
610 4585 811 4640 fiebant
834 4583 1104 4641 auctricis.
1122 4585 1255 4640 Haec
1274 4586 1440 4658 igitur
1460 4603 1492 4642 a
1512 4603 1616 4643 sua
1636 4602 1805 4643 uxore
1825 4587 1886 4659 [t.

290 4675 496 4748 sorore]
519 4677 575 4730 in
603 4675 798 4731 mentis
814 4674 1154 4745 malignitate
1176 4689 1283 4730 non
1304 4677 1501 4743 minor,
1520 4676 1737 4732 beatum
1754 4691 1891 4747 prae-

266 4792 269 4793 ν
292 4766 471 4822 sulem
492 4764 678 4818 multis
698 4762 1168 4819 contrarietatibus
1187 4762 1439 4819 afﬂictum
1457 4780 1489 4820 a
1508 4765 1622 4820 suis
1637 4765 1892 4822 omnibus

291 4854 520 4926 expulit.
552 4852 698 4923 Quid
727 4852 934 4907 diaboli
966 4852 1116 4908 furor
1139 4853 1412 4922 immanis,
1445 4854 1576 4924 quid
1608 4862 1889 4926 tantopere

290 4946 555 5002 adversus
582 4941 846 4998 famulum
866 4941 1087 4997 Domini
1117 4941 1392 4997 saeviendo
1416 4943 1674 5014 vagaris?
1690 4943 1823 5014 quid
1839 4942 1891 4998 ei

289 5034 520 5105 laqueos
568 5041 673 5088 tuae
720 5030 926 5087 fraudis
976 5031 1250 5086 innectere
1293 5037 1481 5099 lentas,
1532 5039 1585 5087 et
1631 5032 1890 5088 tentando

288 5123 446 5178 illum
499 5121 772 5177 variarum
816 5119 1213 5177 calumniarum
1278 5126 1597 5190 tempestate
1640 5121 1889 5195 fatigas?

292 5212 426 5286 quid
457 5227 582 5269 eum
610 5212 680 5267 ab
709 5210 929 5266 humani
956 5210 1138 5266 cordis
1167 5208 1528 5265 aediﬁcatione
1557 5208 1770 5267 ﬂectere
1799 5211 1889 5265 ni-

291 5302 441 5372 teris,
471 5309 526 5357 et
553 5301 626 5357 ob
656 5301 758 5357 hoc
786 5299 1214 5355 Christianorum
1255 5297 1507 5356 societati
1546 5298 1888 5369 conjunctum

334 5480 448 5550 .(t)
472 5477 761 5535 Osdridam
810 5477 1038 5546 scilicet,
1071 5492 1194 5548 qum
1248 5472 1313 5533 in
1359 5479 1635 5537 solatium
1681 5478 1891 5537 Elwini

296 5552 504 5623 fratris
530 5552 704 5608 occisi
724 5549 1023 5608 Ethelrch
1041 5554 1337 5621 nupserat,
1367 5566 1563 5623 pacem
1583 5553 1736 5610 inter
1766 5568 1889 5609 ma-

298 5622 480 5680 ritum
500 5626 558 5681 et
578 5626 825 5694 fratrem
854 5636 1215 5695 componens,
1247 5637 1315 5680 ex
1343 5622 1643 5680 Willelmo.

1997 4580 2265 4651 piscando
2312 4583 2513 4639 victum
2572 4601 2829 4655 quaerere.
2885 4588 3025 4644 Nam
3083 4608 3233 4650 mare
3280 4605 3333 4653 et
3376 4600 3601 4659 flumina

2000 4684 2188 4759 eorum
2232 4669 2472 4740 piscibus
2528 4672 2899 4759 abundabant,
2946 4677 3042 4731 sed
3099 4679 3356 4749 piscandi
3405 4690 3602 4759 peritia

1998 4758 2147 4829 genti
2178 4759 2344 4825 nulla,
2378 4759 2484 4813 nisi
2529 4758 2597 4814 ad
2647 4762 2919 4832 anguillas
2950 4772 3157 4822 tantum
3194 4758 3423 4829 inerat;
3444 4778 3597 4836 Reti-

1999 4845 2102 4900 bus
2144 4846 2309 4916 igitur
2349 4846 2745 4918 anguillaribus
2786 4850 3151 4923 undequaque
3180 4857 3421 4918 collectis
3449 4869 3599 4924 etab

2000 4933 2309 4989 hominibus
2365 4934 2617 4991 antistitis
2671 4937 2725 4991 in
2784 4954 2939 4995 mare
2996 4942 3197 5014 missis,
3252 4951 3459 5008 meritis
3515 4957 3597 5012 sui

1998 5023 2171 5077 Patris
2202 5023 2386 5079 divina
2415 5030 2542 5080 sunt
2569 5024 2820 5098 largitate
2867 5028 3061 5099 adjuti,
3093 5046 3461 5110 ceperuntque
3504 5044 3598 5099 di-

2001 5112 2142 5170 versi
2197 5113 2410 5184 generis
2462 5114 2639 5186 pisces
2692 5122 2975 5173 trecentos.
3043 5119 3252 5188 Quibus
3335 5128 3625 5188 trifariam~

1997 5201 2185 5259 divisis
2244 5211 2458 5293 centum
2512 5202 2589 5293 in_
2633 5218 2769 5275 opus
2800 5221 3120 5293 pauperum
3186 5212 3595 5293 dispenderunt,

1999 5298 2216 5347 centum
2274 5290 2353 5345 eis
2402 5306 2435 5345 a
2479 5290 2677 5362 quibus
2714 5292 2848 5350 retia
2876 5309 3200 5371 acceperant
3228 5290 3596 5379 contulerunt,

2070 5463 2150 5557 £5)
2167 5463 2336 5557 ‘Hunc
2372 5464 2559 5522 locum
2576 5444 2854 5557 intactum.
2877 5472 3228 5541 praetermisit
3256 5475 3596 5557 Willelmus,

1998 5567 2029 5608 a
2060 5552 2370 5626 Fridegodo
2398 5554 2728 5627 expositum.
