4046 6076
444 270 547 324 739

1474 247 1786 306 EADMERI
1825 245 2381 306 CANTUARIENSIS
2418 240 2733 304 MONACHI

3650 240 3769 300 740

448 395 665 447 centum
701 385 755 440 in
814 397 941 439 suos
997 397 1126 436 usus
1173 376 1528 432 retinuerunt.
1596 372 1714 441 Quo
1772 371 2042 428 beneﬁcio
2074 374 2126 433 A
2159 371 2364 439 debuit,
2403 387 2466 426 eo
2496 371 2773 442 despecto,
2806 369 2874 425 ab
2904 368 3113 426 eisdem
3145 366 3388 424 hostibus
3415 368 3573 434 mori,
3624 382 3774 438 quas

444 477 674 533 multum
705 473 927 530 antistos
954 486 1048 526 cor
1066 466 1308 524 omnium
1327 464 1380 518 in
1409 462 1780 517 suiconvertit
1802 475 2042 516 amorem

451 575 506 622 et
533 582 598 622 eo
628 562 957 635 prmdicante
1005 555 1306 612 ﬁducialius
1337 551 1576 609 caelestia
1605 565 1823 622 sperare
1854 565 2045 619 cmpe—

452 663 595 723 runt,
628 653 782 722 cujus
809 647 1109 704 ministerio
1142 641 1412 700 terrestria
1441 641 1584 696 bona
1614 648 1897 712 ceperunt.

517 747 606 799 47.
649 739 768 808 Quo
824 746 1067 808 tempore
1122 750 1221 790 rex
1278 731 1557 786 Elidwalh
1603 730 1829 784 donavit
1886 743 2049 784 servo

443 830 658 889 Domini
688 833 886 884 terram
918 824 1194 898 octoginta
1231 829 1441 892 septem
1493 817 1842 885 familiarum,
1876 833 2048 872 voca-

444 922 570 977 bulo
601 917 824 982 Selesei,
859 915 1002 987 quod
1045 913 1231 968 Latine
1271 911 1466 965 dicitur
1511 908 1692 962 Insula
1739 906 1896 960 vituli
1925 922 2049 960 ma-

444 1011 566 1078 rini,
593 1008 686 1063 ubi
730 1021 856 1061 suos
901 1002 1151 1058 homines
1195 999 1286 1070 qui
1318 997 1536 1053 exsules
1567 995 1923 1066 vagabantur,
1955 1009 2048 1048 re-

444 1100 628 1170 cipere
682 1101 889 1167 posset.
933 1093 1087 1146 Hunc
1146 1105 1277 1160 ergo
1337 1087 1514 1141 locum
1572 1101 1696 1140 cum
1752 1083 2053 1154 accepisset

447 1189 738 1260 episc0pus
794 1179 1104 1243 Wilfridus,
1141 1175 1383 1232 fundavit
1424 1173 1497 1228 ibi
1540 1172 1950 1239 monasterium,
1991 1186 2054 1225 ac

449 1275 685 1348 regulari
743 1273 856 1325 vita
913 1267 1161 1333 instituit,
1196 1265 1439 1319 maxime
1469 1271 1650 1317 tamen
1693 1277 1761 1316 ex
1807 1260 1873 1314 iis
1917 1274 2052 1348 quos

445 1347 628 1421 secum
702 1360 1006 1416 adduxerat
1078 1354 1370 1410 fratribus.
1427 1350 1585 1419 Quod
1659 1347 2053 1404 monasterium

446 1469 627 1525 usque
683 1449 846 1504 hodie
900 1459 1248 1501 successores
1307 1442 1422 1511 ejus
1479 1449 1660 1494 tenere
1716 1441 2042 1491 noscuntur.

446 1548 693 1600 Attamen
750 1537 906 1593 sedes
953 1533 1224 1589 cathedrae
1283 1528 1614 1601 episcOpalis
1672 1527 1725 1580 in
1756 1525 2051 1581 Cicestram

447 1639 635 1703 postea
684 1633 889 1682 mutata
943 1631 1039 1677 est.
1090 1620 1326 1691 Inclytus
1363 1625 1545 1673 autem
1578 1618 1736 1670 Pater
1765 1612 2054 1703 Wilfridus

2158 460 2307 532 prius
2336 460 2526 516 eodem
2556 460 2657 515 sibi
2703 459 3040 514 familiariter
3087 465 3310 531 accepto
3357 457 3553 512 meruit
3582 455 3774 512 felici-

2158 556 2244 605 ter
2269 566 2378 606 ευρ
2409 549 2599 604 ditioni
2629 549 2924 618 subjicere.
2973 549 3099 619 Ipsa
3144 556 3325 604 autem
3353 547 3486 602 hora
3514 562 3622 619 qua
3645 545 3775 617 ipse

2159 655 2258 694 rex
2288 638 2445 711 gravi
2472 638 2617 694 bello
2647 639 2703 692 in
2734 639 3002 693 Pictorum
3051 635 3331 708 provincia
3383 635 3770 707 premebatur,

2161 744 2354 784 servus
2403 727 2793 798 omnipotentis
2846 727 2944 782 Dei
2995 724 3291 780 Wilfridus
3337 725 3392 778 in
3423 725 3555 781 Suth
3585 724 3776 782 Saxo—

2159 816 2252 871 nia
2306 817 2473 872 sacris
2541 816 2835 871 missarum
2906 815 3364 871 celebrationibus
3429 814 3773 870 intendebat.

2158 906 2401 976 Cumque
2429 905 2574 962 dicto
2609 906 2846 962 Sursum
2875 905 3064 973 corda,
3087 904 3548 974 responderetur:
3584 903 3773 960 Habe—

2157 1011 2284 1050 mus
2300 993 2376 1050 ad
2399 997 2717 1061 Dominum,
2753 999 2945 1064 raptus
2974 993 3030 1048 in
3059 995 3261 1048 mentis
3304 1008 3596 1049 excessum
3629 991 3774 1049 vidit

2159 1084 2353 1140 eodem
2405 1091 2680 1138 momento
2719 1099 2816 1154 per
2858 1082 3104 1152 spiritum
3133 1081 3231 1137 Dei
3264 1081 3538 1138 chridum
3587 1081 3773 1153 capite

2162 1189 2360 1227 caesum
2391 1172 2548 1226 morti
2599 1172 2978 1244 procumbere.
3018 1170 3138 1240 Qua
3169 1170 3385 1226 visione
3414 1171 3766 1240 perterritus,

2162 1260 2356 1331 majori
2411 1269 2489 1317 est
2537 1277 2636 1331 per
2692 1261 2965 1316 modicum
3015 1268 3216 1315 terrore
3244 1260 3557 1330 perculsus.
3595 1260 3764 1326 Nam,

2165 1367 2289 1406 cum
2345 1350 2622 1420 sequentia
2678 1349 2858 1404 missae
2903 1357 3336 1422 prosaqueretur,
3371 1347 3506 1404 etin
3555 1347 3762 1420 praefa-

2161 1438 2305 1494 tione
2323 1441 2430 1495 Per
2459 1440 2741 1495 Christum
2763 1439 3069 1496 Dominum
3100 1443 3362 1495 nostrum
3392 1436 3663 1493 diceretur
3691 1437 3766 1492 ab

2162 1529 2298 1600 ipso,
2333 1528 2566 1597 aspexit,
2599 1536 2650 1583 et
2681 1544 2807 1584 ecce
2838 1529 2945 1583 duo
2991 1525 3217 1598 maligni
3262 1525 3480 1597 spiritus
3525 1526 3765 1581 animam

2160 1617 2307 1689 regis
2363 1624 2484 1671 ante
2530 1616 2702 1688 ipsius
2759 1615 2944 1673 oculos
3001 1615 3381 1670 miserabiliter
3449 1615 3761 1683 attulerunt,

450 1702 558 1776 illis
610 1719 663 1771 in
722 1713 967 1787 partibus
1025 1725 1196 1765 annos
1226 1707 1484 1778 quinque,
1519 1706 1620 1760 hoc
1663 1709 1743 1758 est
1775 1719 1946 1773 usque
1976 1702 2045 1756 ad
2073 1729 2128 1791 Β
2160 1706 2344 1776 sicque
2397 1705 2673 1760 horrendo
2719 1705 2926 1778 gemitu
2957 1704 3314 1775 suspirantem
3346 1718 3530 1760 secum
3558 1703 3631 1759 ad
3672 1703 3763 1759 in-

447 1817 676 1865 mortem
734 1801 959 1870 chridi,
990 1799 1127 1855 mira
1174 1797 1455 1852 sanctitate
1499 1803 1549 1849 et
1578 1792 1869 1864 prudentia
1895 1807 2044 1861 prae-

447 1899 607 1964 ditus,
641 1893 879 1949 ofﬁcium
910 1888 1254 1960 episcOpatus
1285 1883 1535 1940 omnibus
1561 1882 1721 1936 valde
1770 1881 1966 1936 charus
1995 1885 2048 1932 et

447 1981 788 2043 honorabilis
843 1976 1237 2034 admnistrabat
1273 1991 1286 2028 :
1317 1974 1387 2029 ad
1432 1988 1595 2043 quem
1651 1970 1726 2024 illi
1771 1985 1864 2024 rex
1922 1983 2046 2024 cum

447 2075 671 2149 praefata
730 2069 1077 2141 possessione
1135 2080 1322 2120 omnes
1373 2077 1494 2131 quae
1553 2060 1759 2114 ibidem
1817 2065 2046 2127 reperta:

446 2145 569 2220 sunt
626 2160 903 2217 facultates
951 2171 1087 2211 cum
1140 2153 1294 2224 agris
1353 2159 1404 2205 et
1453 2147 1765 2204 hominibus
1790 2145 2038 2201 donavit.

447 2255 653 2311 Omnes
680 2249 788 2304 ﬁde
819 2244 1015 2301 Christi
1043 2242 1280 2297 imbutos
1325 2240 1473 2294 unda
1516 2235 1824 2306 baptismali
1866 2233 1998 2290 lavit
2030 2249 2042 2288 :

446 2343 588 2400 inter
619 2354 755 2410 quos
783 2351 973 2391 servos
1004 2332 1278 2402 utriusque
1308 2344 1465 2383 sexus
1512 2341 1740 2380 numero
1786 2323 2046 2378 ducentos

447 2428 840 2504 quinquaginta
887 2421 1199 2492 baptizavit,
1246 2433 1384 2488 quos
1415 2425 1471 2470 ut
1511 2413 1834 2504 baptizando
1864 2427 1894 2504 a
1926 2428 2046 2504 ser-

446 2500 614 2580 vitute
671 2515 949 2570 diabolica
1000 2507 1274 2574 liberavit,
1308 2506 1387 2561 sic
1435 2504 1598 2559 etiam
1655 2500 1892 2557 libertati
1938 2500 2044 2556 do-

451 2610 633 2666 nando
661 2607 918 2660 humanae
942 2601 1078 2671 jugo
1110 2595 1381 2652 servitutis
1407 2592 1660 2648 absolvit.

509 2701 606 2752 48.
639 2697 764 2749 Post
792 2694 929 2759 hac,
962 2704 1086 2743 cum
1117 2683 1411 2750 Cedwalla,
1447 2681 1539 2753 qui
1587 2680 1654 2734 ab
1693 2678 1887 2734 exsilio
1918 2693 2044 2732 me-

449 2789 569 2844 ritis
615 2792 668 2840 et
710 2776 1199 2838 iuterventionibus
1229 2772 1374 2827 beati
1404 2769 1647 2826 Wilfridi
1677 2767 1850 2824 fuerat
1875 2782 2044 2822 revo-

456 2885 628 2942 catus,
649 2886 820 2942 regno
863 2867 1066 2938 potitus
1115 2871 1256 2918 esset
1300 2860 1672 2926 Gevissorum,
1705 2857 1929 2912 Vectem
1959 2854 2046 2908 iu-

451 2967 632 3023 sulam
661 2960 805 3015 bello
835 2970 1048 3026 capere,
1101 2969 1163 3006 ac
1212 2949 1451 3021 expulsis
1491 2945 1761 3017 indigenis
1791 2944 2046 2999 homines

451 3071 565 3112 sua:
592 3046 892 3123 provinciae
921 3041 1197 3115 cogitabat
1239 3039 1424 3094 eidem
1469 3036 1660 3089 insulae
1695 3032 2042 3123 substituere.

451 3121 649 3200 Fuerat
676 3147 857 3196 autem
900 3133 1091 3188 eadem
1129 3128 1308 3184 insula
1338 3135 1561 3181 eatenus
1600 3121 1915 3178 idololatriae
1944 3121 2048 3176 de-

451 3235 584 3290 dita.
611 3229 715 3287 Ubi
764 3241 892 3283 vero
949 3221 1017 3278 ad
1064 3227 1342 3274 certamen
1397 3221 1618 3271 ventum
1673 3219 1772 3279 est,
1805 3219 1930 3267 voto
1988 3225 2049 3266 se

450 3326 783 3379 memoratus
838 3313 1110 3385 princeps,
1144 3303 1392 3378 quamvis
1433 3300 1672 3357 nondum
1719 3299 1775 3354 in
1833 3299 2048 3354 Christo

450 3414 815 3484 regeneratus,
875 3398 1142 3466 astrinxit,
1197 3394 1453 3466 quoniam
1491 3391 1536 3445 si
1591 3392 1762 3445 victor
1806 3387 2048 3484 insulam

449 3475 702 3571 cepisset,
761 3498 1011 3564 quartum
1069 3487 1184 3554 ejus
1239 3478 1687 3571 partem_simul_
1735 3475 2047 3571 et-praedae

449 3565 952 3646 CliristorDomino
1007 3576 1183 3630 daret.
1249 3571 1408 3638 Quod
1477 3569 1593 3637 ipse
1640 3565 1862 3622 victoria
1917 3580 2048 3619 usus

462 3678 641 3734 taliter
685 3669 867 3734 solvit,
912 3673 974 3719 ut
1018 3665 1155 3717 hanc
1183 3659 1343 3714 beato
1373 3656 1636 3711 Wilfrido
1675 3653 1932 3709 utendam
1954 3667 2051 3724 pro

448 3765 683 3822 Domino
732 3755 937 3812 offeret.
1001 3751 1066 3804 Et
1106 3746 1366 3818 quoniam
1406 3757 1656 3798 mensura
1686 3741 1929 3810 ejusdem
1957 3740 2048 3794 in-

450 3853 602 3916 sulae,
632 3849 791 3919 juxta
817 3837 1234 3898 aestimationem
1264 3832 1580 3904 Anglorum,
1617 3829 1946 3919 familiarum
1968 3837 2049 3885 est

449 3940 598 3997 mille
635 3917 1011 3996 ducentarum,
1045 3927 1176 3982 data
1223 3931 1301 3978 est
1343 3920 1559 3977 antistiti
1590 3917 1862 3990 possessio
1894 3927 2047 3975 terrae

448 4027 782 4087 familiarum
812 4024 1200 4076 trecentarum.
1256 4016 1322 4067 At
1370 4011 1484 4080 ipse
1515 4016 1723 4080 partem
1755 4024 1916 4078 quam
1947 4023 2044 4063 ac-

449 4117 613 4190 cepit,
647 4107 1050 4170 commendavit
1079 4102 1293 4161 cuidam
1326 4101 1392 4154 de
1419 4099 1635 4190 clericis
1659 4097 1786 4190 suis,
1820 4097 1905 4152 cui
1927 4111 2044 4190 gno-

448 4186 574 4265 men
602 4200 928 4267 Bernuinus,
962 4195 1050 4268 qui
1107 4198 1226 4249 erat
1271 4189 1415 4244 ﬁlius
1469 4187 1669 4243 sororis
1711 4187 1849 4256 ejus,
1908 4186 2045 4242 dans

446 4298 526 4352 illi
572 4291 947 4365 presbyterum
995 4282 1214 4338 nomine
1266 4277 1543 4346 Ilildilam,
1577 4275 1818 4348 utrisque
1847 4275 2044 4365 praei-

443 4363 622 4459 piens,
681 4385 940 4451 quatenus
977 4372 1031 4427 in
1074 4371 1193 4442 ipsa
1236 4366 1412 4421 insula
1454 4365 1861 4435 quibuscumque
1891 4363 2042 4459 vale-

445 4447 618 4542 rent,'
647 4447 874 4528 verbum
905 4479 968 4518 ac
1016 4462 1295 4516 lavacrum
1323 4455 1446 4511 vitae
1493 4453 1884 4542 ministrarent.
1935 4451 2039 4520 Qui
2070 4447 2122 4507 D

445 4541 747 4621 ministerio
791 4548 1195 4626 praedicationis
1225 4551 1520 4612 assumpto,
1551 4541 1758 4598 meritis
1787 4547 1840 4595 et
1869 4542 2041 4596 inter-

442 4647 778 4712 cessionibus
807 4641 952 4698 beati
976 4637 1150 4694 Patris
1177 4648 1382 4704 suaque
1412 4630 1692 4700 instantia,
1725 4629 2039 4686 Christianae

440 4743 562 4798 ﬁdei
589 4739 728 4809 jugo
761 4731 1046 4806 praefatam
1077 4725 1307 4781 insulam
1334 4719 1701 4790 subjecerunt.

510 4859 599 4909 49.
632 4855 784 4906 Anno
816 4843 1077 4903 incarnati
1109 4839 1272 4896 Verbi
1303 4838 1398 4892 Dei
1455 4833 1846 4892 sexcentesimo
1876 4839 2033 4890 octo-

440 4942 652 5018 gesimo
681 4939 890 5008 quinto,
911 4949 1036 4990 cum
1055 4929 1306 4986 chridus
1325 4943 1420 4981 rex
1437 4923 2032 4981 Nordamhumbrorum

438 5012 643 5090 temere
690 5025 983 5081 exercitum
1027 5021 1097 5076 ad
1143 5015 1464 5074 vastandam
1494 5015 1758 5070 Pictorum
1804 5012 2032 5082 provin-

438 5123 580 5178 ciam
645 5114 906 5181 duxisset,
973 5108 1217 5165 hostibus
1282 5105 1470 5176 fugam
1534 5101 1928 5168 simulantibus,
1974 5101 2032 5157 in

438 5206 712 5282 angustias
775 5202 1170 5258 inaccessorum
1231 5193 1495 5251 montium
1572 5199 1654 5248 est
1716 5191 2028 5262 perductus,

438 5281 603 5372 atque
631 5309 753 5352 cum
783 5289 1018 5348 maxima
1045 5287 1127 5342 sui
1155 5284 1422 5343 exercitus
1448 5281 1626 5353 c0pia,
1649 5295 1813 5352 quam
1843 5295 2031 5336 secum

437 5369 761 5452 abduxerat,
821 5380 1129 5438 exstinctus.
1181 5376 1248 5432 Et
1297 5373 1515 5446 quidem
1565 5370 1736 5440 juste,
1769 5369 1859 5442 qui
1903 5384 2030 5426 cum

435 5481 614 5537 virum
661 5476 787 5534 vitae
836 5470 985 5526 nullo
1031 5474 1196 5538 pacto
1235 5463 1295 5518 in
1336 5459 1630 5517 amicitiam
1654 5473 1808 5515 suam
1846 5459 1936 5515 vel
1973 5459 2029 5514 in

420 5569 552 5641 jura
579 5563 871 5638 potestatis
926 5573 1040 5617 sua:
1077 5555 1335 5628 dignatus
1361 5557 1445 5608 est
1481 5547 1792 5617 admittere,
1828 5549 2026 5607 merito

2158 1795 2300 1850 ferni
2355 1794 2584 1850 claustra
2634 1796 2883 1850 tulerunt.
2943 1794 3095 1849 Illico
3139 1796 3338 1850 Accam
3389 1793 3763 1865 presbyterum

2153 1899 2312 1938 suum
2346 1883 2578 1950 vocavit,
2610 1887 2663 1937 et
2701 1882 2749 1938 ei
2780 1890 2976 1938 cuncta
3025 1898 3148 1953 quae
3201 1881 3419 1937 viderat
3465 1881 3756 1942 enarravit.

2152 1972 2233 2026 Ad
2261 1989 2381 2044 qua:
2411 1972 2696 2044 presbyter
2732 1971 3043 2027 vehementi
3084 1978 3303 2042 stupore
3333 1970 3629 2039 avtonitus,
3671 1971 3754 2024 tix

2155 2061 2302 2116 illius
2394 2061 2578 2117 verbis
2654 2061 2895 2115 auditum
2960 2059 3228 2130 patienter
3283 2059 3506 2116 credere
3553 2059 3748 2130 potuit.

2153 2151 2336 2205 Justus
2366 2159 2542 2205 autem
2594 2150 2738 2205 diem
2795 2157 2848 2204 et
2905 2151 3093 2204 horam
3143 2147 3313 2220 regia:
3354 2148 3753 2204 interfectionis

2152 2239 2379 2306 notavit,
2415 2243 2470 2294 et
2498 2255 2618 2294 eam
2650 2239 2822 2309 ipsam
2876 2237 3040 2293 fuisse
3094 2245 3218 2308 post
3265 2236 3470 2310 aliquot
3512 2237 3629 2292 dies
3675 2237 3755 2293 rei

2152 2335 2321 2400 gestae
2351 2327 2664 2383 attestation
2687 2327 3080 2398 comprobavit.

2230 2447 2320 2498 ὅο.
2356 2444 2518 2498 Fama
2549 2442 2716 2514 igitur
2761 2442 3180 2512 circumquaque
3230 2442 3376 2516 regis
3415 2443 3624 2500 obitum
3653 2443 3761 2500 de-

2152 2533 2452 2601 nuntiante,
2511 2532 2686 2588 veloci
2727 2531 2900 2587 relatu
2947 2531 3019 2586 ad
3058 2545 3214 2587 aures
3242 2533 3513 2588 Theodori
3543 2541 3756 2590 metro-

2153 2622 2410 2693 politanze
2440 2620 2584 2676 sedis
2615 2620 2874 2676 antistitis
2903 2621 3168 2690 pervenit.
3189 2619 3294 2689 Qui
3312 2621 3575 2678 delictum
3606 2622 3762 2692 quod

2147 2711 2256 2780 jam
2286 2710 2417 2765 olim
2450 2709 2502 2764 in
2534 2709 2797 2764 famulum
2823 2708 2924 2764 Dei
2953 2709 3318 2776 commiserat,
3361 2709 3761 2766 consentiendo

2151 2798 2408 2855 videlicet
2471 2813 2597 2853 eum
2656 2798 2822 2852 tantis
2869 2797 3387 2868 perturbationibus,
3420 2807 3477 2854 ut
3531 2797 3755 2871 praefati

2153 2903 2356 2955 sumus,
2390 2886 2588 2956 injuste
2628 2886 2827 2958 aﬁligi;
2885 2887 3010 2955 hoc,
3035 2885 3276 2956 inquam,
3327 2887 3582 2944 delictum
3637 2888 3752 2942 hu-

2154 2976 2266 3030 mili
2315 2975 2677 3031 satisfactioue
2733 2974 3011 3046 corrigere
3061 2976 3278 3042 volens,
3319 2976 3468 3031 misit
3522 2983 3752 3048 propter

2155 3081 2299 3132 eum,
2331 3074 2386 3120 et
2415 3064 2484 3119 ad
2513 3080 2572 3119 se
2610 3063 2908 3120 honoriﬁce
2937 3064 3259 3133 perductum
3299 3065 3476 3121 taliter
3505 3073 3583 3121 est
3609 3065 3758 3122 allo-

2157 3162 2357 3210 cutus:
2415 3177 2435 3201 u
2483 3153 2601 3221 Fili,
2670 3154 2781 3208 imo
2850 3152 3104 3208 virtutum
3162 3153 3366 3208 meritis
3420 3154 3764 3210 sanctissime

2159 3245 2340 3311 Pater,
2370 3257 2477 3315 ego
2499 3243 2589 3313 qui
2618 3241 2688 3297 ad
2719 3243 2820 3296 hoc
2849 3257 2968 3311 prae
2996 3241 3208 3298 caeteris
3227 3242 3550 3299 constitutus
3580 3259 3756 3310 eram,

2156 3340 2212 3387 ut
2243 3331 2389 3387 omni
2419 3331 2694 3402 injustitiae
2732 3347 2854 3402 quae
2883 3330 2938 3386 in
2965 3331 3070 3387 hoc
3109 3347 3280 3403 regno
3309 3347 3594 3404 emergere
3619 3347 3758 3402 pos-

2159 3429 2259 3490 set,
2291 3420 2603 3482 obviarem;
2649 3418 2874 3491 propria
2909 3419 3201 3491 fragilitate
3247 3420 3525 3488 subactus,
3572 3420 3754 3492 pluri-

2157 3511 2262 3565 mis
2299 3508 2395 3565 tibi
2448 3516 2637 3566 contra
2669 3508 2757 3574 jus
2801 3509 3225 3578 adversantibus,
3271 3509 3470 3579 fateor,
3530 3510 3761 3565 multum

2157 3599 2435 3670 peccando
2465 3597 2738 3655 consensi.
2793 3597 2908 3652 Sed
2955 3597 3088 3652 mihi
3112 3599 3331 3668 culpam
3361 3598 3551 3655 fatenti
3580 3606 3634 3655 et
3661 3599 3752 3654 in-

2160 3687 2289 3742 timo
2319 3687 2482 3744 corde
2529 3686 2905 3756 paenitentiam
2937 3687 3120 3758 agenti
3151 3687 3294 3758 pius,
3341 3703 3545 3758 quaso,
3579 3687 3754 3743 venia;

2157 3774 2390 3847 largitor
2419 3774 2628 3832 assiste.
2662 3775 2862 3830 Ultima
2903 3791 3036 3846 ergo
3081 3791 3240 3843 mete,
3282 3775 3420 3832 sicut
3449 3783 3505 3831 tu
3550 3776 3752 3844 cernis,

2155 3879 2302 3920 nunc
2329 3865 2538 3919 instant
2565 3871 2809 3934 tempora
2835 3863 2989 3927 vitae;
3020 3879 3086 3919 ac
3114 3880 3213 3934 per
3239 3864 3344 3921 hoc
3373 3864 3519 3935 quod
3547 3865 3757 3934 depre-

2155 3968 2249 4008 cor
2272 3968 2469 4020 annue,
2501 3961 2574 4020 et,
2605 3951 2926 4023 suppliciter
2955 3970 2988 4007 a
3032 3969 3119 4008 me
3146 3952 3454 4023 postulatus
3479 3953 3756 4011 intercede

2155 4057 2256 4114 pro
2287 4058 2440 4098 me.»
2473 4041 2710 4096 Territus
2761 4041 2844 4095 his
2899 4041 3084 4097 verbis
3137 4043 3264 4098 Jesu
3312 4042 3510 4097 Christi
3538 4042 3758 4098 Domini

2153 4146 2366 4199 servus,
2397 4129 2676 4200 respondit
2708 4148 2720 4184 :
2777 4152 2798 4177 ιι
2832 4130 2902 4185 Et
2929 4130 3150 4199 quidem
3180 4131 3365 4185 multis
3401 4147 3490 4186 me
3518 4130 3754 4186 tribula-

2154 4220 2390 4277 tionibus
2421 4228 2471 4275 te
2500 4218 2871 4276 consentiente
2900 4217 3176 4286 afﬂictum,
3208 4228 3392 4291 pastor
3422 4221 3753 4288 venerande,

2153 4326 2262 4366 non
2291 4308 2496 4364 nescio.
2527 4308 2680 4363 Absit
2701 4315 2902 4376 tamen,
2926 4308 3076 4364 absit
3103 4317 3162 4363 ut
3200 4308 3304 4365 hoc
3335 4315 3385 4364 te
3413 4309 3608 4381 quavis
3633 4325 3756 4365 ma-

2153 4397 2268 4453 litia
2321 4398 2598 4453 inductum
2649 4396 2817 4452 fuisse
2873 4395 3238 4452 crediderim!
3273 4398 3493 4467 Verum,
3533 4405 3593 4453 ut
3645 4415 3752 4454 au-

2153 4493 2323 4554 tumo,
2355 4501 2424 4542 ea
2477 4485 2655 4556 potius
2697 4485 2994 4541 intentione
3033 4485 3090 4540 id
3120 4484 3316 4551 fecisti,
3346 4487 3475 4556 quia
3525 4486 3756 4543 volebas

2151 4590 2238 4631 me
2294 4591 2394 4646 per
2447 4574 2596 4645 ipsas
2645 4573 3018 4629 tribulationes
3067 4574 3123 4628 in
3164 4573 3428 4645 patientia
3466 4575 3751 4642 exerceri;

2149 4669 2422 4733 quatenus
2487 4660 2853 4717 anxietatibus
2909 4670 3080 4731 actus,
3147 4677 3249 4732 per
3310 4662 3412 4718 iter
3477 4663 3752 4734 patientiae

2147 4767 2365 4823 possem
2405 4749 2753 4821 perfectionis
2798 4749 3017 4806 culmen
3061 4750 3359 4823 attingere.
3406 4751 3755 4824 Quapropter

2146 4841 2314 4896 multo
2362 4839 2539 4911 magis
2595 4838 2694 4894 tibi
2747 4855 2850 4909 pro
2899 4847 2988 4895 tua
3032 4839 3172 4896 bona
3221 4840 3519 4896 intentione
3555 4847 3751 4914 grates

2145 4944 2310 5001 agere
2339 4929 2532 4996 debeo,
2565 4944 2728 4998 quam
2771 4936 2825 4983 tu
2869 4928 3016 5000 apud
3057 4944 3146 4984 me
3189 4928 3315 4984 inde
3345 4929 3562 4986 veniam
3587 4945 3748 4999 que-

2141 5034 2262 5075 rere
2295 5036 2306 5073 :
2341 5018 2643 5087 praesertim
2686 5032 2808 5073 cum
2857 5033 3133 5088 nunquam
3166 5017 3327 5076 venia
3371 5017 3472 5074 rite
3510 5025 3745 5088 petatur,

2143 5107 2242 5163 nisi
2287 5108 2434 5162 unde
2476 5106 2658 5176 aliqua
2705 5105 2931 5162 offensio
2986 5114 3265 5163 contracta
3319 5121 3441 5164 esse
3499 5114 3742 5178 putatur.

2141 5197 2249 5252 Sed
2279 5195 2535 5266 quoniam
2566 5202 2618 5250 te
2647 5194 3067 5266 circumquaque
3115 5195 3389 5252 oculatum
3417 5195 3588 5252 instar
3624 5211 3744 5253 οω-

2139 5284 2288 5342 lestis
2333 5283 2582 5340 animalis
2617 5298 2739 5340 esse
2767 5299 2877 5340 non
2904 5284 3106 5351 nescio,
3141 5283 3539 5356 perspicaciter
3583 5291 3746 5355 atque

2137 5372 2405 5429 subtiliter
2467 5389 2588 5443 quae
2635 5379 2760 5428 sunt
2794 5371 3030 5431 videnda
3092 5381 3145 5429 te
3209 5373 3553 5429 considerare
3609 5387 3742 5444 per-

2136 5461 2345 5534 pendo.
2392 5461 2474 5517 Ea
2510 5469 2734 5532 propter
2769 5459 2820 5517 si
2866 5469 3027 5532 putas
3063 5468 3136 5529 te,
3168 5461 3328 5518 Pater
3367 5461 3738 5532 dilectissime,

2138 5550 2342 5622 aliquid
2400 5550 2606 5623 peccati
2651 5550 2984 5608 contraxisse
3029 5549 3086 5607 in
3122 5549 3192 5607 iis
3246 5565 3370 5622 qua
3423 5557 3612 5608 contra
3646 5563 3738 5606 me
