4046 6076
262 261 366 318 7U

1654 252 1811 314 VITA
1842 256 1901 314 S.
1935 249 2293 314 WILFRIDI.

3469 264 3577 324 742

259 386 378 443 ﬁeri
403 388 750 458 consensisti,
782 395 1044 459 quantum
1072 399 1196 443 mea
1222 388 1406 440 mente
1444 381 1621 438 libens
1671 381 1857 437 indul-
1886 380 1943 442 Α
1970 380 2114 436 lenta
2147 380 2424 437 damnatio
2451 381 2572 453 ejus
2607 382 2618 437 l
2649 390 2706 439 et
2723 397 2887 454 quam
2927 382 3155 441 difﬁcile
3195 386 3270 442 .ad
3311 387 3582 449 subterfu—

256 490 386 547 geo,
416 484 473 533 et
500 477 792 550 indulgens
819 478 986 533 etiam
1023 491 1192 546 super
1222 482 1274 528 te
1314 470 1748 528 misericordiam
1776 470 1865 541 ju-

258 564 402 620 dicis
432 565 618 622 venire
643 565 879 637 supplici
907 564 1201 621 devotione
1249 560 1506 632 deposco.
1543 583 1566 609 »
1624 557 1711 614 Ex
1767 560 1870 614 hoc

261 650 577 710 ﬁrmissima
623 654 1073 726 sanctissimeque
1132 652 1272 708 inter
1327 650 1476 721 ipsos
1532 646 1870 705 venerabiles

264 741 420 805 viros
446 759 584 814 pace
611 743 856 811 fundata,
887 740 1141 815 pastorali
1170 739 1493 796 auctoritate
1520 746 1706 794 mutuo
1749 752 1871 793 sese

260 831 477 887 Christo
534 832 912 900 conciliavere,
966 839 1020 885 et
1080 828 1272 886 laetitia
1355 826 1619 897 spirituali
1662 826 1866 896 jucun-

261 919 480 988 dantes,
503 936 626 994 qua:
683 919 784 978 Dei
838 926 965 976 sunt
1016 918 1276 975 unanima
1327 916 1623 973 assertione
1679 923 1869 971 tracta-

258 1023 416 1065 vere.

329 1101 426 1155 58.
458 1096 729 1156 Prmterea
746 1097 1063 1156 Theodorus
1095 1096 1243 1152 misit
1276 1095 1482 1151 litteras
1513 1092 1749 1159 Alfrido,
1777 1091 1869 1163 qui

258 1184 313 1240 in
335 1193 503 1258 gente
533 1187 1115 1244 Nordanhumbrorum
1129 1186 1385 1241 defuncto
1402 1182 1626 1240 chrido
1667 1182 1866 1253 funge-

259 1275 424 1330 batur
452 1293 464 1330 :
499 1274 555 1332 in
584 1276 782 1347 quibus
807 1277 915 1333 sibi
948 1276 1224 1332 rhetorica
1282 1272 1539 1329 facundia
1599 1271 1763 1325 suasit
1816 1277 1871 1326 et

259 1365 559 1436 persuasit,
582 1373 848 1435 quatenus
866 1365 1028 1422 beato
1062 1361 1326 1419 Wilfrido
1358 1376 1429 1417 ex
1463 1359 1627 1416 corde
1660 1359 1869 1414 amicus

259 1448 441 1519 ﬁeret,
462 1464 695 1521 eumque
729 1450 783 1505 in
802 1450 934 1505 sede
974 1448 1231 1504 Ecclesiae
1267 1462 1403 1517 suae,
1435 1444 1502 1499 de
1538 1460 1645 1517 qua
1674 1444 1868 1513 injuste

260 1536 548 1615 depositus
586 1537 782 1605 fuerat,
819 1535 1116 1594 honoriﬁce
1161 1537 1452 1607 reciperet.
1507 1532 1731 1590 Alfredo
1788 1532 1865 1603 (6)

263 1626 426 1682 etiam
447 1626 564 1698 regi
596 1627 940 1693 Merciorum,
963 1642 1136 1683 necne
1185 1624 1510 1696 quihusdam
1558 1620 1680 1677 aliis
1703 1637 1870 1692 super

1980 468 2239 541 giendum
2269 485 2341 525 ex
2367 470 2759 527 consuetudine
2785 471 3089 527 admissum
3127 473 3221 543 jus
3284 479 3582 548 possessio-

1979 556 2197 627 nisejus
2220 559 2232 612 l
2255 558 2393 613 Dum
2424 558 2565 613 enim
2584 559 2702 616 viro
2722 559 2940 615 virtutis
2973 561 3102 630 quid
3147 563 3275 619 novi
3326 565 3385 619 in
3422 567 3580 639 pacis

1978 645 2392 703 subversionem
2440 647 2704 718 objiceret
2756 664 2867 705 non
2921 648 3210 719 inveniret,
3232 654 3579 726 antiquarum

1980 735 2375 792 dissensionum
2405 752 2757 808 persuasores
2785 737 2841 792 in
2856 739 3116 810 pristinos
3135 748 3313 797 motus
3356 743 3576 811 excitat,

1978 832 2032 880 et
2059 824 2308 880 celeriter
2331 841 2430 895 per
2476 842 2570 883 eos
2612 842 2823 899 regem,
2858 842 2994 898 pace
3033 828 3297 899 discussa,
3331 830 3389 886 in
3437 832 3579 888 iram

1976 920 2166 970 contra
2213 912 2534 984 pontiﬁcem
2586 922 2776 970 armat.
2818 916 2981 984 Nam,
3034 917 3216 973 verbis
3277 918 3579 977 delatorum

1977 1018 2251 1070 accensus,
2274 1002 2327 1057 in
2359 1004 2538 1059 varias
2593 1010 2644 1059 et
2684 1003 3008 1074 multiplices
3044 1008 3423 1076 possessiones
3462 1008 3581 1080 ejus

1978 1093 2143 1163 coepit
2164 1091 2346 1147 subita
2367 1091 2662 1163 cupiditate
2702 1100 2957 1161 aestuare,
3008 1101 3058 1148 et
3093 1110 3188 1150 eas
3239 1097 3347 1166 juri
3394 1097 3577 1155 eccle-

1976 1184 2198 1249 siarum,
2226 1180 2431 1253 quibus
2451 1180 2591 1236 datae
2623 1180 2855 1248 fuerant,
2879 1197 2986 1237 non
3016 1183 3139 1252 jure
3187 1185 3420 1241 auferre.
3481 1186 3578 1241 Cui

1977 1271 2238 1342 quoniam
2279 1267 2574 1324 Willridus
2608 1269 2911 1340 episcOpali
2954 1270 3273 1327 auctoritate
3312 1275 3581 1331 contraire

1975 1376 2087 1417 non
2117 1359 2310 1426 timuit,
2331 1358 2485 1431 gravi
2511 1365 2697 1414 contra
2725 1374 2784 1413 se
2806 1373 2988 1429 regem
3036 1359 3316 1425 iracundia
3362 1362 3577 1418 inﬂam-

1977 1449 2172 1506 mavit.
2210 1448 2365 1504 Unde
2396 1447 2593 1502 factum
2624 1453 2707 1503 est
2752 1454 2809 1501 ut
2848 1463 2943 1502 rex
2976 1447 3128 1503 illum
3172 1450 3424 1506 omnibus
3466 1452 3582 1507 suis

1978 1537 2272 1610 spoliatum
2301 1552 2335 1592 a
2361 1552 2538 1608 regno
2569 1553 2667 1592 suo
2694 1536 2902 1606 pellere
2930 1545 3282 1607 proponeret.
3339 1543 3385 1592 Λ
3433 1541 3581 1612 quod

1978 1626 2419 1700 peragendumut
2437 1625 2911 1695 archiepiscopum
2954 1626 3399 1682 Cantuariensem
3444 1643 3582 1698 pro-

261 1715 461 1771 eodem
480 1716 710 1787 negotio
733 1715 1032 1784 mandavit,
1065 1714 1262 1787 quibus
1305 1729 1369 1769 ea
1395 1712 1466 1768 de
1509 1726 1571 1766 re
1604 1710 1863 1766 mandare
1890 1736 1944 1795 B
1976 1717 2138 1788 positi
2175 1716 2257 1771 sui
2294 1722 2668 1772 exsecutorem
2705 1714 2954 1781 haberet,
3003 1716 3263 1786 opposuit
3309 1715 3387 1771 illi
3434 1716 3582 1789 quod

259 1818 369 1860 non
414 1804 771 1878 incongruum
793 1804 1076 1875 judicavit.
1126 1802 1230 1872 Qui
1254 1817 1445 1858 omnes
1471 1816 1579 1856 una
1616 1814 1741 1856 cum
1765 1814 1857 1854 re-

271 1892 443 1965 gibus
489 1892 758 1949 mandatis
802 1892 915 1964 pari
960 1892 1318 1948 consensione
1380 1889 1640 1958 faventes,
1691 1888 1862 1943 multa

257 1980 443 2051 cordis
476 1981 753 2037 alacritate
768 1980 1164 2037 nobilissimum
1201 1978 1416 2036 Domini
1452 1978 1715 2034 famulum
1743 1992 1864 2033 sese

256 2069 325 2126 in
338 2071 569 2141 propria
592 2078 905 2141 recepturos
936 2070 1350 2127 remandavere.
1384 2066 1528 2137 Quin
1571 2067 1732 2122 etiam
1766 2082 1863 2121 rex

256 2157 504 2214 Alfridus
539 2158 742 2214 nuntiis
775 2174 808 2213 a
841 2158 1012 2214 latere
1050 2173 1152 2214 suo
1182 2156 1429 2226 directis,
1478 2155 1662 2212 debito
1694 2170 1863 2211 vene-

263 2246 501 2302 rationis
531 2246 795 2320 obsequio
824 2247 999 2304 virum
1040 2261 1298 2303 revocare
1348 2244 1625 2317 praecepit.
1672 2244 1865 2316 Reguli

257 2349 395 2407 ergo
445 2335 793 2406 invitatione,
837 2351 936 2392 nec
979 2351 1087 2391 non
1139 2333 1434 2406 pontiﬁcali
1499 2334 1867 2405 praeceptione

257 2431 563 2479 conventus
595 2423 664 2479 ad
701 2441 857 2480 suam
896 2423 1187 2481 ecclesiam
1216 2423 1410 2479 reddit.
1457 2422 1503 2477 Ο
1540 2438 1707 2495 quam
1736 2421 1867 2477 felix

258 2511 353 2566 ille
393 2511 513 2568 dies
562 2512 816 2569 omnibus
863 2530 965 2586 per
1004 2513 1059 2569 id
1099 2513 1340 2569 locorum
1392 2510 1870 2568 commanentibus

267 2600 495 2671 exstitit,
529 2588 896 2673 quantamque
928 2601 1120 2657 mentis
1147 2600 1388 2656 lmtitiam
1420 2600 1625 2656 cunctis
1655 2599 1711 2653 in
1753 2599 1867 2655 cir-

265 2688 473 2745 cuitum
494 2690 711 2762 populis
743 2688 1320 2758 liabitantibusattulit,
1340 2688 1431 2760 qui
1464 2688 1683 2744 beatum
1715 2687 1867 2743 Wil-

261 2777 464 2833 fridum
494 2780 565 2834 ab
601 2779 794 2834 exsilio
819 2788 1138 2838 revocatum
1167 2777 1372 2849 primus
1407 2777 1589 2834 videre
1642 2792 1868 2849 prome-

264 2865 376 2921 ruit
397 2866 746 2937 !.Qnishujus
773 2866 975 2923 laetitiae
1010 2868 1239 2922 formam
1270 2866 1435 2936 plene
1464 2864 1699 2936 capiat?
1747 2867 1869 2939 quis

261 2970 386 3010 eam
417 2955 676 3011 cordibus
688 2956 917 3013 aliorum
935 2972 1035 3027 per
1048 2957 1129 3011 sui
1159 2955 1269 3011 oris
1288 2952 1528 3010 ofﬁcium
1564 2953 1811 3011 infundat
1840 2957 1869 3009 °.

263 3042 479 3100 Crebra
497 3044 890 3101 monachorum
948 3043 1199 3100 examina
1233 3043 1450 3098 obviam
1489 3044 1634 3098 Patri
1667 3060 1865 3114 proce-

258 3130 417 3201 dunt,
435 3132 756 3188 clericorum
777 3132 1002 3204 agmina
1029 3148 1149 3187 cum
1183 3131 1345 3187 totius
1363 3131 1665 3205 frequentia
1688 3132 1866 3203 plebis

259 3235 359 3276 suo
388 3220 593 3291 pastori
624 3221 867 3276 certatim
890 3235 1175 3277 occursare
1205 3220 1562 3289 contendunt,
1591 3233 1642 3276 et
1675 3236 1867 3276 omnes

253 3307 401 3365 elata
455 3324 594 3365 voce
648 3309 938 3365 Dominum
1015 3308 1399 3364 benedicentes
1487 3324 1611 3365 eum
1685 3308 1867 3364 susci-

253 3397 430 3468 piunt,
453 3396 593 3454 acin
612 3396 903 3454 ecclesiam
923 3397 1148 3453 ducunt.
1187 3395 1249 3451 In
1277 3413 1383 3469 qua
1422 3396 1520 3453 ille
1549 3396 1865 3465 roboratus,

255 3490 311 3542 et
357 3501 391 3541 a
428 3501 535 3558 qua
571 3494 696 3557 post
751 3486 1027 3543 modicum
1099 3486 1392 3542 eliminatis
1448 3502 1571 3558 quae
1635 3502 1867 3543 censura

256 3569 528 3642 zequitatis
570 3571 772 3626 auferri
801 3571 1006 3628 debere
1073 3570 1411 3640 monstravit,
1457 3570 1721 3643 quidquid
1769 3579 1869 3626 ter-

259 3673 443 3714 rarum
473 3668 567 3715 aut
583 3659 852 3716 redituum
868 3660 977 3732 juri
999 3660 1248 3716 ecclesiae
1301 3659 1664 3730 competebat,
1716 3659 1868 3718 brevi

256 3750 639 3818 recuperavit;
666 3749 1015 3805 nihilominus
1064 3764 1284 3820 quoque
1338 3747 1643 3804 divinitatis
1696 3748 1867 3806 verba

258 3835 603 3893 subditorum
632 3837 886 3893 'cordibus
922 3837 1173 3911 quotidie
1201 3854 1300 3909 per
1313 3837 1462 3891 illum
1482 3836 1863 3908 infunduntur,

258 3932 312 3980 et
339 3926 401 3981 in
417 3927 499 3982 eis
512 3926 644 3998 [om
657 3943 819 3999 aquae
830 3926 1093 3982 salientis
1107 3926 1171 3982 in
1183 3926 1236 3983 υἱ
1243 3930 1359 3982 tam
1370 3928 1648 3981 aeternam
1661 3927 1830 3996 (Joan
1842 3966 1856 3983 .

254 4028 331 4083 tv,
367 4013 454 4084 14)
470 4015 727 4070 exoritur.
753 4013 952 4069 Christi
987 4013 1129 4070 ﬁdes
1171 4029 1297 4070 cum
1327 4013 1594 4070 bonorum
1638 4030 1865 4085 operum

257 4101 940 4172 redhibitionerecalescit,
972 4118 1109 4174 opus
1128 4108 1311 4159 autem
1366 4100 1612 4175 perﬁdiae
1656 4110 1709 4158 et
1753 4119 1866 4160 ma-

250 4188 523 4263 lignitatis
551 4191 751 4262 ubique
798 4190 1064 4263 frigescit.
1112 4190 1479 4259 Quamobrem
1517 4208 1626 4262 pax
1658 4191 1866 4248 sincera

253 4279 524 4345 cordium,
566 4279 863 4350 tranquilla
894 4280 1170 4351 opulentia
1198 4295 1406 4349 rerum,
1457 4280 1710 4336 alacritas
1751 4297 1865 4337 ma-

250 4383 372 4441 gna.
400 4369 458 4423 in
468 4368 568 4423 Dei
584 4367 1150 4441 servitium,jucunda
1171 4368 1482 4438 delectatio,
1526 4368 1864 4427 delectabilis

1895 3094 1945 3158 C

1971 1814 2173 1865 statuta
2192 1803 2506 1875 pontificum
2537 1803 2705 1873 ipsius
2736 1803 2882 1858 sedis
2910 1818 3020 1860 non
3064 1812 3331 1874 servaret,
3365 1812 3419 1861 et
3444 1821 3582 1877 prae—
3660 1857 3665 1862 .

1970 1899 2129 1969 cipue
2155 1891 2482 1951 venerabilis
2511 1891 2796 1961 Theodori,
2832 1891 2923 1962 qui
2962 1892 3279 1962 nuperrime
3319 1894 3431 1949 vita
3485 1894 3578 1951 de-

1970 1990 2226 2044 cesserat.
2259 1983 2325 2037 Et
2370 1980 2629 2051 quoniam
2686 1980 2839 2036 nefas
2881 1988 2997 2036 erat
3024 1980 3179 2036 illum
3263 1981 3582 2052 episcopum

1973 2072 2201 2146 Anglici
2232 2069 2390 2143 regni
2419 2069 2474 2123 in
2488 2069 2812 2125 auctoritate
2841 2069 3056 2134 haberi,
3077 2069 3167 2140 qui
3202 2070 3416 2125 statutis
3447 2071 3584 2126 Can-

1974 2159 2261 2220 tuariensis
2315 2158 2555 2230 episcopi
2597 2157 2684 2214 vel
2732 2156 2923 2213 leviter
2984 2159 3254 2214 contraire
3327 2159 3577 2229 auderet,

1974 2249 2296 2305 Wilfridum
2328 2262 2449 2302 sese
2484 2246 2586 2301 hac
2615 2243 2683 2300 de
2713 2243 2986 2301 calumnia
3028 2260 3137 2301 non
3164 2246 3387 2303 omnino
3416 2261 3582 2304 excu-

1976 2355 2096 2395 sare
2113 2337 2381 2394 valentem
2410 2335 2467 2389 in
2488 2348 2661 2406 regno
2690 2349 2798 2389 suo
2827 2333 3145 2405 episcopum
3189 2351 3306 2391 esse
3339 2336 3580 2393 nolebat.

1980 2426 2262 2498 Siquidem
2312 2423 2608 2479 Wilfridus
2692 2438 2759 2478 ea
2796 2430 3019 2479 statuta
3073 2423 3342 2480 Theodori
3404 2425 3582 2481 susci—

1975 2517 2182 2589 piebat,
2205 2515 2393 2583 eisque
2432 2512 2669 2567 debitam
2700 2510 3065 2567 obedientiam
3106 2511 3423 2582 exhibebat,
3460 2529 3582 2584 qum

1976 2620 2010 2662 a
2038 2601 2606 2661 canonibusinstituta
2625 2608 2678 2656 et
2722 2600 2911 2671 primis
2956 2611 3118 2673 atque
3158 2602 3449 2672 postremis
3486 2618 3582 2658 ar-

1977 2692 2413 2763 chiepiscOpatus
2439 2690 2776 2760 temporibus
2813 2690 2895 2744 sui
2940 2690 2996 2744 in
3052 2706 3187 2761 pace
3232 2690 3508 2747 constituit
3561 2708 3580 2748 :

1977 2797 2164 2838 verum
2193 2796 2258 2836 ea
2278 2796 2398 2852 quae
2415 2778 2748 2850 temporibus
2767 2778 3070 2850 interrupta
3099 2779 3266 2850 pacis,
3297 2786 3357 2835 ut
3386 2779 3580 2851 fertur,

1974 2886 2074 2943 pro
2114 2869 2289 2937 libitu,
2331 2884 2440 2923 non
2478 2884 2574 2939 pro
2615 2866 2821 2922 ratione
2879 2874 3161 2937 statuerat,
3211 2866 3363 2924 nullo
3418 2875 3580 2940 pacto

1975 2959 2272 3030 suscipere,
2306 2973 2407 3013 nec
2435 2955 2516 3012 eis
2544 2970 2828 3012 assensum
2869 2957 3115 3027 praebere
3162 2955 3401 3013 volebat.
3430 2955 3577 3027 Qua-

1977 3055 2196 3120 propter
2220 3045 2375 3117 quasi
2400 3044 2787 3101 inobedientize
2816 3052 2871 3100 et
2944 3045 3302 3101 contumaciae
3362 3046 3585 3102 macula

1971 3143 2159 3192 contra
2182 3135 2371 3191 sedem
2402 3133 2562 3189 totius
2580 3133 2855 3188 Brittaniae
2886 3140 3119 3188 matrem
3148 3133 3205 3187 in
3232 3148 3301 3189 eo
3334 3143 3576 3204 reperta,

1971 3224 2210 3294 pristina
2236 3231 2316 3278 est
2337 3222 2648 3278 auctoritate
2663 3221 2927 3292 privatus,
2959 3229 3011 3277 et
3055 3222 3200 3293 apud
3235 3221 3580 3278 Birtvaldum

1974 3311 2466 3382 archiepiscopum,
2531 3308 2625 3381 qui
2683 3306 2979 3365 Theodoro
3053 3318 3408 3378 successerat,
3481 3326 3583 3382 pro

1973 3398 2197 3472 negotio
2218 3405 2525 3454 accusatus.
2548 3396 2805 3467 Abjectus
2833 3412 2971 3468 ergo
3001 3398 3071 3453 ad
3100 3395 3321 3453 ﬁdelem
3341 3398 3581 3455 amicum

1975 3504 2136 3545 suum
2166 3502 2348 3560 regem
2372 3485 2696 3542 Merciorum
2717 3485 2939 3542 nomine
2966 3485 3272 3542 Ailfredum
3307 3488 3575 3545 secessit:

1972 3593 2007 3634 a
2067 3593 2174 3650 quo
2216 3575 2455 3648 gloriose
2482 3583 2786 3647 susceptus,
2834 3575 2936 3630 sub
2982 3574 3320 3646 protectione
3369 3577 3475 3633 Dei
3519 3586 3577 3636 et

1972 3667 2120 3723 illius
2148 3666 2435 3737 aliquanto
2452 3671 2701 3735 tempore
2712 3673 3066 3720 conversatus
3094 3672 3201 3720 est.

2049 3752 2141 3807 53.
2174 3752 2318 3806 Inter
2331 3750 2451 3805 haec
2479 3757 2672 3822 rogatu
2689 3747 2838 3822 regis
2858 3748 3063 3805 Alfridi
3117 3747 3429 3806 Birtvaldus
3483 3767 3579 3806 ar-

1974 3840 2354 3911 chiepiscopus
2374 3839 2630 3910 pmcepit
2660 3838 2923 3911 generale
2964 3838 3252 3897 concilium
3285 3837 3580 3913 episcOpo—

1969 3946 2090 3986 rum
2111 3928 2275 3984 totius
2295 3927 2579 3983 Brittaniae
2608 3927 2931 4000 congregari
2980 3928 3039 3983 in
3070 3942 3265 3999 campo
3305 3927 3397 3997 qui
3435 3929 3580 3988 dici-

1976 4027 2061 4074 tur
2088 4015 2426 4073 Eastrefeld.
2457 4015 2554 4070 Cui
2582 4014 2814 4071 concilio
2831 4024 2888 4070 ut
2914 4015 3204 4072 Wilfridus
3233 4030 3387 4070 suam
3428 4034 3584 4088 prae-

1974 4104 2221 4161 sentiam
2251 4103 2548 4159 exhiberet
2567 4111 2868 4159 mentatum
2898 4111 3000 4172 est,
3031 4104 3304 4178 simulque
3342 4107 3585 4178 promis-

1973 4209 2096 4250 sum
2160 4207 2378 4249 omnem
2415 4207 2473 4247 se
2524 4191 2787 4261 justitiam
2849 4192 2918 4247 de
2986 4191 3187 4262 injuria
3254 4211 3418 4267 quam
3478 4196 3587 4253 sibi

1972 4280 2303 4354 querebatur
2321 4279 2527 4335 illatam
2554 4286 2915 4351 recepturum,
2938 4278 2987 4335 si
3009 4286 3195 4339 tamen
3211 4282 3468 4353 injuriam
3481 4284 3587 4341 sibi

1974 4370 2174 4427 factam
2190 4376 2337 4427 certa
2356 4368 2564 4425 ratione
2601 4367 2888 4424 ostendere
2940 4378 3142 4441 posset.
3184 4370 3329 4441 Quid
3368 4373 3528 4443 plura
3556 4375 3587 4428 9

253 4456 568 4528 jucunditas
598 4457 862 4528 processit
883 4457 937 4513 in
967 4458 1261 4514 Dominum
1303 4476 1315 4513 :
1365 4474 1488 4530 quae
1526 4456 1709 4513 omnia
1754 4473 1867 4515 ma-
1894 4452 1947 4513 D
1991 4458 2139 4516 venit
2194 4457 2263 4514 ad
2308 4457 2595 4530 synodum,
2654 4456 2750 4513 sed
2802 4473 3149 4531 nequaquam
3208 4460 3413 4517 invenit
3490 4461 3587 4532 jus

258 4561 426 4618 gnam
480 4554 672 4602 contra
707 4545 884 4618 ipsum
941 4545 1205 4602 invidiam
1252 4545 1457 4602 diaboli
1505 4547 1864 4604 concitavere.

260 4635 465 4691 Verum
482 4634 637 4691 miles
664 4635 864 4689 Christi
904 4634 1015 4704 jam
1057 4635 1198 4691 bene
1254 4635 1543 4691 instructus
1593 4644 1870 4692 armatura

264 4722 415 4778 verbi
446 4723 565 4793 Dei,
592 4724 818 4795 jamque
836 4722 1073 4795 plurima
1101 4731 1355 4795 expertus
1385 4730 1716 4780 tentamenta
1744 4724 1869 4780 dia-

265 4810 404 4879 boli,
459 4826 568 4882 quo
626 4810 684 4866 in
722 4811 868 4868 bello
920 4811 1223 4880 excitatior,
1276 4828 1343 4868 eo
1378 4813 1445 4867 ad
1502 4812 1871 4883 dejiciendum

268 4898 540 4956 difﬁcilior
584 4904 739 4956 erat:
773 4917 1090 4972 moremque
1112 4900 1399 4957 fortissimi
1430 4901 1711 4959 bellatoris
1740 4902 1871 4959 imi-

278 4996 438 5059 tatus,
460 4977 569 5044 non
592 4989 759 5045 modo
808 5005 865 5045 se
913 4990 1010 5046 sed
1040 4998 1091 5047 et
1131 5006 1260 5047 suos
1314 4989 1715 5048 commilitones
1766 4993 1875 5049 bo-

272 5085 414 5133 stem
463 5078 727 5152 caedendo
768 5077 965 5134 dextra
991 5077 1236 5152 laevaque
1267 5079 1609 5154 protegebat.
1674 5079 1872 5154 Sicque

263 5164 488 5222 diabolo
518 5166 972 5238 impenetrabilis,
1005 5184 1105 5239 per
1121 5167 1552 5242 quinquennium
1567 5169 1624 5225 in
1651 5168 1734 5226 sui
1760 5174 1873 5227 sta-

263 5262 351 5311 tus
382 5255 663 5335 [dignitate
686 5256 1007 5327 permansit.

334 5343 427 5399 52.
462 5342 592 5413 Sed,
618 5359 652 5402 ο
680 5343 1177 5403 inexterminabilis
1197 5346 1408 5407 invidia
1423 5345 1628 5405 diaboli
1649 5348 1661 5404 l
1682 5362 1717 5405 0
1749 5345 1876 5408 vio-

1976 4547 2082 4602 sibi
2108 4545 2463 4619 promissum.
2541 4546 2773 4614 Quidam
2837 4547 2984 4603 enim
3067 4549 3334 4622 episcopi,
3413 4550 3586 4624 regias

1981 4636 2238 4693 voluntati
2268 4635 2540 4704 faventes,
2565 4651 2694 4691 mox
2712 4635 2770 4691 in
2816 4636 3046 4693 concilio
3087 4638 3268 4695 virum
3302 4639 3404 4695 Dei
3432 4639 3587 4697 falsis

1977 4724 2264 4782 calumniis
2292 4724 2597 4797 exagitare,
2617 4733 2672 4781 et
2712 4725 2910 4798 quibus
2953 4732 3211 4796 poterant
3237 4729 3586 4786 contrarieta-

1979 4813 2122 4870 tibus
2146 4813 2472 4884 perturbare
2511 4822 2816 4882 coeperunt.
2858 4813 3104 4886 Cumque
3136 4831 3201 4872 ea
3248 4832 3373 4887 quae
3417 4816 3583 4889 obje-

1979 4909 2188 4972 cerant,
2219 4900 2369 4957 nulla
2384 4901 2609 4957 veritate
2631 4900 2862 4958 subnixa
2902 4902 3134 4973 probare
3160 4903 3432 4976 valerent;
3469 4914 3586 4963 tan-

1978 4991 2107 5048 dem
2135 4991 2248 5045 suis
2275 4989 2679 5060 objectionibus
2724 4990 2780 5046 id
2836 4990 3108 5062 adjecere,
3167 4993 3321 5050 illum
3349 4994 3584 5053 decretis

1980 5078 2377 5135 Cantuariensis
2402 5078 2799 5150 archiepiscopi
2829 5080 3099 5137 Theodori
3114 5082 3338 5139 minime
3365 5099 3585 5155 parere.

1982 5167 2190 5237 Quibus
2221 5167 2359 5224 ille:
2420 5190 2442 5217 α
2504 5167 2766 5238 Decretis,
2810 5168 3010 5242 inquit,
3058 5160 3355 5229 véerandi
3412 5168 3605 5229 Patris'

1981 5256 2267 5325 Theoderi,
2302 5273 2424 5329 quae
2451 5256 2507 5311 in
2534 5271 2673 5327 pace
2694 5264 2747 5312 et
2773 5258 3041 5315 canonica
3086 5259 3409 5318 auctoritate
3462 5276 3587 5331 pro-

1982 5346 2269 5421 mulgavit,
2312 5345 2641 5404 conscientia
2697 5352 2831 5404 teste
2878 5347 3081 5407 devota
3155 5357 3342 5409 mente
3398 5347 3585 5421 subdi,

340 5573 430 5650 '(6)
450 5576 568 5635 Has
595 5562 799 5637 litteras
812 5576 984 5638 refert
1019 5560 1350 5654 Willelmus,
1367 5596 1477 5639 non
1507 5586 1688 5641 tamen
1717 5594 1813 5640 eas
1842 5596 1979 5655 quas
2005 5578 2323 5641 Theodorus
2351 5575 2419 5637 ad
2438 5576 2706 5638 Alfridum
2730 5576 2954 5641 direxit.
