3970 6088
453 256 561 312 743

1430 243 1742 305 ΕΑΠΜΕΗΙ
1775 241 2330 305 CANTUARIENSIS
2385 247 2698 306 MONACHI

3678 249 3784 304 744

455 379 641 448 eisque
685 376 765 446 (ut
788 375 997 446 justum
1019 374 1120 443 est)
1149 388 1252 444 per
1278 373 1465 429 omnia
1494 372 1873 442 obtemperare
1908 372 2056 440 volo,
2088 375 2142 434 Α
2171 372 2444 442 dicebant)
2476 373 2534 428 in
2563 373 2660 428 Dei
2703 372 2928 429 servitio
2983 373 3159 430 solum
3215 374 3554 442 conversari,
3613 391 3782 446 quam

458 477 512 524 et
539 466 833 522 secundum
856 479 923 520 ea
945 463 1176 534 judicari
1207 478 1309 532 pro
1341 463 1550 518 ratione
1596 461 1904 516 nullatenus
1961 460 2058 516 ab-

453 572 582 611 nuo.
634 559 903 622 Attamen,
959 567 1170 622 precor,
1227 551 1359 605 mihi
1413 550 1608 606 dicatis
1664 549 1920 620 quidnam
1969 549 2055 616 sit,

453 644 596 716 quod
621 646 732 713 jam
762 659 861 713 per
886 641 1150 711 plurimos
1179 656 1354 695 annos
1385 640 1578 694 litteris
1632 639 1700 693 ab
1756 637 2061 710 apostolica

453 736 583 790 sede
621 731 1243 788 directisinobedientes
1265 729 1516 796 existitis,
1550 737 1604 784 et
1635 736 1913 798 tantopere
1973 743 2060 781 me

453 823 734 890 accusatis,
760 820 910 892 quod
941 837 1031 874 eas
1069 820 1436 874 institutiones
1493 817 1765 874 Theodori
1806 833 1912 872 non
1970 833 2062 872 re—

453 912 616 983 cipio,
649 928 780 980 quas
811 911 928 980 ipse
958 925 1066 964 non
1095 909 1415 964 auctoritate
1464 907 1749 974 canonica,
1809 905 1903 962 sed
1943 906 2059 960 dis-

453 1001 637 1056 cordia
665 1000 904 1055 dictante
924 999 1248 1070 composuit,
1283 1003 1342 1052 ut
1391 1013 1489 1052 vos
1547 997 1651 1068 ipsi
1709 995 1914 1066 optime
1963 1009 2062 1050 no-

453 1091 569 1146 stis.
598 1113 620 1138 ι»

523 1179 875 1247 51LAthuae
905 1193 1027 1232 cum
1080 1175 1246 1233 verba
1301 1173 1517 1245 penitus
1564 1173 1774 1230 ratione
1821 1173 2063 1229 carentia

459 1269 669 1324 turbato
701 1283 973 1321 murmure
999 1263 1394 1333 jacularentur,
1420 1263 1634 1331 juvenis
1693 1263 1914 1332 quidam
1959 1277 2064 1317 cu-

454 1357 622 1424 rialis,
640 1355 759 1410 viro
790 1353 1005 1409 Domini
1045 1353 1185 1406 bene
1237 1351 1536 1416 familiaris,
1597 1351 2061 1407 circumstantium

453 1445 801 1500 multitudine
830 1458 951 1496 sese
981 1441 1264 1507 immersit,
1295 1455 1358 1495 ac
1407 1440 1473 1494 ad
1531 1439 1683 1493 illum
1740 1440 2062 1510 perveniens

457 1535 504 1590 ei
554 1535 713 1588 totius
767 1531 1142 1586 tumultuantis
1189 1530 1406 1584 concilii
1457 1544 1670 1584 causam
1728 1528 1959 1597 aperuit,
2006 1536 2062 1582 ut

457 1622 557 1676 sibi
590 1620 878 1690 providere
919 1619 1133 1673 suasit:
1186 1617 1475 1674 confestim
1538 1633 1638 1687 per
1697 1618 1842 1671 viam
1899 1633 2058 1686 quam

457 1717 684 1766 venerat
711 1708 954 1764 clanculo
983 1707 1191 1762 curiam
1257 1707 1436 1760 rediit.
1485 1705 1837 1761 Praemonitus
1893 1705 2061 1776 igitur

458 1809 508 1856 et
540 1799 887 1870 praemunitus
917 1797 1175 1851 relatione
1219 1794 1393 1850 ﬁdelis
1449 1795 1630 1863 amici,
1693 1802 1840 1849 tanto
1897 1810 2062 1849 cons-

455 1889 652 1944 tantius
685 1885 953 1958 aequitatis
970 1886 1069 1939 sibi
1101 1884 1473 1940 defensionem
1505 1883 1757 1951 adscivit,
1775 1892 1974 1953 quanto
2011 1900 2067 1956 et

456 1979 605 2049 ipsos
628 1977 846 2046 judices
885 1991 1012 2030 suos
1076 1974 1306 2029 scienter
1351 1981 1535 2028 contra
1580 1973 1845 2042 justitiam
1902 1989 2065 2043 agere

455 2066 639 2122 scivit.
683 2065 801 2120 Stat
831 2065 1000 2136 igitur
1042 2063 1180 2117 inter
1237 2063 1527 2116 verborum
1582 2061 1767 2130 jacula
1824 2078 2062 2126 securus,

456 2154 711 2225 quoniam
747 2170 857 2208 suae
889 2153 1112 2207 libertas
1141 2151 1490 2207 conscientiae
1549 2149 1725 2205 fuerat
1778 2150 1824 2204 ei
1873 2150 2066 2204 dextra

456 2243 698 2313 laevaque
729 2241 1154 2312 impenetrabilis
1187 2257 1390 2294 murus.
1424 2238 1581 2308 Quod
1608 2239 1697 2293 ubi
1729 2247 2065 2309 compertum

457 2332 716 2398 habuere,
741 2347 902 2400 quem
929 2330 1111 2385 verbis
1168 2344 1426 2398 superare
1482 2328 1800 2397 nequibant,
1856 2327 2067 2397 injectis

456 2421 616 2476 minis
643 2420 713 2474 ad
740 2436 892 2474 suum
916 2419 1056 2475 velle
1086 2418 1412 2488 detorquere
1458 2417 1796 2486 quaerebant.
1855 2415 2066 2484 Quibus

455 2525 580 2566 cum
611 2524 875 2578 responsa
906 2507 1034 2562 dare
1064 2508 1134 2560 ad
1165 2506 1376 2561 illorum
1400 2514 1525 2560 vota
1578 2505 1799 2560 minime
1855 2505 2018 2560 vellet
2050 2515 2062 2551 ε

463 2622 485 2646 α
523 2598 692 2663 Scito,
728 2597 996 2668 inquiunt,
1022 2595 1165 2665 quod
1191 2596 1333 2663 justa
1381 2594 1746 2648 damnationis
1801 2593 2069 2649 sententia

459 2685 720 2758 piunieris,
755 2685 857 2738 nisi
887 2684 991 2739 cito
1013 2700 1075 2739 ea
1098 2700 1219 2754 quae
1250 2683 1349 2737 tibi
1375 2690 1499 2737 sunt
1546 2683 1758 2750 objecta
1806 2683 1932 2737 dato
1988 2698 2069 2736 re-

460 2789 664 2844 sponso
695 2773 982 2827 deleveris.
1013 2796 1034 2819 ιι
1068 2774 1134 2826 At
1166 2772 1255 2826 ille
1291 2791 1301 2825 :
1340 2793 1360 2817 α
1400 2771 1478 2825 Ad
1509 2770 1684 2838 majus
1735 2772 1880 2840 quod
1938 2772 2067 2825 mihi

460 2879 492 2916 a
519 2862 676 2917 vobis
702 2861 974 2930 objectum
1005 2876 1124 2914 esse
1154 2859 1418 2929 intelligo,
1452 2859 1659 2914 scilicet
1708 2875 1795 2914 me
1843 2860 2072 2914 decretis

462 2949 690 3023 gloriosi
720 2949 1120 3004 Cantuariensis
1165 2947 1423 3003 Ecclesia:
1480 2948 1728 3018 praesulis
1776 2948 1922 3003 nolle
1973 2964 2068 3018 pa-

461 3055 608 3106 cere,
635 3038 752 3108 jam
784 3037 1042 3108 respondi
1078 3051 1090 3104 ;
1124 3045 1174 3091 et
1205 3037 1309 3091 hoc
1334 3037 1529 3108 ipsum,
1564 3037 1612 3091 si
1657 3038 1838 3105 vultis,
1873 3037 2062 3091 iterum

461 3129 767 3199 iterumque
795 3127 1126 3196 respondeo,
1174 3126 1318 3195 quod
1372 3127 1489 3196 ejus
1535 3126 1812 3182 canonicis
1854 3127 2064 3180 institu-

461 3218 701 3274 tionibus
729 3233 828 3287 per
858 3216 1039 3271 omnia
1069 3215 1268 3285 subjici
1300 3216 1448 3272 volo.
1486 3239 1506 3263 υ
1543 3215 1676 3284 Qum
1704 3216 1878 3270 verba
1908 3214 2062 3272 frau-

459 3303 683 3358 dulenta
712 3317 838 3356 mox
859 3301 1154 3355 calliditate
1203 3317 1268 3355 ex
1323 3315 1417 3356 ore
1474 3300 1591 3368 ejus
1638 3309 1950 3371 rapuerunt,
2010 3312 2064 3359 et

457 3392 561 3448 hoc
603 3392 720 3461 ejus
776 3389 1030 3444 dixerunt
1085 3389 1409 3445 canonicum
1466 3389 1767 3443 institutum
1827 3407 1948 3445 esse
2006 3398 2064 3444 ut

457 3481 680 3550 superbi
710 3487 761 3533 et
791 3479 1169 3534 inobedientes
1197 3477 1587 3548 deprimantur,
1637 3479 1871 3534 humiles
1926 3495 2058 3534 vero

458 3577 512 3624 et
538 3567 856 3624 obedientes
877 3566 1237 3621 extollantur.
1283 3589 1304 3614 «
1340 3567 1419 3620 Tu
1451 3575 1629 3621 autem
1665 3575 1713 3622 et
1735 3576 1920 3623 contra
1955 3569 2058 3623 do-

461 3657 642 3710 minos
670 3663 791 3709 tuos
822 3654 875 3708 in
897 3653 1208 3723 superbiam
1239 3669 1298 3707 es
1353 3654 1545 3723 elatus,
1605 3663 1656 3709 et
1712 3655 2061 3712 nihilominus

459 3743 869 3811 archiepiscopo
923 3749 1019 3795 tuo
1075 3741 1396 3796 inobediens
1443 3743 1846 3812 comprobatus.
1907 3744 2059 3812 Qua-

459 3839 679 3903 propter
706 3845 861 3900 eequa
891 3829 1101 3884 ratione
1124 3829 1432 3898 judicatum
1462 3840 1513 3886 et
1556 3839 1812 3886 statutum
1868 3843 1950 3888 est
2006 3843 2062 3889 ut

460 3919 710 3976 omnibus
767 3919 874 3972 tuis
931 3918 1208 3989 spoliatus,
1269 3919 1515 3974 elationis
1571 3927 1624 3974 et
1679 3919 2061 3978 inobedientize

459 4025 653 4081 poenas
683 4007 952 4063 exsolvas.
993 4027 1015 4056 ι
1053 4005 1170 4075 Quo
1203 4007 1388 4063 audito
1419 4009 1620 4064 horror
1659 4017 1711 4063 et
1767 4010 1918 4079 ipsos
1967 4011 2062 4066 ini-

463 4099 633 4155 micos
681 4097 800 4167 ejus
847 4096 1064 4164 invasit,
1118 4095 1360 4152 dicentes
1409 4097 1636 4167 impium
1685 4114 1823 4166 esse,
1882 4101 2059 4156 virum

458 4201 892 4259 quaquaversum
942 4185 1251 4242 nationibus
1298 4186 1674 4242 honorabilem
1717 4188 1796 4242 sic
1850 4189 2059 4261 absque

458 4275 567 4331 ullo
597 4283 742 4332 certo
766 4273 989 4329 crimine
1019 4274 1280 4330 omnibus
1311 4274 1420 4328 suis
1451 4275 1694 4344 spoliari.
1756 4277 1908 4332 Unde
1965 4295 2057 4332 rex

456 4371 508 4420 et
537 4363 1001 4434 archiepiscOpus,
1033 4379 1064 4416 a
1095 4363 1372 4418 nonnullis
1399 4363 1746 4433 interpellati,
1781 4375 2058 4421 monaste-

2094 3090 2143 3152 C

2164 460 2507 517 insudantem
2539 461 2843 518 ministerio
2888 463 3189 535 pontificali
3239 463 3440 536 jurgiis
3491 463 3782 518 hominum

2167 550 2404 620 quotidie
2435 550 2676 621 fatigari.
2718 552 2898 606 Sensit
2952 552 3245 624 prudentia
3302 553 3402 607 viri
3459 553 3778 623 hujusmodi

2166 640 2451 695 consilium
2476 639 2622 710 quali
2679 640 2749 696 de
2807 641 2957 697 fonte
2999 641 3243 697 manavit
3289 659 3300 695 :
3363 647 3421 697 et
3475 641 3781 696 admiratus

2169 728 2414 783 fraudem
2473 729 2709 796 illorum,
2781 730 2874 784 tali
2924 745 3116 786 omnes
3150 729 3394 786 oratione
3450 731 3780 786 confutavit.

2173 841 2194 864 σε
2233 818 2427 886 Virtus,
2462 818 2556 885 ait,
2590 818 2702 873 veri
2733 819 2947 874 consilii
2980 835 3102 890 quae
3133 827 3444 874 numeratur
3473 820 3529 873 in
3566 827 3782 891 septem

2167 905 2324 960 donis
2349 906 2585 976 Spiritus
2613 907 2806 971 sancti,
2850 908 2983 962 nihil
3006 908 3061 962 in
3091 924 3149 964 se
3177 907 3534 979 dulplicitatis
3572 909 3784 964 admit-

2172 995 2231 1048 tit
2264 1013 2274 1047 :
2309 1009 2374 1050 ac
2413 995 2490 1049 sic
2519 1011 2626 1064 quo
2656 995 2978 1065 simpliciori
3001 996 3152 1052 fonte
3173 997 3439 1066 procedit,
3473 1012 3539 1052 eo
3594 997 3783 1053 locum

2169 1083 2224 1137 in
2254 1083 2434 1138 animo
2466 1084 2653 1138 famuli
2685 1084 2781 1139 Dei
2814 1100 2920 1156 quo
2951 1084 3290 1156 suscipiatur,
3335 1083 3567 1140 liberius
3616 1086 3783 1141 inve-

2169 1173 2271 1226 nit.
2308 1172 2552 1226 Vestrum
2583 1182 2762 1228 autem
2786 1174 3090 1241 consilium,
3114 1174 3263 1244 quod
3281 1174 3633 1244 simplicitate
3665 1175 3786 1247 Spi-

2171 1261 2308 1316 ritus
2338 1263 2516 1317 sancti
2543 1277 2728 1317 carere
2759 1262 2934 1332 quivis
2953 1261 3264 1335 intelligere
3293 1271 3489 1333 potest,
3551 1271 3703 1319 tanto
3751 1279 3786 1319 ιι

2172 1366 2258 1405 me
2289 1349 2505 1421 longius
2535 1351 2755 1421 abjicio,
2789 1360 2988 1421 quanto
3019 1368 3085 1406 ex
3115 1352 3181 1406 iis
3209 1368 3330 1422 qua:
3353 1352 3408 1406 in
3456 1368 3547 1407 me
3601 1353 3781 1424 primo

2168 1439 2516 1509 congessistis
2544 1440 2686 1494 unde
2714 1439 2976 1509 procedat
3013 1440 3190 1510 aptius
3241 1441 3428 1496 video.
3494 1441 3784 1497 Mendacia

2168 1543 2365 1597 nempe
2395 1544 2513 1599 quae
2545 1537 2752 1584 comtra
2782 1545 2870 1584 me
2914 1529 3183 1586 malitiose
3211 1529 3610 1600 composuistis,
3673 1546 3782 1586 non

2173 1625 2466 1686 potuerunt
2495 1633 2561 1671 ex
2592 1634 2650 1672 se
2681 1633 2971 1687 procreare
3001 1617 3204 1674 donum
3245 1618 3478 1690 Spiritus
3507 1619 3772 1675 veritatis.

2093 1735 2146 1794 Β
2177 1705 2356 1772 Quare
2386 1706 2681 1762 secundum
2712 1707 2995 1762 consilium
3051 1722 3239 1762 verum
3283 1708 3485 1778 proprii
3547 1723 3776 1763 censura

2172 1793 2362 1864 judicii
2397 1812 2483 1850 me
2513 1795 2686 1867 gradu
2718 1795 3040 1851 sacerdotali
3070 1811 3180 1850 non
3206 1795 3481 1864 dejiciam,
3515 1797 3649 1866 quia
3692 1797 3779 1851 fa-

2177 1891 2294 1938 teor
2330 1883 2495 1954 quod,
2528 1883 2652 1940 licet
2681 1884 2952 1955 indignus,
2986 1900 3155 1954 opera
3212 1890 3392 1940 tamen
3459 1885 3777 1954 pontiﬁcatu

2174 1987 2282 2028 non
2304 1972 2647 2028 mediocriter
2675 1972 2846 2045 digna
2875 1974 3092 2043 adjutus
3141 1973 3359 2028 Domini
3415 1975 3593 2046 gratia
3653 1975 3780 2031 feci.

2174 2061 2312 2116 Hinc
2342 2070 2444 2127 est,
2477 2061 2624 2133 quod
2646 2078 2770 2117 ecce
2800 2078 2903 2132 per
2932 2077 3102 2118 annos
3130 2061 3496 2134 quadraginta
3542 2063 3779 2120 inteme-

2175 2158 2308 2204 rata:
2341 2149 2467 2205 ﬁdei
2498 2151 2774 2206 veritatem
2807 2151 3002 2220 quibus
3032 2149 3182 2220 potui
3210 2150 3529 2220 prmdicavi,
3563 2161 3616 2208 et
3640 2168 3778 2208 con—

2176 2239 2497 2294 tradicentes
2527 2239 2726 2294 invicta
2747 2239 2958 2294 ratione
2989 2238 3184 2306 devici,
3214 2238 3459 2295 devictos
3506 2239 3576 2293 ab
3630 2241 3778 2296 omni

2179 2327 2458 2382 veritatem
2490 2327 2736 2382 docendo
2768 2343 2952 2383 errore
2981 2327 3214 2396 correxi,
3242 2337 3516 2384 correctos
3575 2329 3781 2384 lumine

2175 2416 2327 2472 verbi
2353 2416 2447 2470 Dei
2479 2417 2828 2486 perlustravi,
2861 2433 2923 2472 ac
2952 2416 3212 2472 membris
3268 2417 3528 2474 Ecclesia
3583 2419 3778 2474 Christi

2175 2504 2598 2574 copulavi.Haec
2629 2514 2806 2560 tamen
2836 2522 2944 2561 non
2975 2521 3103 2578 ego,
3164 2505 3260 2562 sed
3314 2507 3460 2562 Deus
3517 2508 3634 2577 ipse
3686 2524 3785 2580 per

2178 2611 2284 2648 me.
2315 2596 2496 2649 Ritum
2522 2595 2741 2665 insuper
2771 2595 3157 2651 ecclesiasticae
3187 2595 3588 2651 observationis
3635 2597 3784 2651 mul-

2178 2683 2242 2738 tis
2270 2700 2368 2752 per
2395 2684 2644 2755 Angliam
2676 2684 2806 2739 locis
2835 2684 3045 2740 Scotica
3071 2683 3371 2739 traditione
3401 2685 3777 2756 depravatum,

2177 2771 2477 2841 apostolica
2507 2773 2667 2827 fultus
2695 2774 3033 2839 auctoritate,
3065 2773 3298 2828 correxi.
3332 2773 3586 2830 Hmcciue
3641 2775 3780 2830 alia-

2179 2877 2282 2930 que
2310 2860 2582 2932 perplura,
2615 2878 2842 2932 quorum
2874 2862 2929 2916 in
2974 2863 3227 2932 praesenti
3284 2861 3558 2918 reminisci
3606 2864 3779 2936 piget,

2179 2951 2281 3005 hoc
2310 2960 2637 3016 meruerunt,
2659 2960 2715 3005 ut
2745 2951 2894 3021 quasi
2949 2952 3129 3022 legum
3187 2951 3429 3022 proditor
3481 2952 3779 3024 patriaeque

2178 3039 2389 3094 delator
2408 3056 2672 3111 nusquam
2705 3047 2846 3094 tutus
2898 3056 3014 3094 esse
3069 3041 3350 3110 permittar
3390 3041 3418 3092 ‘2
3486 3041 3776 3111 Praeceptis

2173 3127 2365 3183 saltem
2397 3129 2706 3200 apostolicae
2733 3130 2902 3195 sedis,
2943 3145 3063 3199 quae
3093 3130 3306 3200 mejam
3363 3129 3528 3184 simili
3585 3129 3777 3199 injuria

2173 3227 2480 3273 accusatum
2509 3229 2668 3289 atque
2698 3220 3014 3274 damnatum
3045 3235 3401 3287 excusavere,
3436 3227 3491 3274 et
3550 3219 3773 3274 absolu-

2175 3315 2284 3360 tum
2316 3323 2436 3360 esse
2476 3309 2819 3376 constituere,
2847 3309 3257 3378 obtemperetis,
3290 3309 3334 3362 si
3363 3323 3464 3364 nec
3492 3323 3594 3378 pro
3617 3323 3777 3363 amo-

2174 3411 2250 3461 re,
2283 3411 2383 3451 nec
2415 3411 2510 3466 pro
2542 3397 2735 3452 timore
2768 3396 2862 3451 Dei
2894 3397 3132 3466 quietum
3163 3413 3279 3452 esse
3309 3398 3622 3467 permittere
3654 3396 3777 3451 vul-

2174 3484 2257 3540 tis.
2290 3484 2423 3551 Sed,
2458 3492 2513 3539 ut
2544 3495 2691 3556 puto,
2724 3485 2817 3540 illa
2846 3494 3116 3556 praecepta
3145 3493 3234 3540 aut
3273 3485 3424 3541 obliti
3477 3485 3623 3552 estis,
3682 3491 3776 3540 aut

2173 3581 2318 3627 certe
2347 3574 2482 3628 scita
2514 3582 2609 3628 aut
2635 3575 2855 3647 cognita
2885 3590 2982 3646 pro
3029 3574 3200 3630 nihilo
3255 3573 3470 3630 ducitis.
3523 3573 3775 3645 Quapro-

2172 3670 2291 3732 pter
2311 3662 2435 3718 licet
2465 3663 2614 3718 senio
2643 3664 2747 3717 sim
2777 3664 3073 3730 confectus,
3117 3681 3174 3719 re
3205 3671 3386 3719 tamen
3420 3678 3549 3719 vera
3601 3679 3776 3718 nove-

2171 3751 2292 3805 ritis
2322 3768 2408 3806 mc
2439 3752 2628 3808 Romae
2658 3767 2843 3808 coram
2883 3753 3183 3824 apostolica
3240 3753 3374 3808 sede
3424 3753 3777 3824 probaturum

2171 3855 2290 3895 esse
2311 3841 2633 3910 calumnias,
2665 3859 2796 3912 quas
2855 3842 2986 3897 mihi
3043 3857 3140 3912 pro
3200 3841 3349 3913 regis
3405 3841 3780 3912 indignatione

2171 3927 2468 3999 imponitis,
2488 3946 2642 3985 veras
2671 3946 2776 3986 non
2807 3947 2930 3986 esse
2962 3949 2974 3994 ;
3006 3947 3110 3986 ncc
3140 3931 3321 3985 minus
3352 3945 3480 3986 vere
3511 3946 3596 3985 me
3629 3946 3777 4002 prae-

2170 4016 2478 4072 dicaturum
2505 4035 2623 4074 esse
2653 4018 2853 4086 sciatis,
2885 4019 3034 4089 quali
3066 4019 3240 4074 studio
3284 4017 3620 4074 sacerdotale
3678 4018 3780 4072 mi-

2170 4106 2452 4160 nisterium
2483 4107 2706 4179 geratis,
2740 4107 2829 4177 qui
2861 4107 3039 4179 magis
3066 4107 3233 4163 vultis
3263 4107 3541 4178 injustitiae
3605 4106 3780 4162 homi-

2171 4203 2300 4249 ndm
2315 4196 2520 4264 favere,
2553 4213 2715 4268 quam
2741 4196 3006 4266 justitiam
3028 4196 3128 4251 Dei
3178 4205 3387 4252 tenere.
3429 4195 3588 4264 Quod
3645 4195 3781 4252 satis

2170 4291 2252 4338 est
2283 4283 2650 4351 manifestum,
2685 4285 2813 4339 dum
2845 4301 2950 4356 me,
2982 4293 3170 4342 contra
3197 4301 3414 4357 aequum
3456 4293 3508 4340 et
3563 4300 3779 4349 verum,

2169 4379 2316 4427 tanto
2346 4372 2523 4428 studio
2576 4372 2931 4445 impugnatis,
2973 4389 3138 4446 quem
3185 4372 3404 4430 veritati
3460 4382 3513 4430 et
3555 4374 3782 4443 justitiaa

457 4454 594 4509 rium
625 4452 769 4523 quod
799 4451 917 4523 ipse
947 4451 1136 4507 beatus
1167 4451 1462 4506 Wilfridus
1494 4451 1552 4506 in
1585 4452 1784 4524 HRipis
1841 4455 1920 4525 (ut
1962 4472 2059 4510 su-
2088 4449 2141 4511 Ι)
2171 4460 2387 4516 studere
2417 4469 2608 4531 aperta
2630 4462 2834 4518 ratione
2867 4462 3060 4517 videtis
3094 4478 3107 4532 ;
3140 4471 3192 4519 et
3221 4463 3450 4536 insuper
3495 4462 3632 4518 nihil
3690 4463 3781 4518 ad-

456 4543 640 4613 perius
667 4541 925 4610 diximus)
957 4544 1359 4605 construxerat,
1392 4540 1439 4593 ei
1473 4554 1595 4595 cum
1627 4543 1882 4596 omnibus
1939 4561 2063 4616 quae

455 4631 524 4686 ad
553 4629 686 4685 illud
717 4629 1069 4699 pertinebant
1093 4644 1434 4696 concessere,
1470 4645 1534 4684 ea
1583 4629 1893 4686 conditione
1936 4648 2063 4701 pro-

453 4719 652 4790 posita,
686 4727 742 4772 ut
772 4719 881 4772 illic
937 4719 1147 4788 quietus
1193 4719 1425 4785 sederet,
1483 4727 1534 4772 et
1589 4718 1795 4790 absque
1851 4719 2068 4777 licentia

456 4807 602 4877 regis
631 4814 784 4876 septa
814 4807 1126 4862 monasterii
1158 4821 1265 4861 non
1298 4807 1490 4879 exiret,
1524 4823 1625 4864 nec
1671 4825 1857 4864 curam
1914 4811 2062 4884 epis-

463 4895 675 4964 copalis
704 4893 862 4949 oﬁicii
891 4894 1116 4949 ulterius
1143 4896 1566 4952 administraret.

530 4983 618 5037 £35.
665 4982 778 5037 Hac
827 4982 992 5054 igitur
1041 4983 1231 5038 mutati
1282 4985 1478 5055 judicii
1535 4987 1823 5044 clementia
1877 5006 2064 5046 coram

457 5070 714 5127 omnibus
744 5078 995 5126 accurato
1026 5086 1275 5127 sermone
1306 5074 1553 5144 exposita
1583 5077 1651 5130 ad
1678 5078 1781 5134 hoc
1836 5079 2061 5135 labora-

455 5169 568 5217 tum
600 5166 700 5228 est,
733 5166 785 5213 et
814 5158 1076 5214 Wilfrido
1107 5161 1258 5229 quasi
1318 5163 1448 5218 utile
1505 5165 1789 5221 consilium
1847 5169 2054 5241 datum,

453 5255 722 5321 quatenus
752 5247 982 5318 ipsemet
1010 5263 1107 5318 pro
1131 5248 1223 5318 pia
1252 5249 1644 5323 subscriptione
1669 5271 1726 5311 se
1763 5255 2058 5330 degradari

451 5339 523 5396 ab
553 5336 737 5394 ofﬁcio
773 5336 1071 5407 episcopali
1101 5337 1352 5409 eligeret,
1387 5357 1496 5410 quo
1551 5342 1689 5400 liber
1743 5361 1775 5400 a
1831 5347 2057 5404 tumultu

452 5427 799 5485 saecularium
830 5425 1276 5496 contemplationi
1318 5429 1443 5484 vitae
1475 5430 1712 5488 caelestis
1768 5433 2054 5495 intendere

452 5525 636 5589 posset
668 5532 679 5568 :
712 5513 1020 5588 praesertim
1050 5532 1172 5573 cum
1194 5515 1242 5573 ei
1272 5517 1484 5576 felicius
1513 5529 1656 5578 esset
1691 5523 1945 5594 privatim
1975 5528 2053 5598 (ut

2175 4549 2316 4606 versi
2353 4565 2454 4620 pro
2485 4550 2570 4619 iis,
2605 4550 2798 4621 quibus
2828 4567 2919 4607 me
2954 4552 3236 4620 accusatis,
3278 4551 3615 4608 conscientia
3646 4559 3784 4609 teste

2173 4640 2425 4694 meritum
2457 4639 2526 4694 ad
2555 4640 2657 4694 hoc
2689 4641 2901 4696 teutatis
2922 4641 3238 4712 perducere,
3260 4643 3321 4696 ut
3340 4648 3528 4698 contra
3578 4641 3674 4710 jus
3721 4642 3779 4697 in

2175 4727 2438 4800 meipsum
2469 4729 2785 4784 sententiam
2807 4729 3172 4786 damnationis
3217 4728 3448 4785 edicam.
3509 4731 3618 4786 Sed
3678 4730 3787 4786 hac

2173 4817 2228 4871 iu
2260 4833 2317 4874 re
2349 4818 2605 4873 noveritis
2636 4818 2781 4888 quod
2812 4818 2967 4876 vobis
3023 4835 3365 4892 nequaquam
3417 4819 3778 4888 consentiam,

2172 4905 2268 4960 sed
2306 4906 2631 4963 ﬁducialiter
2661 4907 2875 4978 appello
2907 4907 3095 4964 sedem
3140 4909 3519 4981 apostolicam.
3575 4909 3780 4963 Verum

2173 5002 2349 5050 autem
2381 4995 2624 5066 quisquis
2647 5011 2858 5052 mecum
2890 5011 3056 5068 agere
3071 4997 3204 5067 vult,
3245 5012 3278 5054 a
3306 5014 3395 5054 me
3416 4996 3578 5052 hodie
3632 4997 3783 5052 invi-

2173 5090 2316 5138 tatus
2347 5099 2558 5139 mecum
2599 5084 2726 5140 illuc
2784 5085 2856 5139 ad
2907 5085 3172 5154 judicium
3215 5094 3429 5160 pergat.
3467 5110 3488 5134 -
3546 5086 3780 5142 Talibus

2167 5172 2348 5227 verbis
2379 5189 2473 5228 rex
2503 5173 2557 5226 in
2595 5173 2930 5230 iracundiam
2953 5175 3305 5231 vehementer
3347 5190 3626 5244 accensus,
3666 5175 3778 5230 vio-

2167 5261 2330 5318 lentia
2359 5263 2441 5317 sui
2471 5263 2744 5320 exercitus
2763 5279 2891 5320 eum
2916 5263 3245 5337 Opprimere,
3305 5273 3359 5320 et
3411 5263 3481 5319 ad
3535 5263 3775 5319 subeun-

2166 5351 2297 5407 dum
2326 5351 2582 5421 judicium
2603 5368 2761 5408 suum
2811 5367 3009 5425 cogere
3055 5353 3344 5426 cogitabat,
3403 5352 3450 5408 si
3516 5352 3777 5424 archiepi.

2165 5441 2318 5513 scopi
2347 5456 2672 5498 consensum
2702 5441 2757 5499 in
2787 5443 2892 5500 hoc
2920 5442 3182 5514 potuisset
3209 5442 3430 5499 habere.

2232 5533 2329 5587 56.
2370 5531 2496 5588 Post
2525 5531 2646 5591 haec
2671 5531 2935 5599 concione
2963 5529 3137 5594 soluta
3150 5531 3237 5595 vir
3259 5531 3478 5590 Domini
3497 5532 3566 5589 ad
3581 5547 3769 5604 regem
