4046 6076
283 271 389 334 745

1599 271 1759 337 νιτΑ
1785 282 1842 338 S.
1875 274 2236 340 WILFRIDI.

3490 303 3594 362 746

283 393 562 450 Ailredum
591 390 770 461 rediit,
799 398 852 449 et
882 392 1043 449 totius
1091 393 1297 466 negotii
1325 409 1595 452 summam
1625 397 1729 452 sibi
1759 413 1852 470 ape

1987 412 2259 482 repulsus.
2296 413 2450 471 Unde
2479 414 2642 472 etiam
2671 416 2804 476 tanti
2835 417 2982 492 apud
3011 437 3134 479 eum
3181 426 3399 484 habitus
3430 440 3511 488 est
3539 441 3596 488 ut

284 483 408 538 ruit.
441 482 545 552 Qui
594 491 755 538 tantae
786 483 990 538 fraudis
1041 483 1375 555 malignitate
1412 485 1760 554 stupefactus,
1794 489 1884 542 in-

278 572 484 645 juriam
514 573 561 628 ei
592 573 795 627 illatam
836 575 1182 628 vehementer
1209 573 1457 629 indoluit.
1488 575 1728 631 Alfridus
1757 578 1884 646 quia

282 661 606 717 Wilfridum
654 661 724 717 ad
767 678 921 716 suum
953 662 1096 716 velle
1147 669 1372 718 tractare
1420 678 1528 718 non
1576 665 1768 734 potuit,
1816 681 1883 720 ne

279 757 463 805 tamen
493 750 546 805 in
593 750 698 806 hac
726 757 881 820 parte
912 749 1044 804 nihil
1087 766 1252 820 posse
1281 758 1582 820 putaretur,
1617 752 1883 824 disposuit

276 853 344 894 ea
403 854 522 909 quae
578 838 695 909 ipse
750 839 921 894 servis
972 839 1166 894 Christi
1225 839 1292 893 ad
1333 840 1532 895 victum
1588 850 1882 911 paraverat

276 929 501 984 omnino
563 927 890 996 convellere,
957 927 1244 999 dissipare,
1273 928 1593 998 distrahere,
1648 939 1701 985 et
1754 947 1879 986 eum

275 1018 458 1088 ipsum
508 1015 686 1072 locum
733 1016 1078 1072 habitationis
1123 1033 1310 1073 eorum
1349 1019 1564 1088 penitus
1607 1019 1878 1076 desertum

274 1105 520 1166 efﬁcere.
570 1110 636 1160 At
669 1106 875 1162 etenim
922 1107 1208 1176 dispositio
1252 1107 1457 1176 judicis
1504 1107 1595 1178 qui
1641 1110 1878 1166 humano

273 1195 444 1250 furori
490 1195 684 1250 cedere
721 1195 912 1262 nescit,
959 1195 1138 1250 locum
1184 1195 1506 1251 famulorum
1555 1213 1775 1254 suorum
1821 1198 1876 1253 in

272 1284 526 1339 manibus
573 1291 918 1354 peccatorum
966 1299 1312 1357 nequaquam
1351 1286 1428 1340 ire
1457 1286 1726 1355 permisit.
1758 1289 1873 1344 De-

273 1373 440 1443 nique
496 1373 655 1428 Pater
711 1372 1002 1428 Wilfridus
1055 1374 1367 1445 priusquam
1423 1376 1588 1430 eundi
1643 1377 1872 1432 Romam

271 1460 378 1516 iter
431 1461 709 1532 arriperet,
741 1462 810 1516 ad
866 1461 1046 1518 locum
1083 1463 1249 1532 venit,
1309 1464 1505 1519 fratres
1560 1471 1619 1520 ut
1659 1481 1719 1520 se
1775 1482 1875 1535 per

274 1549 462 1604 omnia
491 1550 603 1604 Deo
644 1550 1091 1606 commendarent
1119 1552 1418 1620 admonuit,
1447 1561 1501 1608 et
1543 1568 1611 1606 ne
1634 1554 1871 1609 hominis

275 1638 414 1694 iram
445 1640 693 1695 timerent
724 1653 1054 1711 magnopere
1096 1641 1276 1709 jussit,
1309 1639 1511 1708 dicens,
1551 1641 1626 1696 nil
1657 1643 1869 1713 penitus

1991 498 2170 569 ipsum
2212 501 2268 555 in
2310 503 2536 560 consilio
2585 507 2729 576 quod
2775 522 3135 583 congregarat
3185 516 3590 590 episcOporum,

1990 595 2174 658 utpote
2202 590 2379 647 virum
2428 593 2761 667 incorruptae
2800 597 2924 653 ﬁdei
2956 604 3010 655 et
3037 602 3203 657 animi
3232 607 3411 673 probi,
3456 610 3594 664 resi-

1991 674 2120 732 dere
2159 679 2515 750 praaciperet.
2577 682 2795 751 Quibus
2837 689 3051 754 auditis,
3104 707 3293 748 omnes
3338 712 3445 751 una
3473 711 3602 752 cum

1987 769 2106 832 ipso
2139 782 2350 822 summo
2396 769 2652 839 pontifice
2703 775 2909 844 dixere,
2943 778 3117 834 virum
3163 789 3324 838 tantae
3353 786 3594 840 auctori-
3661 831 3664 835 .

1992 852 2126 943 tatis,
2178 855 2268 924 qui
2311 872 2412 925 per
2444 859 2802 933 quadraginta
2847 881 3016 936 prope
3060 884 3230 924 annos
3278 871 3594 943 episcopatu

1986 938 2204 998 functus
2237 952 2370 1012 erat,
2402 961 2747 1019 nequaquam
2793 951 3044 1009 damnari
3074 955 3278 1013 debere
3359 938 3591 1018 sed-ab-

1985 1029 2221 1086 solutum
2249 1033 2319 1086 ad
2345 1035 2597 1104 patriam,
2633 1046 2816 1109 utpote
2866 1041 3165 1099 immunem
3199 1047 3270 1100 ab
3300 1051 3447 1104 omni
3470 1053 3590 1106 cul-

1984 1132 2074 1187 pa,
2108 1133 2233 1174 cum
2262 1121 2472 1178 honore
2499 1125 2696 1180 redire.
2748 1127 3022 1199 Scriptum
3053 1141 3137 1188 est
3180 1133 3345 1208 igitur
3369 1140 3591 1211 regibus

1981 1207 2278 1299 Anglorum
2324 1211 2560 1267 Eilredo
2591 1221 2644 1268 et
2670 1214 2902 1285 Alfrido,
2937 1227 2994 1273 ut
3023 1221 3069 1274 si
3103 1207 3459 1281 anathemate
3477 1228 3587 1299 ple-

1980 1294 2050 1348 cti
2082 1297 2303 1366 nollent,
2328 1299 2483 1353 illum
2511 1302 2591 1354 sui
2622 1303 2967 1374 episcopatus
3014 1310 3145 1364 sede
3173 1313 3339 1384 recipi
3372 1294 3580 1386 absque

1979 1387 2362 1442 retractatione
2395 1388 2655 1458 facerent,
2689 1407 2754 1447 eo
2786 1396 2928 1463 quod
2976 1396 3153 1467 ipsum
3183 1400 3379 1469 injuria
3407 1404 3584 1476 depo-

1978 1471 2139 1526 situm
2170 1490 2288 1529 esse
2327 1491 2515 1532 omnes
2563 1487 2740 1535 ratum
2776 1483 3057 1539 haberent.

2051 1561 2136 1616 58.
2173 1563 2298 1618 Post
2326 1565 2442 1620 haec
2474 1566 2711 1623 famulus
2758 1571 2977 1627 Domini
3026 1575 3244 1646 magnis
3274 1588 3584 1637 sanctorum

1977 1648 2220 1721 reliquiis
2267 1652 2654 1722 locupeleatus,
2689 1665 2743 1712 et
2791 1659 2962 1714 multa
3011 1662 3299 1719 multorum
3350 1684 3586 1726 venera-

274 1727 355 1782 eis
382 1743 542 1797 posse
582 1743 798 1797 nocere,
829 1727 872 1782 si
911 1729 1084 1783 Deum
1125 1735 1487 1797 protectorem
1534 1737 1870 1786 mererentur
1895 1758 1951 1819 B
1985 1737 2130 1793 tione
2177 1740 2492 1810 perfunctus
2537 1752 2590 1799 et
2639 1747 2990 1816 exhilaratus,
3042 1753 3273 1820 patriam
3307 1759 3584 1813 remeandi

273 1816 482 1870 habere
529 1831 542 1885 ;
592 1816 852 1872 haberent
903 1820 1106 1883 autem,
1139 1817 1182 1870 si
1221 1832 1346 1872 eum
1390 1834 1517 1876 vere
1561 1819 1865 1890 diligerent,

273 1904 434 1974 eique
464 1920 682 1974 semper
709 1905 917 1960 sincero
961 1905 1125 1960 corde
1155 1906 1441 1962 servirent.
1495 1909 1562 1961 At
1591 1907 1670 1961 illi
1701 1908 1870 1964 verba

269 1993 354 2049 sui
388 1993 558 2048 Patris
599 1992 906 2049 obediendo
945 2003 1319 2063 susceperunt,
1368 2003 1419 2050 et
1449 1995 1506 2049 in
1537 1997 1652 2052 Deo
1682 2004 1870 2052 contra

270 2098 461 2138 omnes
482 2082 825 2139 adversarios
849 2083 1022 2139 Deum
1044 2090 1416 2154 protectorem
1447 2085 1645 2140 habere
1667 2101 1871 2142 merue-

267 2178 416 2226 runt.

340 2263 436 2315 57.
477 2260 607 2315 Cum
641 2267 820 2316 autem
846 2261 1043 2317 beatus
1089 2261 1384 2318 Wilfridus
1413 2264 1641 2318 Romam
1671 2265 1863 2322 venis-

266 2358 369 2418 set,
403 2347 689 2421 magniﬁce
731 2358 840 2404 tam
884 2365 916 2405 a
956 2351 1199 2406 Jooanne
1246 2353 1560 2422 apostolicae
1590 2353 1731 2408 sedis
1759 2370 1863 2410 an-

263 2439 449 2507 tistite,
509 2453 672 2510 quam
711 2445 825 2494 eta
881 2446 1086 2510 populo
1135 2440 1392 2496 Romano
1423 2450 1706 2513 susceptus
1761 2452 1861 2499 est.

263 2527 550 2583 Adventus
605 2535 786 2582 autem
830 2527 911 2581 sui
944 2544 1107 2582 causa
1153 2543 1278 2584 cum
1325 2545 1516 2585 coram
1561 2532 1861 2601 apostolico

263 2615 552 2688 multisque
595 2614 864 2686 episcopis
909 2616 1167 2671 ventilari
1216 2617 1461 2685 deberet,
1502 2621 1860 2688 praesentibus

261 2703 668 2760 accusatoribus
714 2704 826 2759 suis
861 2704 1041 2759 locum
1084 2720 1207 2760 sese
1226 2705 1560 2762 defendendi
1607 2710 1849 2780 accepit.

260 2795 448 2863 Itaque
487 2794 739 2859 surrexit,
791 2808 1011 2849 causam
1065 2810 1218 2848 suam
1257 2810 1438 2850 coram
1485 2797 1738 2870 omnibus
1782 2800 1857 2868 (7)

262 2881 405 2937 dixit
433 2899 447 2946 ;
481 2882 626 2952 quod
656 2882 812 2950 dixit,
849 2882 929 2938 sic
976 2898 1034 2938 se
1063 2882 1270 2938 habere
1301 2882 1464 2940 ﬁrma
1493 2885 1740 2941 veritatis
1762 2903 1856 2941 ra-

260 2969 405 3026 tione
459 2970 732 3040 probavit.
791 2971 947 3027 Unde
994 2972 1300 3027 communis
1350 2973 1545 3042 judicii
1590 2975 1856 3032 sententia

256 3060 363 3112 viri
390 3058 488 3114 Dei
518 3059 828 3114 innocentia
854 3060 1252 3131 comprobatur,
1292 3069 1450 3133 atque
1481 3064 1853 3119 accusantium

253 3146 410 3202 falsa:
457 3147 745 3204 calumniis
786 3147 1170 3218 reprobantur.
1237 3150 1412 3221 Super
1453 3151 1572 3207 haec
1639 3169 1853 3224 quoque

254 3235 593 3291 venerandus
634 3251 772 3307 papa
801 3237 1042 3292 Joannes
1090 3253 1120 3292 a
1151 3239 1357 3294 cunctis
1400 3249 1675 3309 exoratur,
1710 3259 1850 3312 qua-

255 3331 410 3378 tenus
455 3323 748 3394 apostolica
791 3324 1086 3390 sanctione,
1131 3333 1185 3381 et
1232 3326 1450 3397 justitia
1489 3328 1621 3397 justi
1665 3330 1849 3386 debito

254 3411 459 3466 honore
489 3411 817 3479 sublevetur,
865 3420 915 3468 et
945 3413 1206 3484 injustitia
1249 3414 1296 3468 ei
1327 3415 1691 3471 resistentium
1721 3433 1850 3473 con-

252 3515 389 3570 grua
435 3499 784 3557 damnatione
837 3510 1138 3572 prematur.
1194 3502 1338 3557 Juvit
1393 3511 1573 3558 autem
1630 3521 1846 3561 causam

251 3587 397 3644 illius
425 3588 588 3645 lectio
617 3589 810 3660 synodi
839 3589 1165 3646 venerabilis
1193 3606 1350 3662 papae
1380 3592 1694 3663 Agathonis,
1723 3611 1844 3664 qua:

251 3677 529 3750 quondam
560 3678 615 3732 in
657 3678 739 3732 sui
781 3679 1075 3748 praesentia
1106 3677 1266 3748 (sicut
1305 3679 1564 3752 diximus)
1589 3691 1706 3737 acta
1735 3691 1839 3753 est,

250 3781 379 3821 cum
412 3765 468 3820 in
496 3765 723 3822 consilio
753 3767 1130 3837 episcoporum
1169 3767 1286 3838 ipse
1314 3769 1526 3824 medius
1554 3770 1838 3827 resideret.

246 3855 386 3910 Nam
417 3871 559 3922 cum,
589 3871 649 3910 re
687 3855 960 3927 exigente,
1012 3855 1250 3926 synodus
1277 3857 1470 3912 eadem
1496 3859 1653 3927 jussu
1680 3875 1840 3931 papa:

247 3942 536 4016 legeretur,
581 3951 634 3999 et
671 3958 859 3998 coram
903 3943 1180 3998 nobilibus
1222 3944 1507 4017 plebisque
1536 3947 1841 4017 frequentia

248 4031 442 4088 diebus
473 4032 676 4104 aliquot
700 4031 1034 4098 recitaretur,
1055 4040 1274 4088 ventum
1292 4034 1454 4089 estad
1483 4050 1605 4089 eum
1636 4035 1835 4107 locum,

243 4120 339 4176 ubi
367 4122 626 4192 scriptum
657 4123 772 4176 erat
804 4137 816 4175 :
855 4143 877 4170 «
929 4120 1237 4191 Wilfridus,
1269 4122 1383 4176 Deo
1413 4123 1686 4192 amabilis,
1719 4125 1838 4196 epi-

242 4225 438 4282 scopus
465 4209 734 4265 Eborace
763 4209 1001 4267 civitatis
1044 4209 1398 4281 apostolicam
1428 4211 1610 4266 sedem
1642 4213 1710 4268 de
1739 4229 1837 4270 sua

238 4313 409 4354 causa
438 4297 736 4370 appellans,
791 4322 812 4346 η
848 4306 900 4354 et
939 4301 1134 4354 caztera
1165 4316 1286 4370 quae
1333 4315 1496 4370 supra
1523 4301 1830 4370 posuimus.

1884 3112 1935 3178 C

1979 1826 2127 1881 viam
2157 1828 2392 1898 repetiit.
2426 1831 2668 1901 Cumque
2695 1833 2750 1889 in
2797 1845 2972 1906 partes
3001 1837 3294 1896 Galliarum
3326 1843 3582 1902 devenis-

1979 1922 2085 1981 set,
2129 1916 2310 1971 subita
2365 1917 2676 1978 infirmitate
2725 1924 3039 1995 corripitur.
3094 1928 3215 1997 Qua
3279 1944 3581 2006 crescente,

1976 2009 2127 2060 tanto
2159 2005 2349 2062 dolore
2385 2016 2616 2064 vexatur
2641 2018 2699 2066 ut
2749 2028 2890 2085 equo
2934 2015 3153 2072 minime
3196 2021 3319 2075 vehi
3353 2005 3578 2095 valeret,

1975 2093 2074 2148 sed
2119 2092 2481 2151 ministrorum
2544 2099 2796 2156 manibus
2843 2101 2898 2156 in
2954 2105 3184 2175 grabato
3251 2092 3576 2177 portaretur.

1974 2181 2172 2268 Sicque
2203 2181 2414 2238 delatus
2443 2185 2500 2239 in
2529 2187 2762 2243 Meldum
2793 2191 3066 2248 civitatem
3103 2194 3315 2263 Galliae,
3351 2207 3581 2268 quatuor

1980 2264 2174 2320 diebus
2218 2282 2283 2322 ac
2327 2269 2579 2324 noctibus
2624 2271 2820 2328 similis
2861 2285 3072 2332 mortuo
3119 2264 3383 2348 jacebat;
3406 2283 3578 2340 halitu

1972 2352 2322 2411 solummodo
2369 2359 2613 2427 pertenui
2661 2361 2787 2416 vitae
2842 2380 2899 2418 se
2943 2365 3183 2422 funditus
3241 2369 3575 2428 subtractum

1973 2457 2083 2497 non
2127 2458 2250 2498 esse
2300 2444 2696 2504 demonstrans.
2745 2451 2877 2505 Cum
2922 2469 3052 2509 vero
3098 2455 3173 2510 ita
3216 2457 3332 2513 sine
3371 2459 3493 2515 cibo
3522 2469 3575 2516 et

1969 2537 2119 2601 potu,
2168 2531 2286 2588 sine
2337 2549 2475 2590 voce
2521 2543 2575 2591 et
2618 2537 2800 2592 auditu
2845 2541 3133 2609 quatriduo
3179 2559 3572 2620 perseveraret,

1973 2619 2159 2689 quinta
2190 2620 2414 2676 demum
2442 2623 2530 2677 die
2567 2640 2688 2680 cum
2722 2627 3055 2698 jamjamque
3081 2633 3375 2689 moriturus
3401 2652 3432 2689 a
3461 2638 3576 2693 suis

1975 2707 2352 2780 plangeretur,
2387 2719 2608 2767 sanctus
2639 2713 2868 2770 Michael
2905 2720 3263 2791 archangelus
3291 2738 3322 2776 a
3342 2724 3576 2782 Domino

1965 2796 2210 2864 mittitur,
2257 2815 2358 2868 per
2413 2817 2573 2871 quem
2631 2803 2848 2858 sanitati
2901 2806 3160 2876 pristiniae
3224 2812 3565 2872 restituatur.

1967 2882 2072 2939 Cui
2102 2887 2265 2942 Pater
2310 2887 2616 2959 intendens,
2667 2907 2731 2948 ac
2781 2892 2926 2949 velut
2977 2897 3182 2966 Optime
3225 2901 3442 2971 cognito
3473 2919 3572 2974 pro

1964 2989 2127 3044 posse
2155 2991 2254 3031 suo
2291 2977 2474 3032 vultus
2498 2979 2773 3036 alacritate
2818 2983 3151 3055 adgaudens,
3194 2989 3385 3043 tacitus
3410 2991 3572 3060 jace-

1961 3061 2074 3131 bat,
2109 3063 2368 3134 quidnam
2399 3066 2503 3121 sibi
2541 3067 2722 3124 dicere
2750 3070 2914 3127 vellet
2957 3074 3227 3143 operiens.
3270 3077 3430 3132 Stans
3461 3080 3568 3134 ita-

1964 3167 2069 3220 que
2099 3153 2414 3223 angelorum
2448 3156 2704 3227 princeps
2735 3157 3054 3229 hujusmodi
3084 3164 3253 3218 verba
3283 3165 3396 3221 viro
3416 3167 3571 3237 Olocu-

1959 3246 2041 3294 tus
2069 3241 2333 3296 asseritur
2364 3260 2376 3295 :
2416 3267 2438 3292 ε
2476 3244 2753 3312 Wilfride,
2788 3248 3026 3304 concivis
3075 3250 3410 3326 dignissime,
3443 3273 3564 3311 sur-

1957 3343 2046 3399 ge,
2081 3329 2208 3397 quid
2230 3329 2385 3398 jaces
2418 3331 2446 3383 ?
2478 3346 2603 3386 nam
2635 3333 2760 3388 licet
2803 3334 2943 3389 inter
2988 3337 3134 3392 cives
3162 3341 3422 3396 coelorum
3455 3361 3562 3398 nu-

1956 3416 2200 3486 mereris,
2245 3425 2429 3473 tamen
2474 3428 2698 3489 propter
2743 3423 3014 3479 orationes
3064 3424 3297 3482 ﬁliorum
3347 3438 3558 3488 tuorum

1953 3505 2058 3559 hoc
2088 3511 2332 3575 tempore
2361 3521 2471 3561 non
2500 3507 2772 3578 morieris,
2820 3512 3095 3584 praecipue
3143 3531 3244 3585 per
3278 3520 3476 3576 merita
3507 3529 3561 3576 et

1949 3591 2368 3649 intercessiones
2399 3595 2570 3650 beatae
2600 3599 2783 3652 Mariae
2831 3601 3114 3671 genitricis
3143 3604 3240 3660 Dei
3272 3614 3324 3661 et
3353 3625 3558 3681 perpe-

1951 3687 2055 3736 tuae
2107 3681 2363 3752 Virginis.
2417 3683 2608 3741 Oravit
2664 3686 2807 3742 enim
2835 3705 2932 3758 pro
2987 3698 3057 3760 te,
3089 3702 3384 3766 propterea
3411 3701 3561 3769 quod

1948 3769 2199 3841 quaedam
2243 3786 2408 3842 opera
2455 3772 2557 3827 sibi
2615 3775 2924 3845 placuerint
2981 3779 3122 3835 facta
3178 3798 3277 3852 per
3324 3789 3396 3841 te.
3443 3787 3556 3844 Scit

1945 3873 2142 3929 nempe
2198 3859 2327 3930 quid
2373 3861 2552 3932 operis
2615 3863 2770 3920 Petro
2827 3866 3041 3937 feceris,
3098 3871 3337 3942 quidque
3383 3874 3554 3945 ipsius

1944 3945 2094 4000 fratri
2124 3948 2364 4004 Andreae
2380 3953 2770 4009 construxeris.
2797 3953 3140 4028 Quapropter
3161 3977 3304 4017 nunc
3321 3963 3543 4032 quidem

1945 4047 1979 4087 a
2013 4043 2184 4089 morte
2235 4037 2600 4106 revocaberis,
2634 4056 2696 4096 ac
2746 4041 2870 4098 vitm
2902 4045 3173 4115 salutique
3221 4051 3546 4128 restitueris,

1944 4121 2042 4177 sed
2082 4130 2304 4193 paratus
2349 4132 2485 4192 esto,
2525 4127 2652 4196 quia
2689 4134 2818 4196 post
2865 4133 3279 4200 quadriennium
3330 4121 3549 4196 rediens

1941 4209 2170 4268 visitabo
2224 4217 2295 4266 te.
2345 4213 2581 4267 Patriam
2646 4231 2775 4271 vero
2835 4222 3179 4292 perveniens,
3254 4227 3547 4284 maximam

1938 4298 2342 4369 possessionum
2375 4309 2610 4371 tuarum,
2645 4321 2766 4373 quae
2797 4306 2894 4360 tibi
2933 4317 3058 4363 sunt
3088 4311 3302 4380 ablatm,
3343 4319 3545 4384 portio—

238 4387 400 4456 Quod
442 4387 535 4442 ubi
564 4387 780 4456 lectum,
813 4394 1002 4459 stupor
1041 4387 1400 4457 apprehendit
1445 4389 1749 4457 audientes,
1781 4399 1833 4447 et
1865 4464 1891 4466 ᾉ
1936 4402 2060 4441 nem
2088 4387 2338 4458 recipies,
2373 4397 2538 4462 atque
2568 4391 2622 4445 in
2653 4408 2788 4463 pace
2817 4397 3114 4466 tranquilla
3146 4399 3314 4456 vitam
3351 4407 3540 4462 termi-

237 4475 433 4530 sjleme
474 4476 672 4532 lectore
713 4485 991 4548 cmpemm
1023 4477 1339 4532 alterutrum
1385 4477 1680 4548 requirere,
1715 4480 1832 4549 quis
1862 4464 1912 4526 D
1935 4475 2114 4530 nabis.
2160 4498 2182 4524 ι
2217 4476 2427 4545 Quibus
2457 4479 2638 4548 dictis,
2673 4482 2814 4538 visio
2862 4464 3049 4556 angeli
3077 4488 3437 4561 colloquentis
3470 4497 3541 4550 ab

235 4563 328 4619 ille
356 4564 649 4620 Wilfridus
679 4566 968 4637 episc0pus
1001 4573 1159 4621 esset.
1193 4566 1328 4620 Tum
1359 4567 1680 4622 Bonifacius
1702 4583 1830 4638 apo-

233 4653 414 4708 stolici
457 4669 615 4725 papae
644 4653 988 4720 consiliarus,
1042 4661 1094 4709 et
1124 4654 1212 4708 alii
1249 4655 1553 4725 perplures,
1580 4657 1673 4725 qui
1704 4672 1828 4711 eum

235 4741 568 4813 temporibus
614 4741 913 4814 Agathonis
949 4756 1110 4813 papae
1153 4742 1229 4795 ibi
1261 4741 1528 4812 viderant,
1574 4744 1830 4801 dicebant

130 4858 132 4860 τ
229 4829 409 4902 ipsum
439 4845 563 4886 esse
591 4831 947 4903 lepiscopum,
995 4830 1088 4900 qui
1118 4838 1400 4886 accusatus
1445 4847 1476 4885 a
1503 4831 1629 4899 suis,
1662 4840 1826 4905 atque

231 4935 264 4974 a
286 4917 423 4974 'sede
449 4919 748 4990 apostolica
769 4919 1097 4990 jndicandus
1126 4934 1299 4989 nuper
1318 4919 1544 4975 Romam
1569 4921 1820 4978 advenit:

230 5007 320 5078 qui
345 5007 686 5077 jamdudum,
717 5007 991 5078 inquiunt,
1029 5023 1183 5078 aeque
1212 5016 1493 5063 accusatus
1521 5009 1628 5065 huc
1659 5011 1823 5066 adve-

227 5097 407 5167 niens,
442 5113 570 5153 mox
601 5096 783 5152 audita
811 5095 1216 5167 dijudicataque
1245 5112 1411 5152 causa
1431 5105 1484 5152 et
1512 5107 1821 5154 controver-

226 5185 307 5240 sia
335 5184 612 5256 utriusque
640 5184 833 5256 partis,
867 5200 900 5238 a
920 5184 1094 5240 beatae
1110 5185 1387 5240 memoriae
1413 5201 1559 5258 papa
1585 5189 1821 5259 Agatho-

223 5285 297 5331 ne
347 5273 606 5346 probatus
652 5282 735 5330 est
770 5281 958 5331 contra
999 5273 1084 5328 fas
1127 5289 1245 5329 esse
1293 5289 1324 5327 a
1361 5289 1457 5330 suo
1503 5275 1820 5346 episcOpatu

291 5398 378 5468 (’7)
407 5397 706 5472 Epistolam
750 5397 868 5472 ejus
896 5397 1101 5472 {catini
1135 5413 1289 5469 papa:
1321 5398 1378 5452 in
1424 5397 1504 5454 sui
1535 5400 1817 5472 purgatio-

220 5485 348 5526 nem
407 5468 646 5525 oblatam
703 5469 869 5525 refert
916 5468 1226 5523 Willelmus
1273 5488 1285 5524 :
1337 5485 1437 5526 nec
1463 5468 1572 5526 non
1612 5468 1821 5527 litteras

215 5540 448 5598 Joannis
475 5555 638 5614 papa
677 5539 735 5595 in
762 5538 993 5612 gratiam
1021 5537 1270 5596 Wilfridi
1309 5539 1548 5599 directas
1574 5541 1820 5602 domini:

505 5682 743 5745 Ρλτιοι.
771 5679 964 5764 (ἑΙιΙΧ3

1939 4563 2052 4632 ejus
2079 4573 2372 4636 conspectu
2404 4566 2595 4638 elapsa
2625 4577 2731 4624 est.
2787 4572 2853 4625 At
2896 4571 2986 4627 ille
3015 4577 3259 4645 protinus
3306 4596 3371 4636 ac
3400 4582 3443 4636 si
3473 4584 3542 4641 de

1935 4653 2090 4724 gravi
2137 4670 2330 4710 somno
2361 4657 2781 4728 expergefactus
2828 4664 3079 4732 surrexit,
3115 4667 3272 4735 sedit,
3309 4671 3534 4740 apertis~

1935 4756 2040 4810 que
2069 4741 2239 4797 oculis
2279 4743 2420 4798 circa
2457 4760 2513 4799 se
2543 4746 2739 4802 choros
2787 4751 3140 4818 psallentium
3185 4756 3536 4832 flentiumque

1935 4828 2156 4883 fratrum
2206 4831 2437 4901 aspexit,
2508 4848 2576 4888 ac
2624 4836 2900 4893 modicum
2951 4843 3247 4916 suspirans,
3313 4828 3533 4908 ubinam

1932 4925 2075 4973 esset
2102 4920 2245 4974 Acca
2273 4921 2556 4991 presbyter
2583 4923 2960 4997 interrogavit.
2997 4929 3100 4998 Qui
3149 4935 3325 4990 statim
3358 4955 3527 4996 voca-

1929 5014 2013 5062 tus
2041 5007 2280 5076 intravit,
2312 5017 2362 5064 et
2394 5009 2587 5067 videns
2604 5029 2729 5068 eum
2747 5015 2944 5070 melius
2980 5018 3268 5078 habentem
3300 5043 3361 5082 ac
3383 5028 3530 5099 loqui

1929 5095 2218 5165 valentem,
2250 5096 2404 5152 ﬂexis
2433 5099 2670 5170 genibus
2717 5119 2839 5157 cum
2873 5106 3130 5163 omnibus
3179 5113 3268 5181 qui
3299 5095 3530 5174 aderant

1927 5181 2189 5240 fratribus
2219 5186 2331 5240 Deo
2361 5187 2565 5258 gratias
2595 5189 2726 5261 egit.
2764 5191 2829 5247 Et
2864 5209 2986 5249 cum
3016 5212 3210 5267 parum
3245 5205 3530 5260 consedis-

1926 5280 2063 5342 sent,
2095 5288 2160 5329 ac
2187 5273 2256 5329 de
2285 5275 2532 5346 supernis
2559 5276 2774 5345 iudiciis
2816 5283 3013 5352 trepidi
3043 5285 3226 5357 aliqua
3252 5290 3524 5347 confabu-

1927 5396 2392 5485 eminintasimis
2406 5399 2702 5485 Ethelredo
2716 5404 2835 5484 regi
2848 5405 3200 5480 Merciorum,
3227 5417 3284 5468 ct
3303 5414 3337 5468 Α
3351 5414 3524 5485 lfrido

1926 5469 2045 5539 regi
2081 5469 2377 5526 Deirorum
2406 5474 2462 5526 et
2506 5469 2912 5532 Berniciorum.

3173 5697 3248 5763 24
