4046 6076
494 254 599 307 747

1525 243 1840 299 EADMERI
1890 239 2438 298 CANTUARIENSIS
2469 238 2784 294 MONACHI

3689 238 3802 292 768

491 374 598 431 lari
643 372 957 444 coepissent,
1005 371 1166 442 jussit
1210 369 1452 442 pontifex
1507 376 1729 424 caeteros
1773 365 1841 422 ad
1887 367 2074 422 horam
2104 366 2161 426 A
2189 365 2392 420 minere
2421 365 2699 436 cognovit,
2747 372 2898 421 tanto
2926 363 3204 422 sollicitius
3240 365 3491 434 instabat,
3527 368 3585 422 ut
3619 365 3799 421 talen-

496 462 704 535 egredi.
751 462 960 518 Dehinc
1002 460 1071 515 ad
1111 461 1306 514 Accam
1359 456 1736 528 presbyterum
1776 471 2089 524 conversus,

499 567 729 627 quaeque
755 551 968 605 viderat
996 548 1190 604 ordine
1221 546 1420 614 retulit,
1455 545 1736 601 tremenda
1763 543 1916 599 illum
1947 543 2096 613 adju~

492 643 698 697 ratione
727 641 1124 708 constringens,
1174 651 1240 691 ne
1281 635 1407 690 dum
1438 634 1565 690 huic
1611 634 1736 689 vita:
1765 641 2088 704 superesset,

496 730 744 799 cuiquam
778 727 983 782 homini
1013 725 1274 782 visionem
1305 725 1479 796 ipsam
1509 722 1774 778 ediceret.

561 820 650 872 59.
709 814 997 872 Convaluit
1045 814 1208 886 igitur
1255 820 1545 885 episcopus
1586 811 1796 868 cunctis
1841 810 2093 882 gauden-

495 906 658 972 tibus,
701 912 987 977 coeptoque
1036 903 1222 958 itinere
1266 901 1578 958 Brittaniam
1611 899 1781 956 venit.
1837 897 2094 970 Epistolis

493 999 674 1050 autem
707 1011 842 1066 quas
863 1010 920 1054 ,a
967 994 1226 1048 Romanae
1255 991 1403 1046 sedis
1446 989 1682 1044 antistite
1712 996 2003 1060 acceperat
2040 988 2092 1042 in

492 1091 763 1139 conventu
803 1081 1064 1138 nobilium
1095 1080 1266 1148 lectis,
1311 1078 1618 1136 Birtualdus
1646 1077 2095 1148 archiepiscopus

494 1184 548 1232 et
594 1171 860 1229 inlredus
909 1169 1180 1239 quondam
1226 1184 1342 1234 rex,
1383 1175 1509 1222 tunc
1555 1174 1735 1222 autem
1776 1165 1964 1234 abbas,
2015 1167 2093 1221 eis

495 1261 852 1320 libentissime
901 1259 1169 1315 faverunt.
1204 1256 1308 1321 Qui
1337 1255 1592 1312 videlicet
1638 1253 1903 1309 Eilredus
1943 1256 2090 1310 acci-

497 1363 607 1409 tum
639 1351 710 1406 ad
738 1364 798 1404 se
827 1347 1188 1410 Coenredum,
1219 1360 1380 1418 quem
1411 1351 1531 1415 post
1558 1359 1617 1398 se
1644 1359 1829 1414 regem
1860 1344 2087 1412 fecerat,

492 1441 743 1496 hortatus
791 1444 871 1491 est
899 1442 955 1489 ut
1009 1449 1225 1490 servum
1276 1432 1492 1489 Domini
1535 1448 1602 1486 ex
1650 1431 1830 1488 animo
1873 1448 2092 1503 semper

495 1529 725 1594 coleret,
757 1524 1009 1596 eligeret,
1043 1523 1252 1578 foveret
1290 1529 1344 1578 et
1373 1529 1564 1577 contra
1601 1537 1792 1576 omnes
1838 1520 2089 1576 adversa-

496 1618 605 1672 rios
632 1614 936 1670 indefessus
961 1611 1010 1666 ei
1038 1618 1415 1682 propugnator
1440 1610 1709 1665 existeret.
1735 1609 1854 1665 Rex
1877 1611 2082 1664 annuit.

2198 459 2320 508 tum
2347 452 2454 508 sibi
2495 452 2756 508 creditum
2807 453 3043 511 Domino
3071 470 3171 510 suo
3218 455 3406 510 fenore
3435 453 3799 525 multiplicato

2198 548 2526 614 reportaret.

2271 634 2365 685 60.
2403 631 2476 684 Et
2500 631 2614 701 jam
2660 639 2872 702 tempus
2903 632 3149 705 angelica
3193 631 3525 690 revelatione
3552 635 3796 704 promis-

2199 735 2322 774 sum
2378 719 2579 776 instare
2640 721 2938 792 praesentit,
2991 736 3114 778 cum
3162 736 3290 777 ecce
3343 722 3500 793 gravi
3553 725 3803 795 corporis

2199 807 2475 880 languore
2505 809 2796 879 invaditur,
2839 818 2892 866 et
2922 810 3182 884 fatigatus
3209 809 3348 866 lecto
3378 813 3654 882 recipitur.
3691 814 3804 869 Ve-

2202 896 2445 952 neranda
2501 898 2732 954 fratrum
2787 900 3029 971 agmina,
3087 915 3187 955 nec
3237 915 3346 954 non
3394 909 3447 955 et
3472 901 3652 971 plebis
3679 917 3804 958 cum

2203 985 2316 1039 suis
2371 985 2702 1055 primatibus
2758 1003 2884 1059 pars
2941 989 3180 1042 maxima
3229 993 3286 1043 in
3340 1005 3510 1043 unum
3556 991 3805 1059 confluit,

2200 1072 2401 1129 lectum
2435 1074 2667 1144 jacentis
2697 1075 2956 1132 flebiliter
2999 1075 3187 1145 ambit,
3221 1075 3387 1148 ﬁtque
3443 1093 3614 1148 pavor
3641 1095 3806 1151 gran-

2201 1161 2308 1227 dis,
2335 1179 2402 1218 ne
2456 1164 2597 1219 forte
2627 1165 2848 1221 recedat
2876 1165 2945 1220 ab
2991 1165 3120 1230 illis.
3169 1168 3238 1220 At
3293 1166 3384 1222 ille
3415 1183 3474 1224 se
3515 1167 3582 1223 de
3611 1168 3804 1225 labore

2199 1251 2269 1307 ad
2294 1251 2555 1322 requiem,
2587 1253 2658 1308 de
2689 1253 2904 1308 miseria
2941 1253 3012 1308 ad
3041 1253 3455 1324 beatitudinem,
3486 1255 3554 1312 de
3583 1257 3806 1312 tristitia

2197 1341 2268 1395 ad
2297 1357 2592 1410 parennem
2648 1341 2891 1397 laetitiam
2935 1343 3176 1414 migrare
3204 1345 3568 1415 perpendens,
3627 1346 3803 1402 tristia

2195 1429 2362 1484 corda
2389 1430 2852 1486 circumstantium
2901 1431 3094 1502 quibus
3139 1440 3350 1501 poterat
3380 1433 3563 1489 verbis
3590 1449 3801 1492 conso-

2194 1516 2425 1584 labatur,
2460 1519 2648 1574 dicens
2668 1535 2762 1574 eos
2791 1519 2980 1591 lugere
3008 1536 3110 1590 pro
3139 1536 3197 1576 se
3218 1520 3366 1576 nullo
3387 1522 3550 1578 modo
3572 1523 3802 1596 debere,

2196 1621 2355 1675 quem
2385 1622 2494 1662 non
2546 1607 2796 1676 ludibria,
2848 1607 2945 1664 sed
2983 1624 3194 1664 summe
3217 1609 3463 1679 jucunda
3501 1620 3621 1682 post
3649 1629 3802 1669 mor-

492 1705 740 1761 Alfridus
768 1717 898 1758 vero
944 1716 1040 1756 rex
1083 1699 1677 1766 Nordanhumbrorum,
1727 1700 1870 1754 sicut
1910 1698 2084 1771 regni,
2113 1721 2168 1784 Β
2201 1702 2308 1784 tem
2337 1695 2491 1750 adire
2519 1696 2886 1751 certissimum
2914 1705 3136 1767 possent
3175 1697 3402 1754 habere.
3442 1700 3623 1770 Ipsam
3671 1719 3805 1759 vero

495 1795 573 1850 sic
604 1801 656 1848 et
686 1789 1074 1862 indignationis
1115 1787 1366 1844 fraternae
1396 1789 1605 1843 malens
1645 1803 1919 1842 successor
1945 1803 2085 1853 esse,

492 1898 653 1955 quam
697 1879 930 1951 jussioni
975 1877 1286 1947 apostolicae
1333 1877 1580 1947 deposito
1628 1891 1853 1932 rancore
1895 1877 2093 1932 mentis

492 1984 776 2027 assensum
821 1967 1086 2038 praebere,
1137 1965 1463 2037 ambagibus
1509 1964 1833 2036 quibusdam
1864 1965 2092 2034 objectis

490 2057 758 2114 nitebatur
805 2056 1116 2119 ostendere,
1144 2053 1248 2108 sibi
1289 2053 1503 2123 penitus
1529 2069 1641 2108 non
1679 2068 1796 2108 esse
1824 2053 2088 2122 possibile

488 2142 636 2216 quod
669 2139 1084 2212 praecipiebatur
1111 2137 1358 2208 explere.
1398 2138 1596 2193 Verum
1628 2138 1869 2192 omnium
1900 2152 2088 2193 secre-

488 2241 542 2288 ta
588 2230 833 2287 cordium
879 2235 1128 2284 scrutans
1173 2226 1442 2297 sapientia
1487 2226 1587 2280 Dei
1633 2226 1926 2298 nequitiam
1970 2227 2089 2296 ejus

481 2320 726 2387 attendit,
774 2316 1059 2374 attendens
1103 2314 1449 2382 examinavit,
1496 2315 1814 2370 examinans
1861 2315 2087 2371 damna-

481 2409 578 2479 vit,
609 2423 673 2464 ac
702 2423 900 2477 corpus
928 2405 1072 2460 illius
1100 2405 1214 2460 acri
1245 2404 1767 2460 dolorisinvectione
1789 2404 1869 2458 sic
1895 2405 2087 2459 debili-

480 2499 635 2565 tavit,
684 2505 742 2551 ut
797 2494 1040 2566 protinus
1094 2493 1230 2548 lecto
1262 2492 1612 2562 reciperetur,
1659 2499 1712 2548 et
1757 2494 1908 2548 omni
1940 2509 2083 2562 pene

475 2586 843 2644 membrorum
890 2581 1069 2639 ofﬁcio
1111 2581 1512 2637 destitueretur.
1562 2580 1665 2650 Qui
1703 2597 1827 2637 cum
1855 2597 1915 2636 se
1945 2580 2083 2638 mori

484 2680 861 2745 cognosceret,
913 2670 1172 2726 adhibitis
1231 2670 1451 2725 testibus
1504 2669 1774 2740 promisit,
1834 2669 1979 2741 quod
2036 2670 2082 2726 si

474 2763 622 2818 Deus
676 2761 841 2817 vitam
914 2759 1016 2813 sibi
1061 2758 1401 2825 concederet,
1459 2766 1506 2812 et
1547 2757 1714 2825 jussis
1769 2758 2080 2827 apostolicis

474 2851 641 2908 vellet
670 2848 912 2912 obedire,
947 2856 1000 2902 et
1029 2846 1286 2901 Wilfrido
1329 2847 1476 2900 omni
1506 2853 1754 2916 tempore
1782 2846 2074 2902 inclinatus

480 2940 745 2995 existere.
784 2936 891 2992 Sed
934 2936 1049 3004 ipse
1080 2935 1301 3006 quidem
1330 2935 1449 2990 sine
1478 2934 1866 2991 retractatione
1907 2952 1939 2990 a
1967 2936 2077 2993 vita

477 3027 716 3096 recessit,
749 3034 804 3082 et
826 3024 1073 3080 JEdulfus
1113 3023 1333 3094 quidam
1365 3023 1414 3079 ei
1444 3023 1498 3076 in
1531 3039 1760 3096 regnum
1790 3024 2070 3093 successit,

472 3117 932 3188 praedae-esserem
977 3129 1132 3167 suum
1167 3110 1486 3168 crudelitate
1529 3120 1582 3166 et
1619 3112 1796 3168 cordis
1824 3113 2070 3168 obstina-

467 3205 616 3260 tione
659 3203 999 3275 praecedens.
1058 3202 1199 3255 Nam
1256 3206 1476 3257 sanctus
1506 3201 1800 3256 Wilfridus
1829 3203 1898 3256 ad
1954 3203 2069 3272 ejus

472 3292 682 3349 curiam
708 3292 780 3347 de
811 3291 963 3361 Ripis
991 3289 1212 3346 veniens
1238 3305 1338 3360 per
1363 3289 1580 3344 nuntios
1610 3305 1678 3344 an
1707 3290 1824 3360 paci
1853 3291 2069 3362 acquie-

467 3388 642 3438 sceret
694 3379 992 3453 inquisivit.
1041 3377 1250 3446 Quibus
1292 3377 1406 3447 ipse
1436 3393 1532 3448 pro
1578 3378 1798 3450 antiqua
1826 3388 1879 3434 et
1906 3380 2066 3434 insita

468 3471 570 3526 sibi
600 3470 844 3540 nequitia
872 3468 1004 3523 dure
1030 3466 1363 3537 respondens
1395 3485 1406 3520 :
1446 3488 1468 3512 ει
1505 3468 1606 3522 Per
1635 3483 1835 3535 meam,
1868 3468 2060 3538 inquit,

465 3557 698 3613 salutem
719 3557 868 3626 juro,
901 3555 1033 3625 quia
1063 3554 1165 3608 nisi
1196 3554 1338 3608 infra
1366 3553 1540 3624 spatia
1568 3570 1665 3609 sex
1695 3555 1906 3610 dierum
1939 3571 2062 3612 meo

467 3661 636 3717 regno
691 3643 1006 3710 decesserit,
1039 3658 1392 3712 quoscunque
1433 3642 1500 3697 de
1547 3642 1658 3698 suis
1687 3643 1926 3701 invenire
1953 3661 2059 3715 po-

463 3742 601 3800 tero,
633 3733 741 3788 vita
772 3731 1020 3801 privabo.
1049 3754 1070 3779 »
1107 3732 1234 3786 Haec
1254 3739 1492 3801 pr0pter,
1514 3730 1656 3787 facta
1682 3734 2059 3802 conjuratione

461 3827 650 3877 contra
705 3837 850 3887 eum,
911 3833 1082 3891 regno
1141 3819 1286 3888 quod
1317 3819 1526 3874 duobus
1584 3822 1862 3877 mensibus
1893 3824 2061 3879 tenuit

460 3909 718 3980 depulsus
747 3915 852 3965 est.
889 3909 1014 3963 Post
1033 3923 1194 3977 quem
1229 3916 1492 3980 regnante
1525 3907 1731 3964 Osredo
1759 3907 1868 3966 filio
1897 3908 2056 3965 Alfri-

459 3999 534 4066 di,
567 4012 692 4054 cum
716 3995 952 4069 synodus
973 4002 1117 4051 esset
1139 4001 1331 4051 coacta
1359 3997 1516 4066 juxta
1535 3997 1755 4054 ﬂuvium
1772 3999 1898 4065 Nid,
1932 4010 2059 4070 post

455 4087 793 4157 aliquantum
850 4084 1124 4156 utriusque
1207 4085 1374 4156 partis
1427 4086 1766 4157 conflictum,
1841 4089 2056 4144 tandem

459 4175 672 4231 cunctis
701 4174 1006 4232 faventibus
1059 4173 1249 4228 beatus
1277 4174 1570 4230 Wilfridus
1607 4176 1661 4230 in
1715 4176 1903 4232 sedem
1941 4195 2056 4236 sua:

457 4264 701 4320 ecclesiae
731 4270 982 4334 receptus
1036 4269 1123 4317 est
1153 4262 1260 4332 (8).
1313 4263 1486 4333 Cujus
1529 4264 1780 4321 familiari
1819 4268 2056 4324 amicitia

454 4367 548 4406 rex
579 4351 1063 4422 Ofredus‘magno
1111 4349 1302 4405 affectu
1348 4353 1648 4421 copulatus,
1707 4371 1806 4425 per
1861 4371 2053 4412 omnes

451 4440 668 4510 imperii
697 4441 776 4495 sui
838 4447 1008 4494 terras
1037 4439 1314 4509 praecepit,
1359 4449 1622 4508 quatenus
1671 4459 1831 4498 nemo
1862 4444 1939 4498 illi
1995 4446 2052 4500 in

452 4529 696 4600 quolibet
718 4528 937 4599 negotio
968 4527 1277 4597 contrairet,
1299 4528 1394 4582 sed
1426 4528 1561 4582 sicut
1593 4530 1797 4586 famulo
1828 4532 1926 4585 Dei
1957 4549 2055 4602 per

449 4617 634 4672 omnia
665 4633 852 4672 omnes
882 4615 1185 4672 obedirent.
1212 4615 1371 4683 Quod
1401 4617 1601 4671 factum
1632 4627 1736 4673 est.
1769 4619 2050 4691 Siquidem

451 4714 687 4776 quatuor
734 4706 891 4760 annis
930 4705 1126 4775 quibus
1174 4705 1293 4776 ipse
1339 4706 1496 4760 Pater
1542 4707 1856 4777 supervixit,
1889 4725 2049 4766 nemo

450 4795 543 4862 qui
575 4794 678 4847 sibi
710 4794 1110 4850 contradiceret
1152 4793 1272 4862 fuit,
1323 4809 1429 4849 non
1461 4795 1747 4868 quisquam
1778 4812 1878 4852 sua
1907 4797 2056 4855 dicta

446 4896 728 4952 spernere,
761 4898 872 4938 non
901 4882 1112 4937 sinistre
1161 4882 1247 4939 vel
1279 4884 1469 4939 leviter
1504 4885 1734 4940 audebat
1771 4881 2066 4957 interpre-'

444 4970 564 5024 tari.
601 4969 790 5024 Omnis
821 4971 968 5025 enim
1013 4972 1218 5028 invidia
1262 4987 1698 5042 quaquaversum
1741 4983 1854 5030 tum
1883 4992 2041 5032 amo-

445 5074 526 5127 re,
564 5066 674 5114 tum
718 5058 907 5115 timore
962 5061 1179 5129 jacebat
1231 5076 1509 5132 Oppressa.
1558 5065 1680 5134 Ipse
1713 5065 1869 5120 Pater
1897 5066 2042 5136 quod

445 5147 530 5202 sui
563 5147 847 5204 ministerii
886 5164 1013 5204 cura
1045 5149 1280 5219 petebat,
1332 5151 1752 5222 circumquaque
1804 5151 2042 5211 ﬁdeliter

2101 3071 2150 3134 C

2197 1783 2394 1838 seriem
2443 1784 2735 1840 verborum
2793 1801 2914 1858 quae
2983 1785 3040 1839 in
3095 1801 3280 1842 eorum
3353 1788 3801 1860 consolationem,

2199 1871 2366 1927 simul
2421 1878 2476 1927 et
2530 1873 2585 1927 in
2640 1881 2843 1930 sanctae
2886 1875 3012 1932 vitae
3076 1875 3418 1945 propositum
3470 1878 3801 1934 servandum

2196 1961 2530 2018 exhortando
2563 1965 2767 2018 locutus
2798 1971 2901 2030 est,
2934 1962 3055 2033 quis
3083 1964 3372 2033 explicet?
3423 1966 3562 2020 Nam
3593 1977 3799 2038 quanto

2195 2050 2372 2122 magis
2441 2051 2968 2107 incommutabilitati
3051 2068 3196 2108 verae
3279 2055 3662 2111 consolationis
3745 2066 3798 2113 et

2193 2146 2408 2194 aeterna:
2462 2139 2587 2195 vitae
2645 2140 3133 2211 appropinquabat,
3213 2150 3361 2198 tanto
3418 2143 3631 2214 plenius
3680 2147 3796 2216 ejus

2193 2226 2542 2284 dulcedinem
2595 2229 2895 2299 hauriebat,
2928 2237 2980 2284 et
3008 2230 3254 2285 haustam
3284 2246 3621 2304 quorumque
3649 2236 3793 2289 assi-

2192 2317 2448 2371 stentium
2479 2317 2700 2372 auribus
2730 2318 3055 2374 infundebat
3086 2336 3097 2373 :
3150 2326 3203 2374 et
3233 2327 3289 2374 ut
3318 2321 3440 2390 ejus
3468 2336 3621 2376 sacra
3651 2322 3814 2381 infuo‘

2191 2404 2360 2459 sionis
2409 2406 2672 2462 virtutem
2704 2407 3040 2462 audientium
3073 2408 3242 2463 corda
3271 2408 3641 2480 conciperent,
3673 2429 3797 2484 quae

2191 2493 2369 2549 verbis
2401 2494 2636 2564 dicebat,
2697 2494 2936 2550 mirabili
2968 2495 3248 2568 signorum
3280 2495 3521 2552 efficacia
3549 2499 3604 2553 in
3636 2501 3792 2572 ipso-

2188 2597 2308 2636 rum
2339 2581 2508 2638 oculis
2565 2584 2648 2640 sic
2675 2598 2799 2640 esse
2856 2583 3268 2654 comprobabat.
3318 2585 3452 2653 Quae
3501 2588 3789 2660 signorum

2185 2669 2427 2726 efficacia
2482 2687 2548 2729 eo
2605 2673 2781 2745 magis
2838 2673 3013 2728 virum
3087 2673 3461 2744 comitabatur,
3515 2693 3623 2748 quo
3660 2680 3790 2736 vitae

2183 2758 2345 2829 hujus
2375 2762 2684 2817 transitoria
2713 2762 3013 2834 fragilitate
3043 2762 3332 2831 decedens,
3381 2781 3607 2822 summae
3642 2768 3790 2824 Veri-

2185 2847 2278 2900 tati
2333 2850 2664 2906 aeternaliter
2729 2851 3110 2922 copulabatur.
3197 2851 3350 2908 Unde
3381 2852 3554 2910 fateor
3607 2855 3791 2914 dicere

2181 2951 2363 2990 meum
2419 2954 2527 2993 non
2567 2954 2708 3007 esse,
2766 2948 2898 3011 quot
2933 2939 3130 2994 inﬁrmi
3185 2956 3288 3010 per
3339 2957 3463 2996 eum
3511 2942 3786 3001 inﬁrmum

2179 3023 2287 3078 sint
2342 3025 2411 3080 ab
2442 3027 2587 3081 omni
2646 3025 2963 3084 infirmitate
3019 3027 3215 3097 sanati,
3275 3037 3408 3101 quot
3465 3030 3791 3090 daemoniaci

2177 3113 2413 3181 liberati,
2474 3124 2603 3184 quot
2631 3116 2916 3187 paralytici
2971 3117 3209 3185 solidati,
3241 3127 3372 3190 quot
3399 3120 3529 3176 caeci
3577 3121 3788 3178 illumi-

2177 3198 2310 3267 nati,
2344 3204 2476 3271 qnot
2506 3201 2654 3256 surdi
2685 3202 2926 3273 mutique
2948 3207 3137 3270 curati,
3171 3211 3301 3272 quot
3328 3204 3448 3258 aliis
3495 3205 3784 3264 calamita-

2175 3286 2318 3342 tibus
2346 3287 2549 3359 afflicti,
2583 3299 2844 3361 operante
2890 3292 3026 3358 Deo,
3083 3307 3183 3360 per
3212 3307 3337 3348 eum
3367 3293 3657 3367 magniﬁce
3683 3313 3782 3353 re-

2173 3374 2360 3431 creati.
2419 3376 2515 3431 His
2566 3377 2796 3448 aliisque
2835 3380 2904 3434 de
2960 3379 3138 3434 causis
3195 3381 3438 3436 maxima
3493 3384 3778 3440 hominum

2172 3464 2460 3520 multitudo
2481 3466 2550 3521 de
2580 3464 2880 3539 longinquo
2909 3469 3253 3539 prOperabat,
3277 3470 3435 3542 eique
3464 3487 3524 3527 se
3549 3489 3612 3528 ac
3638 3490 3774 3531 suos

2169 3552 2451 3621 proximos
2502 3555 2597 3623 pio
2653 3556 2832 3610 studio
2887 3557 3306 3612 commendabat
3364 3575 3378 3612 :
3456 3575 3591 3630 quos
3645 3562 3768 3634 ipse

2169 3646 2361 3696 sancto
2405 3642 2602 3697 mentis
2633 3643 2825 3699 affectu
2874 3645 2989 3700 Deo
3019 3647 3411 3702 commendans
3449 3650 3770 3708 hortabatur

2168 3728 2268 3784 Dei
2299 3731 2558 3785 mandata
2607 3731 2822 3788 sincera
2850 3733 3114 3789 charitate
3149 3735 3419 3806 amplecti,
3453 3737 3642 3808 eisque
3671 3757 3772 3812 per

2167 3817 2354 3873 omnia
2401 3818 2639 3875 debitam
2695 3821 3066 3878 obedientiam
3123 3838 3248 3878 cum
3284 3827 3590 3882 reverentia
3616 3829 3770 3899 exhi-

2167 3905 2294 3962 bere
2307 3947 2320 3962 .

2237 3999 2324 4050 61.
2357 3999 2596 4054 Instabat
2641 3997 2804 4071 igitur
2849 4007 3060 4071 tempus
3107 4006 3160 4056 et
3198 4001 3352 4072 hora,
3383 4019 3507 4074 qua)
3536 4020 3568 4059 a
3614 4006 3770 4064 nullo

2163 4086 2474 4140 mortalium
2565 4095 2742 4158 potest
2833 4088 3118 4160 praeteriri,
3203 4094 3421 4161 totaque
3485 4092 3768 4150 inﬁrmitas

2163 4190 2284 4244 qua:
2312 4174 2500 4230 famuli
2531 4175 2628 4230 Dei
2660 4191 2856 4247 corpus
2898 4177 3198 4248 premebat,
3233 4178 3422 4234 vitalia
3449 4180 3610 4235 subit.
3634 4183 3764 4255 Ag-

2164 4262 2310 4318 mina
2338 4262 2533 4319 diversi
2565 4264 2770 4320 ordinis
2808 4272 3006 4333 astant,
3040 4273 3094 4322 et
3148 4273 3273 4322 vota
3307 4267 3480 4323 laudis
3517 4270 3631 4325 Deo
3659 4287 3761 4341 pro

2161 4350 2304 4406 illius
2333 4352 2514 4407 obitus
2561 4354 2968 4424 exspectatione
3025 4355 3348 4425 persolvunt
3379 4373 3393 4410 :
3425 4371 3493 4413 ac
3520 4356 3646 4413 licet
3683 4359 3760 4414 ob

2159 4439 2548 4496 desolationem
2594 4441 2677 4496 sui
2705 4457 3050 4513 nequaquam
3110 4443 3296 4516 lugere
3344 4459 3454 4500 non
3510 4455 3758 4518 possent,

2158 4543 2256 4597 spe
2287 4535 2464 4582 tamen
2487 4529 2728 4583 maxima
2757 4531 3129 4600 consolantur,
3182 4532 3310 4602 quia
3363 4548 3420 4588 se
3475 4534 3748 4606 spirituali

2158 4615 2281 4684 ejus
2323 4616 2615 4685 praesentia
2670 4634 2947 4688 nunquam
3003 4619 3380 4676 destituendos
3433 4621 3549 4678 fore
3577 4624 3758 4680 conﬁ-

2157 4703 2313 4758 dunt.
2355 4705 2475 4774 Ipse
2495 4721 2626 4761 vero
2658 4707 2818 4761 Pater
2846 4705 3314 4762 circumstantium
3329 4707 3562 4765 ﬁliorum
3588 4711 3762 4768 nimia

2155 4791 2413 4847 charitate
2442 4793 2669 4849 tenuiter
2721 4793 3016 4865 respirans,
3072 4795 3344 4853 defessum
3384 4807 3544 4868 caput
3572 4800 3758 4870 pauli-

2153 4895 2280 4950 sper
2324 4881 2518 4948 erexit,
2550 4892 2714 4952 atque
2770 4882 2824 4937 in
2856 4883 2942 4938 his
2973 4884 3152 4940 verbis
3189 4900 3285 4941 eos
3311 4886 3514 4959 alloqui
3543 4890 3710 4960 ccepit
3737 4909 3751 4946 :

2157 4991 2178 5016 ιι
2216 4968 2402 5026 Gratia
2433 4970 2601 5027 divini
2629 4971 2829 5028 amoris
2856 4981 2913 5027 ut
2947 4973 3007 5027 in
3050 4973 3206 5030 vobis
3254 4975 3459 5046 jugiter
3512 4987 3749 5049 maneat,

2150 5057 2344 5114 fratres
2373 5058 2692 5129 dulcissimi,
2751 5068 2862 5116 tota
2893 5060 3085 5116 virtute
3112 5075 3337 5133 Operam
3393 5063 3538 5121 date.
3569 5064 3749 5134 Quam

2147 5148 2381 5217 gratiam
2431 5156 2489 5202 ut
2519 5148 2748 5205 feliciter
2789 5149 3106 5205 mereamini
3165 5153 3556 5223 perpetualiter
3601 5154 3750 5212 obti-

442 5251 770 5308 exsequens,
823 5245 1024 5309 quanto
1053 5237 1233 5309 magis
1283 5237 1428 5293 diem
1459 5255 1574 5295 suae
1602 5239 1899 5297 vocationis
1927 5243 2036 5298 im-
2144 5251 2293 5305 nere,
2327 5235 2547 5292 fraterni
2579 5237 2780 5294 amoris
2837 5237 3017 5294 officia
3046 5238 3292 5295 studiose
3335 5239 3568 5298 invicem
3596 5259 3745 5300 exer-

2140 5379 2358 5506 pggtzipe
2414 5381 2661 5440 secundo
2723 5397 2757 5438 a
2815 5397 2970 5455 rege,
3028 5396 3100 5438 ex
3171 5383 3471 5444 Monastico
3545 5387 3742 5460 Angli~

2140 5467 2170 5506 c
2284 5491 2298 5506 .

2140 5467 2298 5507 cano.

509 5379 907 5455 (8)_Adni_tente
955 5379 1298 5455 potissimum
1350 5379 1558 5455 Eylflpda
1591 5397 1775 5439 sorore
1805 5384 2032 5455 Alfridi,

432 5450 715 5527 abbatissa
738 5451 1196 5527 Streaneshalepsi
1219 5458 1351 5527 post
1380 5451 1598 5527 Hildam
1639 5450 2034 5527 {conspirante

427 5521 596 5583 etiam
662 5523 783 5581 viro
848 5522 1041 5580 illustri
1105 5521 1376 5592 Berfrido,
1455 5524 1602 5597 apud
1667 5521 2031 5597 Willélmum,
