4046 6076
228 292 336 363 74's

1552 304 1711 365 VITA
1748 308 1805 364 S.
1848 306 2211 365 W‘ILFRIDI.

3430 317 3537 375 750

233 446 362 488 cere
413 430 647 487 studete.
699 428 788 486 Nil
834 426 982 502 quod
1021 428 1123 488 vos
1160 431 1230 488 ab
1258 430 1560 487 istiusmodi
1588 430 1832 488 ofﬁciosa
1860 430 1916 492 A
1942 431 2240 499 irradiavit,
2291 446 2618 504 omnemque
2659 432 2828 491 noctis
2858 440 2911 491 et
2959 436 3303 494 tenebrarum
3340 440 3536 500 horro-

240 519 503 578 charitate
557 518 783 576 seducet
838 519 1150 589 attendatis,
1227 536 1294 576 ne
1358 519 1428 576 ab
1477 536 1543 576 ea
1600 536 1723 593 quae
1782 521 1842 576 in

238 609 455 667 Christo
485 617 569 665 est
618 609 927 666 sinceritate
973 609 1209 667 cadatis.
1259 609 1482 683 Maligni
1509 609 1843 675 insidiatoris

240 715 377 772 quos
404 697 657 755 ﬁdelibus
703 698 874 754 tendit
920 698 1144 770 laqueos
1189 698 1375 768 nostis,
1422 699 1715 770 qumrentis
1744 715 1845 755 eo-

241 804 361 845 rum
422 787 636 843 animas
691 786 1017 859 deceptor-iis
1086 794 1308 858 captare
1358 785 1648 860 ﬁgmentis.
1709 787 1844 857 Quae

240 877 525 951 ﬁgmenta,
556 875 694 932 sicut
724 893 755 933 a
784 892 872 932 me
910 892 1057 948 saepe
1105 876 1350 944 audistis,
1382 877 1531 932 omni
1576 876 1845 933 sollicitu-

242 966 373 1023 dine
415 968 630 1031 cavete,
662 972 716 1021 et
771 971 928 1036 prout
964 980 1053 1020 me
1103 963 1283 1020 facere
1329 964 1562 1033 vidistis,
1612 981 1643 1019 a
1689 964 1847 1022 vobis

242 1054 432 1129 procul
475 1053 716 1124 abjicite.
764 1054 893 1109 Htec
935 1053 1117 1122 facite,
1150 1059 1205 1110 et
1246 1054 1391 1109 Deus
1418 1055 1575 1124 pacis
1605 1052 1705 1109 erit
1741 1069 1846 1111 vo-

244 1145 476 1219 piscum.
532 1143 603 1199 Et
643 1157 812 1209 nunc,
871 1142 1063 1199 fratres
1108 1142 1220 1198 mei
1269 1142 1619 1211 dilectissimi,
1678 1142 1847 1199 nolite

244 1249 426 1290 moras
453 1231 654 1288 inferre
682 1231 962 1305 migranti.
996 1231 1105 1287 Vos
1120 1232 1411 1304 ,equidem,
1442 1247 1540 1289 vos
1571 1231 1687 1302 jam
1717 1231 1847 1288 olim

243 1339 334 1379 me
370 1321 440 1378 ad
474 1321 639 1378 vitam
670 1329 888 1377 euntem
914 1320 1251 1391 revocastis;
1292 1321 1393 1376 sed
1434 1320 1599 1377 modo
1624 1321 1845 1392 parcite,

243 1426 449 1484 quaeso.
482 1410 648 1468 Juvat
677 1410 819 1466 enim
841 1425 927 1465 me
959 1409 1205 1480 deposito
1227 1409 1408 1466 carnis
1434 1424 1602 1466 onere
1632 1414 1848 1483 Agnum

239 1500 347 1556 Dei
392 1497 573 1570 sequi.
606 1498 759 1555 Ultra
794 1497 953 1554 vobis
985 1497 1042 1552 in
1080 1497 1184 1553 hac
1211 1513 1375 1553 carne
1401 1512 1512 1554 non
1544 1498 1846 1570 apparebo,

240 1588 418 1645 donec
447 1587 687 1643 Christus
743 1587 1037 1643 resuscitet
1080 1602 1169 1641 me
1206 1585 1491 1642 vobiscum
1521 1587 1577 1642 in
1602 1586 1708 1645 ﬁne
1738 1604 1848 1643 sae-

239 1676 354 1733 culi
392 1677 568 1746 hujus.
603 1674 650 1732 0
686 1675 901 1733 viscera
938 1691 1080 1741 mea,
1113 1675 1310 1731 valete.
1362 1676 1596 1747 Urgeor,
1642 1692 1674 1732 ο
1725 1677 1847 1748 jam

1950 537 2068 577 rem
2096 538 2195 577 sua
2220 522 2504 592 praesentia
2543 520 2825 595 eﬁ'ugavit.
2858 522 3018 592 Quod
3045 526 3294 584 videntes
3322 533 3542 603 magni-

1950 608 2051 665 ﬁce
2101 617 2224 665 sunt
2261 610 2566 680 exhilarati,
2607 609 2772 666 ﬁxum
2812 613 2992 669 animo
3022 630 3133 686 prae
3162 632 3222 671 se
3249 617 3541 690 habentes,

1952 714 2061 754 non
2091 698 2317 754 multum
2346 700 2415 756 de
2447 700 2718 771 corporali
2750 701 2920 757 Patris
2950 703 3189 760 absentia
3218 721 3334 763 esse
3362 708 3550 766 dolen-

1953 786 2101 855 dum,
2153 802 2276 844 cum
2310 788 2379 845 de
2405 788 2673 859 spirituali
2702 790 2820 860 ejus
2846 793 3137 861 presentia
3166 810 3330 865 quam
3361 807 3551 868 aperta

1954 874 2093 931 lucis
2158 876 2471 932 ostensione
2534 877 2635 934 sibi
2715 880 2906 936 adesse
2992 881 3313 953 didicerant,
3382 888 3553 945 multo

1954 964 2192 1021 maxime
2245 965 2445 1021 scirent
2499 982 2618 1022 esse
2668 969 3042 1039 gaudendum.
3091 972 3175 1026 Ex
3228 972 3336 1030 hoc
3373 974 3556 1048 itaque

1954 1054 2250 1109 vehemens
2281 1054 2523 1110 omnium
2570 1055 2716 1112 circa
2756 1056 3130 1114 beatissimum
3161 1061 3377 1118 Patrem
3405 1066 3558 1120 Wil-

1957 1141 2160 1197 fridum
2208 1144 2491 1200 veneratio
2539 1144 2729 1215 crevit,
2757 1144 2812 1200 id
2843 1162 3057 1219 quoque
3097 1156 3301 1205 certum
3334 1153 3557 1210 omnino

1956 1238 2220 1298 tenentes,
2254 1232 2400 1303 quod
2447 1232 2587 1288 sicut
2637 1233 2753 1304 ipse
2799 1234 3172 1292 sanctissimus
3199 1240 3451 1307 pontifex
3502 1242 3557 1298 in

1955 1318 2060 1374 hac
2117 1320 2426 1375 transitoria
2465 1321 2578 1376 vita
2634 1323 3005 1392 temporaliter
3058 1324 3265 1396 degens
3308 1328 3560 1385 omnibus

1957 1416 2072 1463 erat
2108 1407 2256 1463 mitis
2296 1416 2351 1464 et
2399 1407 2653 1476 affabilis,
2686 1409 2762 1466 sic
2802 1420 2855 1466 et
2900 1427 3051 1468 nunc
3093 1413 3149 1467 in
3196 1413 3289 1471 illa
3334 1417 3560 1488 perenni

1956 1496 2068 1553 vita
2095 1512 2219 1553 cum
2272 1496 2482 1553 Christo
2522 1498 2856 1554 aeternaliter
2902 1500 3111 1570 vivens,
3144 1503 3398 1560 omnibus
3426 1506 3558 1561 dili-
3610 1506 3613 1509 “

1956 1584 2213 1656 gentibus
2235 1600 2295 1641 se
2321 1586 2442 1657 pius
2462 1586 2532 1641 sit
2560 1593 2613 1641 et
2648 1588 2969 1644 exorabilis.

2029 1674 2116 1729 64.
2177 1674 2493 1746 Magnitudo
2538 1676 2725 1749 itaque
2764 1676 3044 1750 signorum
3073 1681 3213 1754 {quae
3243 1682 3312 1737 ad
3361 1699 3561 1757 corpus

241 1766 533 1839 defungar,
565 1772 638 1832 et,
671 1780 703 1820 ο
734 1764 946 1832 fratres,
979 1763 1201 1837 vigilate
1229 1779 1299 1819 ne
1325 1778 1425 1821 ves
1469 1780 1692 1820 somnus
1720 1781 1845 1835 per-
1873 1792 1926 1853 Β
1956 1763 2071 1832 ejus
2100 1762 2364 1819 Dominus
2407 1763 2475 1819 de
2527 1763 2615 1819 die
2660 1764 2717 1819 in
2772 1765 2918 1822 diem
2975 1770 3326 1841 Operabatur,
3367 1774 3561 1830 merita

235 1863 425 1927 petum
477 1853 664 1910 mortis
715 1853 974 1911 involvat.
1012 1878 1034 1902 η
1096 1853 1226 1909 Haec
1256 1852 1350 1923 ait,
1394 1860 1449 1909 et
1495 1853 1645 1910 durae
1673 1849 1843 1926 quieti

238 1943 487 2000 membra
529 1943 842 2014 prostravit.
888 1941 1165 1997 Fratribus
1207 1948 1386 1997 autem
1434 1941 1747 2013 psalterium
1780 1958 1849 1997 ex

238 2033 430 2089 ordine
459 2031 896 2099 decantantibus,
917 2038 971 2087 et
984 2031 1099 2102 jam
1122 2045 1290 2100 usque
1320 2029 1391 2085 ad
1406 2047 1627 2086 versum
1651 2029 1848 2101 psalmi

241 2121 526 2178 centesimi
584 2120 725 2176 tertii
779 2120 1222 2191 pervenientibus
1264 2137 1276 2173 :
1311 2119 1523 2177 Emitte
1571 2120 1845 2192 spiritum

252 2214 416 2267 tuum
452 2213 510 2266 et
541 2208 893 2268 creabantur
924 2210 1095 2279 (Psal.
1129 2225 1240 2279 cm,
1266 2210 1379 2281 30),
1409 2208 1654 2281 spiritum
1682 2224 1846 2263 suum

240 2299 297 2355 in
326 2313 522 2354 manus
551 2297 818 2354 Creatoris
847 2296 1075 2354 feliciter
1112 2298 1317 2367 emisit,
1349 2306 1403 2353 et
1442 2298 1521 2353 sic
1566 2297 1715 2369 Agni
1744 2298 1846 2354 Dei

239 2387 554 2446 convivium
600 2394 862 2458 perpetuo
904 2387 1230 2442 recreandus
1258 2385 1443 2443 adivit.
1476 2386 1709 2441 Transiit
1736 2403 1841 2442 au-

238 2494 329 2535 em
351 2478 430 2548 (9)
460 2491 609 2532 anno
671 2475 1070 2533 Incarnationis
1108 2476 1410 2532 Dominicae
1441 2478 1565 2545 709,
1624 2474 1715 2548 qui
1763 2483 1844 2532 est

236 2581 414 2621 annus
450 2564 576 2622 vitae
627 2565 745 2635 ejus
792 2565 884 2633 '75,
916 2563 1266 2637 episcopatus
1307 2579 1439 2621 vero
1468 2566 1556 2619 45.
1591 2563 1842 2635 Sepultus

238 2670 371 2711 sane
425 2661 506 2709 est
560 2654 616 2708 in
652 2652 987 2709 monasterio
1040 2669 1160 2722 suo,
1193 2653 1339 2724 quod
1384 2653 1613 2725 ipsemet
1639 2652 1695 2707 in
1741 2652 1839 2709 Ri-

236 2759 369 2815 pum
416 2758 447 2798 a
498 2741 866 2798 fundamentis
918 2742 1164 2808 instituit,
1220 2758 1284 2798 ac
1340 2744 1454 2798 Deo
1491 2742 1549 2797 in
1577 2742 1839 2798 honorem

238 2830 387 2888 beati
438 2830 579 2887 Petri
630 2830 1001 2901 apostolorum
1047 2830 1309 2902 principis
1336 2831 1701 2887 consecravit.
1734 2830 1839 2887 Ubi

236 2928 297 2975 ut
350 2935 407 2975 se
454 2934 798 2992 nequaquam
854 2920 1019 2974 vitam
1066 2920 1388 2990 perdidisse,
1422 2918 1521 2975 sed
1550 2920 1606 2974 in
1648 2920 1840 2976 melius

237 3016 474 3065 mutasse
521 3008 843 3064 mortalibus
871 3009 1085 3081 probet,
1124 3026 1245 3081 quae
1274 3008 1329 3064 in
1358 3009 1462 3065 hac
1489 3008 1601 3066 vita
1628 3010 1838 3080 positus

238 3096 464 3168 fecerat,
512 3097 637 3153 huic
692 3096 818 3153 vitae
866 3098 1171 3154 subtractus
1225 3098 1512 3168 miracula,
1570 3113 1695 3156 cum
1749 3113 1838 3154 res

237 3185 428 3258 exigit,
468 3185 654 3242 facere
681 3200 795 3242 non
826 3194 1017 3243 cessat.

308 3276 402 3329 62.
440 3274 630 3331 Vestes
650 3274 820 3344 illius,
861 3282 1025 3346 prout
1053 3281 1179 3332 ante
1209 3283 1442 3332 mortem
1473 3274 1836 3346 disposuerat,

233 3362 538 3419 distributae
613 3370 755 3419 sunt.
797 3363 951 3419 Unde
1006 3363 1288 3420 interulam
1341 3364 1463 3433 ejus
1519 3362 1840 3419 sanctissimi

234 3452 476 3524 corporis
503 3451 700 3508 sudore
736 3451 1045 3509 madentem
1089 3451 1305 3508 cuidam
1354 3452 1627 3523 religiosae
1658 3450 1839 3507 abba-

235 3542 378 3597 tissae
432 3539 683 3596 minister
735 3540 1089 3597 deferendam
1146 3541 1372 3612 accepit.
1421 3539 1595 3609 Quam
1651 3540 1844 3595 mulier

235 3629 499 3703 quaedam
554 3629 791 3702 paralysi
847 3629 1132 3699 dissoluta,
1163 3638 1222 3685 ut
1252 3638 1476 3703 tangere
1517 3637 1837 3700 mereretur,

233 3718 442 3776 obnixe
498 3718 734 3791 rogavit.
787 3719 895 3775 Sed
950 3720 1067 3775 haec
1122 3719 1339 3790 quidem
1395 3719 1573 3790 ipsam
1630 3725 1839 3773 vestem

232 3815 465 3881 tangere
519 3822 631 3863 non
682 3807 900 3876 meruit,
956 3823 1145 3865 verum
1213 3822 1431 3878 aquam,
1492 3806 1585 3862 ubi
1642 3806 1837 3863 eadem

234 3898 412 3955 vertis
464 3895 689 3952 intincta
743 3895 860 3963 fuit,
920 3895 980 3950 in
1045 3903 1237 3967 potum
1295 3894 1523 3967 accepit,
1583 3894 1840 3968 illicoque

234 3994 423 4041 sanata
450 3993 551 4042 est.
584 3987 714 4042 Post
759 3985 878 4041 haec
925 3984 1147 4057 quidem
1204 3983 1408 4041 inimici
1438 3984 1676 4040 hominis
1714 3983 1835 4055 Dei,

233 4073 471 4146 propria:
528 4072 826 4147 iniquitatis
870 4072 998 4147 igne
1044 4073 1308 4142 succensi,
1340 4073 1569 4130 domum
1620 4073 1675 4128 in
1732 4088 1840 4145 qua

233 4162 352 4234 ipse
379 4162 505 4218 huic
533 4162 657 4219 vitae
696 4162 920 4218 modum
951 4162 1172 4231 fecerat,
1224 4162 1422 4233 injecto
1453 4162 1569 4235 igni
1602 4177 1837 4219 succen-

232 4251 365 4308 dere
414 4252 594 4308 conati
645 4259 784 4307 sunt.
823 4253 894 4308 At
935 4252 1106 4309 virtus
1147 4250 1386 4308 defuncti
1416 4252 1691 4308 viventem
1725 4258 1836 4307 ter-

232 4339 340 4396 ruit
365 4339 553 4414 ignem
601 4341 822 4397 domum
870 4339 1096 4396 illaesam
1135 4339 1388 4407 servavit,
1447 4340 1629 4396 hostes
1684 4339 1838 4412 fuga-

231 4429 330 4499 vit,
362 4429 649 4499 taliterque
668 4429 821 4483 illum
844 4428 1115 4486 veraciter
1141 4428 1331 4486 vivere
1350 4428 1762 4486 demonstravit.

231 4622 413 4676 curso,
443 4606 697 4663 convenit
742 4606 1097 4677 undecunque
1155 4605 1393 4662 maxima
1427 4606 1616 4679 populi
1643 4606 1831 4663 multi-

234 4696 383 4765 tudo,
425 4702 613 4767 utpote
642 4696 748 4768 piae
791 4694 1148 4766 depositionis
1181 4695 1326 4751 illius
1354 4695 1632 4752 memoriae
1666 4711 1833 4751 excu-

231 4783 359 4840 bias
385 4783 745 4841 celebratum.
777 4783 919 4839 Cum
956 4800 1091 4856 ergo
1138 4784 1296 4840 turba
1324 4799 1536 4855 pernox
1585 4799 1682 4840 sua
1710 4784 1831 4841 Do-

232 4873 383 4929 mino
408 4880 533 4930 vota
560 4872 920 4944 persolveret,
954 4882 1009 4929 et
1035 4880 1276 4944 paternae
1305 4873 1694 4929 consolationis
1740 4872 1832 4928 af-

232 4960 429 5018 fectum
485 4960 979 5033 irrecuperabiliter
1023 4978 1143 5018 sese
1192 4962 1250 5017 in
1289 4961 1384 5018 illo
1410 4960 1709 5032 perdidisse
1739 4961 1835 5019 de-

234 5049 409 5118 ﬁeret,
441 5051 730 5123 aspiciunt,
790 5057 844 5107 et
897 5064 1028 5108 ecce
1075 5051 1167 5106 lux
1221 5050 1433 5106 caelitus
1486 5050 1555 5105 ab
1612 5049 1835 5107 Oriente

234 5138 473 5197 demissa
529 5147 697 5196 totum
754 5140 935 5196 locum
990 5139 1179 5197 famuli
1236 5138 1336 5196 Dei
1363 5138 1501 5197 miro
1543 5136 1837 5212 splendore

304 5334 387 5408 (9)
402 5334 717 5409 Defunctus
745 5339 827 5409 est
848 5335 913 5392 in
940 5335 1284 5409 monasterio
1314 5349 1412 5409 suo
1439 5333 1585 5409 quod
1603 5334 1837 5409 habebat

324 5405 618 5478 provincia
641 5407 925 5465 Undalum
952 5405 1056 5462 sub
1076 5407 1351 5478 regimine
1376 5405 1647 5463 (Iudbaldi
1675 5406 1837 5464 abba-

236 5477 337 5544 tis,
357 5480 415 5533 et
429 5477 750 5551 ministerio
764 5479 1020 5551 fratrum
1033 5477 1299 5551 perlatus
1310 5479 1373 5551 in
1391 5479 1645 5551 primum
1668 5494 1837 5535 suum

230 5550 649 5622 monasterium
676 5547 823 5622 quod
847 5547 1071 5622 dicitur
1099 5548 1238 5622 in-H
1272 5547 1839 5622 Ripum,porj_tusque

232 5620 301 5677 in
329 5619 583 5678 Ecclesia
609 5620 665 5677 S.
683 5619 1046 5693 'Petrtjuzta
1073 5620 1283 5690 altare,
1305 5619 1374 5678 ex
1403 5619 1569 5679 Beda.
1592 5619 1721 5677 Dies
1740 5619 1839 5677 ob-

230 5405 298 5462 in

1869 3145 1919 3208 C

1959 1851 2128 1922 ipsius
2183 1851 2347 1923 longe
2384 1852 2601 1924 lateque
2655 1852 2989 1925 declarabat,
3051 1866 3102 1912 et
3155 1858 3360 1931 insigni
3415 1862 3560 1918 fama

1956 1948 2231 2010 permotos
2288 1940 2356 1995 ad
2411 1940 2727 1997 memoriam
2780 1942 2923 1999 illius
2968 1944 3276 2003 innumeros
3322 1950 3558 2021 populos

1958 2028 2322 2102 aggregabat.
2385 2029 2728 2103 Quapropter
2768 2031 2922 2088 locus
2963 2033 3079 2105 ipse
3110 2037 3280 2093 multo
3311 2045 3558 2110 tempore

1956 2119 2154 2173 summi
2204 2118 2425 2175 honoris
2469 2123 2548 2175 est
2590 2119 2828 2190 habitus,
2852 2128 2906 2177 et
2960 2123 3268 2197 quibusque
3318 2126 3561 2183 inﬁrmi-

1955 2207 2156 2263 tatibus
2211 2209 2411 2278 pressis
2468 2208 2538 2264 ad
2582 2211 3016 2281 recuperandam
3066 2214 3355 2270 sanitatem
3402 2217 3561 2275 valde

1952 2297 2209 2352 salubris.
2253 2297 2517 2352 Dominus
2575 2314 2789 2369 quoque
2834 2300 3058 2357 hostiles
3105 2303 3355 2361 incursus
3411 2308 3559 2362 omni

1953 2403 2021 2442 ex
2068 2395 2237 2456 parte
2294 2386 2596 2455 sedaverat,
2644 2387 2769 2459 quia
2827 2388 3169 2446 devotionem
3226 2394 3415 2464 populi
3473 2395 3559 2451 sui

1953 2490 2115 2548 quam
2157 2474 2231 2530 ad
2264 2476 2678 2531 venerationem
2710 2476 2899 2532 famuli
2939 2479 3020 2533 sui
3048 2480 3303 2549 habebat,
3345 2491 3560 2553 pertur-

1953 2563 2144 2619 batum
2202 2564 2267 2618 iri
2320 2564 2559 2619 nolebat.
2589 2564 2694 2621 Ubi
2743 2582 2874 2622 vero
2922 2582 3024 2638 pro
3072 2569 3388 2627 assiduitate
3430 2589 3562 2628 con-

1950 2651 2166 2707 ﬂuentis
2202 2650 2378 2708 turbae
2408 2654 2631 2725 quidam
2679 2653 2845 2711 vicini
2876 2656 3035 2711 tte-dio
3065 2656 3226 2727 affici,
3260 2674 3324 2715 ac
3354 2659 3557 2718 idcirco

1948 2756 1979 2795 a
2006 2740 2108 2797 loci
2140 2739 2451 2796 visitatione
2481 2741 2743 2812 paulatim
2786 2742 3040 2799 cohibere
3084 2754 3389 2819 coeperunt,
3429 2765 3559 2806 con-

1950 2828 2075 2901 tigit
2120 2836 2179 2884 ut
2221 2829 2463 2900 ipsorum
2511 2830 2761 2900 exemplo
2797 2830 2888 2885 alii
2918 2847 2950 2886 a
2994 2832 3231 2890 fervoris
3270 2837 3350 2891 sui
3391 2838 3556 2895 devo-

1948 2919 2094 2974 tione
2125 2917 2437 2986 deﬁcerent,
2487 2934 2588 2975 nec
2643 2920 2823 2975 locum
2873 2920 3056 2991 ipsum
3113 2924 3349 2996 amplius
3402 2943 3555 2984 more

1946 3007 2106 3063 solito
2131 3006 2432 3063 visitarent.
2468 3007 2670 3081 Sicque
2717 3008 2921 3065 factum
2964 3019 3045 3066 est
3072 3019 3129 3067 ut
3161 3014 3256 3083 qui
3287 3014 3446 3084 primi
3479 3016 3549 3071 ad

1947 3095 2185 3152 studium
2226 3095 2329 3166 piae
2373 3096 2601 3151 actionis
2649 3096 2785 3153 alios
2827 3099 3007 3155 studio
3037 3116 3135 3155 suo
3161 3103 3541 3173 accenderant,

1946 3184 2293 3257 postmodum
2321 3198 2421 3239 sua
2448 3184 2653 3239 desidia
2684 3201 2717 3240 a
2744 3186 2960 3257 pietatis
3001 3203 3167 3260 opere
3206 3190 3545 3265 quampluri-

1947 3289 2065 3330 mos
2095 3272 2377 3329 discedere
2405 3280 2692 3344 cogerent.

2020 3364 2106 3416 65.
2139 3361 2270 3417 Haec
2299 3360 2446 3416 inter
2485 3360 2681 3417 accidit
2722 3368 2778 3416 ut
2825 3361 3037 3417 hostilis
3080 3364 3325 3420 incursus
3368 3367 3546 3438 ipsam

1947 3448 2283 3521 provinciam
2339 3455 2647 3520 occuparet,
2707 3465 2975 3521 occupans
3030 3451 3163 3506 inibi
3220 3454 3389 3510 multa
3440 3457 3547 3513 ho-

1946 3538 2154 3594 minum
2202 3537 2373 3593 millia
2428 3541 2668 3605 necaret,
2700 3553 2765 3594 ac
2818 3539 2999 3594 omnia
3054 3540 3175 3596 loca
3214 3545 3546 3602 monasterio

1946 3627 2092 3684 beati
2120 3626 2371 3683 Wilfridi
2412 3626 2860 3697 circumjacentia
2912 3628 2982 3685 ad
3029 3629 3198 3685 instar
3242 3632 3550 3689 solitudinis

1946 3715 2275 3772 devastaret.
2315 3716 2700 3771 Monasterium
2756 3718 2932 3788 ipsum
2984 3734 3278 3790 pervasum
3311 3727 3364 3777 et
3403 3721 3552 3776 diru-

1945 3812 2079 3874 tum,
2116 3804 2263 3877 quod
2308 3804 2457 3876 prius
2499 3805 2778 3861 exstiterat
2816 3807 3031 3878 hymnis
3060 3817 3114 3864 et
3157 3810 3381 3866 canticis
3430 3811 3554 3883 glo-

1945 3893 2174 3960 riosum,
2208 3894 2373 3949 modo
2404 3902 2518 3949 erat
2554 3892 2792 3951 ferarum
2832 3903 2886 3951 et
2913 3896 3255 3953 inimicorum
3286 3900 3550 3958 sordibus

1945 3982 2391 4055 ignominiosum.
2425 3983 2636 4054 Corpus
2663 3982 2868 4039 interea
2899 3984 3066 4055 ipsius
3097 3986 3355 4042 antistitis
3386 3989 3551 4045 Chri-

1946 4071 2016 4127 sti
2055 4070 2203 4126 omni
2233 4070 2441 4126 honore
2480 4070 2768 4141 privatum,
2792 4072 2936 4126 inter
2964 4074 3112 4143 ipsas
3141 4076 3332 4130 sordes
3370 4076 3547 4147 primo

1944 4159 2236 4231 sepultura:
2265 4174 2378 4213 suae
2408 4157 2527 4213 loco
2576 4158 2773 4213 mansit
2796 4158 3101 4216 immotum.
3152 4161 3260 4217 Sed
3291 4163 3549 4235 omnipo-

1944 4253 2065 4305 tens
2090 4249 2239 4303 Deus
2267 4246 2356 4319 qui
2387 4263 2483 4302 sua
2528 4245 2726 4319 pietate
2781 4255 2834 4302 et
2869 4248 3079 4318 justitia
3106 4250 3303 4320 nequit‘
3320 4252 3547 4323 privari,

1946 4336 2303 4409 quorumdam
2350 4336 2491 4391 bene
2550 4335 2927 4407 religiosorum
2971 4345 3185 4393 mentes
3217 4338 3271 4392 in
3300 4339 3551 4397 conside-

1908 4418 1909 4421 “
1944 4426 2205 4483 rationem
2248 4431 2411 4480 tanta:
2458 4424 2539 4480 rei
2581 4424 2797 4494 excitat,
2829 4433 2992 4496 atque
3024 4426 3093 4480 ad
3121 4427 3549 4486 demutationem

302 4496 391 4573 63.
424 4519 471 4573 A
499 4496 589 4574 die
618 4534 747 4575 vero
776 4517 1132 4589 depositionis
1171 4520 1293 4591 ejus
1332 4516 1445 4586 iam
1481 4532 1621 4575 anno
1652 4524 1824 4572 trans-
1852 4496 1909 4561 D
1940 4505 2088 4571 illius
2142 4513 2402 4571 affectum
2458 4512 2818 4586 effectumque
2868 4513 3154 4570 ministrat.
3204 4516 3453 4588 Regebat
3483 4534 3550 4574 ea

1941 4611 2261 4675 tempestate
2314 4601 2773 4658 Cbristianitatcm
2830 4602 2885 4657 in
2930 4603 3131 4674 Anglia
3177 4605 3264 4661 vir
3293 4621 3467 4676 ponus
3495 4623 3551 4678 et

1940 4700 2165 4749 sanctus
2218 4690 2338 4747 Odo
2394 4690 2798 4747 Cantuariensis
2854 4691 3117 4748 Ecclesiae
3178 4692 3551 4765 archiepisco-

1939 4799 2062 4855 pus,
2090 4788 2278 4852 utpote
2318 4780 2482 4836 totius
2528 4779 2818 4835 Britanniae
2860 4779 3063 4851 primas
3095 4798 3108 4835 :
3144 4781 3235 4852 qui
3277 4798 3405 4838 cum
3453 4798 3552 4841 sua

1940 4869 2313 4927 sollicitudine
2356 4867 2805 4940 dispositionibus
2870 4868 3117 4924 omnium
3180 4871 3547 4929 Ecclesiarum

1940 4944 2281 5032 invigilabat,
2314 4956 2463 5029 ipsas
2512 4956 2812 5025 Ecclesias,
2845 4961 3014 5027 prout
3043 4959 3184 5015 ratio
3215 4962 3548 5032 postulabat,

1941 5048 2162 5105 visitare
2202 5046 2429 5102 solebat.
2465 5045 2584 5115 Qua
2632 5044 2999 5102 sollicitudine
3045 5055 3209 5118 actus,
3267 5065 3389 5106 cum
3422 5066 3554 5122 quo-

1943 5137 2070 5194 dam
2122 5145 2368 5209 tempore
2417 5135 2823 5193 Eboracensem
2865 5135 3210 5207 provinciam
3240 5138 3467 5211 adisset,
3500 5148 3555 5197 et

1946 5334 2053 5391 itus
2081 5347 2174 5391 vui
2205 5331 2329 5400 Kal,
2356 5330 2477 5387 Maii
2509 5346 2573 5387 ex
2597 5329 2774 5401 dictis,
2808 5337 2862 5387 et
2882 5346 2950 5388 ex
2973 5331 3307 5391 Kalendario
3337 5337 3558 5392 vetusto

1946 5406 2182 5462 Missalis
2235 5402 2651 5476 Gemeticensis,
2712 5419 2746 5457 a
2798 5404 3034 5460 Roberto
3090 5406 3384 5462 Londoniae
3431 5407 3558 5476 epi-

1948 5492 2118 5547 scopo
2161 5475 2407 5533 concessi
2439 5482 2566 5530 ante
2597 5483 3123 5547 annossexcentos.
3158 5477 3354 5531 Bacula
3393 5475 3558 5532 abbas

1946 5543 2105 5605 inter
2159 5552 2393 5605 cratera:
2442 5559 2648 5619 corpus
2690 5543 2953 5619 Wilfridi
3000 5543 3235 5605 sindone
3260 5547 3561 5605 involvisw

1948 5619 2127 5679 fertur
2153 5619 2213 5676 in
2244 5614 2552 5677 monastico
2576 5614 2908 5689 Anglicano.
