4046 6076
446 271 545 324 751

1441 260 1646 316 EADM
1656 259 1765 314 ERI
1805 257 2363 315 CANTUARIENSIS
2409 256 2729 314 MONACHI

3643 258 3753 312 752

445 407 512 448 ea
569 405 667 461 pro
713 387 909 460 quibus
955 391 1177 444 venerat
1218 393 1436 441 strenue
1474 383 1794 454 peregisset,
1825 383 1894 436 ad
1935 382 2034 438 Ri-
2063 385 2116 443 A
2147 383 2412 454 diximus)
2442 384 2498 438 in
2528 384 2686 439 altari
2706 383 3046 448 recondidit;
3081 383 3134 440 in
3156 383 3388 455 prologo
3416 383 3593 454 ipsius
3618 394 3750 452 Ope-

444 495 575 552 pum
632 476 829 550 pergit,
908 471 1291 528 monasterium
1360 471 1502 528 beati
1549 470 1796 526 Wilfridi
1859 469 2042 525 consi-

447 569 747 622 deraturus.
806 563 1023 630 Aderat,
1085 569 1138 617 et
1195 561 1414 616 horrida
1457 559 1745 616 solitudine
1793 558 1909 614 visa
1955 558 2043 613 la-

447 656 650 727 crymis
703 658 904 707 manat.
964 649 1086 720 Quo
1143 649 1249 704 illis
1299 649 1352 703 in
1403 649 1651 720 partibus
1707 648 2040 714 demorante,

445 746 482 800 ii
543 757 770 814 quorum
829 738 997 796 corda
1051 740 1134 810 (ut
1187 738 1323 807 dixi)
1381 739 1527 793 Deus
1585 737 1655 791 ad
1713 735 2043 791 demutatio-

446 849 568 888 nem
609 829 844 887 calestis
907 828 1152 883 thesauri
1217 827 1488 898 tetigerat,
1551 825 1648 880 rati
1715 841 1772 880 se
1838 839 2046 896 oppor-

445 920 731 976 tunitatem
776 918 846 972 ad
875 917 1237 988 expletionem
1268 931 1378 970 sua
1427 913 1712 970 voluntatis
1741 913 2041 982 accepisse,

441 1007 725 1081 pramissa
774 1005 1203 1076 supplicationne
1259 1004 1327 1058 ad
1384 1001 1694 1069 Dominum,
1754 1002 1898 1070 quod
1952 1001 2044 1054 diu

443 1102 629 1152 mente
693 1101 1073 1159 tractaverant,
1140 1108 1303 1162 opere
1387 1092 1613 1162 implere
1693 1089 2042 1162 satagebant.

445 1185 646 1256 Sicque
695 1185 901 1239 factum
956 1190 1059 1238 est.
1119 1182 1280 1251 Nam,
1336 1188 1537 1236 statuto
1594 1180 1702 1247 die,
1753 1179 1820 1234 ad
1864 1179 2042 1233 locum

439 1274 690 1342 veniunt;
734 1281 935 1326 terram
982 1270 1074 1325 ubi
1130 1286 1324 1339 corpus
1381 1269 1521 1323 beati
1554 1267 1797 1324 Wilfridi
1848 1266 2042 1337 sepul-

444 1371 556 1417 tum
616 1360 839 1429 jacebat
913 1358 1196 1430 aperiunt;
1273 1359 1452 1413 omnia
1535 1372 1661 1413 ossa
1726 1363 2044 1412 reverenter

437 1465 562 1504 cum
615 1447 838 1518 pulvere
898 1447 1074 1503 levant
1129 1454 1183 1501 et
1225 1460 1290 1501 ea
1332 1445 1630 1501 venerabili
1676 1443 1857 1498 Odoni
1890 1442 2040 1496 Can-

436 1536 693 1592 tuariensi
740 1534 1154 1604 archiepiscopo
1206 1541 1578 1603 prasentant;
1631 1539 1896 1602 quatenus
1926 1530 2043 1599 ipse

438 1640 505 1679 ea
535 1622 883 1678 Cantuariam
914 1638 1097 1678 secum
1130 1621 1382 1690 deferret,
1403 1630 1455 1676 et
1485 1621 1540 1675 in
1571 1621 1799 1676 ecclesia
1820 1618 2037 1685 Christi,

2153 471 2248 539 ris,
2281 471 2424 541 quod
2452 471 2523 526 de
2553 471 2663 528 vita
2691 479 2742 527 et
2772 473 3183 528 conversatione
3216 472 3331 541 ejus
3359 470 3605 542 scripsit,
3625 469 3749 524 hac

2155 577 2276 632 qua
2305 560 2550 616 diximus
2589 560 2742 617 brevi
2767 563 3040 617 sententia
3071 559 3458 632 promulgavit.

2225 652 2312 703 66.
2343 649 2458 704 Nos
2487 665 2702 720 quoque
2741 649 2831 719 qui
2859 665 2980 705 ossa
3007 650 3123 720 ipsa
3150 649 3220 704 de
3245 648 3474 718 prafato
3500 647 3620 702 loco
3651 662 3747 701 ac-

2152 737 2397 809 cepimis,
2428 738 2576 792 nulla
2631 737 2699 792 de
2746 738 2828 793 his
2873 737 3146 794 dubietate
3185 736 3445 792 ﬂuctuare
3475 735 3746 807 permitti—

2152 841 2293 880 mur.
2312 827 2449 880 Nam
2467 826 2520 879 in
2543 826 2658 897 ipso
2680 827 2798 881 loco
2814 841 2938 882 cum
2959 826 3141 880 multis
3161 825 3320 881 annis
3341 823 3549 880 illibata
3569 839 3748 880 serva-

2152 922 2355 983 rentur,
2379 922 2431 969 et
2446 915 2563 984 jam
2592 914 2662 969 ab
2691 915 2782 969 illo
2811 922 3055 986 tempore
3087 930 3194 987 quo
3225 913 3336 969 illic
3363 913 3539 985 primo
3569 912 3748 968 locata

2152 1011 2294 1066 sunt,
2327 1003 2670 1058 centenarias
2711 1018 2974 1058 annorum
3026 1019 3285 1058 numerus
3313 1001 3564 1057 nonnulis
3593 1000 3749 1055 annis

2151 1099 2522 1163 superaretur,
2553 1107 2707 1162 aquo
2742 1092 2842 1147 Dei
2885 1091 3271 1161 omnipotentis
3315 1090 3633 1162 occultoque
3657 1090 3748 1158 ju-

2150 1181 2297 1236 dicio
2352 1181 2541 1236 civitas
2587 1181 3004 1235 Cantuariorum
3043 1180 3154 1235 fere
3182 1187 3294 1236 tota
3333 1180 3458 1252 igne
3489 1187 3747 1245 cremata,

2149 1278 2310 1340 atque
2330 1269 2562 1324 ecclesia
2593 1268 2787 1324 Christi
2815 1269 2948 1324 inibi
2997 1270 3288 1325 constituta
3327 1267 3518 1324 eodem
3547 1274 3627 1324 est
3656 1267 3747 1319 in-

2150 1358 2346 1414 cendio
2375 1357 2729 1429 conllagrata.
2765 1356 2934 1427 Cujus
2977 1356 3425 1428 conﬂagrationis
3453 1370 3603 1410 anno
3631 1361 3745 1409 ter-

2151 1447 2224 1502 tio
2248 1446 2502 1515 jucunda
2532 1445 2690 1500 simul
2717 1454 2772 1502 et
2799 1445 3054 1517 gloriosa
3083 1444 3359 1500 memoria
3389 1442 3744 1509 Lanfrancus,

2151 1534 2504 1590 Cadomensis
2533 1532 2771 1589 canobii
2800 1533 2990 1600 abbas,
3014 1534 3185 1604 ipsam
3217 1532 3521 1588 Ecclesium
3547 1547 3747 1603 regen-

2149 1623 2276 1679 dam
2333 1623 2587 1694 suscepit.
2635 1623 2761 1692 Qui,
2803 1631 3095 1693 postquam
3141 1630 3227 1677 est
3275 1622 3328 1676 in
3357 1621 3475 1692 ipso
3503 1621 3745 1692 patriar-

435 1711 521 1766 cui
544 1710 896 1782 prasidebat,
917 1726 1014 1781 pro
1045 1718 1170 1765 voto
1211 1710 1558 1766 reconderet.
1594 1708 1918 1764 Monasterio
1949 1715 2034 1762 et-
2063 1732 2114 1793 Β
2147 1714 2307 1767 chatu
2344 1712 2536 1782 prima
2577 1711 2895 1782 metropolis
2922 1710 3224 1782 Anglorum
3255 1710 3508 1765 nobiliter
3535 1726 3745 1782 usque-

433 1800 579 1856 enim
610 1801 731 1868 ipso
759 1815 868 1870 quo
899 1798 1118 1855 condita
1149 1799 1378 1866 fuerant,
1400 1797 1699 1853 secundum
1721 1796 1868 1869 quod
1899 1812 2034 1866 pra-

433 1888 636 1944 dictum
689 1896 789 1954 est,
847 1887 902 1941 in
953 1886 1300 1942 solitudinem
1358 1886 1725 1942 miserandam
1788 1886 2030 1950 redacto,

433 1976 615 2032 nullus
659 1975 791 2031 inibi
831 1975 986 2031 locus
1017 1976 1314 2043 resederat,
1370 1974 1424 2028 in
1451 1989 1557 2044 quo
1588 1974 1752 2030 locari
1785 1973 2033 2030 servari-

433 2082 538 2138 que
574 2069 688 2120 tuto
719 2064 983 2120 valerent.
1025 2063 1287 2132 Quocirca
1316 2063 1560 2118 arbitrati
1601 2070 1741 2130 sunt,
1766 2078 2031 2131 nusquam

431 2153 595 2210 tutius
624 2160 715 2209 aut
738 2153 932 2223 justius
960 2168 1027 2208 ea
1073 2160 1346 2208 servatum
1393 2152 1461 2205 iri
1498 2167 1662 2221 posse
1690 2158 1779 2204 aut
1810 2150 2030 2218 debere,

430 2258 594 2316 quam
634 2242 688 2297 in
744 2241 970 2297 ecclesia
1013 2240 1409 2306 Cantuariensi,
1441 2255 1505 2295 ea
1535 2238 1791 2294 videlicet
1839 2253 2029 2306 causa,

433 2331 578 2403 quod
608 2336 663 2386 et
689 2330 782 2386 illo
815 2337 1056 2401 tempore
1085 2328 1274 2384 Cantia
1312 2343 1513 2399 magna
1541 2343 1676 2398 pace
1705 2327 1952 2398 vigebat,
1979 2333 2032 2382 et

431 2421 556 2494 quia
573 2421 694 2491 ipse
713 2419 897 2474 bertus
916 2418 1001 2474 vir
1019 2417 1149 2472 olim
1172 2418 1362 2472 fraude
1385 2415 1749 2488 quorumdam
1775 2415 2030 2485 supplan-

431 2518 591 2579 tatus,
608 2523 732 2564 cum
761 2507 1072 2563 conversari
1107 2522 1216 2562 non
1243 2515 1430 2578 posset
1451 2506 1506 2560 in
1540 2504 1796 2561 Ecclesia
1818 2505 2029 2560 Ebora-

433 2598 580 2655 censi
598 2597 775 2654 eidem
787 2596 1050 2652 Ecclesia
1064 2595 1435 2651 Cantuariensi
1452 2610 1551 2666 per
1567 2594 1909 2650 sacerdotale
1921 2593 2034 2649 otii-

435 2688 579 2744 cium
612 2701 798 2741 curam
823 2684 1393 2754 impenderetJustum
1429 2683 1698 2752 siquidem
1729 2683 1832 2737 illis
1857 2683 2034 2737 visum

442 2775 544 2829 fuit
581 2782 639 2828 ut
665 2773 782 2828 illic
802 2781 1047 2828 mortuus
1077 2773 1132 2826 in
1159 2789 1294 2842 pace
1316 2772 1634 2842 quiesceret,
1656 2771 1748 2826 ubi
1766 2771 1965 2827 vivens
1983 2771 2037 2826 in

437 2877 574 2936 pace
594 2861 818 2932 quievit.
835 2862 1036 2916 Praeter
1055 2861 1176 2914 hac
1199 2876 1419 2931 quoque
1434 2859 1658 2916 atfectus
1677 2860 1810 2914 sacri
1833 2860 2040 2914 amoris

439 2967 602 3023 quem
646 2951 718 3005 ad
766 2948 1133 3006 venerandum
1181 2948 1431 3004 Odonem
1475 2948 1767 3014 habebant,
1798 2947 2039 3002 maxima

438 3055 601 3096 causa
641 3038 761 3093 fuit.
791 3037 932 3092 Nam
955 3053 1076 3092 cum
1097 3037 1250 3091 illum
1281 3036 1407 3091 talia
1434 3037 1575 3092 dona
1604 3037 1833 3108 diligere
1863 3051 2040 3090 nove-

439 3136 580 3193 rant,
614 3128 671 3181 in
713 3129 817 3182 hoc
860 3142 917 3181 se
949 3127 1065 3196 ejas
1097 3125 1371 3181 dilectioni
1412 3141 1617 3181 morem
1647 3141 1846 3198 gerere
1875 3140 2042 3181 vera-

440 3216 578 3272 citer
608 3215 1002 3286 intelligebant.
1046 3216 1128 3270 Ne
1159 3223 1334 3270 tamen
1367 3215 1517 3271 locus
1548 3229 1713 3285 quem
1745 3214 1860 3285 ipse
1906 3213 2045 3268 bea-

442 3312 528 3361 tus
559 3304 850 3359 Wilfridus
890 3303 1020 3358 dum
1049 3303 1104 3357 in
1146 3319 1374 3374 corpore
1402 3303 1648 3375 degeret,
1693 3318 1806 3374 pra
1836 3301 2048 3358 cateris

441 3392 665 3460 amavit,
697 3392 829 3464 ipsis
876 3391 1116 3462 reliquiis
1144 3391 1361 3462 penitus
1406 3393 1730 3463 privaretur,
1783 3392 2046 3463 aliquan-

444 3483 556 3536 tula
584 3497 770 3537 earum
798 3497 933 3551 pars
961 3487 1042 3535 est
1074 3479 1145 3534 ab
1189 3480 1267 3536 eis
1297 3495 1420 3536 cum
1449 3479 1669 3552 pulvere
1699 3484 1928 3546 retenta,
1960 3485 2046 3532 at-

445 3585 549 3640 que
579 3569 634 3622 in
663 3569 784 3625 loco
827 3568 1171 3624 convenienti
1221 3569 1478 3638 reposita.
1517 3571 1684 3625 Porro
1715 3566 2050 3623 venerabilis

446 3656 569 3713 Odo
601 3664 748 3712 tanto
791 3672 1019 3711 munere
1066 3655 1430 3725 locupletatus
1461 3655 1809 3712 Cantuariam
1841 3654 2001 3709 rediit
2033 3674 2045 3710 :

449 3743 543 3799 ubi
574 3758 774 3814 magna
803 3743 966 3797 totius
993 3743 1229 3798 civitatis
1267 3744 1625 3800 exsultatione
1664 3751 1968 3813 susceptus,
2001 3749 2054 3797 et

453 3833 512 3887 in
549 3830 726 3886 aulam
766 3831 867 3886 Dei
898 3847 1048 3885 sacra
1093 3848 1214 3886 cum
1245 3831 1406 3887 laude
1435 3832 1744 3904 perductus,
1776 3831 2051 3886 sanctissi—

453 3935 572 3976 mas
601 3919 742 3974 beati
774 3918 1016 3974 Wilfridi
1046 3919 1305 3992 reliquias
1333 3937 1468 3992 quas
1498 3922 1811 3987 advexerat,
1844 3921 1899 3974 in
1931 3936 2050 3974 ma-

449 4009 560 4081 jori
591 4007 768 4077 altari,
822 4009 968 4080 quod
1023 4008 1079 4063 in
1135 4011 1393 4065 honorem
1440 4011 1566 4066 Jesu
1611 4009 1805 4066 Christi
1837 4010 2054 4066 Domini

455 4097 623 4154 nostri
677 4104 940 4152 sacratum
999 4105 1129 4167 erat,
1188 4099 1478 4155 collocavit
1509 4101 1644 4170 (10).
1704 4099 1823 4170 Qua
1880 4100 1950 4156 de
1995 4115 2054 4156 re

454 4185 774 4259 posteritati,
805 4201 874 4242 ne
927 4186 1037 4241 ulla
1081 4187 1328 4244 dubietas
1369 4197 1699 4257 nasceretur,
1732 4189 1848 4259 ipse
1893 4190 2056 4244 Pater

457 4275 550 4345 qui
610 4275 828 4331 easdem
864 4275 1120 4347 reliquias
1182 4278 1440 4347 suscepit,
1503 4277 1798 4349 transtulit,
1839 4292 1905 4334 ac
1969 4280 2056 4350 (ut

528 4453 644 4523 (10)
675 4453 820 4528 Lege
849 4453 953 4509 hac
981 4470 1049 4528 ne
1077 4470 1137 4510 re
1185 4454 1442 4528 Eadmeri
1472 4455 1875 4528 frangmentum
1901 4459 2048 4528 apud
2079 4444 2137 4509 D

460 4524 782 4582 Gervasium
840 4525 1167 4581 monachum
1212 4526 1266 4580 in
1308 4525 1446 4580 libro
1491 4527 1569 4581 De
1600 4524 1974 4586 combustioue
2004 4539 2056 4586 et

458 4596 802 4668 reparatione
830 4597 1074 4654 ecclesia
1094 4596 1547 4654 Dorobernensis.

2073 3087 2123 3150 C

2143 1816 2353 1871 quaque
2404 1800 2713 1869 roboratus,
2743 1798 3006 1871 quidquid
3053 1799 3219 1869 ipsius
3263 1799 3514 1855 ecclesia
3546 1799 3746 1854 vetusti

2140 1889 2322 1957 operis
2351 1889 2647 1955 resederat,
2678 1903 2819 1942 nova
2866 1886 3048 1943 omnia
3093 1895 3499 1942 constructurus
3528 1886 3744 1943 evertit.

2140 1977 2276 2032 Cum
2306 1992 2443 2048 ergo
2471 1976 2790 2046 pradictum
2829 1976 2997 2031 altare
3046 1975 3466 2040 subverteretur,
3494 1976 3746 2048 reliquia

2141 2064 2285 2120 beati
2314 2065 2563 2118 Wilfridi
2595 2073 2820 2134 reperta
2847 2078 2912 2119 ac
2942 2064 3137 2121 levata
3163 2072 3304 2130 sunt,
3337 2072 3498 2135 atque
3528 2064 3582 2118 in
3611 2064 3746 2120 scri-

2139 2153 2230 2209 nio
2274 2153 2573 2209 collocata.
2608 2154 2831 2220 Verum,
2862 2169 2984 2208 cum
3032 2161 3152 2224 post
3195 2153 3398 2223 aliquot
3425 2168 3595 2208 annos
3624 2153 3747 2208 fra-

2141 2249 2280 2297 trum
2309 2241 2555 2297 voluntas
2582 2241 2638 2296 in
2668 2257 2734 2297 eo
2765 2242 3120 2310 consentiret,
3152 2250 3209 2296 ut
3256 2243 3439 2313 magis
3474 2241 3587 2298 ﬁxo
3619 2242 3744 2299 loco

2140 2331 2540 2398 clauderentur,
2571 2330 2881 2401 sepulcrum
2926 2329 3007 2385 eis
3049 2330 3108 2384 in
3136 2330 3438 2402 aquilonari
3466 2337 3621 2401 parte
3660 2330 3747 2385 al-

2141 2420 2270 2476 taris
2310 2420 2510 2474 factum
2541 2428 2639 2487 est,
2673 2424 2728 2475 et
2754 2422 2808 2474 in
2840 2434 2904 2475 eo
2947 2426 3074 2474 sunt
3102 2427 3300 2490 quarto
3330 2419 3458 2474 ldus
3491 2417 3748 2476 Octobris

2140 2517 2448 2564 reverenter
2474 2508 2723 2564 inclusa.

2215 2601 2302 2653 67.
2359 2598 2475 2652 Nos
2532 2612 2766 2668 quoque,
2817 2597 2900 2652 his
2946 2597 3019 2652 ita
3064 2597 3131 2653 de
3179 2598 3299 2669 ipso
3338 2599 3495 2654 Patre
3522 2611 3747 2668 quoquo

2145 2687 2308 2742 modo
2334 2687 2583 2758 digestis,
2619 2687 2733 2756 jam
2764 2687 2982 2741 tandem
3027 2687 3298 2742 scribendi
3327 2687 3578 2743 ordinem
3606 2701 3752 2742 con-

2148 2775 2456 2842 cludamus,
2517 2784 2570 2830 et
2597 2776 2715 2831 Deo
2756 2791 2820 2830 ac
2851 2776 3084 2831 Domino
3133 2784 3314 2833 nostro
3355 2777 3483 2831 Jesu
3533 2776 3752 2832 Christo

2148 2864 2360 2936 gratias
2414 2863 2482 2918 de
2539 2863 2796 2918 omnibus
2847 2864 2959 2918 suis
3006 2865 3397 2935 persolventes,
3431 2866 3593 2920 tinem
3624 2864 3755 2920 huic

2149 2952 2412 3022 opusculo
2442 2951 2807 3023 imponamus.
2841 2953 3221 3008 Verumtamen
3250 2953 3304 3008 id
3349 2954 3402 3008 in
3452 2952 3558 3009 ﬁne
3601 2952 3755 3021 adji-

2151 3040 2402 3096 ciendum
2445 3040 2775 3110 putavimus,
2807 3048 2866 3096 ut
2905 3042 2949 3096 si
2994 3041 3115 3112 quis
3163 3041 3282 3098 hac
3309 3041 3502 3114 legens
3531 3041 3618 3096 vel
3647 3058 3753 3097 au-

2155 3129 2331 3198 diens,
2363 3127 2739 3200 indignitatem
2767 3137 2820 3184 et
2841 3129 3046 3202 ingenii
3077 3131 3182 3186 mei
3211 3130 3513 3187 fatuitatem
3545 3138 3760 3186 remota

2153 3217 2356 3289 pietate
2383 3217 2752 3287 perpenderit,
2784 3226 2838 3272 et
2878 3233 2943 3273 ea
2975 3234 3034 3272 re
3064 3219 3132 3272 iis
3162 3236 3285 3291 qua
3313 3219 3383 3275 de
3411 3227 3560 3275 tanto
3589 3219 3760 3275 Patre

2156 3305 2298 3361 dicta
2339 3313 2462 3360 sunt
2494 3303 2656 3360 fidem
2685 3306 2933 3376 prabere
2963 3308 3362 3379 contempserit,
3394 3308 3603 3364 noverit
3625 3306 3760 3379 quia

2157 3394 2356 3460 omnia,
2390 3409 2511 3462 qua
2539 3392 2609 3448 de
2654 3409 2719 3448 eo
2767 3402 3040 3466 utcunque
3068 3395 3483 3466 descripsimus,
3513 3395 3761 3450 auctori-

2160 3489 2267 3538 tate
2316 3480 2710 3537 veuerabilium
2752 3481 3014 3549 virorum,
3042 3482 3249 3538 Odonis
3291 3483 3543 3539 videlicet
3572 3481 3761 3538 archi—

2161 3569 2402 3641 episcopi
2447 3578 2500 3625 et
2552 3570 2710 3626 Beda
2751 3570 3072 3641 presbyteri,
3130 3570 3382 3627 roborata
3437 3571 3758 3644 probamus,

2160 3658 2234 3713 nil
2264 3659 2319 3712 in
2348 3658 2430 3712 eis
2461 3673 2527 3713 ex
2557 3665 2746 3714 nostra
2773 3663 2927 3728 parte
2969 3668 3256 3730 ponentes,
3287 3659 3398 3715 nisi
3437 3659 3583 3732 quod
3620 3674 3760 3731 pro-

2162 3745 2297 3816 priis
2325 3745 2498 3801 oculis
2529 3745 2700 3800 intuiti
2729 3762 2932 3802 sumus.
2963 3747 3100 3802 Illud
3131 3755 3308 3804 tamen
3347 3748 3490 3819 quod
3535 3747 3648 3803 dixi
3691 3747 3764 3804 de

2163 3835 2514 3890 damnatione
2543 3834 2693 3905 regis
2720 3834 2938 3904 ngridi
2961 3836 3097 3904 (11),
3118 3836 3294 3892 fateor
3321 3852 3590 3907 nusquam
3611 3836 3718 3908 legi
3746 3853 3761 3890 :

2164 3925 2261 3979 sed
2309 3931 2384 3979 tot
2430 3922 2671 3993 talesque
2714 3923 2814 3978 viri
2857 3925 2932 3978 ita
2961 3940 3019 3980 se
3047 3924 3302 3981 habuisse
3331 3924 3672 3994 conﬁrmant,
3704 3931 3769 3980 ut

2165 4012 2244 4069 eis
2272 4012 2414 4067 nolle
2443 4011 2668 4068 credere
2698 4027 2910 4084 magna
2956 4011 3306 4084 impudentia
3350 4029 3467 4070 esse
3509 4012 3765 4069 credide-

2165 4102 2294 4158 rim.
2333 4099 2414 4157 Sit
2436 4101 2623 4172 itaque
2651 4099 2768 4154 laus
2815 4108 2868 4155 et
2895 4101 3194 4173 gratiarum
3224 4100 3366 4158 actio
3412 4100 3766 4173 omnipotenti

2165 4192 2282 4246 Deo
2311 4189 2453 4245 Patri
2493 4197 2549 4244 et
2596 4189 2732 4243 Filio
2761 4197 2813 4244 et
2841 4188 3068 4260 Spiritui
3099 4198 3284 4247 sancto
3313 4205 3415 4262 per
3442 4190 3624 4246 omnia
3653 4206 3765 4246 sa-

2165 4280 2286 4336 cula
2315 4277 2636 4335 saeculorum
2650 4319 2664 4332 .
2703 4279 2896 4334 Amen.

2243 4458 2353 4526 (ll)
2384 4455 2455 4528 Et
2482 4463 2660 4528 tamen
2677 4453 2822 4510 Beda
2852 4455 3232 4528 venerabilem
3255 4456 3663 4528 acjpiiuimam
3683 4472 3766 4511 re-

2163 4545 2287 4601 gem
2348 4526 2630 4607 Egi'ridum
2685 4533 2845 4583 vocat
2881 4527 3034 4583 initio
3077 4527 3204 4583 libri
3251 4526 3414 4599 primi
3443 4528 3510 4582 de
3539 4527 3768 4583 historia

2165 4606 2474 4656 monasterii
2505 4613 2614 4651 sun.
