4046 6076
280 326 384 378 753
1593 313 1754 368 VITA
1796 315 1852 370 Β.

1983 314 2270 371 EGWINI.
2511 337 2514 340 '
3482 329 3581 384 754

1043 581 1488 730 VlTA
1600 584 1752 727 B.
1869 583 2750 735 BREGWIN
2759 595 2817 738 Ι

1375 835 1898 892 ARCIIIEPISCOPI
1936 835 2488 894 CANTUARIENSIS

939 1018 1534 1125 AUCTORE
1629 1019 2232 1123 EADMERO
2309 1021 2926 1128 MONACHO

1381 1265 1728 1336 (Wanrnox,
1761 1263 1970 1336 Anglia
1997 1279 2190 1333 sacra,
2224 1264 2302 1333 Il,
2335 1266 2485 1337 184.)

280 431 3575 481 23m

356 1579 648 1636 Exordium
681 1578 943 1650 proposui
972 1577 1077 1632 mei
1107 1585 1268 1647 atque
1283 1591 1626 1647 procursum,
1664 1589 1770 1646 quo
1810 1574 1878 1630 de
1906 1575 1962 1635 A
1993 1590 2059 1630 ea
2088 1575 2338 1649 vigebat;
2361 1585 2547 1647 utpote
2577 1580 2936 1636 sanctissimis
2958 1596 3018 1636 ac
3049 1583 3430 1638 strenuissimis
3459 1601 3586 1642 suc-

282 1670 446 1725 beato
478 1669 758 1741 Bregwino
789 1666 1042 1738 pontiﬁce
1098 1665 1508 1720 Cantuariorum
1563 1664 1799 1719 scribere
1855 1679 1887 1718 a
1995 1666 2300 1721 cessoribus
2355 1668 2494 1737 ejus,
2554 1686 2692 1740 quos
2748 1671 2922 1726 Roma
2967 1670 3238 1727 direxerat
3267 1671 3464 1743 quique
3510 1673 3588 1729 illi

283 1757 614 1828 quibusdam
647 1755 1010 1810 familiaribus
1029 1755 1166 1810 meis
1196 1761 1420 1826 rogatus
1467 1753 1693 1819 institui,
1751 1767 1884 1823 gra-
1991 1753 2047 1808 in
2078 1753 2499 1823 patriarchatum
2531 1757 2978 1814 Cantuariensem
3006 1777 3175 1830 usque
3205 1761 3272 1816 ad
3309 1762 3590 1832 pralatum

281 1846 373 1901 tite
403 1846 732 1901 commendo
756 1844 988 1916 Spiritus
1016 1843 1205 1912 sancti,
1237 1859 1402 1898 orans
1432 1849 1488 1896 ut
1513 1858 1628 1896 sure
1656 1841 1886 1912 largita-
1995 1843 2368 1899 Birhtualdum
2399 1855 2790 1912 successerant,
2852 1864 2921 1902 ne
2980 1847 3034 1902 in
3088 1849 3272 1920 aliquo
3315 1852 3594 1906 vacillaret

281 1934 353 1990 tis
382 1934 721 1989 abundantia
739 1950 874 2005 quae
904 1940 1029 1987 sunt
1057 1931 1289 1988 dicenda
1344 1930 1572 1995 revelet,
1605 1937 1659 1985 et
1696 1929 1762 1984 ad
1821 1945 1887 1983 ea
1995 1930 2242 2003 vigilanti
2315 1933 2679 1990 sollicitudine
2741 1935 3135 1992 insistentibus.
3195 1939 3477 2010 Siquidem
3524 1940 3593 1994 ab

282 2025 582 2094 promenda
611 2038 706 2076 cor
735 2037 914 2076 meum
938 2030 990 2076 et
1020 2022 1261 2092 linguam
1284 2022 1442 2090 juxta
1471 2019 1728 2090 placitum
1770 2033 1885 2072 sua:
1995 2021 2245 2092 ingressu
2276 2022 2444 2076 Patris
2471 2024 2756 2094 Augustini
2785 2025 2841 2079 in
2867 2025 3124 2098 Angliam
3179 2043 3246 2082 eo
3301 2044 3474 2100 usque
3503 2028 3592 2083 in-

279 2110 580 2166 voluntatis
609 2109 911 2166 clementer
939 2110 1178 2179 aperiat.
1218 2109 1336 2163 Fuit
1365 2115 1545 2161 autem
1575 2105 1692 2176 ipse
1747 2105 1884 2160 bea-
1996 2108 2114 2164 salu
2145 2110 2263 2180 ipsa
2294 2126 2402 2166 non
2433 2119 2640 2166 tantum
2671 2114 2842 2182 patuit
2872 2112 3228 2170 barbarorum
3283 2116 3588 2187 irruptioni,

284 2207 370 2254 tus
399 2198 452 2252 in
484 2199 670 2253 matris
699 2206 848 2253 utero
873 2213 905 2252 a
934 2199 1049 2252 Deo
1075 2198 1298 2264 electus,
1346 2195 1596 2251 eamdem
1659 2194 1888 2250 electio-
1996 2205 2254 2267 quantum
2284 2214 2403 2254 eam
2461 2201 2805 2270 postmodum
2863 2202 3098 2273 patuisse
3153 2203 3480 2274 accepimus,
3539 2214 3595 2261 et

280 2303 409 2343 nem
438 2296 560 2343 ante
592 2288 775 2343 omnia
804 2286 1004 2342 sarcula
1034 2287 1091 2340 in
1121 2285 1478 2357 dispositione
1532 2283 1888 2354 praedestina-
1997 2285 2225 2356 quidem
2249 2288 2423 2357 juste.
2461 2289 2687 2344 Noviter
2713 2289 2856 2345 enim
2887 2300 3195 2360 susceptum
3218 2293 3596 2348 Christianita-

282 2376 442 2432 tionis
469 2377 567 2432 Dei
598 2376 832 2431 feliciter
862 2383 1071 2431 nactus.
1121 2375 1380 2429 Parentes
1435 2373 1552 2442 ejus
1599 2389 1668 2426 ex
1723 2380 1889 2444 gente
1999 2375 2070 2428 tis
2094 2377 2290 2447 jugum
2322 2376 2514 2447 majori
2544 2377 2827 2449 diligentia
2854 2395 2885 2434 a
2915 2380 3103 2435 multis
3157 2382 3494 2451 portabatur,
3545 2388 3598 2436 et

281 2465 581 2531 Saxonum,
615 2464 804 2530 nobili,
839 2472 894 2518 ut
927 2464 1127 2531 fertur,
1161 2463 1414 2534 prosapia
1445 2462 1570 2526 orti,
1630 2462 1736 2516 hoc
1766 2477 1886 2516 me-
1998 2479 2061 2518 ea
2090 2465 2156 2518 de
2186 2481 2244 2520 re
2272 2464 2546 2520 Dominus
2577 2467 2820 2522 Christus
2849 2468 2954 2522 sibi
2984 2469 3325 2525 adhaerentes
3354 2485 3594 2540 prOpen-

279 2561 502 2610 ruerunt
530 2562 586 2608 ut
618 2555 778 2608 talem
810 2554 890 2608 eis
921 2552 1088 2606 tilium
1121 2552 1351 2608 Creator
1383 2550 1625 2605 omnium
1685 2549 1837 2605 daret
1871 2568 1883 2612 ;
1997 2551 2124 2607 siori
2154 2552 2440 2609 clementia
2471 2554 2738 2609 tuebatur.
2773 2557 2927 2612 Unde
2943 2557 3134 2613 'bonus
3164 2558 3302 2615 odor
3329 2566 3383 2614 et
3418 2559 3474 2614 in
3502 2575 3597 2614 ex-

278 2659 440 2715 quem
474 2643 742 2713 probitate
771 2658 1005 2709 morum,
1039 2657 1199 2712 quem
1230 2639 1420 2712 peritia
1451 2639 1752 2711 disciplinae
1781 2655 1888 2694 cm-
1995 2647 2140 2696 teras
2191 2643 2447 2715 regiones
2503 2659 2762 2699 emanans
2792 2645 2973 2716 plures
3027 2647 3212 2702 native
3241 2645 3357 2702 solo
3408 2647 3597 2703 relicto

279 2731 508 2788 lestium
538 2731 857 2802 dogmatum
883 2739 936 2786 et
965 2746 1238 2785 summum
1271 2729 1322 2784 in
1354 2728 1744 2785 ecclesiasticis
1797 2727 1886 2781 di-
1995 2729 2051 2782 in
2082 2731 2334 2801 Angliam
2361 2731 2490 2802 egit.
2523 2733 2673 2786 Inter
2702 2748 2839 2804 quos
2870 2734 3192 2806 Bregwinus
3217 2735 3345 2792 Jesu
3402 2734 3599 2790 Christi

277 2819 582 2892 gnitatibus
611 2821 838 2891 gradum
869 2828 922 2874 et
950 2818 1206 2889 perennis
1232 2818 1423 2890 gloria:
1451 2833 1676 2888 regnum
1724 2815 1889 2886 digne
1995 2819 2199 2889 gratias
2229 2820 2394 2874 fultus
2424 2835 2491 2875 eo
2522 2820 2764 2888 veniens,
2797 2837 2925 2877 mox
2955 2823 3186 2878 statione
3225 2823 3428 2893 potitus
3457 2838 3596 2879 cun-

275 2908 476 2964 debere
505 2908 737 2980 adipisci
770 2907 1172 2979 comprobatur.
1209 2907 1338 2961 Haec
1369 2906 1508 2961 inter
1561 2920 1729 2974 Opera
1786 2904 1884 2959 Dei
1911 2931 1965 2990 Β
1995 2907 2100 2961 ctis
2127 2907 2327 2962 charus
2356 2913 2435 2963 est
2465 2916 2520 2963 et
2546 2909 2680 2964 civis
2708 2910 2899 2980 patrias
2930 2911 3122 2966 factus.

276 2997 548 3070 regnabat
581 2997 633 3051 in
665 2997 852 3052 Cantia
882 2995 962 3051 vir
990 3003 1238 3051 strenuus
1293 3003 1344 3050 et
1371 2994 1570 3049 nobilis
1628 2993 1878 3047 Wihtre-
2065 2996 2276 3051 Deinde
2305 2996 2482 3052 livore
2511 3012 2722 3065 carens,
2781 2999 2942 3055 docet
2993 3001 3132 3056 alios
3187 3017 3314 3072 qum
3367 3003 3595 3071 sciebat,

273 3087 378 3140 dus
408 3086 649 3150 nomine,
682 3085 1046 3140 sacratissima
1076 3085 1130 3138 in
1164 3085 1333 3138 Deum
1372 3082 1638 3154 religione
1694 3081 1878 3136 imbu-
1989 3083 2152 3139 discit
2181 3084 2252 3138 ab
2282 3085 2407 3139 aliis
2438 3102 2560 3156 qua;
2589 3085 2895 3157 ignorabat.
2930 3089 3119 3159 Igitur,
3153 3088 3290 3144 sicut
3333 3098 3491 3146 aetate
3545 3100 3599 3147 et

274 3182 380 3241 tus,
416 3190 604 3230 servos
634 3175 732 3229 Dei
773 3174 824 3227 in
857 3174 971 3228 Deo
1002 3180 1055 3227 et
1084 3173 1259 3228 Deum
1288 3172 1343 3225 in
1373 3171 1542 3226 servis
1599 3169 1710 3224 suis
1763 3185 1879 3242 prae
1986 3171 2229 3240 scientia,
2255 3174 2333 3227 ita
2362 3173 2659 3244 inspirante
2690 3174 2789 3229 Dei
2818 3176 3184 3245 providentia,
3216 3178 3366 3232 sicin
3388 3180 3594 3235 sanctis

273 3278 335 3317 se
364 3263 548 3334 magni
581 3278 799 3334 semper
829 3262 1059 3316 habens.
1100 3262 1214 3316 Suo
1245 3269 1486 3332 tempore
1542 3268 1700 3329 pater
1726 3275 1876 3328 prm-
1987 3261 2236 3316 moribus
2265 3259 2582 3332 proﬁciebat
2611 3266 2666 3316 et
2695 3261 2902 3317 caelesti
2931 3264 3221 3333 sapientia.
3282 3264 3423 3334 Quia
3459 3283 3592 3339 ergo

273 3350 524 3407 dicandze
603 3351 879 3406 memorie
937 3349 1278 3404 Birhtualdus
1335 3349 1390 3402 in
1455 3348 1875 3419 patriarchatum
1985 3348 2252 3418 scriptum
2274 3349 2514 3420 legerat:
2544 3349 2648 3417 Qui
2669 3349 3166 3420 additscientiam,
3186 3353 3589 3411 additetlabo-

271 3441 466 3512 primae
499 3440 818 3511 metropolis
849 3440 1149 3511 Anglorum
1165 3439 1324 3492 beato
1347 3438 1632 3492 Theodoro
1653 3451 1876 3492 succes-
1984 3453 2106 3493 rem
2138 3438 2343 3505 (Eat-le.
2369 3453 2407 3506 I,
2431 3438 2539 3506 18),
2563 3453 2628 3493 eo
2651 3439 2828 3510 magis
2863 3439 3086 3495 videbat
3125 3439 3229 3494 sibi
3260 3440 3315 3495 in
3348 3443 3451 3498 hac
3480 3441 3592 3497 vita

273 3537 440 3592 serat,
473 3537 525 3583 et
553 3545 676 3584 eum
706 3529 871 3599 digne
902 3528 1018 3582 Deo
1048 3528 1104 3581 in
1151 3526 1406 3582 omnibus
1443 3524 1872 3580 administrabat.
1984 3523 2368 3594 ladorandum,
2407 3542 2475 3581 ne
2531 3526 2668 3582 inter
2724 3526 3044 3583 innumeros
3103 3529 3310 3585 diaboli
3362 3530 3588 3600 laqueos

272 3618 446 3687 Hujus
474 3617 723 3672 instinctu
755 3625 809 3672 et
837 3616 1210 3672 exhortatione
1242 3616 1354 3684 (12)
1385 3615 1646 3684 praefatus
1675 3631 1771 3668 rex
1819 3613 1875 3668 in
1983 3615 2240 3686 gradiens
2264 3614 2373 3669 illis
2401 3615 2742 3686 aliquatenus
2769 3616 2840 3670 ab
2870 3625 3073 3673 aeterna
3127 3617 3240 3672 vita
3295 3619 3585 3690 impedire-

269 3705 520 3779 generali
579 3705 812 3761 concilio
869 3713 1093 3760 cunctas
1147 3704 1301 3776 regni
1357 3703 1437 3758 sui
1496 3703 1750 3758 ecclesias
1801 3701 1873 3756 ab
1984 3711 2088 3771 tur,
2123 3719 2232 3773 quo
2281 3704 2473 3772 majori
2526 3704 2752 3760 scientia
2807 3705 3434 3780 prmditusintelligebat
3473 3723 3582 3779 quo

269 3793 425 3851 omni
453 3792 818 3849 dominatione
847 3797 902 3847 ct
930 3793 1212 3848 exactione
1266 3808 1458 3864 regum
1523 3792 1637 3847 sive
1656 3790 1874 3862 cujusli-
1981 3793 2321 3863 graderetur,
2353 3793 2397 3846 si
2426 3793 2591 3847 nullis
2633 3809 2819 3848 eorum
2873 3794 3296 3866 impedementis
3342 3796 3583 3851 irretitus

271 3884 365 3938 bet
418 3892 641 3939 terrenae
700 3882 989 3953 potestatis
1041 3881 1241 3938 liberas
1266 3881 1318 3936 in
1373 3889 1697 3952 perpetuum
1755 3896 1872 3936 esse
1981 3881 2036 3936 in
2067 3882 2156 3937 via
2186 3881 2520 3938 rectitudinis
2551 3882 2898 3938 detineretur.
2958 3885 3099 3940 Usus
3142 3885 3326 3956 itaque
3380 3884 3577 3940 salubri

267 3973 564 4029 constituit.
1979 3970 2236 4041 consilio,
2263 3972 2469 4040 sprevit
2522 3972 2783 4026 mundum
2841 3981 2894 4027 et
2940 3973 3338 4028 oblectamenta
3391 3974 3580 4028 mundi

345 4060 439 4116 His
471 4062 668 4117 diebus
697 4061 832 4134 [ille]
864 4062 933 4117 de
963 4077 1069 4131 quo
1099 4059 1340 4117 scribere
1366 4060 1759 4130 proposuimus
1817 4059 1871 4114 in
1979 4060 2180 4124 omnia,
2215 4059 2366 4131 sequi
2396 4059 2626 4129 cupiens
2679 4075 2866 4115 eorum
2931 4062 3204 4131 exempla,
3260 4061 3350 4130 qui
3407 4061 3576 4116 secuti

269 4150 514 4206 Saxonia
547 4159 703 4206 natus
734 4159 834 4219 est,
867 4159 919 4205 et
971 4168 1002 4204 a
1032 4149 1348 4220 parentibus
1401 4149 1716 4220 Bregwinus
1771 4164 1870 4204 co-
1980 4148 2271 4202 Dominum
2302 4148 2633 4217 reliquerunt
2661 4165 2718 4202 se
2749 4156 2802 4203 et
2830 4149 3013 4203 omnia
3067 4163 3185 4202 sua.
3245 4149 3432 4219 Itaque
3459 4165 3576 4204 ste-

273 4239 641 4312 gnominatus,
673 4255 827 4294 sacro
857 4239 1055 4294 dehinc
1092 4238 1237 4294 fonte
1294 4238 1347 4291 in
1405 4235 1712 4290 Christiana
1766 4236 1871 4290 ﬁde
1899 4285 1947 4312 η
1979 4235 2222 4291 cularem
2269 4241 2433 4291 vitam
2465 4236 2577 4291 vita
2633 4236 2938 4291 monachali
2993 4244 3359 4305 commutans,
3390 4237 3576 4293 habitu

269 4285 661 4400 :egeneratus;
722 4336 774 4383 et
828 4327 1100 4382 infantiles
1152 4341 1324 4382 annos
1394 4341 1650 4397 egressus
1702 4285 1948 4395 ccepitC
1981 4324 2230 4380 saeculari
2275 4324 2505 4393 abiecto,
2547 4327 2932 4381 monachorum
2981 4341 3101 4380 sese
3145 4324 3385 4397 collegio
3440 4325 3577 4380 nihil

273 4433 411 4489 puer
437 4416 597 4471 bonae
653 4416 850 4470 indolis
905 4432 1046 4482 esse,
1104 4415 1372 4471 modestia
1403 4430 1614 4470 morum
1672 4421 1873 4469 sanctae
1979 4413 2294 4468 habentium
2335 4413 2578 4469 sociavit.
2640 4415 2835 4470 Factus
2917 4430 3050 4486 ergo
3105 4417 3404 4469 monachus
3457 4415 3577 4483 ejus

268 4505 386 4576 spei
421 4504 672 4560 ﬁduciam
704 4505 816 4560 suis
847 4506 915 4560 de
943 4521 1002 4560 se
1033 4503 1312 4560 exhibere.
1347 4504 1482 4559 Ilinc
1507 4503 1694 4558 litteris
1751 4506 1869 4557 tra-
1979 4502 2218 4557 exterior
2239 4504 2422 4566 homo,
2454 4510 2648 4560 cuncta
2703 4520 2827 4576 qua:
2883 4503 2993 4557 veri
3024 4503 3276 4558 monachi
3297 4511 3439 4571 sunt,
3473 4503 3580 4556 vir-

268 4593 437 4658 ditur,
470 4602 521 4648 et
551 4593 604 4648 in
635 4593 816 4649 schola
849 4593 1130 4648 Dominiea
1162 4593 1447 4647 enutritur.
1487 4595 1764 4664 Augentur
1817 4591 1870 4646 in
1981 4598 2151 4644 tutum
2227 4591 2433 4647 scilicet
2487 4599 2828 4656 ornamenta,
2885 4591 3171 4660 amplexus
3222 4597 3303 4646 est
3358 4591 3581 4647 interior

268 4699 336 4737 eo
365 4681 436 4738 de
467 4683 554 4737 die
587 4683 640 4736 in
670 4683 813 4736 diem
834 4682 1010 4736 studia
1039 4681 1178 4737 sacri
1204 4681 1516 4752 profectus;
1551 4689 1604 4735 et
1659 4680 1715 4734 ﬁt
1771 4696 1871 4750 pro
1981 4679 2162 4733 homo.
2199 4680 2262 4733 Et
2292 4681 2406 4735 haec
2436 4679 2650 4750 singula
2681 4680 2734 4732 in
2763 4694 2861 4733 sua
2889 4679 3250 4734 adolescentia
3280 4679 3382 4732 sibi
3442 4681 3578 4734 asci-

269 4778 460 4827 tenore
503 4789 615 4826 suae
671 4772 850 4826 aetatis
893 4771 944 4824 in
978 4770 1197 4824 litterati
1262 4769 1483 4825 scientia
1542 4785 1647 4824 non
1701 4769 1871 4823 multo
1981 4767 2074 4833 vit,
2107 4768 2285 4824 sciens
2315 4767 2547 4837 sejuxta
2600 4782 2796 4823 vocem
2848 4767 3017 4822 divini
3047 4768 3208 4838 elogii
3239 4768 3398 4822 etiam
3455 4784 3578 4823 cum

269 4869 397 4930 post
427 4859 688 4932 temporis
717 4859 1002 4914 intervallo
1032 4861 1325 4929 perfectus.
1363 4858 1652 4912 Florebant
1705 4857 1869 4913 etiam
1980 4863 2305 4920 senesceret,
2336 4856 2406 4909 ab
2435 4856 2516 4911 eis
2547 4871 2654 4911 non
2685 4872 3046 4912 recessurum.
3084 4858 3200 4912 Nec
3229 4858 3374 4912 fecit.
3408 4858 3581 4930 Igitur

269 4950 450 5004 adhuc
480 4965 694 5019 quoque
724 4966 820 5021 per
851 4949 1096 5021 Angliam
1127 4947 1389 5003 exercitia
1420 4962 1484 5002 ac
1513 4946 1686 5001 studia
1740 4946 1869 5000 litte-
1970 4944 2200 5000 caeleste
2229 4944 2589 5016 propositum,
2621 4945 2766 5016 quod
2804 4962 2870 5001 ex
2890 4945 3035 5000 dono
3069 4945 3260 5018 gratiae
3278 4946 3375 5000 Dei
3404 4963 3583 5004 susce-

269 5055 475 5103 rarum,
504 5054 625 5110 quae
654 5054 721 5093 ex
754 5037 894 5092 beati
926 5037 1198 5092 Theodori
1231 5034 1505 5107 pontiﬁcis
1543 5033 1871 5090 Cantuario-
1983 5041 2155 5104 perat.
2189 5033 2242 5086 in
2272 5033 2494 5088 servitio
2526 5033 2742 5089 Domini
2773 5050 3127 5104 perseverans
3153 5034 3331 5090 eidem
3386 5037 3584 5108 gratias

270 5145 390 5184 rum
423 5127 650 5199 ejusque
699 5127 1089 5198 discipulorum
1150 5125 1434 5181 traditione
1463 5133 1629 5180 totam
1680 5134 1874 5180 terram
1984 5122 2420 5178 conservandum
2446 5123 2655 5194 jugiter
2685 5124 3125 5179 commendabat.

274 5215 578 5288 magniﬁce
609 5216 929 5288 irrigabant.
961 5215 1177 5287 Religio
1207 5213 1557 5269 nihilominus
1611 5212 1876 5269 Christia-
2059 5210 2174 5266 Illis
2229 5210 2424 5266 diebus
2478 5212 2705 5267 antistes
2736 5210 3093 5268 Birhtualdus
3149 5214 3274 5271 vita:
3329 5217 3585 5285 praesenti

269 5321 360 5372 na,
394 5321 557 5376 quam
587 5322 654 5360 ex
686 5304 1071 5376 praedicatione
1101 5303 1329 5376 gloriosi
1360 5318 1424 5358 ac
1456 5303 1570 5359 Deo
1601 5302 1752 5376 digni
1786 5304 1882 5359 Pa-
1988 5300 2254 5366 sublatus,
2312 5299 2436 5356 vitae
2493 5300 2715 5372 perenni
2774 5301 2954 5357 illatus
3010 5310 3111 5358 est.
3173 5304 3372 5360 Locum
3402 5313 3584 5360 autem

270 5395 368 5452 tris
387 5393 678 5466 Augustini
721 5394 915 5450 Cantia
971 5398 1307 5465 susceperat,
1367 5391 1772 5464 quammaxime
1828 5391 1884 5447 in
1993 5406 2154 5464 quem
2211 5389 2415 5446 mundo
2471 5390 2766 5447 discedens
2816 5406 3047 5448 vacuum
3113 5391 3358 5462 reliquit,
3389 5393 3586 5449 eodem
3629 5379 3636 5392 “

346 5601 460 5670 (12)
492 5601 712 5656 Factum
743 5596 796 5655 id
826 5614 967 5654 anno
997 5597 1099 5653 69L
1131 5597 1185 5652 in
1216 5593 1447 5653 consilio
1476 5592 1850 5665 Becanceldae,
1873 5595 2032 5666 cujus
2065 5598 2196 5652 Acta
2225 5601 2438 5653 exstant
2459 5595 2512 5652 in
2541 5595 2736 5654 concil.
2770 5595 2931 5670 Angl.
2966 5602 3099 5654 tom.
3132 5597 3176 5663 I,
3222 5611 3354 5668 pag.
3388 5593 3512 5652 189.
3537 5652 3542 5656 .
