3970 6088
484 265 591 319 755

1497 255 1805 310 EADMERI
1862 252 2435 308 CANTUARIENSIS
2473 249 2786 306 MONACHI

3709 247 3826 302 756

487 401 631 443 anno
656 385 930 440 Tatwinus
961 381 1180 454 quidam
1212 379 1530 453 presbyterii
1577 379 1750 450 gradu
1807 377 2078 445 sublimis,
2108 376 2163 437 A
2197 377 2518 446 Proponitur
2547 377 2728 448 itaque
2757 374 2854 432 viri
2886 390 2916 429 a
2944 375 3179 446 pueritia
3208 376 3323 430 Deo
3353 374 3534 449 digna'
3587 387 3828 428 conver-

491 475 574 531 vir
603 474 819 530 eximiae
849 470 1125 542 religionis
1147 477 1221 536 et,
1251 471 1394 541 quod
1424 467 1756 540 praecipuum
1776 474 1874 536 est,
1907 480 2086 520 mona-

496 565 584 619 chi
612 563 955 634 professione
976 567 1029 615 et
1058 559 1249 613 habitu
1280 557 1538 630 insignis,
1573 573 1640 611 ex
1689 555 1849 611 totius
1895 555 2086 610 Eccle-

498 653 593 708 siae
648 650 1016 706 sacratissima
1071 647 1335 702 electione
1414 645 1857 715 archiepisc0pus
1913 644 2088 697 factus

499 738 786 810 supplevit.
820 738 920 792 Hic
951 745 1034 790 est
1063 736 1154 790 ille
1215 734 1510 800 Tatwinus,
1544 750 1702 805 quem
1761 732 2087 788 venerabilis

495 828 639 882 Beda
670 826 724 881 in
755 825 988 879 Historia
1020 839 1132 890 sua,
1166 824 1218 877 id
1250 833 1346 890 est,
1367 823 1544 895 gentis
1572 821 1866 892 Anglorum
1925 837 2087 892 quam

494 916 684 981 edidit,
746 914 995 969 ultimum
1061 912 1370 983 pontiﬁcem
1427 911 1842 965 Cantuariorum
1898 910 2080 978 ponit;

495 1020 704 1074 suoque
760 1013 1004 1074 tempore
1060 1009 1166 1054 tam
1225 1001 1326 1069 ipsi
1355 999 1590 1054 historiae
1620 1016 1780 1071 quam
1811 1015 1922 1054 suae
1957 1000 2100 1054 vitae

492 1094 718 1149 modum
751 1091 950 1162 posuit.
986 1091 1127 1144 Sane
1155 1087 1413 1158 praefatus
1465 1087 1948 1142 Christianissimus
1993 1104 2088 1143 rex

492 1181 812 1238 \Vihtredus
842 1187 964 1233 ante
994 1179 1110 1234 haec
1139 1175 1414 1231 nonnullis
1433 1176 1588 1230 annis
1609 1176 1753 1231 diem
1776 1191 2088 1246 supremum

494 1272 739 1335 sortitus,
808 1268 1087 1322 Eadberto
1145 1265 1385 1318 habenas
1437 1265 1590 1337 regni
1645 1263 1885 1335 reliquit.
1927 1264 2092 1334 Cujus

493 1360 646 1431 regni
678 1372 820 1411 anno
850 1354 1139 1410 undecimo
1169 1353 1437 1406 Tatwiuus
1484 1353 1596 1421 (13}.
1654 1351 2091 1422 archiepiscopus

495 1449 661 1502 beato
693 1445 797 1499 ﬁne
827 1442 1056 1514 quievit,
1089 1449 1280 1511 quarto
1310 1440 1569 1495 videlicet
1597 1455 1740 1494 anno
1768 1456 1874 1511 quo
1904 1441 2090 1494 archi-

493 1537 864 1606 episcopatum
896 1531 1057 1586 totius
1083 1528 1298 1599 Angliaa
1322 1529 1738 1600 gubernandum
1757 1537 2089 1598 susceperat.

499 1625 671 1693 Quem
702 1619 1026 1676 Nothelmus
1058 1619 1392 1682 subsecutus,
1424 1617 1660 1689 quinque
1692 1618 1848 1672 annis
1897 1617 2092 1671 Christi

2197 465 2354 533 satio,
2388 464 2742 520 mansuetudo
2773 464 2840 519 ad
2871 479 3081 530 omnes,
3114 463 3388 518 humilitas
3416 463 3472 517 in
3527 461 3823 526 omnibus,

2196 553 2320 608 vitm
2351 555 2612 625 gravitas,
2646 561 2698 609 et
2727 553 2782 606 in
2809 553 2893 608 his
2921 552 3150 624 singulis
3179 559 3230 607 et
3259 551 3419 606 simul
3443 552 3497 604 in
3544 549 3821 605 omnibus

2199 642 2454 698 continua
2508 657 2632 698 cum
2693 641 3013 696 discretione
3089 641 3371 696 fortitudo.
3440 641 3709 696 Refertur
3767 638 3823 691 in

2197 732 2461 801 pepulum
2488 750 2498 793 ;
2528 732 2868 786 consentiunt
2897 746 3088 785 omnes
3127 730 3182 783 in
3218 745 3407 794 unum,
3450 728 3619 782 talem
3655 726 3823 781 vide-

2197 820 2325 875 licet
2361 819 2578 874 Domini
2612 835 2824 873 servum
2857 818 3238 890 dignissimum
3305 818 3420 872 fore
3474 824 3643 870 tantae
3704 815 3823 869 Ec-

2199 908 2381 964 clesia:
2421 908 2789 964 sacerdotem.
2838 907 2980 976 Quid
3018 908 3224 977 plura?
3264 906 3509 977 Rapitur,
3571 913 3627 959 et
3691 905 3826 959 licet

2199 999 2424 1052 multum
2493 997 2761 1065 obnitens,
2816 996 3267 1068 grandaevitatem
3291 992 3824 1066 quoquesuamqui-

2199 1087 2298 1140 bus
2327 1093 2541 1155 poterat
2568 1085 2857 1140 conatibus
2887 1085 3177 1154 objiciens,
3228 1083 3603 1155 patriarchatu
3670 1082 3822 1135 Can-

2198 1175 2457 1230 tuariensi
2488 1173 2787 1228 iuvestitur.
2821 1175 2969 1228 Deus
2991 1173 3046 1227 in
3077 1172 3418 1244 promotione
3453 1171 3635 1242 ipsius
3684 1170 3820 1224 sub-

2200 1264 2313 1318 limi
2373 1263 2532 1318 totius
2560 1263 2689 1317 cleri
2714 1262 3037 1317 conﬂuentis
3067 1277 3202 1317 voce
3231 1259 3481 1330 corporis
3511 1275 3578 1315 ac
3633 1258 3821 1329 jubilo

2199 1353 2380 1408 cordis
2405 1352 2761 1408 collaudatur.
2797 1351 2933 1406 Dein
2962 1351 3267 1406 Cantuariis
3297 1364 3358 1403 ιιι
3391 1347 3678 1404 Kalendas
3709 1347 3818 1403 Oc-

2199 1442 2618 1510 tobris,summo
2637 1456 2758 1496 cum
2791 1442 2996 1495 honore
3017 1440 3131 1510 (15)
3165 1447 3440 1504 sacratus,
3478 1437 3813 1492 cathedram

2198 1528 2563 1600 pontiﬁcalem
2593 1530 2664 1583 ad
2694 1529 2997 1600 regendum
3028 1527 3330 1584 Ecclesiam
3363 1526 3464 1581 Dei
3481 1525 3812 1581 exsultanti-

2201 1621 2300 1673 bus
2328 1619 2532 1675 cunctis
2569 1619 2838 1674 ascendit.

494 1712 796 1769 Ecclesiam
845 1708 1097 1763 nobiliter
1135 1707 1295 1762 rexit.
1328 1708 1521 1776 Itaque
1575 1714 1701 1775 post
1753 1707 1892 1772 haec,
1948 1721 2090 1761 anno
2119 1731 2171 1790 Β
2275 1709 2565 1779 Speculum
2597 1708 2762 1780 igitur
2790 1707 3041 1763 omnibus
3095 1722 3124 1761 a
3168 1707 3282 1761 Deo
3343 1706 3695 1772 constitutus,
3732 1704 3810 1757 ita

497 1801 706 1857 scilicet
765 1797 1166 1853 Incarnationis
1247 1795 1546 1850 Dominicae
1608 1795 2090 1866 septingentesimo

500 1888 920 1961 quadragesimo
946 1885 1205 1952 secundo,
1238 1885 1436 1938 electus
1479 1891 1558 1938 est
1588 1883 1914 1938 Cuthbertus
1979 1884 2091 1953 (M)

495 1979 550 2033 in
607 1979 793 2033 sedem
852 1974 1163 2046 pontiﬁcum
1219 1973 1755 2044 praenominatorum,
1807 1975 1969 2027 homo
2026 1990 2094 2026 ex

501 2067 698 2121 illustri
753 2068 1005 2136 prosapia
1059 2063 1235 2134 gentis
1289 2062 1588 2133 Anglorum
1647 2061 1795 2117 clara
1833 2060 2095 2132 progenie

496 2166 669 2224 ortus,
703 2163 752 2210 et
782 2156 897 2225 ipse
927 2160 1070 2208 totus
1117 2169 1181 2206 ex
1239 2151 1527 2208 virtutibus
1584 2151 1784 2205 factus.
1854 2152 1905 2205 Is
1961 2151 2098 2205 inter

496 2246 600 2302 alia
631 2246 794 2312 bona,
827 2242 1027 2314 quibus
1059 2249 1228 2296 totum
1285 2241 1410 2296 vitae
1469 2255 1580 2295 suae
1638 2247 1852 2311 tempus
1909 2255 2097 2295 coram

494 2336 612 2390 Deo
645 2342 696 2390 et
757 2332 1068 2388 hominibus
1117 2328 1472 2398 clariﬁcabat,
1528 2327 1657 2384 fecit
1694 2328 1978 2384 ecclesiam
2045 2330 2100 2384 in

496 2422 746 2480 orientali
770 2427 922 2492 parte
951 2412 1173 2489 majoris
1221 2419 1464 2474 ecclesiae
1519 2417 1698 2473 eidem
1727 2434 1865 2489 pene
1920 2419 2099 2474 conti-

496 2528 658 2584 guam
687 2529 698 2574 ;
736 2525 967 2581 eamque
996 2509 1050 2562 iu
1079 2510 1340 2563 honorem
1371 2506 1512 2562 beati
1565 2507 1790 2561 Joannis
1847 2507 2102 2578 Baptistae

501 2600 812 2656 solemniter
851 2597 1142 2653 dedicavit.
1187 2597 1338 2650 Hanc
1403 2595 1686 2650 ecclesiam
1740 2611 1804 2650 eo
1856 2605 2102 2666 respectu

503 2687 806 2755 fabricavit,
841 2695 900 2741 ut
929 2685 1250 2755 baptisteria
1306 2689 1359 2739 et
1415 2683 1842 2739 examinationes
1865 2685 2103 2754 judicio-

505 2793 625 2832 rum
681 2792 779 2846 pro
837 2775 1069 2830 diversis
1124 2771 1309 2826 causis
1365 2772 1801 2840 constitutorum,
1851 2789 1971 2842 qua:
2036 2775 2106 2829 ad

507 2865 898 2922 correctionem
918 2861 1300 2917 sceleratorum
1320 2860 1376 2913 in
1393 2860 1625 2915 ecclesia
1637 2860 1738 2915 Dei
1767 2860 1880 2915 ﬁeri
1911 2863 2104 2930 solent,

505 2953 641 3008 inibi
683 2952 1111 3017 celebrarentur,
1144 2952 1196 3002 et
1235 2948 1762 3018 archiepiscoporum
1787 2965 2014 3020 corpora
2053 2952 2108 3006 in

507 3059 572 3098 ea
600 3040 979 3113 sepelirentur,
1013 3038 1226 3092 sublata
1274 3038 1342 3092 de
1380 3037 1560 3092 medio
1616 3038 1838 3108 antiqua
1877 3054 2108 3095 consue-

510 3132 716 3198 tudine,
752 3145 857 3201 qua
887 3137 1109 3184 eatenus
1138 3125 1393 3180 tumulari
1457 3125 1706 3181 solebant
1736 3135 1888 3182 extra
1919 3128 2102 3183 civita-

513 3229 619 3275 tem
678 3219 732 3274 in
799 3217 1032 3274 ecclesia
1070 3216 1350 3270 beatorum
1408 3215 1780 3285 apostolorum
1838 3217 1982 3271 Petri
2051 3226 2106 3272 et

507 3310 676 3378 Pauli,
701 3307 793 3364 ubi
816 3307 996 3377 posita
1024 3313 1145 3360 sunt
1165 3319 1394 3374 corpora
1423 3305 1664 3358 omnium
1696 3309 2104 3361 antecessorum

507 3414 746 3454 suorum.
771 3396 871 3452 Hic
899 3396 1125 3451 decurso
1155 3393 1281 3450 vitae
1309 3393 1587 3464 praesentis
1641 3395 1868 3449 articulo
1925 3411 2104 3466 appo-

509 3487 640 3542 situs
671 3494 754 3542 est
794 3486 863 3540 ad
891 3491 1075 3555 patres
1106 3498 1236 3537 suos
1266 3483 1450 3552 quinto
1509 3481 1723 3538 decimo
1785 3484 2105 3554 praesulatus

507 3576 590 3630 sui
622 3589 784 3643 anno,
819 3582 871 3628 et
899 3573 955 3627 in
993 3572 1221 3643 praefata
1259 3571 1489 3627 ecclesia
1527 3570 1671 3627 beati
1727 3573 1948 3627 Joannis
2002 3574 2102 3629 de-

507 3670 690 3719 center
720 3662 976 3730 sepultus.

581 3750 940 3819 Quaerebatur
968 3765 1101 3821 ergo
1126 3763 1336 3804 summo
1367 3748 1548 3804 studio
1577 3749 1647 3804 ab
1686 3750 1931 3806 Ecclesia
1984 3752 2102 3819 Dei,

511 3840 606 3911 qui
638 3854 750 3893 non
777 3837 1005 3893 inferior
1044 3838 1150 3894 vita
1207 3853 1271 3893 ac
1309 3837 1594 3894 sanctitate
1658 3854 1871 3894 morum
1922 3848 2108 3910 posset

507 3928 564 3982 in
585 3929 765 3984 locum
793 3926 1029 3983 defuncti
1062 3926 1372 3998 subrogari.
1401 3927 1645 3983 Tenebat
1673 3943 1754 3983 ea
1783 3937 2106 3998 tempestate

507 4017 780 4088 jus-regni
810 4017 864 4071 in
919 4015 1106 4072 Cantia
1159 4017 1562 4072 Ethelberthus
1618 4032 1784 4088 supra
1820 4021 2108 4074 memorati

511 4108 658 4178 regis
687 4106 1004 4176 Wigthredi
1039 4105 1242 4176 [ﬁlius],
1278 4106 1554 4161 Eadberto
1585 4106 1675 4176 qui
1709 4106 1758 4161 ei
1780 4115 2110 4162 successerat

511 4197 628 4265 jam
721 4195 852 4250 olim
923 4193 1200 4250 defuncto.
1279 4193 1382 4262 Qui
1420 4194 1822 4249 Ethelberthus
1896 4196 2108 4251 beatum

513 4284 860 4356 Bregwinum
883 4300 949 4339 ex
973 4282 1302 4338 sublimitate
1321 4283 1490 4338 sancti
1511 4283 1768 4353 prepositi
1791 4299 2112 4354 morumque

510 4373 655 4428 illius
711 4372 977 4444 gravitate
1031 4372 1377 4428 notissimum
1435 4371 1660 4436 habens,
1721 4373 1947 4428 contulit
1989 4389 2112 4428 cum

2133 3085 2182 3148 C

2201 1797 2255 1851 in
2287 1797 2489 1851 sanctis
2521 1797 2775 1866 operibus
2803 1797 2982 1850 clarus
3010 1795 3234 1863 effulsit,
3265 1802 3324 1849 ut
3354 1794 3445 1865 qui
3474 1793 3610 1848 lucis
3635 1793 3804 1847 semi-

2201 1895 2310 1940 tam
2343 1885 2598 1940 volebant
2628 1885 2906 1952 incedere,
2941 1885 2994 1938 in
3025 1886 3139 1954 ejus
3176 1885 3287 1938 vita
3344 1899 3452 1954 qua
3501 1883 3806 1954 graderen-

2202 1983 2286 2029 tur
2315 1975 2445 2028 satis
2475 1982 2699 2044 possent
2740 1981 2933 2044 aperte
2962 1973 3162 2028 videre.
3198 1973 3254 2028 Si
3287 1972 3358 2026 de
3414 1970 3802 2026 miraculorum

2201 2063 2554 2130 exhibitione,
2623 2079 2742 2135 quae
2793 2063 3132 2119 sanctitatem
3189 2062 3568 2118 demonstrare
3621 2058 3804 2131 magis

2204 2154 2378 2208 solent
2410 2168 2570 2222 quam
2605 2168 2884 2223 generare,
2912 2153 3037 2222 quis
3062 2150 3304 2223 inquirit,
3336 2151 3458 2205 dico
3485 2149 3634 2220 quod
3676 2163 3810 2202 sen-

2204 2242 2298 2296 tio.
2330 2241 2594 2312 Equidem
2618 2245 2797 2295 utrum
2829 2241 3049 2312 aliquod
3069 2240 3381 2310 hujusmodi
3403 2240 3594 2294 fecerit
3617 2253 3811 2303 necne,

2208 2331 2274 2384 ad
2304 2330 2546 2386 notitiam
2577 2346 2753 2384 meam
2778 2330 2955 2385 fateor
2991 2345 3099 2384 non
3130 2331 3233 2384 huc
3261 2345 3430 2399 usque
3458 2327 3808 2398 pervenisse.

2208 2419 2368 2488 Quod
2400 2419 2442 2473 si
2483 2419 2690 2486 fecerit,
2723 2427 2810 2474 eat
2848 2427 2939 2473 aut
2968 2419 3296 2489 scriptorum
3339 2417 3517 2488 inOpia
3567 2419 3665 2470 aut
3719 2430 3816 2468 ve-

2209 2516 2376 2562 tustas
2396 2509 2481 2563 vel
2523 2517 2669 2564 certe
2698 2523 2923 2564 casuum
2956 2508 3297 2563 diversorum
3336 2505 3533 2576 aliquis
3589 2511 3816 2559 eventus

2211 2614 2242 2652 a
2280 2605 2462 2652 nostra
2493 2596 2717 2650 scientia
2748 2597 2888 2650 tulit.
2922 2597 3023 2650 Illa
3061 2603 3264 2664 tamen,
3297 2610 3417 2666 quae
3445 2599 3570 2665 post
3605 2593 3813 2647 obitum

2213 2687 2332 2755 ejus
2371 2694 2517 2742 certa
2546 2686 2809 2741 relatione
2864 2685 3230 2758 cognovimus
3285 2683 3428 2739 facta
3475 2681 3547 2737 ad
3602 2697 3813 2736 sacrum

2212 2792 2410 2848 corpus
2440 2776 2575 2844 ejus,
2608 2775 2725 2831 luce
2749 2775 2946 2829 clarius
3002 2775 3229 2829 innuunt
3285 2772 3414 2844 quid
3472 2772 3525 2826 in
3587 2786 3814 2840 corpore

2214 2865 2421 2936 degens
2452 2864 2626 2919 facere
2656 2872 2858 2935 posset,
2891 2864 2934 2917 si
2965 2881 3089 2919 eum
3119 2863 3254 2917 ratio
3282 2870 3372 2918 aut
3418 2861 3718 2916 necessitas
3745 2861 3812 2914 ad

2214 2955 2347 3009 talia
2377 2954 2682 3008 exercenda
2708 2953 3073 3022 perduxisset.
3109 2952 3216 3008 Sed
3247 2952 3342 3005 illa
3398 2959 3648 3020 tempora
3698 2948 3802 3003 ﬁde

2215 3043 2409 3097 Christi
2438 3058 2650 3113 quaque
2708 3041 2931 3096 fundata
2987 3057 3092 3096 non
3152 3041 3386 3112 egebant
3415 3039 3592 3111 signis
3649 3037 3816 3091 mira-

2213 3132 2497 3193 culorum;
2534 3147 2676 3200 quar,
2708 3138 2765 3185 ut
2803 3131 2993 3185 beatus
3031 3129 3328 3200 Gregorius
3357 3127 3450 3195 ait,
3511 3125 3810 3180 inﬁdelium

2213 3229 2338 3274 sunt
2367 3220 2546 3290 potius
2577 3235 2737 3288 quam
2771 3218 3033 3273 fidelium.
3069 3219 3135 3272 Et
3161 3233 3302 3272 vane
3333 3215 3660 3271 miraculum
3688 3214 3813 3268 foris

2214 3309 2610 3376 ostenderetur,
2643 3309 2686 3362 si
2717 3307 2929 3363 deesset
2950 3307 3094 3378 quod
3124 3307 3270 3361 intus
3341 3313 3683 3375 operaretur.
3741 3305 3814 3356 Ac

2212 3397 2418 3451 utmihi
2454 3397 2671 3468 quidem
2728 3397 2862 3452 ratio
2919 3397 3130 3464 suadet,
3191 3404 3364 3450 ratum
3421 3410 3541 3450 esse
3599 3392 3814 3448 videtur

2214 3487 2390 3556 majus
2431 3501 2550 3540 esse
2602 3493 2877 3541 auctorem
2927 3485 3170 3540 omnium
3241 3483 3627 3538 miraculorum
3715 3497 3814 3551 per

2215 3575 2531 3630 munditiam
2563 3575 2744 3630 carnis
2774 3583 2824 3630 et
2845 3575 3064 3645 spiritus
3095 3573 3149 3626 in
3180 3589 3239 3628 se
3268 3587 3540 3645 quemque
3563 3570 3810 3626 continue

2214 3664 2436 3730 habere,
2488 3679 2653 3735 quam
2708 3664 2994 3732 miracula,
3045 3679 3166 3734 quae
3212 3671 3262 3718 et
3326 3660 3576 3732 reprobis
3609 3659 3813 3714 Veritas

2217 3753 2346 3809 dicit
2378 3767 2498 3808 esse
2529 3753 2832 3808 communia
2862 3768 2962 3822 pro
2992 3751 3148 3806 libitu
3181 3751 3456 3806 hominum
3487 3758 3542 3804 et
3569 3749 3810 3803 admira-

2217 3843 2360 3898 tione
2392 3841 2669 3898 exhibere.
2700 3843 2811 3896 Pax
2841 3857 3056 3914 quoque
3085 3841 3278 3896 diebus
3333 3839 3417 3896 sui
3472 3837 3812 3909 pontiﬁcatus

2215 3932 2269 3987 in
2301 3939 2412 3987 toto
2441 3947 2611 4002 regno
2642 3931 2881 4003 vigebat,
2914 3947 3013 3986 nec
3041 3931 3296 3987 incursus
3353 3928 3577 3984 hostiles
3621 3924 3812 3997 aliquis

2216 4020 2509 4076 metuebat.
2545 4021 2728 4076 Donec
2758 4036 2890 4090 ergo
2919 4021 2972 4075 in
3004 4020 3102 4074 Dei
3132 4034 3269 4090 pace
3299 4034 3530 4089 quaeque
3551 4015 3811 4072 consiste-

2218 4109 2367 4164 bant.
2389 4109 2534 4164 Deus
2563 4109 2712 4180 pacis
2732 4109 2785 4163 in
2817 4108 3072 4164 omnibus
3103 4116 3155 4164 et
3183 4124 3282 4178 per
3326 4106 3514 4163 omnia
3565 4105 3812 4161 omnibus

2221 4206 2353 4253 erat.
2388 4199 2596 4253 Beatus
2628 4206 2684 4254 et
2715 4197 2845 4253 felix
2879 4199 3037 4252 Pater
3065 4197 3120 4251 in
3151 4198 3267 4252 istis
3307 4212 3434 4252 cum
3494 4195 3550 4250 in
3615 4194 3811 4265 populo

2220 4289 2445 4342 verbum
2475 4288 2602 4342 vitae
2625 4287 2967 4358 prmdicaret,
2986 4295 3266 4342 mansueto
3287 4286 3472 4341 animo
3488 4300 3554 4340 ac
3576 4284 3814 4339 modesto

2223 4377 2579 4438 audiebatur;
2615 4384 2816 4446 etquae
2883 4377 3023 4431 fueri
3075 4376 3130 4430 in
3187 4375 3662 4431 exhortationibus
3709 4373 3815 4427 suis

503 4463 571 4518 iis
602 4478 739 4534 quos
801 4461 856 4516 in
913 4460 1181 4517 electione
1235 4460 1474 4530 pastoris
1526 4460 1901 4516 universorum
1961 4469 2116 4518 tenor
2143 4450 2194 4509 D
2225 4465 2836 4536 praecipiebat,placido
2858 4463 3049 4520 effectu
3067 4465 3554 4537 prosequebantur.
3577 4464 3646 4518 Ut
3685 4461 3815 4516 fides

507 4552 789 4622 praecipue
819 4551 1157 4622 respiciebat,
1215 4548 1451 4604 suadens
1506 4557 1563 4604 ut
1604 4550 1661 4603 in
1691 4565 1980 4606 commune
2009 4551 2108 4605 viri

506 4639 855 4707 industriam,
889 4647 1091 4695 sanctae
1165 4638 1598 4694 conversationis
1645 4653 1911 4707 normam,
1944 4640 2109 4712 ccepti

507 4730 777 4800 propositi
833 4727 1292 4800 perseverantiam
1345 4727 1768 4795 considerantes,
1828 4730 2112 4799 preposita

506 4819 783 4873 voluntate
815 4818 912 4873 Dei
942 4817 1368 4873 ecclesiasticam
1400 4817 1719 4873 electionem
1741 4817 1888 4873 infeo
1914 4819 2112 4873 confir-

509 4914 740 4972 marent,
770 4907 814 4960 si
839 4907 893 4961 in
931 4906 1198 4978 regimine
1228 4907 1472 4962 omnium
1530 4906 1892 4962 Ecclesiarum
1951 4907 2114 4962 totius

507 4994 793 5050 Brittaniae
825 5011 946 5050 eum
977 4995 1232 5051 idoneum
1248 4995 1504 5050 concordi
1532 5011 1754 5051 assensu
1779 4995 2107 5065 judicarent.

582 5138 695 5208 (l3)
728 5138 1004 5192 Tatwinus
1035 5137 1286 5192 thronum
1330 5137 1575 5193 ascendit
1627 5154 1769 5193 anno
1829 5139 1927 5192 731
1985 5154 2108 5193 me-

508 5210 600 5282 dio
627 5227 639 5270 ;
668 5210 910 5282 excessit
933 5216 1060 5282 post
1090 5209 1336 5282 medium
1363 5226 1561 5282 annum
1595 5211 1715 5266 734.
1747 5210 2111 5282 Wightredus

496 5281 609 5339 obii
641 5296 783 5336 anno
813 5281 938 5345 725,
967 5280 1122 5352 juxta
1155 5280 1567 5352 chronologiam
1600 5280 1940 5337 Saxonicam.
1977 5282 2109 5336 Tat-

509 5355 685 5410 winus
716 5353 883 5424 igitur
911 5367 1063 5424 anno
1086 5351 1302 5424 decimo
1333 5351 1594 5408 Eadberti
1628 5353 1803 5424 Vitam
1846 5353 2035 5406 ﬁnivit.

583 5427 694 5495 (14)
743 5422 855 5481 “Ι)θ
913 5422 1189 5477 Cuthberti
1229 5425 1598 5495 successione
1631 5423 1769 5495 ,vide
1850 5424 2110 5479 disserta-

513 5497 718 5579 tionem
748 5495 816 5554 de
846 5510 976 5556 vera
1006 5494 1346 5553 successione
1404 5494 1797 5569 archiepiscopi
1871 5496 2108 5552 Cantua-

512 5581 703 5623 uenats
713 5607 731 5626 ο
747 5608 753 5613 -

2220 4568 2350 4608 vera
2390 4561 2482 4607 aut
2519 4547 2900 4621 succresceret,
2933 4562 3026 4608 aut
3054 4555 3314 4610 vacillans
3352 4554 3517 4607 robur
3554 4559 3816 4606 statumve

2219 4643 2509 4712 reciperet,
2543 4642 2662 4696 sola
2689 4658 2794 4698 vox
2825 4643 2997 4697 Patris
3027 4642 3225 4698 vallata
3283 4642 3624 4698 incremento
3676 4639 3815 4710 quod

2221 4731 2406 4785 tribuit
2434 4730 2697 4786 Dominus
2727 4730 3046 4797 sufﬁciebat,
3077 4747 3179 4787 nec
3210 4731 3279 4786 ad
3309 4745 3431 4787 eam
3485 4729 3814 4801 probandam

2221 4820 2539 4875 miraculum
2594 4820 2817 4890 aliquod
2869 4821 2989 4891 quis
3017 4821 3294 4893 exigebat.
3342 4819 3449 4876 Sed
3504 4820 3626 4875 haec
3679 4820 3816 4875 bona

2221 4924 2330 4964 non
2371 4909 2541 4964 multo
2568 4917 2812 4980 tempore
2843 4917 3273 4980 permanserunt.
3307 4909 3531 4966 Sublato
3586 4926 3814 4981 namque

2220 4997 2273 5052 in
2304 4997 2453 5054 brevi
2485 4998 2553 5054 de
2584 5000 2688 5055 hac
2716 5001 2829 5056 vita
2889 4998 3052 5054 beato
3091 4999 3231 5068 viro,
3277 5000 3431 5070 cujus
3492 5002 3696 5058 meritis
3751 5015 3814 5056 ea

2289 5141 2406 5210 (lii)
2437 5140 2644 5215 Eodem
2674 5142 2762 5215 die
2791 5143 2923 5215 anni
2973 5145 3097 5212 759,
3143 5142 3459 5215 Begtyinum
3522 5159 3810 5200 consecra-

2222 5218 2331 5265 tum
2363 5212 2668 5295 esse‘ﬁdem
2699 5214 2825 5295 facit
2865 5212 3245 5295 chronologia.‘
3267 5214 3542 5295 Sasonica
3569 5233 3580 5277 ;
3616 5225 3668 5271 et
3714 5234 3809 5295 an-

2218 5298 2346 5336 num
2381 5282 2598 5363 quidem
2623 5293 2772 5363 recte
2801 5285 3048 5363 positum
3078 5282 3484 5363 opi_nior.__Dies
3511 5296 3691 5363 autem
3712 5288 3811 5343 isto

2220 5369 2363 5409 anno
2394 5355 2448 5429 in
2479 5355 2828 5429 Dominicam
2867 5371 2974 5411 non
3001 5427 3010 5429 ξ
3035 5356 3244 5429 incidit.
3301 5356 3405 5412 Illa
3451 5358 3617 5429 igitur
3659 5367 3812 5414 atate

2221 5441 2331 5480 non
2361 5425 2535 5480 solum
2565 5426 2886 5494 Dominicis,
2921 5427 3016 5482 sed
3047 5427 3278 5482 etiamin
3307 5425 3614 5484 sanctorum
3672 5430 3813 5486 festis

2222 5498 2668 5555 consecrationes
2699 5497 2990 5555 celebratae
3019 5499 3188 5556 fuisse
3212 5498 3485 5558 videntur.
