4046 6076
353 287 463 341 757

1665 286 1821 343 νιΤΑ
1858 287 1925 340 Β.
1971 286 2058 342 BR
2068 285 2367 343 EGVVINI.

3562 296 3669 350 758

353 412 745 482 provenerunt,
772 412 1003 470 evolutis
1032 415 1288 485 pauculis
1314 414 1471 472 annis
1499 421 1553 471 et
1580 413 1699 485 ipsa
1742 412 1957 469 sublata
1985 410 2045 472 Α
2070 411 2156 468 vel
2187 420 2388 484 quanta
2415 412 2610 469 damna
2636 413 2783 471 locus
2811 413 2927 486 ipse
2973 429 3264 487 perpessus
3338 415 3430 485 sit,
3487 417 3665 475 nullus

353 506 501 555 sunt.

425 588 623 644 Tribus
652 589 919 660 siquidem
969 592 1124 648 annis
1162 594 1300 649 vixit
1354 594 1408 649 in
1452 591 1787 663 pontiﬁcatu,
1846 592 1961 647 Deo

351 692 451 747 per
478 678 663 733 omnia
690 679 906 749 plenus,
941 689 994 735 et
1024 682 1290 738 universis
1315 682 1601 738 virtutibus
1629 680 1954 736 indeﬁcienti

352 766 658 821 constantia
689 768 968 837 praeditus.
988 771 1141 826 Auno
1184 779 1365 826 autem
1395 770 1789 841 patriarchatus
1843 770 1961 838 ejus

350 854 590 909 secundo
640 856 1046 913 Ethelberthus
1092 862 1206 929 (16)
1241 875 1358 928 rex,
1404 858 1566 926 ﬁlius,
1602 867 1657 914 ut
1699 858 1956 926 diximus,

348 942 706 1000 strenuissimi
735 948 883 1018 regis
916 946 1202 1017 Wihtrcdi,
1238 948 1385 1003 diem
1429 947 1682 1002 ultimum
1740 947 1955 1002 clausit.

350 1033 505 1088 Anno
534 1048 664 1090 vero
696 1044 817 1106 post
841 1034 991 1092 hunc
1047 1036 1148 1090 fuit
1175 1035 1515 1091 validissima
1542 1036 1740 1104 hiems,
1790 1036 1960 1091 nimia

350 1119 575 1193 frigoris
634 1123 936 1180 acerbitate
990 1136 1183 1180 cuncta
1243 1125 1643 1195 constringens,
1701 1123 1958 1179 animalia

352 1208 553 1265 diversi
582 1213 800 1284 generis
828 1220 881 1268 et
904 1212 1110 1268 nivium
1131 1213 1397 1268 densitate
1420 1221 1472 1268 et
1498 1213 1721 1267 immani
1747 1212 1958 1268 bruma

352 1299 650 1368 asperitate
715 1300 1097 1374 exstinguens.
1162 1301 1359 1357 Verum
1411 1316 1559 1370 cum,
1608 1302 1761 1371 juxta
1791 1301 1954 1356 verba

350 1386 468 1441 veri
498 1386 809 1444 Salomonis
877 1390 931 1444 in
980 1390 1201 1445 Cantico
1271 1389 1604 1445 canticorum
1663 1390 1951 1460 loquentis,

355 1474 534 1530 hiems
563 1477 856 1546 transisset,
884 1478 1059 1533 imber
1086 1477 1291 1534 abisset
1345 1486 1397 1533 et
1422 1477 1738 1535 recessisset
1763 1477 1950 1549 (Cant.

348 1579 410 1632 ιι,
442 1565 560 1636 tl),
592 1565 753 1622 ﬂores
781 1567 1055 1622 Dominici
1086 1575 1471 1637 apparuerunt.
1506 1566 1660 1625 Unde
1689 1576 1740 1622 et
1795 1566 1954 1622 vinea

352 1651 577 1708 Domini
609 1654 849 1711 Sabaoth
879 1656 1179 1713 suavissimi
1206 1655 1389 1712 odoris
1432 1656 1621 1711 florem
1680 1656 1947 1727 amittens,

2068 501 2350 557 hominum
2406 501 2621 558 edicere
2670 511 2866 573 potest.
2900 505 2969 560 Ut
2999 512 3179 560 tamen
3239 506 3489 578 quadam
3534 507 3664 563 inde

2069 598 2376 663 tangamus,
2408 590 2670 662 quidquid
2698 591 2753 646 in
2781 608 2937 660 auro,
2969 594 3025 647 in
3057 603 3308 666 argento,
3336 595 3391 650 in
3437 595 3666 652 diversis

2069 680 2297 735 aliarum
2328 680 2635 751 specierum
2665 682 3016 748 ornamentis,
3049 682 3104 736 in
3134 684 3337 739 divinis
3361 700 3426 739 ac
3448 685 3669 741 sacula-

2067 768 2217 823 ribus
2262 768 2411 822 libris
2456 769 2747 839 pretiosius
2776 770 3033 838 habebat,
3078 770 3193 827 fere
3248 778 3418 828 totum
3465 789 3665 830 vorans

2068 856 2254 928 lingua
2281 856 2427 928 ignis
2455 857 2752 912 absorbuit.
2786 859 2865 912 De
2896 860 2981 913 his
3027 868 3207 915 tamen
3262 861 3387 931 quia
3450 862 3665 917 fuerunt

2065 945 2478 1015 recuperabilia,
2511 945 2695 1001 minus
2723 955 2805 1002 est
2834 947 3061 1003 fortasse
3081 948 3397 1004 dolendum.
3420 949 3491 1004 At
3506 949 3665 1006 dolor

2065 1032 2320 1089 immanis
2349 1040 2402 1089 et
2429 1034 2576 1089 nullo
2606 1034 2713 1090 ﬁne
2743 1034 3080 1091 claudendus
3109 1037 3384 1109 hucusque
3411 1039 3663 1094 eamdem

2065 1122 2351 1177 ecclesiam
2379 1121 2600 1191 premit,
2629 1137 2753 1178 cum
2781 1123 3070 1195 privilegia
3100 1125 3467 1182 Romanorum
3517 1142 3661 1197 pon-

2066 1209 2288 1279 tiﬁcum,
2352 1210 2645 1283 privilegia
2696 1227 2891 1283 regum
2929 1221 2984 1267 et
3038 1213 3346 1284 principum
3380 1214 3534 1287 regni
3557 1214 3659 1285 ipsi

2064 1294 2311 1354 eCclesia
2330 1298 2568 1355 studiose
2606 1299 2852 1371 sigillata
2896 1309 2950 1356 et
3000 1301 3218 1371 collata,
3281 1302 3477 1373 quibus
3514 1319 3572 1358 se
3604 1311 3659 1359 et

2063 1403 2163 1442 sua
2185 1389 2414 1458 perenni
2456 1389 2582 1458 jure
2637 1390 2848 1444 munire
2906 1389 3129 1445 deberet
3172 1398 3332 1461 atque
3400 1392 3558 1460 tueri,
3589 1408 3657 1448 ex

2062 1476 2274 1548 integro
2302 1476 2523 1532 redacta
2556 1476 2613 1530 in
2651 1476 2879 1532 nihilum
2920 1477 3293 1548 deperierunt.
3336 1479 3523 1551 Siqua
3562 1495 3657 1536 au-

2062 1573 2170 1619 tem
2201 1573 2325 1620 sunt
2353 1581 2424 1620 ex
2470 1564 2579 1619 illis
2620 1573 2959 1637 recuperata,
2995 1566 3222 1623 diversis
3274 1566 3330 1621 in
3368 1567 3526 1637 locis,
3565 1568 3658 1623 ubi

2060 1661 2249 1708 contra
2300 1653 2499 1722 scripta
2558 1653 2796 1723 fuerunt,
2860 1663 3071 1725 reperta
3121 1662 3245 1710 sunt
3295 1661 3350 1711 et
3398 1664 3651 1727 accepta;

349 1740 613 1797 advocem
643 1744 862 1798 turturis
888 1759 951 1800 ac
968 1744 1421 1815 sponsidicentis:
1449 1744 1654 1817 Surge,
1684 1760 1943 1817 propera,
1977 1761 2031 1826 Β
2065 1740 2228 1801 bullis
2256 1748 2418 1812 atque
2447 1741 2666 1814 sigillis,
2700 1758 2821 1812 qua
2841 1743 2947 1797 alia
2993 1743 3108 1799 ﬁeri
3165 1745 3478 1814 nequibant,
3530 1760 3654 1801 cum

347 1832 535 1887 amica
567 1847 710 1900 mea,
728 1832 932 1889 aenide
957 1831 1194 1900 Libano,
1217 1834 1365 1900 veni,
1380 1833 1736 1890 coronaberts
1753 1834 1944 1902 (Cant.

344 1933 421 1986 1v,
454 1918 532 1989 8),
564 1919 745 1975 anima
776 1920 1075 1976 felicissimi
1109 1921 1283 1976 Patris
1313 1922 1489 1978 dulcis
1519 1922 1693 1977 amica
1750 1922 1950 1976 summi

345 2004 521 2062 Patris
551 2008 802 2079 surrexit,
865 2010 970 2064 hoc
1016 2015 1099 2065 est
1145 2009 1457 2065 coronanda
1483 2010 1551 2064 ab
1593 2025 1792 2080 sponso
1854 2027 1949 2067 suo

347 2093 474 2150 Jesu
506 2096 754 2161 Christo;
787 2097 1050 2153 saculum
1079 2113 1390 2169 corpusque
1410 2098 1646 2171 reliquit,
1680 2115 1744 2153 ac
1773 2114 1948 2170 ange-

343 2180 523 2238 lorum
555 2184 887 2242 adminiculo
928 2186 1082 2256 fulta,
1114 2187 1206 2242 ubi
1237 2186 1417 2259 ipsum
1447 2187 1620 2241 Deum
1649 2186 1871 2242 deorum
1894 2189 1950 2243 in

342 2272 476 2328 Sion
502 2274 832 2331 aternaliter
860 2284 1122 2341 cerneret,
1155 2276 1400 2348 gaudens
1459 2275 1753 2348 hilarisque
1809 2293 1947 2334 con-

346 2361 573 2418 scendit.
608 2362 869 2434 Sepultus
896 2380 1027 2419 sane
1056 2372 1135 2420 est
1164 2364 1217 2419 in
1246 2364 1472 2434 praefata
1515 2365 1747 2422 ecclesia
1802 2366 1948 2422 beati

347 2450 605 2521 Baptista
633 2451 854 2506 Joannis
909 2468 1083 2523 prepe
1113 2467 1311 2523 corpus
1356 2453 1640 2509 reverendi
1678 2453 1949 2525 pontiﬁcis

346 2539 628 2595 Cuthberti
658 2540 827 2611 ipsius
856 2541 1122 2610 ecclesia,
1154 2549 1210 2597 ut
1242 2541 1493 2609 diximus,
1530 2543 1831 2599 fundatoris
1884 2560 1948 2600 ac

345 2627 427 2683 sui
459 2628 763 2701 dignissimi
794 2630 1229 2700 praedecessoris.
1257 2631 1391 2687 Post
1435 2632 1579 2689 hunc
1635 2642 1946 2703 assumptus

346 2724 426 2772 est
455 2718 509 2770 in
543 2717 915 2787 pontiﬁcatum
943 2719 1147 2774 relicta
1167 2718 1428 2775 Ecclesiae
1444 2720 1754 2776 Jambertus
1790 2723 1947 2777 Pater

339 2815 391 2861 et
414 2805 587 2861 abbas
616 2806 809 2864 vicina
842 2822 907 2864 ac
935 2807 1346 2878 pranominata
1392 2808 1613 2864 abbatis
1667 2810 1942 2883 glorioso-

335 2910 460 2949 rum
490 2896 856 2965 apostolorum
887 2895 1028 2951 Petri
1062 2904 1114 2952 et
1134 2897 1303 2953 Pauli.

410 2983 546 3038 Hinc
601 2985 834 3039 evolutis
898 2985 1141 3056 pauculis
1205 2987 1361 3041 annis
1400 2987 1544 3042 Dani
1587 3003 1722 3060 gens
1779 2987 1942 3044 effera

339 3071 722 3141 perdiscentes
741 3074 994 3146 Angliam
1024 3074 1080 3128 in
1109 3075 1256 3130 omni
1282 3091 1425 3146 pene
1437 3092 1635 3149 genere
1654 3077 1939 3133 hominum

335 3175 368 3213 a
398 3159 629 3230 pristino
663 3165 808 3215 statu
832 3162 1165 3231 exorbitare,
1196 3173 1244 3218 et
1267 3164 1467 3219 divitiis
1486 3180 1551 3221 ac
1572 3166 1942 3236 voluptatibus

339 3248 518 3320 magis
546 3248 705 3304 solito
734 3265 958 3320 operam
991 3250 1144 3320 dare,
1176 3260 1459 3322 caperunt
1482 3253 1635 3324 quasi
1669 3255 1939 3324 pedeten-

333 3334 429 3390 tim
496 3337 750 3407 probare,
812 3338 983 3393 tribus
1030 3339 1263 3395 navibus
1288 3340 1419 3396 illuc
1473 3341 1654 3410 primo
1693 3342 1935 3410 directis,

329 3440 494 3496 quam
526 3424 741 3481 efficere
804 3435 1029 3497 possent
1088 3427 1131 3481 si
1198 3428 1380 3499 plures
1434 3428 1723 3498 mitterent,
1758 3431 1938 3501 plures

323 3512 592 3569 venirent.
628 3514 777 3583 Quas
830 3530 953 3571 cum
1014 3532 1276 3587 prospere
1333 3517 1391 3571 in
1435 3517 1713 3573 nonnullis
1758 3519 1935 3591 egisse

328 3601 597 3669 audirent,
631 3603 853 3659 animati
908 3612 1051 3669 sunt,
1110 3613 1164 3660 et
1217 3605 1392 3661 classe
1434 3614 1626 3677 parata
1678 3609 1932 3680 Angliam

332 3705 443 3745 non
476 3691 646 3747 semel
675 3698 767 3746 aut
796 3692 903 3758 bis,
936 3693 1029 3748 sed
1060 3709 1435 3764 saepenumero
1460 3695 1718 3751 veniendi
1772 3714 1931 3753 usum

331 3788 680 3850 acceperunt.
696 3778 946 3849 Quodam
968 3782 1151 3853 itaque
1170 3790 1432 3853 tempore,
1456 3790 1562 3840 etc.
1606 3784 1934 3858 Sequuntur

326 3868 615 3925 miracula
630 3870 821 3941 plura,
855 3886 1093 3942 quorum
1106 3871 1401 3943 Epitomen
1421 3872 1756 3930 abbreviatis
1782 3874 1930 3930 Ead—

326 3957 475 4011 meri
494 3957 676 4014 verbis
696 3958 850 4014 dedit
874 3956 997 4013 Vita
1009 3961 1288 4030 Bregwini
1306 3960 1929 4036 0sbernomaleascrip—

326 4048 388 4100 ta
408 4061 604 4119 supra.
634 4046 790 4102 Plura
815 4047 1055 4103 feruntur
1108 4049 1162 4103 in
1215 4051 1357 4103 hunc
1393 4050 1613 4106 modum
1652 4052 1722 4106 de
1765 4050 1926 4109 beato

321 4134 463 4202 viro,
505 4151 626 4205 qua
662 4135 844 4191 omnia
900 4136 1138 4193 scribere
1196 4138 1349 4194 nimii
1411 4138 1671 4210 ponderis
1743 4148 1914 4196 esset.

318 4223 392 4277 ad
424 4222 529 4278 alia
559 4240 692 4297 ergo
723 4225 1029 4290 tendentes,
1059 4228 1204 4283 hunc
1234 4227 1349 4282 istis
1377 4228 1632 4298 ponimus
1660 4228 1911 4285 modum.

388 4312 743 4368 Transierunt
770 4314 953 4384 plures
980 4314 1127 4385 anni,
1160 4324 1214 4371 et
1242 4330 1443 4387 corpus
1470 4316 1589 4385 ejus
1617 4317 1721 4372 sub
1750 4334 1919 4375 vene-

314 4400 526 4457 ratione
583 4402 875 4458 multorum
933 4403 1056 4460 loco
1088 4404 1285 4460 mansit
1314 4404 1624 4461 immotum.
1665 4408 1916 4463 Nonnulli

2062 1829 2293 1886 ecclesia
2342 1830 2397 1885 in
2432 1847 2537 1901 qua
2578 1830 2930 1887 servabantur
2974 1830 3101 1902 igne
3151 1834 3512 1904 consumptis.
3569 1833 3655 1888 Ex

2060 1934 2168 1990 quo
2208 1919 2372 1975 robur
2391 1927 2444 1974 et
2462 1919 2717 1975 fortitudo
2735 1919 2983 1975 hostibus
3005 1921 3121 1990 ejus
3136 1938 3305 1992 usque
3324 1922 3381 1976 in
3413 1938 3654 1992 prasens

2059 2016 2249 2064 contra
2276 2023 2490 2077 aequum
2522 2008 2766 2076 increvit,
2799 2016 2853 2064 et
2881 2009 3051 2065 multa
3077 2008 3239 2076 mala,
3296 2012 3654 2081 oppresiones

2060 2104 2117 2152 et
2144 2097 2410 2154 scandala
2437 2096 2830 2169 insurgentium
2862 2098 3092 2155 ﬁliorum
3114 2115 3282 2169 super
3295 2115 3415 2154 eam
3430 2099 3655 2156 audacia

2057 2186 2269 2240 struxit.
2330 2185 2438 2241 Sed
2491 2186 2611 2241 hac
2664 2187 2946 2243 notissima
3000 2188 3254 2244 omnibus
3290 2204 3428 2244 vane
3494 2189 3652 2262 quasi

2056 2274 2288 2329 aliorum
2316 2274 2523 2330 notitia
2551 2274 2847 2331 scribendo
2872 2275 3262 2348 signiﬁcamus.
3309 2276 3655 2349 Quapropter

2054 2362 2174 2417 istis
2203 2362 2421 2418 omissis
2448 2363 2708 2433 dicamus,
2754 2365 2901 2436 quod
2945 2372 3069 2435 post
3123 2365 3262 2420 istud
3316 2366 3648 2437 gemendum

2055 2450 2367 2506 incendium
2396 2466 2625 2523 corpora
2653 2450 2967 2522 pontiﬁcum
2997 2469 3164 2524 supra
3225 2462 3647 2510 memoratarum

2056 2539 2171 2594 suis
2200 2539 2390 2595 loculis
2418 2540 2645 2595 immota
2674 2540 3042 2611 quiescebant,
3067 2541 3240 2597 donec
3268 2541 3360 2598 ille
3407 2543 3647 2599 virorum

2055 2628 2460 2684 strenuissimus
2517 2636 2570 2683 et
2611 2643 2735 2684 cum
2812 2628 2959 2684 omni
3019 2631 3227 2686 honore
3280 2630 3648 2687 nominandus

2054 2717 2392 2773 Lanfrancus
2446 2716 2699 2773 videlicet
2757 2716 3113 2773 Cadomensis
3177 2719 3417 2775 coenobii
3469 2719 3646 2776 abbas

2053 2805 2526 2877 archiepiscopatu
2553 2805 2892 2861 Canturiensi
2946 2807 3162 2862 functus
3190 2817 3294 2863 est.
3340 2810 3395 2863 Is
3446 2808 3649 2879 quippe

2050 2895 2237 2952 omnia
2268 2911 2390 2966 qua
2414 2894 2683 2951 combusti
2712 2895 3030 2951 monasterii
3058 2896 3270 2967 reperit
3298 2897 3385 2953 vel
3415 2896 3649 2954 adiﬁcia

2050 2982 2138 3039 vel
2169 2982 2523 3039 aediﬁciorum
2555 2981 2753 3037 detrita
2780 2991 3135 3039 monumenta
3170 2993 3325 3040 terra
3339 3000 3645 3055 coaequans,

2050 3080 2102 3128 et
2130 3088 2255 3145 quae
2272 3073 2374 3127 sub
2406 3080 2546 3127 terra
2574 3079 2726 3126 erant
2753 3071 3107 3128 fundamenta
3138 3072 3418 3140 effodiens,
3448 3081 3647 3129 cuncta

2048 3177 2191 3217 nova
2221 3160 2506 3224 exstruxit,
2539 3167 2593 3214 et
2618 3160 2880 3230 prafatos
2926 3161 3188 3216 antistites
3246 3160 3416 3218 levari
3456 3178 3521 3216 ac
3585 3160 3643 3216 in

2048 3258 2161 3306 tuto
2238 3249 2403 3305 locari
2460 3248 2761 3312 constituit,
2819 3248 2995 3305 donec
3033 3263 3100 3304 ea
3168 3264 3331 3319 quam
3399 3258 3641 3321 caperet

2045 3337 2273 3393 ecclesia
2304 3337 2445 3392 facta
2470 3343 2639 3404 esset,
2674 3337 2728 3390 in
2758 3352 2868 3408 qua
2896 3337 3154 3392 decenter
3180 3336 3312 3408 poni
3359 3335 3632 3393 valerent.

2044 3427 2113 3480 Et
2142 3425 2217 3481 ita
2246 3425 2449 3480 factum
2479 3432 2582 3480 est.
2614 3426 2743 3481 Post
2771 3423 2979 3495 aliquot
3030 3439 3204 3480 annos
3231 3424 3287 3480 in
3345 3425 3638 3481 ecclesiam

2036 3514 2151 3585 jam
2181 3513 2458 3569 fundatam
2489 3511 2621 3568 illati
2647 3520 2788 3582 sunt,
2818 3521 2872 3568 et
2899 3513 2956 3567 in
2983 3513 3277 3584 aquilonali
3308 3522 3640 3586 partesuper

2040 3602 2253 3660 voltum
2321 3602 2521 3673 singuli
2592 3603 2693 3658 sub
2769 3601 2999 3675 singulis
3055 3602 3252 3674 ligneis
3288 3601 3517 3671 locellis,
3544 3600 3637 3658 ubi

2040 3691 2284 3763 quotidie
2337 3690 2651 3762 mysterium
2704 3690 2960 3747 sacriﬁcii
3009 3690 3256 3747 salutaris
3310 3690 3635 3760 celebratur,

2038 3779 2199 3851 positi
2221 3787 2373 3835 sunt.
2404 3779 2502 3834 llis
2536 3778 2608 3834 ita
2629 3779 2928 3851 dispositis,
2952 3780 3093 3835 forte
3110 3778 3198 3834 die
3228 3780 3464 3850 quadam
3494 3794 3636 3833 unus

2036 3884 2105 3925 ex
2144 3868 2405 3924 fratribus
2438 3867 2686 3924 ecclesia
2711 3867 2765 3922 in
2787 3883 3016 3923 scamno
3046 3868 3246 3924 sedens
3297 3883 3478 3924 coram
3536 3882 3631 3923 se-

2037 3956 2226 4029 pulcro
2285 3955 2428 4012 beati
2486 3956 2778 4026 Bregwini,
2811 3963 2916 4011 etc.
2977 3955 3315 4027 Sequuntur
3341 3956 3632 4012 miracula

2033 4047 2185 4114 bina,
2218 4045 2285 4101 de
2313 4044 2511 4117 quibus
2540 4045 2744 4099 videat:
2768 4045 3066 4116 Epitomen
3103 4044 3346 4102 Osberno
3370 4046 3516 4115 falso
3535 4046 3626 4099 in-

2030 4137 2306 4207 scriptam
2352 4148 2548 4205 supra.
2610 4132 2676 4186 Et
2704 4132 2943 4204 quidem,
2996 4139 3053 4187 ut
3109 4131 3271 4187 multi
3335 4132 3624 4200 atlirmant,

2030 4222 2176 4279 hunc
2240 4220 2380 4276 inter
2435 4236 2496 4275 se
2562 4235 2769 4276 morem
2822 4220 3070 4277 Saxones
3121 4221 3466 4292 prastantius
3516 4221 3623 4276 ha-

2027 4311 2176 4379 bent,
2228 4317 2287 4366 ut
2319 4310 2563 4380 majores
2612 4324 2746 4365 suos
2801 4308 3023 4383 dignius
3062 4310 3330 4366 honorent
3373 4316 3428 4366 et
3482 4310 3621 4365 irre-

2028 4400 2285 4457 verentia
2338 4398 2680 4455 subditorum
2713 4413 2823 4455 non
2860 4406 3103 4470 parcant,
3147 4415 3215 4453 ne
3266 4398 3615 4456 insolescant.

315 4505 535 4559 quoque
586 4505 962 4547 successorum
1026 4492 1144 4562 ejus
1203 4492 1326 4548 huic
1380 4494 1509 4550 vita
1570 4495 1913 4566 decedentes,
1946 4469 1999 4529 D
2030 4491 2234 4545 Morem
2265 4487 2430 4562 igitur
2458 4504 2568 4543 sua
2624 4487 2806 4560 gentis
2835 4469 2888 4543 et
2942 4487 3147 4543 mundo
3181 4494 3462 4558 exemptus
3498 4486 3625 4544 ﬁliis

312 4576 494 4633 locum
523 4578 811 4649 sepultura
842 4572 895 4633 in
955 4581 1078 4652 ipsa
1108 4580 1334 4636 basilica
1388 4593 1732 4655 acceperunt.
1792 4587 1920 4641 Post

314 4664 434 4721 hac
460 4666 646 4722 multis
682 4668 839 4723 malis
867 4685 1080 4741 quaque
1106 4687 1206 4740 per
1234 4671 1488 4743 Angliam
1520 4674 1916 4729 crebrescenti-

316 4754 434 4823 bus,
458 4755 687 4829 contigit
716 4756 987 4813 civitatem
1020 4758 1370 4816 Cantuariam
1423 4777 1491 4816 ex
1520 4761 1727 4818 incuria
1773 4780 1914 4833 quo-

313 4843 568 4899 rumdam
600 4861 698 4900 sua
728 4847 901 4902 minus
929 4856 1084 4904 caute
1140 4851 1441 4905 curantium
1482 4850 1609 4923 igne
1662 4853 1914 4908 succendi

306 4941 362 4988 et
390 4935 760 4991 crescentibus
786 4935 1018 4993 ﬂammis
1052 4938 1107 4993 in
1153 4948 1385 4995 matrem
1443 4940 1724 4996 ecclesiam
1780 4940 1913 4997 inibi

307 5020 686 5079 consistentem
715 5022 1025 5081 incendium
1058 5027 1213 5083 ferri.
1253 5027 1395 5097 Quid
1427 5028 1602 5085 dicam
1625 5030 1655 5081 ?
1683 5029 1915 5085 Combu-

306 5120 393 5166 sta
420 5120 503 5167 est
534 5119 643 5168 tota
668 5129 790 5169 cum
820 5113 1049 5172 ofﬁcinis
1077 5119 1468 5174 monachorum
1502 5117 1576 5172 ibi
1598 5118 1910 5190 degentium

309 5215 447 5270 pene
476 5200 753 5270 omnibus,
784 5203 944 5258 simul
972 5212 1025 5259 et
1054 5205 1287 5261 ecclesia
1316 5205 1460 5261 beati
1518 5207 1747 5262 Joannis
1806 5208 1912 5263 Ba-

308 5288 505 5360 ptista,
518 5290 638 5358 ubi,
656 5298 713 5345 ut
741 5290 1061 5361 pradictum
1093 5302 1193 5361 est,
1215 5293 1753 5366 archiepiscoporum
1782 5295 1913 5352 reli-

312 5377 458 5449 quia
479 5377 745 5448 jacebant
772 5380 1031 5437 humata.
1070 5383 1129 5438 ln
1161 5399 1267 5455 qua
1314 5382 1739 5457 conﬂagratione
1794 5402 1917 5458 qua

2026 4578 2139 4633 suis
2164 4578 2371 4633 studuit
2401 4578 2577 4632 bonus
2602 4584 2757 4648 pater
2784 4575 3063 4645 exhibere,
3116 4584 3176 4631 ut
3231 4590 3326 4631 eos
3379 4584 3626 4632 moneret

2026 4683 2130 4738 qua
2161 4667 2463 4723 reverentia
2493 4682 2553 4721 se
2582 4665 2818 4721 debeant
2871 4680 3004 4736 erga
3056 4665 3296 4735 majores
3346 4680 3471 4719 suos
3515 4666 3620 4721 ha-

2024 4765 2171 4820 bere.

2095 4854 2241 4909 Inter
2267 4852 2577 4922 huiusmodi
2606 4851 2744 4907 facta
2771 4848 3099 4906 sanctissimi
3130 4849 3237 4905 viri
3271 4850 3417 4908 venit
3472 4852 3620 4908 Can-

2024 4943 2253 4998 tuariam
2274 4941 2494 5013 quidam
2550 4940 2846 4997 monachus
2890 4939 2960 4994 de
3000 4947 3145 4995 terra
3185 4940 3465 4997 Teutonici
3510 4941 3621 4997 im-

2023 5030 2289 5102 peratoris
2337 5030 2651 5085 Lambertus
2709 5028 2948 5096 nomine,
2980 5035 3142 5085 notus
3189 5028 3397 5102 regina
3461 5046 3623 5102 quam

2023 5136 2120 5175 rex
2149 5118 2413 5175 Henricus
2466 5117 2725 5174 defuncta
2776 5118 2953 5189 prima
3008 5118 3248 5192 conjuge
3267 5134 3362 5173 sua
3391 5129 3620 5177 uxorem

2022 5207 2093 5264 de
2126 5207 2368 5264 Saxonia
2425 5208 2671 5262 duxerat.
2713 5206 2813 5262 llic
2863 5207 3186 5264 Lambertus
3238 5223 3335 5279 per
3389 5210 3622 5265 multum

2024 5296 2284 5369 temporis
2313 5295 2615 5351 Cantuaria
2677 5304 2872 5368 rogatu
2943 5295 3150 5368 regina
3177 5312 3300 5351 cum
3365 5296 3623 5352 fratribus

2022 5392 2378 5443 conversatus
2407 5389 2510 5453 est,
2542 5392 2596 5442 et
2658 5400 2799 5458 pene
2858 5384 3012 5458 quasi
3073 5383 3374 5440 monachus
3411 5383 3514 5440 loci
3551 5384 3621 5440 ab

382 5502 498 5573 (16)
521 5503 897 5583 Ιῇῑιιθιδθιιωω
926 5520 1113 5578 regem
1143 5522 1287 5563 anno
1315 5509 1419 5562 760
1449 5507 1652 5565 obiissc
1681 5508 1864 5581 prodit
1891 5508 2252 5583 chronologia
2279 5508 2572 5578 Saxonica,
2608 5525 2728 5582 qua
2757 5516 2810 5566 et
2840 5508 3073 5566 hiemem
3101 5506 3457 5579 asperrimam
3487 5511 3616 5565 anni

312 5574 591 5647 sequentis
608 5583 895 5635 memorat.
