4046 6076
438 267 549 324 759

1471 271 1778 328 EADMERI
1819 270 2164 328 CANTUARI
2173 271 2266 327 ΕΝ
2269 270 2373 328 SIS
2413 271 2732 330 MONACHI

3643 287 3762 339 760

441 391 701 448 omnibus
729 392 965 448 habitus.
986 392 1140 450 Unde
1162 392 1529 450 familiaritate
1550 410 1768 468 quoque
1816 397 2038 467 potitus,
2069 397 2128 469 Α
2157 397 2336 453 oculis
2356 397 2469 465 Dei,
2493 402 2561 454 ut
2591 400 3044 474 tantipontiﬁcis
3070 404 3377 476 prasentia
3413 407 3499 464 vel
3531 423 3770 480 posses-—

439 482 606 551 coepit
626 482 966 552 frequentare
995 483 1184 537 locum
1215 482 1268 536 in
1299 499 1404 552 quo
1435 484 1752 553 pontiﬁcum
1798 485 2046 558 reliquiae

440 571 830 640 quiescebant;
863 570 973 626 illic
1003 586 1158 625 orare
1188 587 1200 632 ;
1231 571 1346 627 illic
1367 571 1557 627 missas
1585 573 1896 637 celebrare;
1932 575 2046 630 illic

437 657 778 713 familiariter
807 659 1148 714 conversari.
1194 660 1572 732 Interrogabat
1601 665 1743 718 hunc
1765 671 1816 717 et
1863 662 2042 729 illum,

438 746 559 817 quis
589 747 682 801 ille
714 755 858 801 esset
884 747 974 803 vel
1005 748 1117 816 ille,
1151 765 1329 818 quove
1360 750 1580 805 nomine
1637 759 1924 807 vocaretur
1951 751 2042 822 qui

436 824 531 888 illo
554 833 638 888 vel
667 833 760 888 illo
783 835 960 889 loculo
991 835 1373 891 claudebatur.
1415 838 1516 895 Ubi
1547 845 1727 893 autem
1759 841 1827 894 de
1884 839 2040 894 beato

437 921 726 992 Brcgwino
758 923 984 991 audivit,
1031 940 1320 980 succensus
1360 934 1440 980 est
1486 926 1756 982 desiderio
1804 927 2046 983 habendi

435 1009 591 1064 illum
623 1019 676 1064 et
704 1010 778 1064 -in
826 1019 1023 1066 terram
1080 1029 1232 1066 suam
1291 1015 1665 1083 transferendi,
1724 1019 2040 1073 recordatus

435 1096 684 1161 fortassis
715 1101 956 1173 antiquae
990 1102 1244 1157 bonitatis
1274 1103 1436 1158 famae
1467 1119 1625 1174 quam
1653 1103 1707 1158 in
1735 1106 1912 1175 patria
1941 1122 2038 1162 sua

439 1187 509 1242 de
538 1187 633 1242 illo
685 1189 978 1244 didicerat.
1017 1191 1235 1260 Verum,
1269 1192 1399 1245 dum
1428 1191 1766 1264 impossibile
1792 1194 1892 1249 sibi
1948 1195 2037 1252 vi-

439 1275 595 1331 deret
624 1278 763 1331 clam
831 1278 915 1332 vel
978 1278 1159 1349 palam
1218 1280 1475 1336 desiderii
1520 1282 1603 1336 sui
1627 1298 1726 1352 per
1759 1299 1816 1339 se
1846 1283 2038 1340 effectu

435 1365 619 1435 potiri,
643 1367 919 1437 suggessit
941 1368 1357 1439 archiepiscopo
1389 1369 1478 1439 qui
1508 1379 1633 1426 tunc
1662 1376 1778 1426 erat
1807 1381 1858 1428 et
1909 1390 2034 1445 gra-

433 1451 575 1508 viter
601 1453 792 1507 morbo
823 1453 1088 1524 paralysis
1118 1456 1482 1525 premebatur,
1519 1457 1738 1514 nomine
1776 1460 2030 1530 Radulfo,

431 1548 491 1594 ut
511 1555 636 1595 ossa
667 1542 948 1597 memorati
996 1543 1167 1598 Patris
1227 1544 1334 1598 sibi
1390 1547 1730 1616 concederet,
1789 1564 2034 1606 asserens

431 1629 482 1685 ei
514 1631 690 1686 locum
721 1632 1072 1686 construendi
1102 1633 1412 1687 monasterii
1443 1651 1474 1688 a
1500 1635 1831 1704 primoribus
1886 1654 2028 1710 gen-

2153 486 2311 541 sione
2336 486 2591 541 debuerit
2607 487 2750 558 jure
2777 492 2968 562 potiri.

2224 574 2306 629 De
2344 573 2428 628 his
2467 573 2541 629 ita
2577 577 2935 634 considerans
2989 596 3121 654 ergo
3157 583 3389 653 provida
3443 585 3768 644 sollicitudo

2152 677 2428 718 servorum
2459 663 2580 733 Dei,
2613 673 2666 719 et
2697 681 2764 722 ex
2793 666 2862 722 iis
2893 685 3012 740 quae
3033 671 3200 726 frater
3216 671 3306 727 ille
3324 673 3506 730 facere
3528 675 3768 731 molitur

2151 749 2544 806 considerando
2574 757 2913 824 perpendens
2940 758 2996 812 in
3027 759 3203 814 futuro
3244 768 3489 832 tempore
3543 765 3763 834 aliquid

2150 839 2276 894 huic
2304 839 2480 894 simile
2509 857 2542 894 a
2592 845 3100 914 supervenientibus
3145 850 3381 904 externis
3437 853 3762 909 hominibus

2148 941 2309 997 posse
2348 928 2545 997 moliri,
2613 947 2678 985 ne
2745 933 3046 990 faciliorem
3096 937 3345 993 effectum
3408 941 3754 1009 sortirentur,

2146 1014 2402 1087 reliquias
2430 1017 2600 1087 ipsius
2628 1021 2800 1076 Patris
2827 1039 2858 1077 a
2889 1024 3120 1094 prmfato
3169 1025 3290 1082 loco
3336 1044 3458 1084 cum
3503 1031 3762 1102 reliquiis

2143 1102 2290 1158 beati
2321 1104 2675 1177 Plegemundi
2704 1110 3096 1184 archiepiscOpi
3129 1114 3181 1168 in
3212 1118 3503 1174 australem
3564 1119 3757 1176 eccle-

2145 1191 2242 1247 siae
2272 1201 2485 1262 partem
2514 1198 2803 1268 transtulit,
2844 1208 2896 1254 et
2932 1209 3056 1272 post
3099 1203 3269 1260 altare
3307 1205 3453 1262 beati
3490 1209 3754 1282 Gregorii

2143 1295 2302 1351 papae
2380 1283 2759 1342 decentissime
2825 1289 3140 1350 tumulavit.
3186 1292 3421 1362 Quidam
3457 1304 3639 1353 autem
3665 1314 3750 1355 ex

2143 1370 2426 1425 monachis
2465 1372 2779 1430 Willelmus
2834 1379 3055 1436 nomine
3111 1396 3178 1436 ex
3208 1398 3471 1440 consensu
3507 1386 3747 1443 aliorum

2138 1457 2334 1512 horum
2366 1461 2606 1515 omnium
2637 1479 2698 1518 se
2724 1480 2836 1534 prae
2864 1468 3082 1523 caeteris
3102 1471 3346 1526 medium
3377 1474 3525 1541 fecit,
3549 1483 3605 1530 et
3623 1478 3747 1546 ejus

2139 1544 2402 1601 industria
2449 1564 2512 1604 ac
2547 1551 2861 1619 provisione
2909 1555 3076 1611 ferme
3133 1559 3318 1614 omnia
3346 1578 3468 1633 quae
3522 1563 3576 1617 in
3618 1544 3745 1635 ipsa

2138 1635 2478 1705 reliquarum
2512 1641 2930 1710 transpositione
2959 1645 3044 1698 vel
3079 1648 3449 1718 sepulcrorum
3504 1667 3742 1726 compo-

433 1718 504 1772 tis
559 1737 671 1774 suae
729 1735 1065 1790 concessum,
1123 1722 1271 1793 quod
1326 1723 1426 1776 sub
1479 1726 1784 1794 patrocinio
1855 1727 2106 1801 PatrisB
2139 1723 2332 1779 sitione
2361 1724 2608 1794 impensa
2665 1726 2884 1785 fuerunt
2936 1744 3225 1802 procurata
3278 1746 3419 1792 sunt.
3453 1741 3586 1795 Isin
3629 1757 3740 1798 una

435 1807 709 1879 Bregwini
748 1817 1056 1864 construere
1078 1816 1131 1864 et
1159 1810 1487 1867 omnimodis
1510 1813 1736 1870 servitio
1791 1816 1890 1871 Dei
1930 1833 2026 1872 ac-

430 1897 779 1953 commodum
811 1897 925 1968 ipse
955 1906 1006 1953 et
1034 1898 1114 1952 sui
1142 1910 1541 1970 proposuerant
1568 1903 1842 1959 ordinare.
1883 1904 2026 1973 Quid

426 1986 639 2040 multa?
669 1985 974 2055 Acquiescit
1024 1987 1287 2058 pontifex:
1323 2005 1422 2045 nec
1451 1990 1594 2044 enim
1643 2001 1869 2048 noverat
1917 2011 2024 2065 quo

424 2074 494 2129 de
523 2074 825 2146 agebatur;
861 2083 913 2130 et
942 2075 1067 2131 ideo
1124 2077 1271 2132 facili
1301 2095 1520 2133 assensu
1568 2080 1636 2134 ad
1693 2097 1882 2150 preces
1921 2098 2025 2152 pe-

424 2163 584 2217 tentis
614 2164 1052 2233 permovebatur.
1087 2166 1192 2220 Res
1221 2166 1390 2220 fertur
1417 2168 1471 2220 in
1527 2168 1854 2224 audientiam
1912 2187 2025 2226 mo-

426 2252 723 2307 nachorum
750 2271 762 2315 ;
796 2259 850 2307 et
879 2253 1118 2324 quidam,
1148 2262 1206 2308 ut
1267 2255 1545 2311 concessio
1592 2257 1865 2328 pontiﬁcis
1892 2277 2023 2331 per-

423 2339 690 2406 ﬁceretur,
725 2341 1304 2411 plenissimelaudant;
1331 2345 1551 2415 quidam
1572 2356 1794 2403 econtra
1848 2350 2025 2406 modis

426 2429 680 2485 omnibus
709 2437 932 2502 negant.
952 2432 1078 2485 Post
1099 2431 1216 2486 dies
1246 2432 1582 2505 defungitur,
1647 2436 2020 2508 archiepisco-

423 2533 548 2588 pus.
582 2519 768 2589 Itaque
789 2519 973 2589 plures
1002 2535 1188 2576 eorum
1219 2522 1312 2592 qui
1343 2537 1408 2578 eo
1429 2523 1641 2579 vivente
1667 2525 2023 2583 laudaveruut

428 2605 545 2661 ﬁeri
605 2609 751 2676 quod
793 2609 1017 2680 roganti
1091 2619 1429 2666 concesserat
1476 2612 1646 2678 fratri,
1697 2631 1856 2670 versa
1903 2616 2022 2672 vice

423 2695 915 2751 contradicentibus
944 2699 1349 2768 acquieverunt,
1383 2708 1436 2754 et
1469 2717 1576 2756 uno
1604 2701 1785 2758 animo
1820 2706 2025 2774 pariter

423 2781 730 2838 institerunt
759 2800 825 2838 ne
858 2799 956 2840 suo
986 2794 1204 2855 pastore
1268 2788 1532 2855 Ecclesia,
1602 2807 1707 2859 qua
1733 2792 1924 2848 vivens
1968 2794 2022 2848 in

425 2885 586 2924 carne
617 2871 705 2940 pio
738 2871 1000 2942 diligebat
1027 2873 1242 2940 affectu,
1275 2877 1673 2932 destitueretur.
1707 2880 1788 2934 Ne
1843 2886 2022 2937 tamen

432 2959 713 3014 concessio
740 2960 990 3014 antistitis
1019 2961 1294 3018 videretur
1312 2980 1696 3036 usquequaque
1724 2970 2022 3039 contemni,

2136 1821 2263 1884 post
2290 1814 2409 1869 haec
2437 1815 2778 1875 solemnitate
2805 1820 3024 1877 servitio
3045 1823 3289 1881 ecclesiae
3309 1830 3424 1883 toto
3452 1830 3741 1888 conamine

2137 1917 2260 1955 sese
2277 1901 2502 1971 dedens,
2518 1913 2572 1959 et
2592 1906 2734 1961 ultra
2753 1906 2901 1964 vires
2931 1908 2984 1963 in
3003 1914 3272 1970 cantando
3303 1930 3494 1972 vocem
3541 1919 3736 1988 edens,

2136 1997 2324 2060 ruptus
2352 2000 2433 2046 est
2489 1993 2544 2046 in
2598 1994 2958 2066 interioribus,
2993 2015 3233 2071 moxque
3262 2003 3318 2057 in
3348 2006 3559 2061 vomitu
3603 2024 3737 2063 san-

2135 2079 2316 2150 guinis
2345 2079 2578 2151 aliisque
2607 2085 2872 2155 gravibus
2901 2086 3168 2143 molestiis
3189 2091 3540 2150 vehementer
3589 2096 3732 2151 aﬂli-

2135 2173 2273 2222 ctus.
2306 2167 2450 2236 Quid
2481 2170 2650 2242 igitur
2679 2183 2886 2244 ageret,
2920 2175 3225 2247 ignorabat.
3256 2182 3529 2237 Noveram
3581 2187 3734 2240 enim

2128 2255 2245 2324 jam
2274 2256 2329 2310 in
2360 2257 2476 2327 ipsa
2530 2261 2756 2315 ecclesia
2825 2262 2927 2318 hoc
2957 2267 3229 2322 nonnullis
3258 2276 3310 2324 et
3338 2270 3526 2326 eadem
3573 2289 3737 2329 causa

2133 2344 2473 2415 contigisse;
2533 2364 2760 2418 quorum
2819 2352 2955 2408 alios
3009 2363 3188 2411 morte
3252 2359 3526 2428 multatos,
3593 2363 3732 2418 alios

2134 2432 2316 2488 multis
2345 2434 2504 2490 annis
2533 2437 2700 2493 multo
2729 2437 2992 2511 languore
3043 2452 3287 2515 vexatos,
3344 2450 3495 2504 omni
3548 2452 3731 2506 ambi-

2133 2521 2338 2593 guitate
2369 2533 2572 2580 semota
2601 2527 2830 2583 sciebat.
2865 2531 3020 2585 Venit
3045 2541 3224 2588 autem
3271 2534 3319 2590 ei
3382 2537 3437 2590 in
3492 2547 3726 2595 mentem

2133 2609 2263 2682 quid
2293 2613 2514 2676 servitii,
2551 2615 2681 2684 quid
2711 2617 3114 2689 sollicitudinis,
3165 2622 3296 2692 quid
3353 2625 3576 2682 honoris
3631 2645 3739 2683 nu-

2129 2700 2374 2767 perrime
2406 2700 2740 2771 impenderit
2779 2705 2991 2762 duobus
3031 2709 3378 2780 pontiﬁcibus
3425 2714 3542 2769 istis
3600 2717 3737 2772 Bre-

2132 2787 2316 2858 gwino
2347 2797 2400 2843 et
2434 2791 2826 2863 Plegemundo.
2857 2797 3042 2867 Itaque
3072 2800 3237 2856 corde
3258 2803 3514 2873 contrito,
3537 2805 3736 2875 spiritu

2132 2874 2476 2944 humilitatio,
2511 2880 2763 2947 perfusus
2791 2882 3048 2955 lacrymis
3077 2903 3269 2958 genas,
3314 2899 3436 2945 orat
3477 2874 3578 2947 eos
3623 2893 3730 2948 sibi

2132 2962 2402 3025 misereri;
2439 2975 2698 3036 quatenus
2731 2970 3026 3041 impetrata
3046 2974 3149 3030 sibi
3179 2993 3210 3032 a
3238 2979 3449 3035 Christo
3478 2983 3602 3036 Jesu
3621 2984 3725 3052 pri-

428 3063 500 3102 ex
529 3048 806 3104 communi
843 3065 1110 3105 consensu
1173 3052 1528 3108 deliberatum
1559 3063 1656 3123 est,
1715 3056 1771 3110 in
1828 3075 1934 3127 quo
1973 3067 2027 3114 et
2053 3095 2102 3159 Ο
2130 3051 2274 3156 εξξξια
2301 3055 2810 3159 COPP‘OI‘iSHSani‘tate
2828 3060 3126 3159 intelligat,
3160 3067 3290 3159 quid
3321 3068 3390 3159 de
3421 3067 3525 3124 illis
3555 3048 3655 3141 ipsi
3685 3079 3741 3127 et

423 3137 904 3208 archiepiscopum
947 3141 1283 3196 consensisse
1331 3143 1578 3199 nonnulli
1617 3146 1853 3201 attestati
1882 3156 2022 3217 sunt,

416 3231 493 3280 ut
521 3226 725 3281 scilicet
754 3243 814 3283 os
843 3244 1030 3297 unum,
1084 3230 1362 3285 brachium
1422 3231 1673 3288 videlicet
1731 3234 2025 3304 sinistrum,

425 3315 565 3370 sacri
604 3316 848 3386 corporis
886 3316 1036 3372 fratri
1073 3320 1428 3375 conferretur.
1481 3321 1639 3389 Quod
1667 3323 1788 3393 ipse
1835 3341 2028 3394 parum

426 3403 716 3472 aestimans,
753 3414 805 3460 et
835 3406 902 3461 iis
933 3424 1054 3476 quae
1085 3409 1189 3463 sibi
1218 3409 1484 3479 promissa
1515 3411 1733 3468 dicebat
1786 3413 2030 3469 frustrari

425 3507 537 3546 non
569 3494 856 3562 sustinens,
891 3496 1199 3565 suspicatus
1229 3507 1313 3552 est
1340 3514 1398 3554 se
1427 3515 1526 3567 per
1570 3500 1838 3571 reginam,
1873 3519 2032 3572 posse

427 3583 573 3649 apud
605 3597 791 3652 regem
822 3583 1054 3649 efﬁcere,
1087 3592 1350 3656 quatenus
1387 3587 1502 3656 ipse
1556 3588 1709 3659 regia
1764 3598 2032 3660 potestate

413 3667 478 3722 Ivi
511 3683 544 3721 a
573 3671 854 3724 monachis
883 3680 1232 3743 extorqueret
1259 3682 1316 3728 ut
1345 3675 1449 3729 sibi
1479 3679 1840 3732 concederent
1885 3680 2031 3751 quod

424 3755 721 3826 quaerebat.
755 3757 932 3829 Super
960 3760 1184 3831 negotio
1214 3761 1380 3833 igitur
1398 3764 1600 3835 reginae
1631 3764 1926 3835 locuturus,
1978 3771 2032 3823 et

425 3858 548 3896 eam
579 3859 701 3898 cum
727 3861 859 3917 rege
888 3846 943 3900 in
975 3863 1144 3916 parco
1202 3851 1634 3908 \Nudestocbico
1681 3870 2028 3910 commoran-

423 3937 532 3985 tem
566 3933 830 4000 aditurus,
864 3936 1203 3991 Lundoniam
1235 3938 1399 4006 venit,
1433 3939 1620 4010 ibique
1646 3941 1826 3997 valida
1868 3943 2028 3998 inﬁr-

415 4020 610 4076 mitate
635 4032 936 4093 correptus,
969 4027 1227 4098 pregredi
1258 4029 1398 4082 ultra
1427 4030 1686 4100 nequivit.
1746 4033 2028 4106 Languore

419 4109 480 4164 in
513 4110 630 4165 dies
660 4122 959 4176 crescente,
1011 4114 1130 4184 ipse
1163 4117 1506 4172 Cantuariam
1563 4128 1865 4191 reportatus
1921 4132 2024 4179 est.

427 4199 520 4252 ubi
550 4217 724 4269 parvo
756 4209 1000 4272 tempore
1028 4203 1220 4259 vivens
1251 4207 1582 4279 defungitur,
1623 4218 1675 4264 et
1710 4211 1847 4266 inter
1875 4229 2028 4268 mor-

431 4295 552 4342 tuos
583 4289 776 4345 fratres
808 4292 1083 4361 sepelitur.
1103 4293 1238 4348 Hinc
1267 4304 1423 4351 nocte
1451 4300 1698 4366 sequenti
1730 4301 1896 4356 astitit
1943 4303 2028 4357 vir

2137 3139 2256 3193 aliis
2281 3142 2477 3197 amodo
2500 3143 2567 3198 sit
2589 3146 2958 3218 sentiendum,
2990 3168 3166 3222 quave
3204 3153 3402 3212 ﬁducia
3422 3174 3518 3228 pro
3539 3139 3739 3216 aeterna

2140 3244 2237 3282 sua
2265 3229 2435 3285 salute
2463 3248 2557 3287 eos
2587 3235 2870 3305 appellare
2900 3239 3067 3309 possit
3117 3242 3186 3296 ad
3233 3243 3728 3304 interveniendum.

2139 3317 2273 3372 Mira
2293 3318 2390 3374 Dei
2416 3319 2650 3390 bonitas,
2683 3327 2922 3392 potentia
2951 3330 3120 3384 mira!
3145 3332 3294 3401 Mox,
3325 3335 3467 3391 sicut
3495 3337 3610 3406 ipse
3644 3354 3738 3393 re-

2139 3405 2265 3473 fert,
2299 3423 2359 3462 se
2379 3409 2527 3463 omni
2550 3411 2714 3466 sensit
2730 3413 2996 3487 languore
3013 3428 3256 3475 curatum
3279 3437 3379 3479 nec
3399 3405 3528 3480 novi
3539 3425 3740 3481 doloris

2139 3502 2230 3550 aut
2257 3496 2714 3554 incommoditatis
2735 3502 2903 3557 ullam
2924 3506 3150 3562 ulterius
3166 3510 3470 3566 molestiam
3483 3529 3697 3584 passum
3713 3555 3726 3568 .

2211 3583 2344 3639 Haec
2373 3585 2442 3639 de
2475 3585 2632 3642 beato
2663 3589 2948 3661 Bregwino
2978 3593 3160 3650 minus
3181 3597 3400 3668 sapiens
3418 3583 3583 3668 edidi,
3613 3617 3734 3673 quae

2139 3687 2171 3727 a
2199 3673 2495 3740 majoribus
2525 3683 2578 3729 et
2603 3677 2868 3733 veredicis
2897 3680 3030 3736 viris
3060 3684 3247 3741 didici.
3275 3687 3339 3742 Et
3397 3688 3448 3742 hi
3517 3689 3733 3760 quidem

2138 3761 2244 3815 alia
2273 3778 2328 3816 se
2356 3771 2614 3831 expertos
2646 3765 2698 3818 in
2722 3782 2778 3821 se
2798 3767 2961 3824 fuisse
2984 3773 3226 3844 tradunt,
3258 3775 3366 3831 alia
3395 3777 3482 3832 vel
3501 3778 3570 3832 ab
3629 3778 3738 3833 illis

2139 3849 2230 3919 qui
2260 3859 2550 3920 praesentes
2582 3852 2797 3910 fuerunt
2827 3857 2911 3912 vel
2942 3875 2973 3912 a
3000 3864 3361 3930 praesentibus
3389 3876 3735 3938 acceperunt,

2137 3954 2305 4010 seque
2335 3939 2576 3995 referunt
2604 3945 2897 4014 accepisse,
2929 3951 3194 4004 constanti
3223 3953 3548 4026 allegatione
3577 3971 3735 4011 com-

2136 4035 2462 4083 memorant.
2486 4030 2568 4084 Ne
2587 4047 2717 4103 ergo
2738 4034 2950 4090 animos
3006 4039 3315 4096 amicorum
3371 4059 3616 4100 meorum
3650 4061 3736 4099 me

2135 4117 2203 4171 ad
2236 4118 2339 4172 hoc
2367 4132 2504 4188 opus
2529 4117 2876 4177 incitantium
2909 4124 3268 4198 offenderem,
3300 4132 3440 4186 cessi
3470 4133 3735 4188 voluntati

2134 4221 2342 4261 eorum.
2378 4205 2535 4274 Quod
2595 4207 2778 4279 itaque
2825 4212 3040 4283 scripsi,
3091 4217 3169 4271 eis
3215 4220 3443 4290 scripsi;
3514 4221 3732 4276 videant

2133 4295 2260 4364 ipsi.
2296 4295 2350 4350 Si
2381 4295 2436 4349 in
2462 4296 2645 4368 aliquo
2702 4299 2839 4355 bene
2893 4304 3153 4372 processi,
3211 4308 3416 4378 gratias
3473 4310 3624 4370 Deo;
3685 4311 3731 4364 si

421 4377 643 4446 quidam
673 4386 870 4433 statura
920 4382 1230 4446 mediocris,
1264 4397 1498 4453 persona
1529 4386 1781 4458 insignis,
1833 4389 2019 4445 habitu
2050 4429 2103 4490 D
2135 4382 2294 4437 aliter
2325 4383 2378 4436 in
2409 4383 2611 4454 aliquo,
2646 4385 2907 4444 intentius
2937 4401 3110 4460 orem.
3132 4395 3382 4464 Obsecro.
3451 4415 3547 4470 pro
3604 4415 3731 4454 sce-

421 4471 719 4490 ...-_--l_-_-
775 4469 1159 4490 θυμιωμη-
1464 4474 1486 4490 ρ
1549 4475 1607 4490 ..
1675 4475 1688 4490 .
2135 4471 2238 4490 ιη,
2512 4475 2581 4490 ..κ
2719 4475 2729 4485 .
2829 4485 2838 4490 -
2982 4480 3010 4490 .,
3137 4482 3151 4490 .
3270 4485 3280 4490 -
3349 4485 3360 4490 -
3426 4487 3435 4490 _
3535 4487 3594 4490 _-

421 4471 742 4535 monachus,
775 4469 915 4525 facie
943 4469 1181 4541 ignotus,
1213 4472 1426 4526 cuidam
1459 4474 1609 4528 fratri
1657 4475 1725 4530 de
1783 4493 2018 4550 congre-

423 4556 647 4624 gatione
678 4573 774 4626 per
803 4558 996 4626 visum,
1031 4560 1245 4614 homini
1274 4561 1410 4615 bene
1438 4562 1691 4634 religioso
1736 4565 2018 4638 Deumque

420 4642 647 4712 timenti,
674 4647 862 4702 dicens
887 4647 963 4701 illi
999 4667 1010 4702 :
1042 4649 1236 4705 Scisne
1265 4667 1433 4720 quam
1455 4651 1523 4706 ab
1579 4669 1812 4708 causam
1845 4657 2012 4711 Lam—

417 4731 608 4788 bertus
623 4735 721 4790 ille
742 4735 904 4791 Saxo
932 4738 1014 4793 sic
1054 4738 1296 4809 inopina
1320 4743 1498 4796 morte
1519 4747 1720 4813 raptus
1739 4743 1812 4798 sit
1832 4745 1863 4796 ?
1917 4746 2016 4800 Cui

417 4831 542 4869 cum
573 4834 632 4872 se
664 4821 872 4877 nescire
903 4824 1292 4891 responderet:
1326 4826 1500 4893 Scias,
1544 4827 1734 4898 inquit,
1781 4831 1921 4899 quia
1955 4847 2017 4887 eo

418 4900 562 4964 quod
583 4917 780 4971 corpus
805 4907 1080 4975 Bregwini
1099 4908 1164 4962 de
1194 4924 1297 4964 sua
1327 4911 1454 4966 sede
1511 4916 1740 4983 au/erre
1804 4915 2014 4986 sibique

415 4992 654 5044 conatus
673 4994 757 5045 est
787 4993 1092 5051 vindicare.
1114 4997 1221 5052 Nec
1234 4999 1389 5055 enim
1404 5000 1540 5056 talis
1555 5003 1750 5058 meriti
1763 5006 1884 5074 fuit
1947 5005 2011 5061 in

2133 4471 2246 4526 lere
2302 4488 2445 4527 meo.
2509 4475 2769 4530 Memoria
2825 4480 3082 4536 transitus
3135 4482 3437 4540 beatissimi
3495 4487 3597 4542 viri
3654 4505 3732 4542 vn

2129 4559 2402 4614 Kalendas
2437 4561 2775 4632 Septembris
2802 4569 3079 4636 recolitur,
3114 4575 3172 4626 ut
3200 4572 3309 4630 illic
3340 4591 3535 4632 nomen
3612 4578 3729 4632 Do-

2127 4648 2257 4702 mini
2290 4649 2379 4720 qui
2407 4650 2557 4705 illum
2594 4653 2877 4710 honoravit
2900 4660 3204 4729 expeditius
3226 4664 3621 4736 magniﬁcetur.
3647 4667 3731 4722 Sit

2125 4737 2294 4808 igitur
2320 4738 2438 4809 ipse
2473 4740 2560 4809 qui
2592 4741 2742 4811 vivit,
2769 4745 3080 4801 dominatur
3109 4757 3371 4822 etregnat
3398 4770 3496 4823 per
3515 4755 3724 4822 omnia,

2127 4826 2447 4881 benedictus
2479 4827 2530 4881 in
2563 4831 2762 4886 saecula
2792 4835 3110 4891 saeculorum
3141 4846 3194 4893 et
3220 4838 3382 4898 ultra.
3411 4844 3602 4898 Amen.

2195 4915 2429 4985 Explicit
2461 4917 2580 4972 Vita
2611 4918 2751 4974 beati
2784 4923 3065 4995 Bregwini
3095 4927 3491 4986 Cantuariensis
3536 4932 3721 4990 archi-

2126 5006 2372 5080 episcopi
2402 5017 2456 5065 et
2476 5012 2824 5069 confessoris.

2871 5162 2888 5201 ὀ
