4046 6076
321 338 419 393 761

1635 339 1798 395 VITA
1845 340 1901 394 S.
1950 338 2309 395 OSWALDI.

3522 340 3628 397 762

1121 627 1582 769 VITA
1661 628 1760 772 S
1796 740 1827 771 .
1905 627 2493 771 OSWA
2514 629 2833 775 LDI

923 846 1245 905 EPISCOPI
1276 847 1814 907 WIGORNIENSIS
1846 848 1934 903 ET
1961 846 2501 905 ARCHIEPISCOPI
2530 848 3018 909 EBORACENSIS

1381 1025 1921 1125 AUCTORE
2002 1025 2552 1121 EADMERO

1770 1219 1810 1260 ιι
1853 1200 1973 1258 Kal.
2006 1203 2185 1267 Martii

1830 1323 2122 1335 —_—.—-—-

390 1451 701 1508 Secundum
754 1450 1100 1523 propositum
1160 1450 1352 1524 gratim
1412 1452 1513 1507 Dei
1573 1449 1917 1509 venerandus
1945 1450 2191 1514 Afrater
2217 1458 2334 1505 erat
2360 1452 2531 1522 patris
2569 1451 2707 1520 ejus,
2749 1451 2835 1505 vir
2868 1457 3135 1520 praestans
3179 1450 3470 1524 religione,
3503 1456 3623 1511 dis-

313 1538 682 1598 Eboracencis
722 1541 946 1597 antistes
991 1539 1285 1596 Oswaldus
1331 1549 1457 1596 ante
1505 1540 1700 1598 saecula
1742 1555 1775 1596 a
1810 1541 1923 1595 Deo
2030 1539 2268 1594 cretione
2298 1538 2565 1610 sublimis,
2598 1538 2840 1594 moribus
2887 1538 3097 1611 gravis,
3144 1539 3377 1609 justitiae
3424 1543 3619 1611 cultor,

318 1628 542 1696 electus,
602 1629 994 1702 ingenuitatem
1050 1629 1270 1701 generis
1344 1629 1449 1698 sui,
1509 1645 1617 1700 quo
1668 1628 1926 1684 nobiliter
2030 1642 2267 1699 magnus
2295 1628 2542 1693 consilio,
2577 1627 2666 1699 qui
2696 1636 2751 1683 et
2777 1628 2832 1682 in
2861 1628 3008 1683 omni
3028 1627 3240 1683 actione
3268 1646 3365 1683 sua
3392 1630 3624 1686 circurn-

313 1715 495 1774 editus
546 1717 603 1772 in
657 1718 818 1789 hujus
871 1717 1061 1774 mundi
1090 1718 1267 1774 lucem
1328 1719 1612 1787 processit,
1670 1716 1923 1790 ingenuis
2030 1723 2262 1786 spectus,
2312 1717 2634 1773 auctoritate
2661 1717 3049 1789 praeeminebat
3081 1734 3094 1771 :
3129 1717 3196 1772 de
3225 1717 3380 1787 cujus
3407 1719 3621 1775 actibus

314 1814 562 1871 moribus
619 1815 881 1885 initiatus,
939 1816 1087 1873 viam
1141 1816 1268 1871 vitae
1334 1816 1615 1887 praesentis
1679 1816 1943 1872 incessit..

318 1903 486 1973 Cujus
519 1902 741 1974 quidem
771 1911 929 1976 gesta
967 1904 1121 1960 vario
1178 1904 1520 1960 diversorum
1569 1904 1707 1975 stle
1764 1905 1921 1978 dige-

312 1996 403 2047 sta
434 1993 568 2061 (17),
602 2007 713 2065 quo
740 1992 1125 2063 multipliciora
1153 2008 1218 2048 eo
1244 1992 1459 2061 animis,
1491 1994 1560 2048 ad
1590 1992 1756 2049 multa
1783 1994 1920 2051 divi-

311 2081 392 2137 sis
421 2080 674 2137 videntur
699 2083 771 2137 ad
800 2082 1095 2154 legendum
1127 2081 1467 2138 onerosiora.
1502 2083 1659 2139 Unde
1703 2084 1773 2138 iis
1802 2082 1913 2154 qui,

309 2170 449 2225 sicut
476 2171 744 2227 veraciter
770 2172 1031 2238 creditur,
1061 2171 1212 2226 illum
1242 2171 1297 2224 in
1328 2172 1427 2227 hac
1463 2171 1575 2227 vita
1601 2187 1717 2241 pra:
1748 2179 1916 2227 caete-

306 2258 387 2313 ris
413 2259 677 2315 sincerius
706 2258 959 2332 diligunt,
990 2260 1196 2330 placuit
1234 2267 1341 2314 tam
1376 2274 1540 2330 prece
1570 2275 1733 2331 quam
1761 2276 1913 2329 prae-

307 2355 469 2418 cepto
499 2363 587 2403 me
635 2348 706 2402 ad
737 2348 842 2403 hoc
885 2363 1251 2412 commovere,
1295 2355 1354 2403 ut
1382 2364 1503 2419 quae
1552 2348 1917 2418 multipliciter

308 2436 380 2491 de
411 2450 477 2492 eo
518 2435 725 2506 scripta
762 2444 903 2504 sunt,
952 2436 1340 2508 compendiosa
1388 2452 1454 2491 ac
1482 2451 1625 2493 novo
1654 2437 1912 2491 narrandi

310 2524 452 2595 stylo
474 2523 764 2594 expediam
778 2565 795 2582 .
819 2526 881 2581 In
897 2541 1025 2596 quo,
1048 2526 1240 2594 fateor,
1260 2541 1366 2581 non
1380 2541 1571 2596 parum
1584 2540 1908 2596 expavesco;

308 2611 560 2668 fatuitate
591 2614 796 2684 quippe
836 2614 1103 2686 ingenioli
1132 2615 1238 2669 mei
1282 2630 1450 2685 penes
1479 2614 1743 2684 meipsum
1774 2629 1911 2669 con-

307 2701 564 2772 siderata,
616 2717 807 2757 vereor
851 2718 920 2758 ne
966 2702 1276 2773 petentibus
1323 2703 1641 2759 satisfacere
1688 2703 1744 2757 in
1790 2702 1913 2773 ipso

2030 1821 2151 1874 quae
2179 1804 2335 1859 nobis
2363 1806 2585 1876 quidam
2632 1806 2966 1880 antiquiores
3002 1806 3163 1877 pleno
3207 1806 3380 1861 relatu
3411 1807 3624 1863 descri-

2025 1909 2203 1963 psere,
2261 1910 2437 1965 pauca
2492 1903 2719 1967 tangere
2767 1895 2878 1965 (18)
2941 1911 3049 1950 non
3106 1894 3468 1968 incongruum
3516 1898 3620 1953 rati

2027 1998 2231 2051 sumus,
2296 1991 2355 2039 ut
2409 1984 2538 2039 inde
2591 1985 2851 2055 probetur
2905 2000 3069 2056 quam
3124 1983 3394 2050 imitabili,
3456 2002 3619 2056 quam

2024 2072 2310 2143 spectabili
2365 2073 2617 2145 prosapia
2671 2089 2806 2145 puer
2851 2074 2950 2128 Dei
3008 2071 3298 2129 Oswaldus
3352 2072 3617 2145 originem

2023 2161 2259 2218 duxerit.

2093 2259 2213 2326 llic,
2266 2266 2324 2315 ut
2379 2258 2566 2329 fertur,
2630 2258 2967 2315 )Ethelstano
3041 2257 3437 2315 victoriossimo
3494 2257 3615 2329 regi

2019 2348 2317 2420 Anglorum
2373 2349 2531 2405 valde
2586 2343 2778 2405 cbarus
2808 2355 2924 2402 erat
2979 2351 3033 2402 et
3088 2355 3364 2417 acceptus,
3396 2362 3461 2402 ac
3510 2361 3615 2416 pro

2019 2436 2164 2490 illius
2192 2437 2529 2508 praedicabili
2584 2436 2869 2493 sanctitate
2922 2452 3015 2491 rex
3046 2436 3190 2491 idem
3248 2435 3398 2490 illum
3428 2448 3615 2490 secum

2018 2524 2225 2582 habere
2254 2527 2485 2597 ejusque
2516 2525 2766 2581 consiliis
2802 2541 3140 2598 magnopere
3168 2523 3325 2580 inniti
3369 2523 3603 2579 solebat.

2019 2610 2123 2681 Qui
2152 2629 2247 2668 rex
2275 2614 2449 2669 Deum
2495 2613 2746 2686 diligens,
2797 2612 3065 2685 aequitatis
3107 2612 3322 2683 legibus
3352 2611 3613 2679 serviens,

2012 2716 2240 2772 regnum
2269 2710 2483 2758 strenue
2512 2702 2870 2774 gubernabat.
2904 2702 2955 2756 Is
2984 2702 3249 2756 immenso
3272 2714 3611 2771 paganorum

304 2805 473 2861 opere
493 2805 792 2860 nequeam;
828 2791 957 2862 quia
977 2791 1091 2847 scio
1114 2790 1259 2862 quod
1287 2792 1433 2848 hunc
1452 2808 1610 2862 quem
1632 2792 1905 2863 praecipue
1932 2806 1987 2866 Β
2017 2790 2277 2845 exercitui
2307 2791 2546 2863 quodam
2592 2799 2837 2861 tempore
2866 2794 3109 2846 armatus
3148 2804 3457 2853 occurrens,
3488 2803 3611 2842 me-

311 2886 498 2934 amant
531 2879 815 2935 laetissima
863 2879 1061 2950 exponi
1108 2880 1355 2936 oratione
1401 2881 1737 2937 desiderant.
1782 2882 1906 2937 Non

301 2981 501 3037 parere
547 2974 731 3022 autem
779 2966 1041 3023 voluntati
1086 2966 1302 3024 illorum
1351 2968 1506 3025 nefas
1536 2968 1739 3037 judico,
1782 2984 1907 3025 cum

302 3070 372 3110 ne
413 3055 522 3110 sibi
568 3054 910 3111 amicissimis
957 3055 1170 3112 scilicet
1216 3057 1353 3112 meis
1398 3073 1487 3113 me
1530 3057 1673 3113 nolle
1710 3073 1907 3129 gerere

304 3158 541 3210 morem,
574 3152 684 3199 tum
715 3159 807 3213 ne,
825 3144 959 3200 laesa
987 3146 1319 3203 conscientia
1345 3161 1465 3215 sua,
1497 3162 1584 3202 me
1614 3162 1747 3218 erga
1775 3162 1904 3201 san-
1949 3216 1959 3229 υ

305 3239 455 3288 ctum
501 3231 607 3288 Dei
664 3231 872 3288 nullum
920 3233 1120 3289 habere
1156 3235 1449 3305 opinentur
1487 3250 1749 3289 amorem.
1801 3232 1907 3289 His

304 3319 575 3391 angustiis
602 3327 788 3392 septus
814 3321 960 3394 elegi
1005 3322 1188 3393 potius
1216 3324 1489 3379 rusticano
1519 3323 1736 3395 eloquio
1763 3322 1905 3377 ami-

306 3421 500 3463 corum
549 3424 795 3465 meorum
866 3417 996 3467 voto
1062 3427 1402 3479 concurrere,
1480 3427 1641 3483 quam
1697 3411 1905 3467 urbano

301 3494 522 3551 silentio
569 3512 669 3553 eos
709 3498 1104 3555 contemnendo
1146 3515 1246 3569 per
1272 3499 1657 3555 inobedientiae
1684 3498 1903 3570 culpam

299 3583 600 3642 offendere.
660 3584 968 3657 Scripturus
1042 3588 1224 3659 itaque
1276 3602 1377 3657 pro
1431 3587 1672 3658 injuncto
1727 3586 1905 3643 ofﬁcio

296 3671 467 3728 vitam
513 3673 648 3729 tanti
692 3674 815 3743 viri,
866 3691 989 3747 quae
1037 3674 1119 3729 illi
1163 3675 1373 3748 jugiter
1418 3675 1612 3742 adfuit,
1672 3675 1904 3748 gratiam

297 3759 494 3819 invoco
542 3762 776 3835 Spiritus
825 3763 1021 3832 sancti,
1054 3771 1316 3834 quatenus
1362 3780 1429 3819 ea
1458 3781 1579 3834 quae
1609 3780 1707 3836 per
1751 3764 1905 3821 illum

301 3849 371 3905 ad
402 3851 638 3908 Laudem
692 3852 776 3907 sui
805 3852 1042 3908 nominis
1078 3854 1296 3924 operari
1344 3854 1602 3925 dignatus
1631 3862 1732 3921 est,
1758 3853 1905 3910 illius

298 3939 474 3995 meriti
523 3941 823 3997 concedere
870 3941 1005 3997 mihi
1036 3942 1295 4016 dignetur
1336 3941 1620 3998 iaoﬂ'ensis
1646 3942 1903 3998 Ecclesiae

282 4037 409 4085 ‘suze
456 4029 674 4085 auribus
704 4031 1072 4103 qualicunque
1106 4031 1396 4089 verberum
1434 4030 1693 4103 indagine
1722 4031 1902 4101 expli-

295 4132 446 4175 care.

361 4204 664 4261 Exordium
714 4222 848 4281 ergo
893 4208 1195 4264 nativitatis
1243 4208 1528 4281 gloriosus
1599 4208 1900 4267 Oswaldus

292 4293 635 4350 nobilissima
679 4296 950 4368 progenie
997 4305 1169 4365 natus,
1200 4298 1446 4370 eleganti
1483 4298 1659 4355 forma
1688 4300 1898 4355 enituit.

295 4381 400 4451 Qui
431 4382 523 4438 ubi
564 4384 842 4439 infantiles
887 4399 1060 4441 annos
1086 4385 1338 4458 diligenti
1386 4403 1511 4443 cura
1538 4388 1770 4444 nutritus
1800 4405 1901 4444 ex-

287 4470 480 4537 cessit,
530 4487 673 4542 puer
704 4472 881 4529 factus
910 4473 1151 4545 pueriles
1191 4474 1428 4546 ineptias
1455 4475 1719 4542 devitarc,
1754 4493 1819 4533 ac
1846 4487 1905 4533 ut

288 4566 425 4616 setas
480 4560 573 4615 illa
626 4560 912 4617 advertere
968 4567 1200 4632 poterat,
1260 4565 1330 4618 ad
1377 4565 1680 4620 sanctitatis
1736 4582 1903 4637 Opera
1945 4582 1952 4588 '

291 4649 649 4719 semetipsum
706 4649 873 4719 cuspit
926 4649 1245 4707 informare.
1306 4653 1596 4722 PrOposuit
1648 4654 1790 4709 enim
1848 4655 1900 4709 in

295 4744 590 4806 conspectu
642 4738 917 4794 cernentis
973 4748 1185 4795 secreta
1239 4741 1476 4810 pectoris
1530 4743 1615 4796 sui
1655 4759 1712 4796 se
1743 4743 1901 4797 almae

292 4826 639 4896 cognationis
688 4843 801 4883 sua:
828 4827 1143 4884 nullatenus
1193 4828 1311 4883 ﬁeri
1342 4829 1481 4885 velle
1526 4830 1851 4902 degenerem
1884 4849 1896 4893 ;

293 4914 391 4968 sed
420 4929 558 4983 quos
589 4914 927 4986 propinquos
957 4916 1158 4971 sortius
1188 4916 1363 4971 fuerat
1391 4916 1444 4971 in
1474 4934 1673 4988 genere
1701 4919 1896 4988 carnis,

296 5002 397 5058 bOs
450 5010 768 5074 sequeretur
816 5004 1069 5075 passibus
1145 5005 1372 5073 virtutis,
1440 5006 1736 5062 instructus
1792 5007 1900 5065 ﬁde

297 5091 622 5163 ueterisque
672 5091 983 5151 coelestibus
1036 5094 1228 5149 annis.
1292 5096 1472 5150 Bonus
1529 5096 1798 5167 siquidem
1846 5105 1901 5153 et

295 5193 444 5236 unus
460 5180 532 5237 de
558 5180 852 5254 praecipuis
880 5182 1131 5239 Patribus
1168 5183 1478 5256 Anglorum
1525 5184 1649 5242 Odo
1676 5186 1898 5242 nomine

363 5379 479 5453 (17)
510 5376 756 5453 Osw_a_ldi
785 5394 875 5453 res
921 5386 1105 5453 gestas
1132 5379 1270 5453 sty_l_o
1314 5387 1474 5435 antea
1505 5382 1897 5453 mandaverant

290 5448 531 5506 Elfricus
558 5457 613 5505 et
643 5448 952 5506 Folcardus'
977 5468 991 5514 ;
1025 5452 1096 5508 de
1133 5448 1331 5523 quibus
1361 5451 1578 5508 consule
1609 5453 1892 5525 praefatio-

293 5535 482 5663 ωῗίδ)
519 5592 775 5649 Nondum
830 5591 1039 5651 scilicet
1095 5590 1305 5651 Odonis
1361 5594 1540 5652 Vitam
1594 5594 1895 5656 Eadmerus

1929 4155 1981 4219 Ο

2014 2885 2284 2933 moratum
2333 2878 2603 2948 Odonem,
2654 2879 2810 2949 cujus
2856 2878 3062 2935 meritis
3104 2894 3164 2933 se
3210 2877 3615 2949 quammaxime

2014 2966 2270 3022 credebat
2322 2969 2530 3022 hostem
2598 2967 2885 3037 victurum,
2961 2967 3018 3021 in
3073 2966 3251 3023 aciem
3307 2965 3478 3020 duxit.
3542 2965 3612 3019 Et

2014 3055 2305 3111 commisso
2334 3056 2522 3128 praelio
2553 3056 2675 3112 0do
2704 3056 2914 3112 enimus
2956 3071 2987 3110 a
3019 3071 3202 3128 pugna
3228 3065 3380 3110 stans
3405 3053 3613 3109 lumina

2015 3158 2078 3198 ac
2108 3160 2300 3201 manus
2346 3146 2401 3199 in
2433 3146 2635 3201 cmlum
2684 3145 2929 3213 tetendit,
2960 3160 3061 3215 pro
3115 3159 3246 3216 rege
3274 3151 3323 3199 et
3354 3144 3464 3197 suis
3493 3142 3609 3198 Do-

2012 3234 2220 3288 minum
2249 3234 2512 3289 intentius
2541 3249 2724 3289 orans.
2781 3234 3087 3305 Pugnatum
3146 3232 3272 3287 hinc
3295 3231 3421 3287 inde
3467 3237 3612 3286 atro-

2014 3320 2244 3389 cissime,
2276 3329 2325 3376 et
2346 3321 2460 3375 dies
2486 3321 2660 3376 ferme
2690 3328 2832 3376 totus
2860 3322 2913 3375 in
2950 3320 3246 3375 certamine
3271 3319 3606 3388 absumptus.

2012 3408 2250 3464 Tandem
2289 3408 2405 3479 jam
2437 3410 2553 3464 sole
2598 3409 2652 3464 in
2684 3424 2939 3465 occasum
2970 3414 3248 3479 vergente,
3279 3422 3397 3462 sors
3428 3407 3608 3476 lacry-

2012 3495 2230 3551 mabilis
2259 3497 2452 3552 accidit
2482 3514 2496 3559 ;
2523 3498 2679 3567 juxta
2706 3496 2954 3567 capulum
2994 3496 3296 3550 confractus
3319 3502 3399 3549 est
3423 3494 3609 3565 regius

2013 3586 2178 3640 ensis.
2213 3584 2355 3655 Quid
2386 3586 2589 3642 faceret
2616 3587 2645 3638 ‘t
2676 3587 2744 3642 Ut
2777 3601 2835 3640 se
2866 3591 3121 3650 armaret,
3155 3584 3364 3638 nullum
3394 3583 3463 3638 de
3491 3582 3608 3637 suis

2014 3689 2291 3729 exarmare
2321 3674 2554 3730 volebat.
2575 3673 2718 3743 Quid
2744 3677 2872 3728 tunc
2899 3674 2927 3725 εἰ
2957 3673 3148 3728 Hostes
3166 3671 3255 3742 qui
3266 3671 3378 3740 jam
3398 3678 3609 3726 vertere

2012 3765 2171 3834 terga
2199 3771 2495 3834 creperum,
2544 3762 2791 3818 videntes
2819 3777 3009 3834 regem
3047 3762 3222 3817 fracto
3251 3775 3377 3816 ense
3406 3759 3607 3814 factum

2012 3851 2166 3924 quasi
2196 3851 2479 3921 inermem,
2510 3850 2733 3907 animati
2765 3859 2819 3907 et
2845 3850 2899 3905 in
2929 3866 3170 3922 pugnam
3200 3849 3377 3905 acrius
3406 3847 3611 3904 reversi

2011 3948 2153 3994 sunt.
2188 3941 2432 3995 Insonuit
2460 3941 2685 4005 clamor,
2719 3939 2969 3995 Odonem
3000 3940 3156 3995 citius
3196 3938 3451 3994 advolare
3479 3953 3609 4008 per-

2012 4043 2232 4100 urgens.
2264 4029 2433 4083 Adest
2466 4045 2479 4089 ;
2509 4036 2567 4082 ut
2595 4043 2756 4097 opem
2802 4042 2956 4082 suam
2987 4042 3151 4097 prece
3195 4026 3420 4097 negotio
3451 4025 3608 4095 ferat,

2012 4132 2112 4171 rex
2142 4116 2261 4187 ipse
2307 4116 2552 4171 hortatur
2591 4123 2647 4170 et
2688 4115 2956 4170 obsecrat.
3000 4116 3070 4169 At
3110 4113 3201 4170 ille
3246 4114 3395 4185 :Opc
3441 4130 3612 4186 quam

2006 4204 2315 4273 desideras,
2359 4205 2451 4260 uti
2494 4204 2844 4260 solummodo
2892 4203 3051 4269 velis,
3080 4206 3289 4274 prwsto
3328 4204 3431 4258 est.
3469 4202 3613 4270 Quid

2005 4294 2192 4366 igitur
2205 4294 2326 4365 agis
2340 4293 2371 4346 7
2386 4296 2451 4353 Ut
2467 4294 2602 4366 quid
2618 4309 2679 4349 eo
2695 4293 2791 4365 qui
2808 4295 2870 4348 in
2890 4294 3068 4348 latere
3099 4294 3197 4347 tuo
3206 4291 3414 4364 pendet
3422 4288 3611 4363 gladio

2005 4385 2194 4455 parcis
2215 4383 2247 4436 ?
2280 4384 2387 4440 Cur
2416 4399 2543 4439 eum
2564 4383 2633 4439 ab
2662 4382 2912 4438 interitu
2943 4382 3192 4437 hostium
3222 4396 3380 4437 arces
3401 4379 3432 4432 ?
3464 4378 3612 4444 Quid

2005 4472 2281 4543 formidas
2301 4473 2431 4528 ΡΝἱί
2460 4472 2727 4527 dubitans
2740 4472 2931 4540 arripe
2955 4470 3126 4525 illum
3149 4488 3168 4536 ;
3188 4472 3246 4523 et
3265 4484 3392 4524 ecce
3405 4484 3609 4523 manus

2015 4561 2237 4617 Domini
2263 4562 2375 4617 erit
2406 4565 2611 4616 tecum.
2629 4561 2738 4616 Nec
2746 4560 2910 4629 prius
2925 4558 3060 4614 satis
3080 4558 3369 4630 continget
3384 4557 3611 4612 accubi-

2010 4652 2124 4715 tus,
2143 4667 2308 4721 quam
2341 4648 2677 4705 obsistentes
2704 4647 3057 4703 adversarios
3071 4650 3197 4704 tuos
3211 4649 3346 4718 fuga
3359 4647 3416 4701 in
3427 4647 3609 4702 volvat

2009 4742 2113 4792 aut
2133 4738 2425 4793 interitus.
2457 4737 2627 4803 Dixit,
2661 4744 2715 4791 et
2742 4752 2837 4791 rex
2869 4735 2938 4789 ad
2980 4735 3097 4805 ejus
3127 4733 3296 4789 verba
3323 4733 3609 4801 attonitus,

2016 4824 2161 4881 illico
2208 4842 2371 4881 versa
2425 4826 2621 4880 dextra
2676 4823 2745 4878 ad
2787 4822 3043 4895 vaginam
3090 4822 3321 4878 extraxit
3364 4822 3610 4895 gladium

2009 4913 2292 4986 fulgidum,
2349 4914 2546 4969 fortem
2606 4921 2660 4968 et
2716 4913 3005 4984 insignem.
3074 4913 3136 4966 In
3205 4927 3311 4981 quo
3394 4919 3614 4967 cunctos

2008 5011 2349 5059 occursantes
2397 5002 2695 5069 deterrens,
2742 5001 2959 5057 credens
3006 5016 3102 5055 seu
3130 5008 3501 5071 prosternens,
3543 4999 3612 5055 ad

2008 5092 2232 5149 verbum
2263 5092 2408 5147 servi
2444 5092 2542 5148 Dei
2565 5091 2725 5161 juxta
2765 5089 2941 5146 factus
2970 5097 3051 5146 est
3079 5098 3132 5145 et
3176 5089 3310 5146 solis
3339 5089 3618 5146 accubitus

2005 5188 2058 5237 et
2106 5179 2251 5254 regis
2306 5179 2630 5252 triumphus.
2663 5181 2788 5253 Ipse
2842 5178 2982 5248 Odo,
3033 5178 3292 5251 quoniam
3346 5176 3608 5235 Ecclesiae

2003 5378 2418 5448 conscripserat.
2470 5377 2585 5448 Hoc
2609 5375 2762 5448 _loco
2820 5373 2996 5429 Vitam
3054 5372 3198 5448 illius
3221 5372 3320 5448 ab_
3350 5372 3607 5428 Osberno

2003 5442 2262 5521 scriptam
2280 5449 2515 5521 innuere
2529 5445 2774 5521 videtur,
2797 5453 2959 5521 atque
2989 5444 3182 5521 eadem
3213 5442 3392 5521 fusius
3421 5449 3613 5521 postea

2002 5512 2247 5577 narravit
2267 5519 2335 5594 _i_n
2363 5517 2573 5575 Odonis
2600 5517 2744 5587 Vita,
2765 5512 2890 5594 qui
2910 5514 3161 5573 Osberno
3182 5514 3322 5571 male
3351 5512 3611 5588 inscripta

2002 5608 2171 5669 supra
2199 5591 2520 5649 collocatur.
2792 5591 2799 5594 ’
3592 5612 3600 5619 “
