  <div class='ocr_page' id='page_1' title='image "/cluster/home/n/w/nwhite01/storage/ocr_20150623/159/hvd.32044054760178/387.png"; bbox 0 0 4046 6076; ppageno 0'>
   <div class='ocr_carea' id='block_1_1' title="bbox 434 319 538 372">
    <p class='ocr_par' dir='ltr' id='par_1_1' title="bbox 434 319 538 372">
     <span class='ocr_line' id='line_1_1' title="bbox 434 319 538 372; baseline -0.01 0"><span class='ocrx_word' id='word_1_1' title='bbox 434 319 538 372; x_wconf 84' lang='lat'><strong>763</strong></span> 
     </span>
    </p>
   </div>
   <div class='ocr_carea' id='block_1_2' title="bbox 1454 310 2724 373">
    <p class='ocr_par' dir='ltr' id='par_1_2' title="bbox 1454 310 2724 373">
     <span class='ocr_line' id='line_1_2' title="bbox 1454 310 2724 373; baseline -0.005 0"><span class='ocrx_word' id='word_1_2' title='bbox 1454 314 1768 373; x_wconf 77' lang='lat' dir='ltr'><strong>EADMERI</strong></span> <span class='ocrx_word' id='word_1_3' title='bbox 1797 311 2371 369; x_wconf 81' lang='lat' dir='ltr'><strong>CANTUARIENSIS</strong></span> <span class='ocrx_word' id='word_1_4' title='bbox 2400 310 2724 367; x_wconf 84' lang='lat' dir='ltr'><strong>MONACHI</strong></span> 
     </span>
    </p>
   </div>
   <div class='ocr_carea' id='block_1_3' title="bbox 3638 306 3743 362">
    <p class='ocr_par' dir='ltr' id='par_1_3' title="bbox 3638 306 3743 362">
     <span class='ocr_line' id='line_1_3' title="bbox 3638 306 3743 362; baseline 0 -1"><span class='ocrx_word' id='word_1_5' title='bbox 3638 306 3743 362; x_wconf 67' lang='grc'><strong>764</strong></span> 
     </span>
    </p>
   </div>
   <div class='ocr_carea' id='block_1_4' title="bbox 432 431 3742 516">
    <p class='ocr_par' dir='ltr' id='par_1_4' title="bbox 432 431 3742 516">
     <span class='ocr_line' id='line_1_4' title="bbox 432 431 3742 516; baseline -0.003 -19"><span class='ocrx_word' id='word_1_6' title='bbox 432 442 804 499; x_wconf 89' lang='lat' dir='ltr'><strong>Cantuariensi</strong></span> <span class='ocrx_word' id='word_1_7' title='bbox 824 444 999 500; x_wconf 81' lang='lat' dir='ltr'><strong>oﬂicio</strong></span> <span class='ocrx_word' id='word_1_8' title='bbox 1021 444 1217 499; x_wconf 92' lang='lat' dir='ltr'><strong>summi</strong></span> <span class='ocrx_word' id='word_1_9' title='bbox 1240 442 1511 516; x_wconf 83' lang='lat' dir='ltr'><strong>pontiﬁcis</strong></span> <span class='ocrx_word' id='word_1_10' title='bbox 1532 443 1651 497; x_wconf 93' lang='lat' dir='ltr'><strong>loco</strong></span> <span class='ocrx_word' id='word_1_11' title='bbox 1682 448 1735 496; x_wconf 89' lang='lat' dir='ltr'><strong>et</strong></span> <span class='ocrx_word' id='word_1_12' title='bbox 1763 439 2025 512; x_wconf 74' lang='lat' dir='ltr'><strong>dignitate</strong></span> <span class='ocrx_word' id='word_1_13' title='bbox 2054 436 2195 500; x_wconf 80' lang='lat' dir='ltr'><strong>Ain</strong></span> <span class='ocrx_word' id='word_1_14' title='bbox 2253 437 2451 494; x_wconf 80' lang='lat' dir='ltr'><strong>divinis</strong></span> <span class='ocrx_word' id='word_1_15' title='bbox 2503 453 2567 494; x_wconf 89' lang='lat' dir='ltr'><strong>ac</strong></span> <span class='ocrx_word' id='word_1_16' title='bbox 2621 435 2976 493; x_wconf 67' lang='lat' dir='ltr'><strong>saecularibus</strong></span> <span class='ocrx_word' id='word_1_17' title='bbox 3032 433 3331 508; x_wconf 84' lang='lat' dir='ltr'><strong>disciplinis</strong></span> <span class='ocrx_word' id='word_1_18' title='bbox 3372 447 3617 506; x_wconf 89' lang='lat' dir='ltr'><strong>quosque</strong></span> <span class='ocrx_word' id='word_1_19' title='bbox 3660 431 3742 487; x_wconf 89' lang='lat' dir='ltr'><strong>sui</strong></span> 
     </span>
    </p>
   </div>
   <div class='ocr_carea' id='block_1_5' title="bbox 431 531 2033 603">
    <p class='ocr_par' dir='ltr' id='par_1_5' title="bbox 431 531 2033 603">
     <span class='ocr_line' id='line_1_5' title="bbox 431 531 2033 603; baseline -0.002 -18"><span class='ocrx_word' id='word_1_20' title='bbox 431 531 780 603; x_wconf 64' lang='lat' dir='ltr'><strong>prwsidcbat,</strong></span> <span class='ocrx_word' id='word_1_21' title='bbox 825 533 949 601; x_wconf 90' lang='lat' dir='ltr'><strong>jura</strong></span> <span class='ocrx_word' id='word_1_22' title='bbox 999 533 1416 589; x_wconf 72' lang='lat' dir='ltr'><strong>Christianitatis</strong></span> <span class='ocrx_word' id='word_1_23' title='bbox 1459 548 1555 602; x_wconf 89' lang='lat' dir='ltr'><strong>per</strong></span> <span class='ocrx_word' id='word_1_24' title='bbox 1592 538 1763 586; x_wconf 91' lang='lat' dir='ltr'><strong>totum</strong></span> <span class='ocrx_word' id='word_1_25' title='bbox 1804 544 2033 601; x_wconf 83' lang='lat' dir='ltr'><strong>regnum</strong></span> 
     </span>
    </p>
   </div>
   <div class='ocr_carea' id='block_1_6' title="bbox 430 618 2037 691">
    <p class='ocr_par' dir='ltr' id='par_1_6' title="bbox 430 618 2037 691">
     <span class='ocr_line' id='line_1_6' title="bbox 430 618 2037 691; baseline -0.001 -18"><span class='ocrx_word' id='word_1_26' title='bbox 430 628 490 674; x_wconf 90' lang='lat' dir='ltr'><strong>ut</strong></span> <span class='ocrx_word' id='word_1_27' title='bbox 536 619 721 690; x_wconf 61' lang='lat' dir='ltr'><strong>patrie</strong></span> <span class='ocrx_word' id='word_1_28' title='bbox 776 629 938 690; x_wconf 86' lang='lat' dir='ltr'><strong>pater</strong></span> <span class='ocrx_word' id='word_1_29' title='bbox 995 621 1417 691; x_wconf 82' lang='lat' dir='ltr'><strong>prudentissime</strong></span> <span class='ocrx_word' id='word_1_30' title='bbox 1484 618 1917 675; x_wconf 84' lang='lat' dir='ltr'><strong>administrabat.</strong></span> <span class='ocrx_word' id='word_1_31' title='bbox 1976 618 2037 671; x_wconf 90' lang='lat' dir='ltr'><strong>In</strong></span> 
     </span>
    </p>
   </div>
   <div class='ocr_carea' id='block_1_7' title="bbox 431 705 2036 782">
    <p class='ocr_par' dir='ltr' id='par_1_7' title="bbox 431 705 2036 782">
     <span class='ocr_line' id='line_1_7' title="bbox 431 705 2036 782; baseline -0.001 -21"><span class='ocrx_word' id='word_1_32' title='bbox 431 708 627 778; x_wconf 85' lang='lat' dir='ltr'><strong>quibus</strong></span> <span class='ocrx_word' id='word_1_33' title='bbox 655 708 847 763; x_wconf 86' lang='lat' dir='ltr'><strong>diebus</strong></span> <span class='ocrx_word' id='word_1_34' title='bbox 894 708 1136 777; x_wconf 79' lang='lat' dir='ltr'><strong>Edwius,</strong></span> <span class='ocrx_word' id='word_1_35' title='bbox 1171 710 1261 782; x_wconf 88' lang='lat' dir='ltr'><strong>qui</strong></span> <span class='ocrx_word' id='word_1_36' title='bbox 1288 717 1510 781; x_wconf 89' lang='lat' dir='ltr'><strong>quartus</strong></span> <span class='ocrx_word' id='word_1_37' title='bbox 1531 726 1561 764; x_wconf 85' lang='lat' dir='ltr'><strong>a</strong></span> <span class='ocrx_word' id='word_1_38' title='bbox 1597 707 1821 779; x_wconf 57' lang='lat' dir='ltr'><strong>praefato</strong></span> <span class='ocrx_word' id='word_1_39' title='bbox 1843 705 2036 762; x_wconf 66' lang='lat' dir='ltr'><strong>Ethel&#39;</strong></span> 
     </span>
    </p>
   </div>
   <div class='ocr_carea' id='block_1_8' title="bbox 434 796 2037 871">
    <p class='ocr_par' dir='ltr' id='par_1_8' title="bbox 434 796 2037 871">
     <span class='ocr_line' id='line_1_8' title="bbox 434 796 2037 871; baseline -0.001 -21"><span class='ocrx_word' id='word_1_40' title='bbox 434 804 588 851; x_wconf 89' lang='lat' dir='ltr'><strong>stauo</strong></span> <span class='ocrx_word' id='word_1_41' title='bbox 637 796 788 868; x_wconf 80' lang='lat' dir='ltr'><strong>regni</strong></span> <span class='ocrx_word' id='word_1_42' title='bbox 828 799 1128 871; x_wconf 78' lang='lat' dir='ltr'><strong>Anglorum</strong></span> <span class='ocrx_word' id='word_1_43' title='bbox 1159 807 1370 869; x_wconf 90' lang='lat' dir='ltr'><strong>sceptra</strong></span> <span class='ocrx_word' id='word_1_44' title='bbox 1415 798 1653 863; x_wconf 90' lang='lat' dir='ltr'><strong>tenebat,</strong></span> <span class='ocrx_word' id='word_1_45' title='bbox 1704 797 2037 867; x_wconf 73' lang='lat' dir='ltr'><strong>voluptatum</strong></span> 
     </span>
    </p>
   </div>
   <div class='ocr_carea' id='block_1_9' title="bbox 433 884 2035 959">
    <p class='ocr_par' dir='ltr' id='par_1_9' title="bbox 433 884 2035 959">
     <span class='ocr_line' id='line_1_9' title="bbox 433 884 2035 959; baseline 0 -22"><span class='ocrx_word' id='word_1_46' title='bbox 433 890 641 939; x_wconf 78' lang='lat' dir='ltr'><strong>amator</strong></span> <span class='ocrx_word' id='word_1_47' title='bbox 670 886 853 958; x_wconf 84' lang='lat' dir='ltr'><strong>magis</strong></span> <span class='ocrx_word' id='word_1_48' title='bbox 881 903 1041 957; x_wconf 88' lang='lat' dir='ltr'><strong>quam</strong></span> <span class='ocrx_word' id='word_1_49' title='bbox 1078 889 1198 957; x_wconf 88' lang='lat' dir='ltr'><strong>Dei,</strong></span> <span class='ocrx_word' id='word_1_50' title='bbox 1235 888 1460 943; x_wconf 68' lang='lat' dir='ltr'><strong>luxuriae</strong></span> <span class='ocrx_word' id='word_1_51' title='bbox 1511 902 1673 959; x_wconf 89' lang='lat' dir='ltr'><strong>quam</strong></span> <span class='ocrx_word' id='word_1_52' title='bbox 1709 884 2035 951; x_wconf 76' lang='lat' dir='ltr'><strong>sobrietatis,</strong></span> 
     </span>
    </p>
   </div>
   <div class='ocr_carea' id='block_1_10' title="bbox 428 971 2038 1049">
    <p class='ocr_par' dir='ltr' id='par_1_10' title="bbox 428 971 2038 1049">
     <span class='ocr_line' id='line_1_10' title="bbox 428 971 2038 1049; baseline 0.002 -24"><span class='ocrx_word' id='word_1_53' title='bbox 428 971 714 1028; x_wconf 89' lang='lat' dir='ltr'><strong>libidinum</strong></span> <span class='ocrx_word' id='word_1_54' title='bbox 749 991 909 1046; x_wconf 91' lang='lat' dir='ltr'><strong>quam</strong></span> <span class='ocrx_word' id='word_1_55' title='bbox 942 978 1219 1045; x_wconf 81' lang='lat' dir='ltr'><strong>castitatis,</strong></span> <span class='ocrx_word' id='word_1_56' title='bbox 1252 978 1459 1049; x_wconf 88' lang='lat' dir='ltr'><strong>regiam</strong></span> <span class='ocrx_word' id='word_1_57' title='bbox 1489 976 1809 1047; x_wconf 89' lang='lat' dir='ltr'><strong>dignitatem</strong></span> <span class='ocrx_word' id='word_1_58' title='bbox 1838 973 2038 1029; x_wconf 85' lang='lat' dir='ltr'><strong>obsce-</strong></span> 
     </span>
    </p>
   </div>
   <div class='ocr_carea' id='block_1_11' title="bbox 428 1059 2037 1134">
    <p class='ocr_par' dir='ltr' id='par_1_11' title="bbox 428 1059 2037 1134">
     <span class='ocr_line' id='line_1_11' title="bbox 428 1059 2037 1134; baseline 0.001 -20"><span class='ocrx_word' id='word_1_59' title='bbox 428 1059 510 1114; x_wconf 88' lang='lat' dir='ltr'><strong>nis</strong></span> <span class='ocrx_word' id='word_1_60' title='bbox 539 1062 800 1132; x_wconf 86' lang='lat' dir='ltr'><strong>Operibus</strong></span> <span class='ocrx_word' id='word_1_61' title='bbox 828 1063 1249 1134; x_wconf 83' lang='lat' dir='ltr'><strong>dehonestabat,</strong></span> <span class='ocrx_word' id='word_1_62' title='bbox 1296 1081 1361 1122; x_wconf 89' lang='lat' dir='ltr'><strong>ac</strong></span> <span class='ocrx_word' id='word_1_63' title='bbox 1391 1065 1536 1121; x_wconf 89' lang='lat' dir='ltr'><strong>viros</strong></span> <span class='ocrx_word' id='word_1_64' title='bbox 1565 1067 1817 1121; x_wconf 86' lang='lat' dir='ltr'><strong>virtutum</strong></span> <span class='ocrx_word' id='word_1_65' title='bbox 1850 1063 2037 1134; x_wconf 88' lang='lat' dir='ltr'><strong>parvi-</strong></span> 
     </span>
    </p>
   </div>
   <div class='ocr_carea' id='block_1_12' title="bbox 429 1149 2037 1225">
    <p class='ocr_par' dir='ltr' id='par_1_12' title="bbox 429 1149 2037 1225">
     <span class='ocr_line' id='line_1_12' title="bbox 429 1149 2037 1225; baseline 0.001 -22"><span class='ocrx_word' id='word_1_66' title='bbox 429 1149 693 1218; x_wconf 90' lang='lat' dir='ltr'><strong>pendens,</strong></span> <span class='ocrx_word' id='word_1_67' title='bbox 741 1159 933 1207; x_wconf 90' lang='lat' dir='ltr'><strong>contra</strong></span> <span class='ocrx_word' id='word_1_68' title='bbox 981 1168 1198 1225; x_wconf 70' lang='lat' dir='ltr'><strong>aequum</strong></span> <span class='ocrx_word' id='word_1_69' title='bbox 1242 1154 1621 1225; x_wconf 75' lang='lat' dir='ltr'><strong>exasperabat.</strong></span> <span class='ocrx_word' id='word_1_70' title='bbox 1663 1152 1816 1209; x_wconf 87' lang='lat' dir='ltr'><strong>Unde</strong></span> <span class='ocrx_word' id='word_1_71' title='bbox 1847 1150 2037 1206; x_wconf 86' lang='lat' dir='ltr'><strong>beatus</strong></span> 
     </span>
    </p>
   </div>
   <div class='ocr_carea' id='block_1_13' title="bbox 429 1236 2036 1311">
    <p class='ocr_par' dir='ltr' id='par_1_13' title="bbox 429 1236 2036 1311">
     <span class='ocr_line' id='line_1_13' title="bbox 429 1236 2036 1311; baseline 0.002 -19"><span class='ocrx_word' id='word_1_72' title='bbox 429 1236 741 1294; x_wconf 90' lang='lat' dir='ltr'><strong>Dunstanus</strong></span> <span class='ocrx_word' id='word_1_73' title='bbox 793 1249 918 1297; x_wconf 88' lang='lat' dir='ltr'><strong>tunc</strong></span> <span class='ocrx_word' id='word_1_74' title='bbox 968 1244 1228 1311; x_wconf 84' lang='lat' dir='ltr'><strong>temporis</strong></span> <span class='ocrx_word' id='word_1_75' title='bbox 1275 1244 1449 1298; x_wconf 86' lang='lat' dir='ltr'><strong>abbas</strong></span> <span class='ocrx_word' id='word_1_76' title='bbox 1499 1240 1923 1309; x_wconf 89' lang='lat' dir='ltr'><strong>Glastoniensis,</strong></span> <span class='ocrx_word' id='word_1_77' title='bbox 1971 1256 2036 1295; x_wconf 93' lang='lat' dir='ltr'><strong>eo</strong></span> 
     </span>
    </p>
   </div>
   <div class='ocr_carea' id='block_1_14' title="bbox 431 1326 2037 1402">
    <p class='ocr_par' dir='ltr' id='par_1_14' title="bbox 431 1326 2037 1402">
     <span class='ocr_line' id='line_1_14' title="bbox 431 1326 2037 1402; baseline 0.001 -21"><span class='ocrx_word' id='word_1_78' title='bbox 431 1326 577 1397; x_wconf 92' lang='lat' dir='ltr'><strong>quod</strong></span> <span class='ocrx_word' id='word_1_79' title='bbox 607 1328 677 1383; x_wconf 90' lang='lat' dir='ltr'><strong>ad</strong></span> <span class='ocrx_word' id='word_1_80' title='bbox 708 1332 1114 1402; x_wconf 84' lang='lat' dir='ltr'><strong>suggestionem</strong></span> <span class='ocrx_word' id='word_1_81' title='bbox 1133 1340 1185 1387; x_wconf 91' lang='lat' dir='ltr'><strong>et</strong></span> <span class='ocrx_word' id='word_1_82' title='bbox 1214 1332 1506 1402; x_wconf 85' lang='lat' dir='ltr'><strong>imperium</strong></span> <span class='ocrx_word' id='word_1_83' title='bbox 1534 1346 1681 1401; x_wconf 69' lang='lat' dir='ltr'><strong>saepe</strong></span> <span class='ocrx_word' id='word_1_84' title='bbox 1704 1329 1805 1385; x_wconf 83' lang='lat' dir='ltr'><strong>fati</strong></span> <span class='ocrx_word' id='word_1_85' title='bbox 1828 1329 2037 1384; x_wconf 90' lang='lat' dir='ltr'><strong>Odonis</strong></span> 
     </span>
    </p>
   </div>
   <div class='ocr_carea' id='block_1_15' title="bbox 431 1413 2032 1492">
    <p class='ocr_par' dir='ltr' id='par_1_15' title="bbox 431 1413 2032 1492">
     <span class='ocr_line' id='line_1_15' title="bbox 431 1413 2032 1492; baseline 0.002 -25"><span class='ocrx_word' id='word_1_86' title='bbox 431 1413 615 1485; x_wconf 87' lang='lat' dir='ltr'><strong>ipsum</strong></span> <span class='ocrx_word' id='word_1_87' title='bbox 643 1432 833 1489; x_wconf 87' lang='lat' dir='ltr'><strong>regem</strong></span> <span class='ocrx_word' id='word_1_88' title='bbox 855 1419 1061 1475; x_wconf 84' lang='lat' dir='ltr'><strong>illicitis</strong></span> <span class='ocrx_word' id='word_1_89' title='bbox 1083 1421 1426 1492; x_wconf 84' lang='lat' dir='ltr'><strong>amplexibus</strong></span> <span class='ocrx_word' id='word_1_90' title='bbox 1442 1420 1713 1477; x_wconf 85' lang='lat' dir='ltr'><strong>violenter</strong></span> <span class='ocrx_word' id='word_1_91' title='bbox 1742 1418 2032 1486; x_wconf 78' lang='lat' dir='ltr'><strong>abstraxit,</strong></span> 
     </span>
    </p>
   </div>
   <div class='ocr_carea' id='block_1_16' title="bbox 433 1499 2036 1574">
    <p class='ocr_par' dir='ltr' id='par_1_16' title="bbox 433 1499 2036 1574">
     <span class='ocr_line' id='line_1_16' title="bbox 433 1499 2036 1574; baseline 0.006 -23"><span class='ocrx_word' id='word_1_92' title='bbox 433 1513 463 1552; x_wconf 92' lang='lat' dir='ltr'><strong>e</strong></span> <span class='ocrx_word' id='word_1_93' title='bbox 490 1499 664 1568; x_wconf 88' lang='lat' dir='ltr'><strong>patria</strong></span> <span class='ocrx_word' id='word_1_94' title='bbox 692 1502 878 1570; x_wconf 91' lang='lat' dir='ltr'><strong>pulsus</strong></span> <span class='ocrx_word' id='word_1_95' title='bbox 897 1512 996 1572; x_wconf 87' lang='lat' dir='ltr'><strong>est,</strong></span> <span class='ocrx_word' id='word_1_96' title='bbox 1024 1513 1077 1560; x_wconf 93' lang='lat' dir='ltr'><strong>et</strong></span> <span class='ocrx_word' id='word_1_97' title='bbox 1099 1505 1314 1560; x_wconf 90' lang='lat' dir='ltr'><strong>demum</strong></span> <span class='ocrx_word' id='word_1_98' title='bbox 1338 1505 1621 1559; x_wconf 89' lang='lat' dir='ltr'><strong>innumera</strong></span> <span class='ocrx_word' id='word_1_99' title='bbox 1652 1520 1753 1574; x_wconf 91' lang='lat' dir='ltr'><strong>per</strong></span> <span class='ocrx_word' id='word_1_100' title='bbox 1786 1501 2036 1574; x_wconf 81' lang='lat' dir='ltr'><strong>Angliam</strong></span> 
     </span>
    </p>
   </div>
   <div class='ocr_carea' id='block_1_17' title="bbox 433 1586 2038 1665">
    <p class='ocr_par' dir='ltr' id='par_1_17' title="bbox 433 1586 2038 1665">
     <span class='ocr_line' id='line_1_17' title="bbox 433 1586 2038 1665; baseline 0.003 -26"><span class='ocrx_word' id='word_1_101' title='bbox 433 1586 580 1641; x_wconf 89' lang='lat' dir='ltr'><strong>mala</strong></span> <span class='ocrx_word' id='word_1_102' title='bbox 607 1588 678 1642; x_wconf 91' lang='lat' dir='ltr'><strong>ab</strong></span> <span class='ocrx_word' id='word_1_103' title='bbox 707 1589 900 1645; x_wconf 91' lang='lat' dir='ltr'><strong>eodem</strong></span> <span class='ocrx_word' id='word_1_104' title='bbox 931 1608 1063 1664; x_wconf 89' lang='lat' dir='ltr'><strong>rege</strong></span> <span class='ocrx_word' id='word_1_105' title='bbox 1108 1601 1338 1665; x_wconf 87' lang='lat' dir='ltr'><strong>patrata.</strong></span> <span class='ocrx_word' id='word_1_106' title='bbox 1383 1595 1587 1649; x_wconf 85' lang='lat' dir='ltr'><strong>Contra</strong></span> <span class='ocrx_word' id='word_1_107' title='bbox 1617 1608 1774 1662; x_wconf 87' lang='lat' dir='ltr'><strong>quem</strong></span> <span class='ocrx_word' id='word_1_108' title='bbox 1807 1589 1929 1647; x_wconf 94' lang='lat' dir='ltr'><strong>Odo</strong></span> <span class='ocrx_word' id='word_1_109' title='bbox 1956 1606 2038 1644; x_wconf 90' lang='lat' dir='ltr'><strong>ar-</strong></span> 
     </span>
    </p>
   </div>
   <div class='ocr_carea' id='block_1_18' title="bbox 433 1677 2035 1754">
    <p class='ocr_par' dir='ltr' id='par_1_18' title="bbox 433 1677 2035 1754">
     <span class='ocr_line' id='line_1_18' title="bbox 433 1677 2035 1754; baseline 0.002 -26"><span class='ocrx_word' id='word_1_110' title='bbox 433 1682 640 1729; x_wconf 90' lang='lat' dir='ltr'><strong>matura</strong></span> <span class='ocrx_word' id='word_1_111' title='bbox 697 1677 933 1748; x_wconf 86' lang='lat' dir='ltr'><strong>Spiritus</strong></span> <span class='ocrx_word' id='word_1_112' title='bbox 989 1683 1161 1736; x_wconf 85' lang='lat' dir='ltr'><strong>sancti</strong></span> <span class='ocrx_word' id='word_1_113' title='bbox 1217 1683 1544 1754; x_wconf 75' lang='lat' dir='ltr'><strong>praecinctus</strong></span> <span class='ocrx_word' id='word_1_114' title='bbox 1601 1696 1884 1753; x_wconf 83' lang='lat' dir='ltr'><strong>exurgere,</strong></span> <span class='ocrx_word' id='word_1_115' title='bbox 1925 1678 2035 1732; x_wconf 90' lang='lat' dir='ltr'><strong>ini-</strong></span> 
     </span>
    </p>
   </div>
   <div class='ocr_carea' id='block_1_19' title="bbox 2144 520 3743 600">
    <p class='ocr_par' dir='ltr' id='par_1_19' title="bbox 2144 520 3743 600">
     <span class='ocr_line' id='line_1_19' title="bbox 2144 520 3743 600; baseline -0.004 -18"><span class='ocrx_word' id='word_1_116' title='bbox 2144 527 2400 600; x_wconf 89' lang='lat' dir='ltr'><strong>temporis</strong></span> <span class='ocrx_word' id='word_1_117' title='bbox 2430 527 2699 597; x_wconf 89' lang='lat' dir='ltr'><strong>sapientes</strong></span> <span class='ocrx_word' id='word_1_118' title='bbox 2727 525 3045 597; x_wconf 74' lang='lat' dir='ltr'><strong>praecellere</strong></span> <span class='ocrx_word' id='word_1_119' title='bbox 3077 524 3386 596; x_wconf 86' lang='lat' dir='ltr'><strong>putabatur,</strong></span> <span class='ocrx_word' id='word_1_120' title='bbox 3421 520 3743 594; x_wconf 84' lang='lat' dir='ltr'><strong>magisterio</strong></span> 
     </span>
    </p>
   </div>
   <div class='ocr_carea' id='block_1_20' title="bbox 2147 607 3748 684">
    <p class='ocr_par' dir='ltr' id='par_1_20' title="bbox 2147 607 3748 684">
     <span class='ocr_line' id='line_1_20' title="bbox 2147 607 3748 684; baseline -0.005 -13"><span class='ocrx_word' id='word_1_121' title='bbox 2147 617 2360 671; x_wconf 90' lang='lat' dir='ltr'><strong>functus</strong></span> <span class='ocrx_word' id='word_1_122' title='bbox 2391 616 2667 670; x_wconf 89' lang='lat' dir='ltr'><strong>studiosus</strong></span> <span class='ocrx_word' id='word_1_123' title='bbox 2696 616 2881 684; x_wconf 88' lang='lat' dir='ltr'><strong>discit,</strong></span> <span class='ocrx_word' id='word_1_124' title='bbox 2914 623 2965 669; x_wconf 91' lang='lat' dir='ltr'><strong>et</strong></span> <span class='ocrx_word' id='word_1_125' title='bbox 2996 615 3047 669; x_wconf 90' lang='lat' dir='ltr'><strong>in</strong></span> <span class='ocrx_word' id='word_1_126' title='bbox 3082 614 3230 669; x_wconf 88' lang='lat' dir='ltr'><strong>brevi</strong></span> <span class='ocrx_word' id='word_1_127' title='bbox 3263 612 3553 683; x_wconf 91' lang='lat' dir='ltr'><strong>plurimum</strong></span> <span class='ocrx_word' id='word_1_128' title='bbox 3584 607 3748 681; x_wconf 82' lang='lat' dir='ltr'><strong>proﬁ-</strong></span> 
     </span>
    </p>
   </div>
   <div class='ocr_carea' id='block_1_21' title="bbox 2144 699 3736 776">
    <p class='ocr_par' dir='ltr' id='par_1_21' title="bbox 2144 699 3736 776">
     <span class='ocr_line' id='line_1_21' title="bbox 2144 699 3736 776; baseline -0.006 -17"><span class='ocrx_word' id='word_1_129' title='bbox 2144 705 2232 759; x_wconf 91' lang='lat' dir='ltr'><strong>cit.</strong></span> <span class='ocrx_word' id='word_1_130' title='bbox 2266 702 2518 776; x_wconf 80' lang='lat' dir='ltr'><strong>Spiritus</strong></span> <span class='ocrx_word' id='word_1_131' title='bbox 2548 719 2779 776; x_wconf 86' lang='lat' dir='ltr'><strong>namque</strong></span> <span class='ocrx_word' id='word_1_132' title='bbox 2808 704 3107 775; x_wconf 71' lang='lat' dir='ltr'><strong>sapientia:</strong></span> <span class='ocrx_word' id='word_1_133' title='bbox 3148 707 3203 758; x_wconf 79' lang='lat' dir='ltr'><strong>et</strong></span> <span class='ocrx_word' id='word_1_134' title='bbox 3236 702 3564 757; x_wconf 74' lang='lat' dir='ltr'><strong>intellectus</strong></span> <span class='ocrx_word' id='word_1_135' title='bbox 3596 699 3736 765; x_wconf 70' lang='grc' dir='ltr'><strong>(ιω.</strong></span> 
     </span>
    </p>
   </div>
   <div class='ocr_carea' id='block_1_22' title="bbox 2145 785 3744 864">
    <p class='ocr_par' dir='ltr' id='par_1_22' title="bbox 2145 785 3744 864">
     <span class='ocr_line' id='line_1_22' title="bbox 2145 785 3744 864; baseline -0.006 -16"><span class='ocrx_word' id='word_1_136' title='bbox 2145 810 2221 861; x_wconf 76' lang='lat' dir='ltr'><strong>x1,</strong></span> <span class='ocrx_word' id='word_1_137' title='bbox 2271 796 2345 863; x_wconf 72' lang='lat'><strong>2),</strong></span> <span class='ocrx_word' id='word_1_138' title='bbox 2378 810 2539 863; x_wconf 86' lang='lat' dir='ltr'><strong>super</strong></span> <span class='ocrx_word' id='word_1_139' title='bbox 2591 808 2655 848; x_wconf 92' lang='lat' dir='ltr'><strong>eo</strong></span> <span class='ocrx_word' id='word_1_140' title='bbox 2712 790 3042 864; x_wconf 86' lang='lat' dir='ltr'><strong>quiescebat,</strong></span> <span class='ocrx_word' id='word_1_141' title='bbox 3103 791 3376 860; x_wconf 86' lang='lat' dir='ltr'><strong>inspirans</strong></span> <span class='ocrx_word' id='word_1_142' title='bbox 3407 788 3454 843; x_wconf 92' lang='lat' dir='ltr'><strong>ei</strong></span> <span class='ocrx_word' id='word_1_143' title='bbox 3511 785 3744 859; x_wconf 85' lang='lat' dir='ltr'><strong>gratiam</strong></span> 
     </span>
    </p>
   </div>
   <div class='ocr_carea' id='block_1_23' title="bbox 2144 876 3742 953">
    <p class='ocr_par' dir='ltr' id='par_1_23' title="bbox 2144 876 3742 953">
     <span class='ocr_line' id='line_1_23' title="bbox 2144 876 3742 953; baseline -0.004 -18"><span class='ocrx_word' id='word_1_144' title='bbox 2144 898 2297 935; x_wconf 88' lang='lat' dir='ltr'><strong>suam</strong></span> <span class='ocrx_word' id='word_1_145' title='bbox 2354 890 2405 936; x_wconf 90' lang='lat' dir='ltr'><strong>et</strong></span> <span class='ocrx_word' id='word_1_146' title='bbox 2436 897 2530 937; x_wconf 84' lang='lat' dir='ltr'><strong>cor</strong></span> <span class='ocrx_word' id='word_1_147' title='bbox 2559 882 2870 953; x_wconf 88' lang='lat' dir='ltr'><strong>intelligens</strong></span> <span class='ocrx_word' id='word_1_148' title='bbox 2927 881 2996 935; x_wconf 83' lang='lat' dir='ltr'><strong>ad</strong></span> <span class='ocrx_word' id='word_1_149' title='bbox 3026 879 3243 952; x_wconf 87' lang='lat' dir='ltr'><strong>singula</strong></span> <span class='ocrx_word' id='word_1_150' title='bbox 3301 876 3561 932; x_wconf 87' lang='lat' dir='ltr'><strong>discenda</strong></span> <span class='ocrx_word' id='word_1_151' title='bbox 3618 890 3742 944; x_wconf 75' lang='lat' dir='ltr'><strong>qua:</strong></span> 
     </span>
    </p>
   </div>
   <div class='ocr_carea' id='block_1_24' title="bbox 2143 962 3741 1041">
    <p class='ocr_par' dir='ltr' id='par_1_24' title="bbox 2143 962 3741 1041">
     <span class='ocr_line' id='line_1_24' title="bbox 2143 962 3741 1041; baseline -0.005 -18"><span class='ocrx_word' id='word_1_152' title='bbox 2143 970 2421 1025; x_wconf 86' lang='lat' dir='ltr'><strong>audiebat.</strong></span> <span class='ocrx_word' id='word_1_153' title='bbox 2489 970 2837 1026; x_wconf 70' lang='lat' dir='ltr'><strong>Saecularium</strong></span> <span class='ocrx_word' id='word_1_154' title='bbox 2897 984 3029 1041; x_wconf 84' lang='lat' dir='ltr'><strong>ergo</strong></span> <span class='ocrx_word' id='word_1_155' title='bbox 3086 968 3348 1022; x_wconf 91' lang='lat' dir='ltr'><strong>librorum</strong></span> <span class='ocrx_word' id='word_1_156' title='bbox 3397 963 3623 1020; x_wconf 90' lang='lat' dir='ltr'><strong>scientia</strong></span> <span class='ocrx_word' id='word_1_157' title='bbox 3669 962 3741 1015; x_wconf 91' lang='lat' dir='ltr'><strong>ad</strong></span> 
     </span>
    </p>
   </div>
   <div class='ocr_carea' id='block_1_25' title="bbox 2145 1054 3743 1130">
    <p class='ocr_par' dir='ltr' id='par_1_25' title="bbox 2145 1054 3743 1130">
     <span class='ocr_line' id='line_1_25' title="bbox 2145 1054 3743 1130; baseline -0.004 -17"><span class='ocrx_word' id='word_1_158' title='bbox 2145 1059 2368 1130; x_wconf 89' lang='lat' dir='ltr'><strong>plenum</strong></span> <span class='ocrx_word' id='word_1_159' title='bbox 2422 1059 2677 1130; x_wconf 89' lang='lat' dir='ltr'><strong>imbutus,</strong></span> <span class='ocrx_word' id='word_1_160' title='bbox 2726 1058 3031 1113; x_wconf 85' lang='lat' dir='ltr'><strong>divinarum</strong></span> <span class='ocrx_word' id='word_1_161' title='bbox 3086 1056 3301 1128; x_wconf 84' lang='lat' dir='ltr'><strong>paginis</strong></span> <span class='ocrx_word' id='word_1_162' title='bbox 3328 1054 3627 1109; x_wconf 89' lang='lat' dir='ltr'><strong>litterarum</strong></span> <span class='ocrx_word' id='word_1_163' title='bbox 3649 1066 3743 1107; x_wconf 90' lang='lat' dir='ltr'><strong>se-</strong></span> 
     </span>
    </p>
   </div>
   <div class='ocr_carea' id='block_1_26' title="bbox 2145 1143 3744 1215">
    <p class='ocr_par' dir='ltr' id='par_1_26' title="bbox 2145 1143 3744 1215">
     <span class='ocr_line' id='line_1_26' title="bbox 2145 1143 3744 1215; baseline -0.006 -11"><span class='ocrx_word' id='word_1_164' title='bbox 2145 1149 2271 1204; x_wconf 87' lang='lat' dir='ltr'><strong>dula</strong></span> <span class='ocrx_word' id='word_1_165' title='bbox 2329 1150 2629 1204; x_wconf 87' lang='lat' dir='ltr'><strong>intentione</strong></span> <span class='ocrx_word' id='word_1_166' title='bbox 2674 1149 2911 1203; x_wconf 88' lang='lat' dir='ltr'><strong>animum</strong></span> <span class='ocrx_word' id='word_1_167' title='bbox 2967 1148 3147 1202; x_wconf 88' lang='lat' dir='ltr'><strong>tradit.</strong></span> <span class='ocrx_word' id='word_1_168' title='bbox 3208 1147 3286 1200; x_wconf 89' lang='lat' dir='ltr'><strong>Ex</strong></span> <span class='ocrx_word' id='word_1_169' title='bbox 3318 1143 3526 1215; x_wconf 86' lang='lat' dir='ltr'><strong>quibus</strong></span> <span class='ocrx_word' id='word_1_170' title='bbox 3558 1148 3744 1195; x_wconf 86' lang='lat' dir='ltr'><strong>sancto</strong></span> 
     </span>
    </p>
   </div>
   <div class='ocr_carea' id='block_1_27' title="bbox 2144 1236 3745 1310">
    <p class='ocr_par' dir='ltr' id='par_1_27' title="bbox 2144 1236 3745 1310">
     <span class='ocr_line' id='line_1_27' title="bbox 2144 1236 3745 1310; baseline -0.009 -17"><span class='ocrx_word' id='word_1_171' title='bbox 2144 1237 2419 1293; x_wconf 87' lang='lat' dir='ltr'><strong>charitatis</strong></span> <span class='ocrx_word' id='word_1_172' title='bbox 2470 1238 2597 1310; x_wconf 87' lang='lat' dir='ltr'><strong>igne</strong></span> <span class='ocrx_word' id='word_1_173' title='bbox 2636 1238 2688 1292; x_wconf 93' lang='lat' dir='ltr'><strong>in</strong></span> <span class='ocrx_word' id='word_1_174' title='bbox 2748 1239 2919 1292; x_wconf 90' lang='lat' dir='ltr'><strong>Deum</strong></span> <span class='ocrx_word' id='word_1_175' title='bbox 2968 1236 3379 1307; x_wconf 85' lang='lat' dir='ltr'><strong>proximumque</strong></span> <span class='ocrx_word' id='word_1_176' title='bbox 3432 1244 3745 1285; x_wconf 63' lang='lat' dir='ltr'><strong>succensus.</strong></span> 
     </span>
    </p>
   </div>
   <div class='ocr_carea' id='block_1_28' title="bbox 2145 1316 3749 1397">
    <p class='ocr_par' dir='ltr' id='par_1_28' title="bbox 2145 1316 3749 1397">
     <span class='ocr_line' id='line_1_28' title="bbox 2145 1316 3749 1397; baseline -0.006 -18"><span class='ocrx_word' id='word_1_177' title='bbox 2145 1326 2200 1380; x_wconf 95' lang='lat' dir='ltr'><strong>in</strong></span> <span class='ocrx_word' id='word_1_178' title='bbox 2256 1331 2627 1397; x_wconf 88' lang='lat' dir='ltr'><strong>contemptum</strong></span> <span class='ocrx_word' id='word_1_179' title='bbox 2686 1326 2871 1381; x_wconf 90' lang='lat' dir='ltr'><strong>mundi</strong></span> <span class='ocrx_word' id='word_1_180' title='bbox 2930 1333 3072 1381; x_wconf 89' lang='lat' dir='ltr'><strong>totus</strong></span> <span class='ocrx_word' id='word_1_181' title='bbox 3127 1322 3380 1394; x_wconf 84' lang='lat' dir='ltr'><strong>erigitur,</strong></span> <span class='ocrx_word' id='word_1_182' title='bbox 3413 1326 3468 1374; x_wconf 90' lang='lat' dir='ltr'><strong>et</strong></span> <span class='ocrx_word' id='word_1_183' title='bbox 3516 1316 3749 1388; x_wconf 80' lang='lat' dir='ltr'><strong>qualiter</strong></span> 
     </span>
    </p>
   </div>
   <div class='ocr_carea' id='block_1_29' title="bbox 2143 1402 3749 1479">
    <p class='ocr_par' dir='ltr' id='par_1_29' title="bbox 2143 1402 3749 1479">
     <span class='ocr_line' id='line_1_29' title="bbox 2143 1402 3749 1479; baseline -0.008 -10"><span class='ocrx_word' id='word_1_184' title='bbox 2143 1416 2367 1471; x_wconf 88' lang='lat' dir='ltr'><strong>servitio</strong></span> <span class='ocrx_word' id='word_1_185' title='bbox 2424 1416 2522 1470; x_wconf 90' lang='lat' dir='ltr'><strong>Dei</strong></span> <span class='ocrx_word' id='word_1_186' title='bbox 2554 1423 2849 1472; x_wconf 87' lang='lat' dir='ltr'><strong>mereretur</strong></span> <span class='ocrx_word' id='word_1_187' title='bbox 2891 1414 3038 1470; x_wconf 88' lang='lat' dir='ltr'><strong>omni</strong></span> <span class='ocrx_word' id='word_1_188' title='bbox 3089 1411 3254 1468; x_wconf 90' lang='lat' dir='ltr'><strong>modo</strong></span> <span class='ocrx_word' id='word_1_189' title='bbox 3281 1408 3477 1466; x_wconf 89' lang='lat' dir='ltr'><strong>ascisci</strong></span> <span class='ocrx_word' id='word_1_190' title='bbox 3515 1402 3749 1479; x_wconf 82' lang='lat' dir='ltr'><strong>singulis</strong></span> 
     </span>
    </p>
   </div>
   <div class='ocr_carea' id='block_1_30' title="bbox 2143 1504 2627 1560">
    <p class='ocr_par' dir='ltr' id='par_1_30' title="bbox 2143 1504 2627 1560">
     <span class='ocr_line' id='line_1_30' title="bbox 2143 1504 2627 1560; baseline 0 -1"><span class='ocrx_word' id='word_1_191' title='bbox 2143 1504 2292 1560; x_wconf 88' lang='lat' dir='ltr'><strong>boris</strong></span> <span class='ocrx_word' id='word_1_192' title='bbox 2322 1504 2627 1559; x_wconf 86' lang='lat' dir='ltr'><strong>meditatur.</strong></span> 
     </span>
    </p>
   </div>
   <div class='ocr_carea' id='block_1_31' title="bbox 2215 1592 3748 1663">
    <p class='ocr_par' dir='ltr' id='par_1_31' title="bbox 2215 1592 3748 1663">
     <span class='ocr_line' id='line_1_31' title="bbox 2215 1592 3748 1663; baseline -0.007 -16"><span class='ocrx_word' id='word_1_193' title='bbox 2215 1595 2357 1648; x_wconf 85' lang='lat' dir='ltr'><strong>Inter</strong></span> <span class='ocrx_word' id='word_1_194' title='bbox 2384 1594 2504 1650; x_wconf 67' lang='lat' dir='ltr'><strong>haec</strong></span> <span class='ocrx_word' id='word_1_195' title='bbox 2533 1592 2875 1648; x_wconf 86' lang='lat' dir='ltr'><strong>Wintoniam</strong></span> <span class='ocrx_word' id='word_1_196' title='bbox 2896 1593 3010 1663; x_wconf 74' lang='lat'><strong>(20)</strong></span> <span class='ocrx_word' id='word_1_197' title='bbox 3041 1606 3072 1646; x_wconf 90' lang='lat' dir='ltr'><strong>a</strong></span> <span class='ocrx_word' id='word_1_198' title='bbox 3098 1597 3292 1662; x_wconf 87' lang='lat' dir='ltr'><strong>patruo</strong></span> <span class='ocrx_word' id='word_1_199' title='bbox 3306 1603 3407 1643; x_wconf 91' lang='lat' dir='ltr'><strong>suo</strong></span> <span class='ocrx_word' id='word_1_200' title='bbox 3433 1600 3595 1657; x_wconf 85' lang='lat' dir='ltr'><strong>supra</strong></span> <span class='ocrx_word' id='word_1_201' title='bbox 3622 1599 3748 1639; x_wconf 89' lang='lat' dir='ltr'><strong>me-</strong></span> 
     </span>
    </p>
   </div>
   <div class='ocr_carea' id='block_1_32' title="bbox 2144 1671 3745 1754">
    <p class='ocr_par' dir='ltr' id='par_1_32' title="bbox 2144 1671 3745 1754">
     <span class='ocr_line' id='line_1_32' title="bbox 2144 1671 3745 1754; baseline -0.007 -19"><span class='ocrx_word' id='word_1_202' title='bbox 2144 1690 2354 1738; x_wconf 87' lang='lat' dir='ltr'><strong>morato</strong></span> <span class='ocrx_word' id='word_1_203' title='bbox 2380 1682 2589 1737; x_wconf 77' lang='lat' dir='ltr'><strong>scilicet</strong></span> <span class='ocrx_word' id='word_1_204' title='bbox 2607 1682 2853 1754; x_wconf 82' lang='lat' dir='ltr'><strong>glorioso</strong></span> <span class='ocrx_word' id='word_1_205' title='bbox 2869 1681 3061 1737; x_wconf 89' lang='lat' dir='ltr'><strong>Odone</strong></span> <span class='ocrx_word' id='word_1_206' title='bbox 3078 1679 3349 1750; x_wconf 86' lang='lat' dir='ltr'><strong>dirigitur,</strong></span> <span class='ocrx_word' id='word_1_207' title='bbox 3372 1682 3635 1747; x_wconf 87' lang='lat' dir='ltr'><strong>quatenus</strong></span> <span class='ocrx_word' id='word_1_208' title='bbox 3665 1671 3745 1725; x_wconf 90' lang='lat' dir='ltr'><strong>ibi</strong></span> 
     </span>
    </p>
   </div>
   <div class='ocr_carea' id='block_1_33' title="bbox 437 1759 3748 1850">
    <p class='ocr_par' dir='ltr' id='par_1_33' title="bbox 437 1759 3748 1850">
     <span class='ocr_line' id='line_1_33' title="bbox 437 1759 3748 1850; baseline -0.001 -34"><span class='ocrx_word' id='word_1_209' title='bbox 437 1763 698 1832; x_wconf 89' lang='lat' dir='ltr'><strong>quitatum</strong></span> <span class='ocrx_word' id='word_1_210' title='bbox 752 1766 898 1823; x_wconf 91' lang='lat' dir='ltr'><strong>illius</strong></span> <span class='ocrx_word' id='word_1_211' title='bbox 925 1769 1180 1840; x_wconf 90' lang='lat' dir='ltr'><strong>publicus</strong></span> <span class='ocrx_word' id='word_1_212' title='bbox 1210 1772 1378 1827; x_wconf 85' lang='lat' dir='ltr'><strong>hostis</strong></span> <span class='ocrx_word' id='word_1_213' title='bbox 1423 1767 1642 1826; x_wconf 66' lang='lat' dir='ltr'><strong>effectus</strong></span> <span class='ocrx_word' id='word_1_214' title='bbox 1670 1778 1769 1837; x_wconf 89' lang='lat' dir='ltr'><strong>est,</strong></span> <span class='ocrx_word' id='word_1_215' title='bbox 1802 1784 1901 1823; x_wconf 91' lang='lat' dir='ltr'><strong>nec</strong></span> <span class='ocrx_word' id='word_1_216' title='bbox 1931 1767 2031 1821; x_wconf 91' lang='lat' dir='ltr'><strong>de-</strong></span> <span class='ocrx_word' id='word_1_217' title='bbox 2059 1788 2116 1850; x_wconf 82' lang='grc' dir='ltr'>Β</span> <span class='ocrx_word' id='word_1_218' title='bbox 2149 1772 2374 1844; x_wconf 89' lang='lat' dir='ltr'><strong>degens,</strong></span> <span class='ocrx_word' id='word_1_219' title='bbox 2434 1772 2477 1827; x_wconf 88' lang='lat' dir='ltr'><strong>si</strong></span> <span class='ocrx_word' id='word_1_220' title='bbox 2534 1788 2698 1843; x_wconf 90' lang='lat' dir='ltr'><strong>quam</strong></span> <span class='ocrx_word' id='word_1_221' title='bbox 2747 1770 2881 1827; x_wconf 90' lang='lat' dir='ltr'><strong>forte</strong></span> <span class='ocrx_word' id='word_1_222' title='bbox 2910 1770 2965 1824; x_wconf 90' lang='lat' dir='ltr'><strong>in</strong></span> <span class='ocrx_word' id='word_1_223' title='bbox 2992 1769 3268 1825; x_wconf 86' lang='lat' dir='ltr'><strong>canonicis</strong></span> <span class='ocrx_word' id='word_1_224' title='bbox 3295 1767 3435 1823; x_wconf 88' lang='lat' dir='ltr'><strong>viam</strong></span> <span class='ocrx_word' id='word_1_225' title='bbox 3459 1763 3583 1819; x_wconf 63' lang='lat' dir='ltr'><strong>vita:</strong></span> <span class='ocrx_word' id='word_1_226' title='bbox 3614 1759 3748 1816; x_wconf 90' lang='lat' dir='ltr'><strong>imi-</strong></span> 
     </span>
    </p>
   </div>
   <div class='ocr_carea' id='block_1_34' title="bbox 435 1850 2034 1930">
    <p class='ocr_par' dir='ltr' id='par_1_34' title="bbox 435 1850 2034 1930">
     <span class='ocr_line' id='line_1_34' title="bbox 435 1850 2034 1930; baseline 0.004 -27"><span class='ocrx_word' id='word_1_227' title='bbox 435 1850 567 1905; x_wconf 89' lang='lat' dir='ltr'><strong>stitit</strong></span> <span class='ocrx_word' id='word_1_228' title='bbox 624 1852 799 1911; x_wconf 91' lang='lat' dir='ltr'><strong>donec</strong></span> <span class='ocrx_word' id='word_1_229' title='bbox 857 1859 1050 1928; x_wconf 85' lang='lat' dir='ltr'><strong>sopitis</strong></span> <span class='ocrx_word' id='word_1_230' title='bbox 1076 1860 1367 1916; x_wconf 90' lang='lat' dir='ltr'><strong>incestibus</strong></span> <span class='ocrx_word' id='word_1_231' title='bbox 1422 1875 1652 1930; x_wconf 83' lang='lat' dir='ltr'><strong>regnum</strong></span> <span class='ocrx_word' id='word_1_232' title='bbox 1699 1859 1767 1913; x_wconf 88' lang='lat' dir='ltr'><strong>ab</strong></span> <span class='ocrx_word' id='word_1_233' title='bbox 1798 1855 2034 1911; x_wconf 64' lang='lat' dir='ltr'><strong>infandae</strong></span> 
     </span>
    </p>
   </div>
   <div class='ocr_carea' id='block_1_35' title="bbox 435 1940 2044 2018">
    <p class='ocr_par' dir='ltr' id='par_1_35' title="bbox 435 1940 2044 2018">
     <span class='ocr_line' id='line_1_35' title="bbox 435 1940 2044 2018; baseline 0.004 -25"><span class='ocrx_word' id='word_1_234' title='bbox 435 1940 679 1996; x_wconf 86' lang='lat' dir='ltr'><strong>mulieris</strong></span> <span class='ocrx_word' id='word_1_235' title='bbox 718 1944 962 2015; x_wconf 80' lang='lat' dir='ltr'><strong>infamia,</strong></span> <span class='ocrx_word' id='word_1_236' title='bbox 1012 1949 1101 2003; x_wconf 90' lang='lat' dir='ltr'><strong>cui</strong></span> <span class='ocrx_word' id='word_1_237' title='bbox 1130 1963 1230 2004; x_wconf 82' lang='lat' dir='ltr'><strong>rex</strong></span> <span class='ocrx_word' id='word_1_238' title='bbox 1261 1949 1404 2003; x_wconf 90' lang='lat' dir='ltr'><strong>idem</strong></span> <span class='ocrx_word' id='word_1_239' title='bbox 1448 1949 1658 2003; x_wconf 86' lang='lat' dir='ltr'><strong>omissa</strong></span> <span class='ocrx_word' id='word_1_240' title='bbox 1688 1946 1920 2018; x_wconf 86' lang='lat' dir='ltr'><strong>conjuge</strong></span> <span class='ocrx_word' id='word_1_241' title='bbox 1948 1959 2044 1999; x_wconf 81' lang='lat' dir='ltr'><strong>sua</strong></span> 
     </span>
    </p>
   </div>
   <div class='ocr_carea' id='block_1_36' title="bbox 440 2029 2043 2109">
    <p class='ocr_par' dir='ltr' id='par_1_36' title="bbox 440 2029 2043 2109">
     <span class='ocr_line' id='line_1_36' title="bbox 440 2029 2043 2109; baseline 0.004 -28"><span class='ocrx_word' id='word_1_242' title='bbox 440 2029 627 2098; x_wconf 87' lang='lat' dir='ltr'><strong>sapius</strong></span> <span class='ocrx_word' id='word_1_243' title='bbox 670 2035 1151 2105; x_wconf 85' lang='lat' dir='ltr'><strong>commiscebatur,</strong></span> <span class='ocrx_word' id='word_1_244' title='bbox 1212 2045 1572 2109; x_wconf 83' lang='lat' dir='ltr'><strong>expurgaret.</strong></span> <span class='ocrx_word' id='word_1_245' title='bbox 1610 2037 1744 2092; x_wconf 87' lang='lat' dir='ltr'><strong>Eam</strong></span> <span class='ocrx_word' id='word_1_246' title='bbox 1777 2035 2043 2106; x_wconf 82' lang='lat' dir='ltr'><strong>siquidem</strong></span> 
     </span>
    </p>
   </div>
   <div class='ocr_carea' id='block_1_37' title="bbox 438 2120 2046 2196">
    <p class='ocr_par' dir='ltr' id='par_1_37' title="bbox 438 2120 2046 2196">
     <span class='ocr_line' id='line_1_37' title="bbox 438 2120 2046 2196; baseline 0.003 -27"><span class='ocrx_word' id='word_1_247' title='bbox 438 2131 659 2172; x_wconf 89' lang='lat' dir='ltr'><strong>suorum</strong></span> <span class='ocrx_word' id='word_1_248' title='bbox 716 2121 950 2178; x_wconf 89' lang='lat' dir='ltr'><strong>militum</strong></span> <span class='ocrx_word' id='word_1_249' title='bbox 1011 2140 1171 2179; x_wconf 88' lang='lat' dir='ltr'><strong>manu</strong></span> <span class='ocrx_word' id='word_1_250' title='bbox 1226 2125 1486 2195; x_wconf 83' lang='lat' dir='ltr'><strong>vallatus,</strong></span> <span class='ocrx_word' id='word_1_251' title='bbox 1534 2140 1567 2180; x_wconf 92' lang='lat' dir='ltr'><strong>a</strong></span> <span class='ocrx_word' id='word_1_252' title='bbox 1595 2124 1767 2196; x_wconf 86' lang='lat' dir='ltr'><strong>regali</strong></span> <span class='ocrx_word' id='word_1_253' title='bbox 1811 2122 1960 2179; x_wconf 88' lang='lat' dir='ltr'><strong>curia</strong></span> <span class='ocrx_word' id='word_1_254' title='bbox 1989 2120 2046 2175; x_wconf 90' lang='lat' dir='ltr'><strong>in</strong></span> 
     </span>
    </p>
   </div>
   <div class='ocr_carea' id='block_1_38' title="bbox 438 2206 2043 2285">
    <p class='ocr_par' dir='ltr' id='par_1_38' title="bbox 438 2206 2043 2285">
     <span class='ocr_line' id='line_1_38' title="bbox 438 2206 2043 2285; baseline 0.004 -25"><span class='ocrx_word' id='word_1_255' title='bbox 438 2221 551 2274; x_wconf 87' lang='lat' dir='ltr'><strong>qua</strong></span> <span class='ocrx_word' id='word_1_256' title='bbox 577 2209 907 2266; x_wconf 81' lang='lat' dir='ltr'><strong>mansitabat</strong></span> <span class='ocrx_word' id='word_1_257' title='bbox 952 2212 1007 2268; x_wconf 93' lang='lat' dir='ltr'><strong>vi</strong></span> <span class='ocrx_word' id='word_1_258' title='bbox 1037 2206 1283 2283; x_wconf 83' lang='lat' dir='ltr'><strong>abduxit,</strong></span> <span class='ocrx_word' id='word_1_259' title='bbox 1314 2214 1603 2270; x_wconf 91' lang='lat' dir='ltr'><strong>abductam</strong></span> <span class='ocrx_word' id='word_1_260' title='bbox 1651 2222 1911 2285; x_wconf 88' lang='lat' dir='ltr'><strong>perpetuo</strong></span> <span class='ocrx_word' id='word_1_261' title='bbox 1945 2228 2043 2267; x_wconf 77' lang='lat' dir='ltr'><strong>ex-</strong></span> 
     </span>
    </p>
   </div>
   <div class='ocr_carea' id='block_1_39' title="bbox 441 2293 2045 2374">
    <p class='ocr_par' dir='ltr' id='par_1_39' title="bbox 441 2293 2045 2374">
     <span class='ocr_line' id='line_1_39' title="bbox 441 2293 2045 2374; baseline 0.004 -26"><span class='ocrx_word' id='word_1_262' title='bbox 441 2293 561 2350; x_wconf 89' lang='lat' dir='ltr'><strong>silio</strong></span> <span class='ocrx_word' id='word_1_263' title='bbox 592 2296 647 2351; x_wconf 91' lang='lat' dir='ltr'><strong>in</strong></span> <span class='ocrx_word' id='word_1_264' title='bbox 677 2298 935 2355; x_wconf 83' lang='lat' dir='ltr'><strong>Hibernia</strong></span> <span class='ocrx_word' id='word_1_265' title='bbox 967 2303 1368 2360; x_wconf 85' lang='lat' dir='ltr'><strong>condemnavit.</strong></span> <span class='ocrx_word' id='word_1_266' title='bbox 1411 2304 1538 2358; x_wconf 89' lang='lat' dir='ltr'><strong>Erat</strong></span> <span class='ocrx_word' id='word_1_267' title='bbox 1568 2304 1771 2374; x_wconf 87' lang='lat' dir='ltr'><strong>quippe</strong></span> <span class='ocrx_word' id='word_1_268' title='bbox 1800 2302 1884 2357; x_wconf 90' lang='lat' dir='ltr'><strong>vir</strong></span> <span class='ocrx_word' id='word_1_269' title='bbox 1910 2300 2045 2357; x_wconf 81' lang='lat' dir='ltr'><strong>viri-</strong></span> 
     </span>
    </p>
   </div>
   <div class='ocr_carea' id='block_1_40' title="bbox 442 2382 2051 2464">
    <p class='ocr_par' dir='ltr' id='par_1_40' title="bbox 442 2382 2051 2464">
     <span class='ocr_line' id='line_1_40' title="bbox 442 2382 2051 2464; baseline 0 -19"><span class='ocrx_word' id='word_1_270' title='bbox 442 2382 544 2439; x_wconf 80' lang='lat' dir='ltr'><strong>bus</strong></span> <span class='ocrx_word' id='word_1_271' title='bbox 604 2401 759 2455; x_wconf 82' lang='lat' dir='ltr'><strong>purae</strong></span> <span class='ocrx_word' id='word_1_272' title='bbox 814 2391 1083 2461; x_wconf 68' lang='lat' dir='ltr'><strong>aequitatis</strong></span> <span class='ocrx_word' id='word_1_273' title='bbox 1139 2409 1239 2464; x_wconf 90' lang='lat' dir='ltr'><strong>per</strong></span> <span class='ocrx_word' id='word_1_274' title='bbox 1294 2392 1478 2449; x_wconf 87' lang='lat' dir='ltr'><strong>omnia</strong></span> <span class='ocrx_word' id='word_1_275' title='bbox 1519 2392 1703 2461; x_wconf 88' lang='lat' dir='ltr'><strong>fultus,</strong></span> <span class='ocrx_word' id='word_1_276' title='bbox 1760 2407 1860 2447; x_wconf 88' lang='lat' dir='ltr'><strong>nec</strong></span> <span class='ocrx_word' id='word_1_277' title='bbox 1890 2387 2051 2447; x_wconf 89' lang='lat' dir='ltr'><strong>alicui</strong></span> 
     </span>
    </p>
   </div>
   <div class='ocr_carea' id='block_1_41' title="bbox 439 2472 2051 2551">
    <p class='ocr_par' dir='ltr' id='par_1_41' title="bbox 439 2472 2051 2551">
     <span class='ocr_line' id='line_1_41' title="bbox 439 2472 2051 2551; baseline 0.005 -23"><span class='ocrx_word' id='word_1_278' title='bbox 439 2472 740 2545; x_wconf 88' lang='lat' dir='ltr'><strong>iniquitatis</strong></span> <span class='ocrx_word' id='word_1_279' title='bbox 787 2478 1031 2537; x_wconf 89' lang='lat' dir='ltr'><strong>ministro</strong></span> <span class='ocrx_word' id='word_1_280' title='bbox 1081 2480 1287 2551; x_wconf 85' lang='lat' dir='ltr'><strong>favens,</strong></span> <span class='ocrx_word' id='word_1_281' title='bbox 1319 2482 1582 2538; x_wconf 86' lang='lat' dir='ltr'><strong>voluntati</strong></span> <span class='ocrx_word' id='word_1_282' title='bbox 1629 2480 1727 2536; x_wconf 88' lang='lat' dir='ltr'><strong>Dei</strong></span> <span class='ocrx_word' id='word_1_283' title='bbox 1756 2482 1810 2535; x_wconf 90' lang='lat' dir='ltr'><strong>in</strong></span> <span class='ocrx_word' id='word_1_284' title='bbox 1841 2479 2051 2536; x_wconf 87' lang='lat' dir='ltr'><strong>cunctis</strong></span> 
     </span>
    </p>
   </div>
   <div class='ocr_carea' id='block_1_42' title="bbox 449 2564 2050 2642">
    <p class='ocr_par' dir='ltr' id='par_1_42' title="bbox 449 2564 2050 2642">
     <span class='ocr_line' id='line_1_42' title="bbox 449 2564 2050 2642; baseline 0.003 -24"><span class='ocrx_word' id='word_1_285' title='bbox 449 2564 675 2638; x_wconf 88' lang='lat' dir='ltr'><strong>obsequi</strong></span> <span class='ocrx_word' id='word_1_286' title='bbox 704 2569 1004 2641; x_wconf 85' lang='lat' dir='ltr'><strong>satagebat.</strong></span> <span class='ocrx_word' id='word_1_287' title='bbox 1052 2569 1401 2642; x_wconf 85' lang='lat' dir='ltr'><strong>Quapropter</strong></span> <span class='ocrx_word' id='word_1_288' title='bbox 1429 2580 1482 2627; x_wconf 91' lang='lat' dir='ltr'><strong>et</strong></span> <span class='ocrx_word' id='word_1_289' title='bbox 1506 2572 1650 2626; x_wconf 89' lang='lat' dir='ltr'><strong>Deus</strong></span> <span class='ocrx_word' id='word_1_290' title='bbox 1679 2571 1727 2626; x_wconf 89' lang='lat' dir='ltr'><strong>ei</strong></span> <span class='ocrx_word' id='word_1_291' title='bbox 1757 2586 1853 2625; x_wconf 89' lang='lat' dir='ltr'><strong>sua</strong></span> <span class='ocrx_word' id='word_1_292' title='bbox 1882 2570 2050 2624; x_wconf 81' lang='lat' dir='ltr'><strong>mise-</strong></span> 
     </span>
    </p>
   </div>
   <div class='ocr_carea' id='block_1_43' title="bbox 454 2653 2053 2729">
    <p class='ocr_par' dir='ltr' id='par_1_43' title="bbox 454 2653 2053 2729">
     <span class='ocr_line' id='line_1_43' title="bbox 454 2653 2053 2729; baseline 0.002 -21"><span class='ocrx_word' id='word_1_293' title='bbox 454 2653 684 2710; x_wconf 91' lang='lat' dir='ltr'><strong>ricordia</strong></span> <span class='ocrx_word' id='word_1_294' title='bbox 715 2672 933 2729; x_wconf 86' lang='lat' dir='ltr'><strong>semper</strong></span> <span class='ocrx_word' id='word_1_295' title='bbox 961 2659 1170 2728; x_wconf 88' lang='lat' dir='ltr'><strong>aderat,</strong></span> <span class='ocrx_word' id='word_1_296' title='bbox 1194 2676 1257 2716; x_wconf 88' lang='lat' dir='ltr'><strong>ac</strong></span> <span class='ocrx_word' id='word_1_297' title='bbox 1284 2660 1545 2716; x_wconf 85' lang='lat' dir='ltr'><strong>voluntati</strong></span> <span class='ocrx_word' id='word_1_298' title='bbox 1566 2660 1714 2715; x_wconf 90' lang='lat' dir='ltr'><strong>illius</strong></span> <span class='ocrx_word' id='word_1_299' title='bbox 1743 2675 1899 2713; x_wconf 88' lang='lat' dir='ltr'><strong>aures</strong></span> <span class='ocrx_word' id='word_1_300' title='bbox 1929 2675 2053 2713; x_wconf 88' lang='lat' dir='ltr'><strong>suas</strong></span> 
     </span>
    </p>
   </div>
   <div class='ocr_carea' id='block_1_44' title="bbox 452 2742 2054 2820">
    <p class='ocr_par' dir='ltr' id='par_1_44' title="bbox 452 2742 2054 2820">
     <span class='ocr_line' id='line_1_44' title="bbox 452 2742 2054 2820; baseline 0.004 -24"><span class='ocrx_word' id='word_1_301' title='bbox 452 2742 770 2799; x_wconf 88' lang='lat' dir='ltr'><strong>inclinabat.</strong></span> <span class='ocrx_word' id='word_1_302' title='bbox 827 2748 989 2802; x_wconf 83' lang='lat' dir='ltr'><strong>Verbi</strong></span> <span class='ocrx_word' id='word_1_303' title='bbox 1052 2750 1233 2820; x_wconf 88' lang='lat' dir='ltr'><strong>gratia</strong></span> <span class='ocrx_word' id='word_1_304' title='bbox 1284 2750 1518 2819; x_wconf 88' lang='lat' dir='ltr'><strong>parietes</strong></span> <span class='ocrx_word' id='word_1_305' title='bbox 1565 2748 1810 2804; x_wconf 71' lang='lat' dir='ltr'><strong>ecclesiae</strong></span> <span class='ocrx_word' id='word_1_306' title='bbox 1855 2746 2054 2803; x_wconf 87' lang='lat' dir='ltr'><strong>Christi</strong></span> 
     </span>
    </p>
   </div>
   <div class='ocr_carea' id='block_1_45' title="bbox 454 2831 2053 2907">
    <p class='ocr_par' dir='ltr' id='par_1_45' title="bbox 454 2831 2053 2907">
     <span class='ocr_line' id='line_1_45' title="bbox 454 2831 2053 2907; baseline 0.003 -22"><span class='ocrx_word' id='word_1_307' title='bbox 454 2831 884 2889; x_wconf 90' lang='lat' dir='ltr'><strong>Dorobernensis</strong></span> <span class='ocrx_word' id='word_1_308' title='bbox 911 2852 1022 2892; x_wconf 66' lang='lat' dir='ltr'><strong>sua:</strong></span> <span class='ocrx_word' id='word_1_309' title='bbox 1063 2837 1321 2893; x_wconf 89' lang='lat' dir='ltr'><strong>videlicet</strong></span> <span class='ocrx_word' id='word_1_310' title='bbox 1348 2837 1493 2891; x_wconf 88' lang='lat' dir='ltr'><strong>sedis</strong></span> <span class='ocrx_word' id='word_1_311' title='bbox 1534 2836 1590 2891; x_wconf 92' lang='lat' dir='ltr'><strong>in</strong></span> <span class='ocrx_word' id='word_1_312' title='bbox 1619 2837 1863 2891; x_wconf 89' lang='lat' dir='ltr'><strong>altiorem</strong></span> <span class='ocrx_word' id='word_1_313' title='bbox 1893 2851 2053 2907; x_wconf 89' lang='lat' dir='ltr'><strong>quam</strong></span> 
     </span>
    </p>
   </div>
   <div class='ocr_carea' id='block_1_46' title="bbox 459 2925 2057 2997">
    <p class='ocr_par' dir='ltr' id='par_1_46' title="bbox 459 2925 2057 2997">
     <span class='ocr_line' id='line_1_46' title="bbox 459 2925 2057 2997; baseline 0.003 -22"><span class='ocrx_word' id='word_1_314' title='bbox 459 2928 573 2975; x_wconf 88' lang='lat' dir='ltr'><strong>erat</strong></span> <span class='ocrx_word' id='word_1_315' title='bbox 633 2929 831 2977; x_wconf 86' lang='lat' dir='ltr'><strong>statum</strong></span> <span class='ocrx_word' id='word_1_316' title='bbox 891 2925 1104 2980; x_wconf 87' lang='lat' dir='ltr'><strong>sublato</strong></span> <span class='ocrx_word' id='word_1_317' title='bbox 1169 2934 1307 2981; x_wconf 92' lang='lat' dir='ltr'><strong>tecto</strong></span> <span class='ocrx_word' id='word_1_318' title='bbox 1363 2926 1478 2997; x_wconf 90' lang='lat' dir='ltr'><strong>ipse</strong></span> <span class='ocrx_word' id='word_1_319' title='bbox 1533 2927 1691 2980; x_wconf 90' lang='lat' dir='ltr'><strong>Pater</strong></span> <span class='ocrx_word' id='word_1_320' title='bbox 1737 2932 2057 2980; x_wconf 88' lang='lat' dir='ltr'><strong>construere</strong></span> 
     </span>
    </p>
   </div>
   <div class='ocr_carea' id='block_1_47' title="bbox 457 3008 2060 3086">
    <p class='ocr_par' dir='ltr' id='par_1_47' title="bbox 457 3008 2060 3086">
     <span class='ocr_line' id='line_1_47' title="bbox 457 3008 2060 3086; baseline 0.002 -23"><span class='ocrx_word' id='word_1_321' title='bbox 457 3008 669 3079; x_wconf 86' lang='lat' dir='ltr'><strong>volens,</strong></span> <span class='ocrx_word' id='word_1_322' title='bbox 703 3027 766 3066; x_wconf 91' lang='lat' dir='ltr'><strong>ac</strong></span> <span class='ocrx_word' id='word_1_323' title='bbox 794 3012 931 3068; x_wconf 89' lang='lat' dir='ltr'><strong>velle</strong></span> <span class='ocrx_word' id='word_1_324' title='bbox 961 3029 1120 3069; x_wconf 91' lang='lat' dir='ltr'><strong>suum</strong></span> <span class='ocrx_word' id='word_1_325' title='bbox 1150 3014 1297 3070; x_wconf 89' lang='lat' dir='ltr'><strong>facto</strong></span> <span class='ocrx_word' id='word_1_326' title='bbox 1316 3015 1642 3086; x_wconf 88' lang='lat' dir='ltr'><strong>adimplens,</strong></span> <span class='ocrx_word' id='word_1_327' title='bbox 1674 3015 1849 3070; x_wconf 90' lang='lat' dir='ltr'><strong>oravit</strong></span> <span class='ocrx_word' id='word_1_328' title='bbox 1878 3013 2060 3068; x_wconf 86' lang='lat' dir='ltr'><strong>Domi-</strong></span> 
     </span>
    </p>
   </div>
   <div class='ocr_carea' id='block_1_48' title="bbox 454 3101 2055 3174">
    <p class='ocr_par' dir='ltr' id='par_1_48' title="bbox 454 3101 2055 3174">
     <span class='ocr_line' id='line_1_48' title="bbox 454 3101 2055 3174; baseline 0.002 -21"><span class='ocrx_word' id='word_1_329' title='bbox 454 3114 585 3153; x_wconf 88' lang='lat' dir='ltr'><strong>num</strong></span> <span class='ocrx_word' id='word_1_330' title='bbox 619 3107 678 3155; x_wconf 93' lang='lat' dir='ltr'><strong>ut</strong></span> <span class='ocrx_word' id='word_1_331' title='bbox 716 3102 955 3170; x_wconf 88' lang='lat' dir='ltr'><strong>quandiu</strong></span> <span class='ocrx_word' id='word_1_332' title='bbox 985 3102 1103 3172; x_wconf 88' lang='lat' dir='ltr'><strong>ipsa</strong></span> <span class='ocrx_word' id='word_1_333' title='bbox 1128 3103 1228 3159; x_wconf 91' lang='lat' dir='ltr'><strong>Dei</strong></span> <span class='ocrx_word' id='word_1_334' title='bbox 1278 3104 1471 3159; x_wconf 89' lang='lat' dir='ltr'><strong>domus</strong></span> <span class='ocrx_word' id='word_1_335' title='bbox 1498 3103 1807 3174; x_wconf 84' lang='lat' dir='ltr'><strong>integritate</strong></span> <span class='ocrx_word' id='word_1_336' title='bbox 1837 3101 1920 3157; x_wconf 85' lang='lat' dir='ltr'><strong>sui</strong></span> <span class='ocrx_word' id='word_1_337' title='bbox 1958 3116 2055 3157; x_wconf 91' lang='lat' dir='ltr'><strong>ca-</strong></span> 
     </span>
    </p>
   </div>
   <div class='ocr_carea' id='block_1_49' title="bbox 452 3189 2055 3263">
    <p class='ocr_par' dir='ltr' id='par_1_49' title="bbox 452 3189 2055 3263">
     <span class='ocr_line' id='line_1_49' title="bbox 452 3189 2055 3263; baseline 0.002 -21"><span class='ocrx_word' id='word_1_338' title='bbox 452 3196 614 3256; x_wconf 86' lang='lat' dir='ltr'><strong>reret,</strong></span> <span class='ocrx_word' id='word_1_339' title='bbox 670 3189 857 3259; x_wconf 89' lang='lat' dir='ltr'><strong>pluvia</strong></span> <span class='ocrx_word' id='word_1_340' title='bbox 908 3207 1030 3263; x_wconf 78' lang='lat' dir='ltr'><strong>quae</strong></span> <span class='ocrx_word' id='word_1_341' title='bbox 1060 3192 1318 3263; x_wconf 89' lang='lat' dir='ltr'><strong>populum</strong></span> <span class='ocrx_word' id='word_1_342' title='bbox 1359 3209 1391 3247; x_wconf 89' lang='lat' dir='ltr'><strong>a</strong></span> <span class='ocrx_word' id='word_1_343' title='bbox 1428 3193 1650 3248; x_wconf 89' lang='lat' dir='ltr'><strong>servitio</strong></span> <span class='ocrx_word' id='word_1_344' title='bbox 1698 3191 1800 3247; x_wconf 89' lang='lat' dir='ltr'><strong>Dei</strong></span> <span class='ocrx_word' id='word_1_345' title='bbox 1848 3199 2055 3246; x_wconf 86' lang='lat' dir='ltr'><strong>arceret</strong></span> 
     </span>
    </p>
   </div>
   <div class='ocr_carea' id='block_1_50' title="bbox 458 3275 2054 3349">
    <p class='ocr_par' dir='ltr' id='par_1_50' title="bbox 458 3275 2054 3349">
     <span class='ocr_line' id='line_1_50' title="bbox 458 3275 2054 3349; baseline 0.002 -18"><span class='ocrx_word' id='word_1_346' title='bbox 458 3275 602 3332; x_wconf 91' lang='lat' dir='ltr'><strong>intra</strong></span> <span class='ocrx_word' id='word_1_347' title='bbox 630 3277 889 3333; x_wconf 90' lang='lat' dir='ltr'><strong>ambitum</strong></span> <span class='ocrx_word' id='word_1_348' title='bbox 908 3279 1051 3335; x_wconf 90' lang='lat' dir='ltr'><strong>illius</strong></span> <span class='ocrx_word' id='word_1_349' title='bbox 1075 3296 1187 3337; x_wconf 90' lang='lat' dir='ltr'><strong>non</strong></span> <span class='ocrx_word' id='word_1_350' title='bbox 1202 3281 1572 3337; x_wconf 89' lang='lat' dir='ltr'><strong>descenderet.</strong></span> <span class='ocrx_word' id='word_1_351' title='bbox 1596 3279 1753 3349; x_wconf 88' lang='lat' dir='ltr'><strong>Quod</strong></span> <span class='ocrx_word' id='word_1_352' title='bbox 1773 3287 1826 3335; x_wconf 89' lang='lat' dir='ltr'><strong>et</strong></span> <span class='ocrx_word' id='word_1_353' title='bbox 1853 3280 2054 3335; x_wconf 84' lang='lat' dir='ltr'><strong>factum</strong></span> 
     </span>
    </p>
   </div>
   <div class='ocr_carea' id='block_1_51' title="bbox 456 3366 2053 3440">
    <p class='ocr_par' dir='ltr' id='par_1_51' title="bbox 456 3366 2053 3440">
     <span class='ocr_line' id='line_1_51' title="bbox 456 3366 2053 3440; baseline -0.001 -18"><span class='ocrx_word' id='word_1_354' title='bbox 456 3372 555 3422; x_wconf 86' lang='lat' dir='ltr'><strong>est.</strong></span> <span class='ocrx_word' id='word_1_355' title='bbox 608 3366 842 3423; x_wconf 86' lang='lat' dir='ltr'><strong>Videres</strong></span> <span class='ocrx_word' id='word_1_356' title='bbox 882 3370 1079 3424; x_wconf 90' lang='lat' dir='ltr'><strong>etenim</strong></span> <span class='ocrx_word' id='word_1_357' title='bbox 1131 3377 1300 3426; x_wconf 90' lang='lat' dir='ltr'><strong>totam</strong></span> <span class='ocrx_word' id='word_1_358' title='bbox 1347 3370 1619 3425; x_wconf 89' lang='lat' dir='ltr'><strong>civitatem</strong></span> <span class='ocrx_word' id='word_1_359' title='bbox 1663 3384 1812 3439; x_wconf 75' lang='lat' dir='ltr'><strong>saepe</strong></span> <span class='ocrx_word' id='word_1_360' title='bbox 1858 3366 2053 3440; x_wconf 88' lang='lat' dir='ltr'><strong>grandi</strong></span> 
     </span>
    </p>
   </div>
   <div class='ocr_carea' id='block_1_52' title="bbox 450 3454 2051 3529">
    <p class='ocr_par' dir='ltr' id='par_1_52' title="bbox 450 3454 2051 3529">
     <span class='ocr_line' id='line_1_52' title="bbox 450 3454 2051 3529; baseline 0.001 -21"><span class='ocrx_word' id='word_1_361' title='bbox 450 3454 638 3525; x_wconf 90' lang='lat' dir='ltr'><strong>pluvia</strong></span> <span class='ocrx_word' id='word_1_362' title='bbox 669 3456 1041 3529; x_wconf 90' lang='lat' dir='ltr'><strong>circumcingi,</strong></span> <span class='ocrx_word' id='word_1_363' title='bbox 1074 3466 1127 3513; x_wconf 92' lang='lat' dir='ltr'><strong>et</strong></span> <span class='ocrx_word' id='word_1_364' title='bbox 1153 3459 1329 3529; x_wconf 89' lang='lat' dir='ltr'><strong>ipsum</strong></span> <span class='ocrx_word' id='word_1_365' title='bbox 1352 3459 1615 3529; x_wconf 90' lang='lat' dir='ltr'><strong>templum</strong></span> <span class='ocrx_word' id='word_1_366' title='bbox 1644 3457 1892 3527; x_wconf 90' lang='lat' dir='ltr'><strong>ejusdem</strong></span> <span class='ocrx_word' id='word_1_367' title='bbox 1921 3455 2051 3526; x_wconf 90' lang='lat' dir='ltr'><strong>plu-</strong></span> 
     </span>
    </p>
   </div>
   <div class='ocr_carea' id='block_1_53' title="bbox 452 3542 2050 3619">
    <p class='ocr_par' dir='ltr' id='par_1_53' title="bbox 452 3542 2050 3619">
     <span class='ocr_line' id='line_1_53' title="bbox 452 3542 2050 3619; baseline 0.001 -22"><span class='ocrx_word' id='word_1_368' title='bbox 452 3542 554 3599; x_wconf 73' lang='lat' dir='ltr'><strong>viae</strong></span> <span class='ocrx_word' id='word_1_369' title='bbox 582 3543 932 3601; x_wconf 87' lang='lat' dir='ltr'><strong>inundatione</strong></span> <span class='ocrx_word' id='word_1_370' title='bbox 954 3562 1050 3602; x_wconf 88' lang='lat' dir='ltr'><strong>nec</strong></span> <span class='ocrx_word' id='word_1_371' title='bbox 1079 3547 1341 3619; x_wconf 90' lang='lat' dir='ltr'><strong>contingi.</strong></span> <span class='ocrx_word' id='word_1_372' title='bbox 1375 3549 1509 3601; x_wconf 88' lang='lat' dir='ltr'><strong>Item</strong></span> <span class='ocrx_word' id='word_1_373' title='bbox 1534 3546 1677 3601; x_wconf 89' lang='lat' dir='ltr'><strong>idem</strong></span> <span class='ocrx_word' id='word_1_374' title='bbox 1711 3546 1890 3614; x_wconf 87' lang='lat' dir='ltr'><strong>Pater,</strong></span> <span class='ocrx_word' id='word_1_375' title='bbox 1918 3544 2050 3599; x_wconf 92' lang='lat' dir='ltr'><strong>dum</strong></span> 
     </span>
    </p>
   </div>
   <div class='ocr_carea' id='block_1_54' title="bbox 456 3631 2051 3706">
    <p class='ocr_par' dir='ltr' id='par_1_54' title="bbox 456 3631 2051 3706">
     <span class='ocr_line' id='line_1_54' title="bbox 456 3631 2051 3706; baseline -0.001 -20"><span class='ocrx_word' id='word_1_376' title='bbox 456 3631 692 3703; x_wconf 89' lang='lat' dir='ltr'><strong>quadam</strong></span> <span class='ocrx_word' id='word_1_377' title='bbox 738 3633 860 3688; x_wconf 84' lang='lat' dir='ltr'><strong>vice</strong></span> <span class='ocrx_word' id='word_1_378' title='bbox 907 3648 1120 3689; x_wconf 88' lang='lat' dir='ltr'><strong>sacrum</strong></span> <span class='ocrx_word' id='word_1_379' title='bbox 1148 3635 1457 3706; x_wconf 84' lang='lat' dir='ltr'><strong>mysterium</strong></span> <span class='ocrx_word' id='word_1_380' title='bbox 1499 3633 1649 3689; x_wconf 89' lang='lat' dir='ltr'><strong>altari</strong></span> <span class='ocrx_word' id='word_1_381' title='bbox 1679 3648 1925 3704; x_wconf 64' lang='lat' dir='ltr'><strong>praesens</strong></span> <span class='ocrx_word' id='word_1_382' title='bbox 1954 3631 2051 3686; x_wconf 87' lang='lat' dir='ltr'><strong>ad-</strong></span> 
     </span>
    </p>
   </div>
   <div class='ocr_carea' id='block_1_55' title="bbox 454 3719 2052 3793">
    <p class='ocr_par' dir='ltr' id='par_1_55' title="bbox 454 3719 2052 3793">
     <span class='ocr_line' id='line_1_55' title="bbox 454 3719 2052 3793; baseline 0.001 -21"><span class='ocrx_word' id='word_1_383' title='bbox 454 3719 809 3790; x_wconf 88' lang='lat' dir='ltr'><strong>ministraret,</strong></span> <span class='ocrx_word' id='word_1_384' title='bbox 868 3735 1065 3793; x_wconf 90' lang='lat' dir='ltr'><strong>corpus</strong></span> <span class='ocrx_word' id='word_1_385' title='bbox 1121 3722 1467 3778; x_wconf 89' lang='lat' dir='ltr'><strong>Dominicum</strong></span> <span class='ocrx_word' id='word_1_386' title='bbox 1513 3722 1654 3777; x_wconf 91' lang='lat' dir='ltr'><strong>inter</strong></span> <span class='ocrx_word' id='word_1_387' title='bbox 1693 3737 1884 3776; x_wconf 88' lang='lat' dir='ltr'><strong>manus</strong></span> <span class='ocrx_word' id='word_1_388' title='bbox 1931 3720 2052 3789; x_wconf 81' lang='lat' dir='ltr'><strong>ejus</strong></span> 
     </span>
    </p>
   </div>
   <div class='ocr_carea' id='block_1_56' title="bbox 454 3809 2052 3882">
    <p class='ocr_par' dir='ltr' id='par_1_56' title="bbox 454 3809 2052 3882">
     <span class='ocr_line' id='line_1_56' title="bbox 454 3809 2052 3882; baseline 0.001 -20"><span class='ocrx_word' id='word_1_389' title='bbox 454 3814 738 3862; x_wconf 89' lang='lat' dir='ltr'><strong>cruentum</strong></span> <span class='ocrx_word' id='word_1_390' title='bbox 768 3815 821 3863; x_wconf 91' lang='lat' dir='ltr'><strong>et</strong></span> <span class='ocrx_word' id='word_1_391' title='bbox 864 3810 1184 3882; x_wconf 86' lang='lat' dir='ltr'><strong>sanguinem</strong></span> <span class='ocrx_word' id='word_1_392' title='bbox 1232 3810 1502 3866; x_wconf 90' lang='lat' dir='ltr'><strong>distillans</strong></span> <span class='ocrx_word' id='word_1_393' title='bbox 1531 3811 1586 3864; x_wconf 89' lang='lat' dir='ltr'><strong>in</strong></span> <span class='ocrx_word' id='word_1_394' title='bbox 1616 3809 1844 3866; x_wconf 89' lang='lat' dir='ltr'><strong>calicem</strong></span> <span class='ocrx_word' id='word_1_395' title='bbox 1875 3824 2052 3880; x_wconf 86' lang='lat' dir='ltr'><strong>appa-</strong></span> 
     </span>
    </p>
   </div>
   <div class='ocr_carea' id='block_1_57' title="bbox 451 3894 2051 3969">
    <p class='ocr_par' dir='ltr' id='par_1_57' title="bbox 451 3894 2051 3969">
     <span class='ocr_line' id='line_1_57' title="bbox 451 3894 2051 3969; baseline 0.004 -21"><span class='ocrx_word' id='word_1_396' title='bbox 451 3894 580 3949; x_wconf 89' lang='lat' dir='ltr'><strong>ruit.</strong></span> <span class='ocrx_word' id='word_1_397' title='bbox 640 3896 719 3950; x_wconf 83' lang='lat' dir='ltr'><strong>Ex</strong></span> <span class='ocrx_word' id='word_1_398' title='bbox 777 3913 883 3968; x_wconf 89' lang='lat' dir='ltr'><strong>quo</strong></span> <span class='ocrx_word' id='word_1_399' title='bbox 922 3896 1241 3954; x_wconf 88' lang='lat' dir='ltr'><strong>intuentium</strong></span> <span class='ocrx_word' id='word_1_400' title='bbox 1303 3899 1574 3954; x_wconf 88' lang='lat' dir='ltr'><strong>mentibus</strong></span> <span class='ocrx_word' id='word_1_401' title='bbox 1622 3898 1793 3954; x_wconf 88' lang='lat' dir='ltr'><strong>nimio</strong></span> <span class='ocrx_word' id='word_1_402' title='bbox 1846 3913 2051 3969; x_wconf 87' lang='lat' dir='ltr'><strong>pavore</strong></span> 
     </span>
    </p>
   </div>
   <div class='ocr_carea' id='block_1_58' title="bbox 453 3985 2051 4059">
    <p class='ocr_par' dir='ltr' id='par_1_58' title="bbox 453 3985 2051 4059">
     <span class='ocr_line' id='line_1_58' title="bbox 453 3985 2051 4059; baseline 0.001 -20"><span class='ocrx_word' id='word_1_403' title='bbox 453 3985 776 4055; x_wconf 88' lang='lat' dir='ltr'><strong>percusssis,</strong></span> <span class='ocrx_word' id='word_1_404' title='bbox 808 4001 937 4040; x_wconf 84' lang='lat' dir='ltr'><strong>mox</strong></span> <span class='ocrx_word' id='word_1_405' title='bbox 980 3987 1051 4042; x_wconf 92' lang='lat' dir='ltr'><strong>ad</strong></span> <span class='ocrx_word' id='word_1_406' title='bbox 1094 4004 1282 4059; x_wconf 89' lang='lat' dir='ltr'><strong>preces</strong></span> <span class='ocrx_word' id='word_1_407' title='bbox 1333 3986 1600 4059; x_wconf 86' lang='lat' dir='ltr'><strong>pontificis</strong></span> <span class='ocrx_word' id='word_1_408' title='bbox 1655 3987 1709 4041; x_wconf 92' lang='lat' dir='ltr'><strong>in</strong></span> <span class='ocrx_word' id='word_1_409' title='bbox 1736 3995 2051 4042; x_wconf 88' lang='lat' dir='ltr'><strong>consuetam</strong></span> 
     </span>
    </p>
   </div>
   <div class='ocr_carea' id='block_1_59' title="bbox 455 4073 2051 4133">
    <p class='ocr_par' dir='ltr' id='par_1_59' title="bbox 455 4073 2051 4133">
     <span class='ocr_line' id='line_1_59' title="bbox 455 4073 2051 4133; baseline 0.001 -6"><span class='ocrx_word' id='word_1_410' title='bbox 455 4073 542 4127; x_wconf 87' lang='lat' dir='ltr'><strong>sui</strong></span> <span class='ocrx_word' id='word_1_411' title='bbox 563 4073 794 4129; x_wconf 84' lang='lat' dir='ltr'><strong>formam</strong></span> <span class='ocrx_word' id='word_1_412' title='bbox 820 4074 1123 4131; x_wconf 89' lang='lat' dir='ltr'><strong>restitutum</strong></span> <span class='ocrx_word' id='word_1_413' title='bbox 1153 4085 1254 4132; x_wconf 91' lang='lat' dir='ltr'><strong>est.</strong></span> <span class='ocrx_word' id='word_1_414' title='bbox 1287 4078 1552 4133; x_wconf 88' lang='lat' dir='ltr'><strong>Feruntur</strong></span> <span class='ocrx_word' id='word_1_415' title='bbox 1580 4083 1633 4132; x_wconf 92' lang='lat' dir='ltr'><strong>et</strong></span> <span class='ocrx_word' id='word_1_416' title='bbox 1646 4074 1756 4130; x_wconf 90' lang='lat' dir='ltr'><strong>alia</strong></span> <span class='ocrx_word' id='word_1_417' title='bbox 1771 4076 1838 4131; x_wconf 94' lang='lat' dir='ltr'><strong>de</strong></span> <span class='ocrx_word' id='word_1_418' title='bbox 1860 4074 2051 4131; x_wconf 91' lang='lat' dir='ltr'><strong>eodem</strong></span> 
     </span>
    </p>
   </div>
   <div class='ocr_carea' id='block_1_60' title="bbox 451 4160 2054 4236">
    <p class='ocr_par' dir='ltr' id='par_1_60' title="bbox 451 4160 2054 4236">
     <span class='ocr_line' id='line_1_60' title="bbox 451 4160 2054 4236; baseline 0.004 -22"><span class='ocrx_word' id='word_1_419' title='bbox 451 4160 571 4217; x_wconf 89' lang='lat' dir='ltr'><strong>viro</strong></span> <span class='ocrx_word' id='word_1_420' title='bbox 603 4162 851 4219; x_wconf 87' lang='lat' dir='ltr'><strong>miranda</strong></span> <span class='ocrx_word' id='word_1_421' title='bbox 880 4164 1043 4234; x_wconf 81' lang='lat' dir='ltr'><strong>facta,</strong></span> <span class='ocrx_word' id='word_1_422' title='bbox 1077 4182 1198 4236; x_wconf 81' lang='lat' dir='ltr'><strong>quae</strong></span> <span class='ocrx_word' id='word_1_423' title='bbox 1226 4181 1327 4222; x_wconf 89' lang='lat' dir='ltr'><strong>nos</strong></span> <span class='ocrx_word' id='word_1_424' title='bbox 1352 4165 1567 4222; x_wconf 90' lang='lat' dir='ltr'><strong>silentio</strong></span> <span class='ocrx_word' id='word_1_425' title='bbox 1596 4164 1953 4236; x_wconf 72' lang='lat' dir='ltr'><strong>praeterimus,</strong></span> <span class='ocrx_word' id='word_1_426' title='bbox 1986 4179 2054 4220; x_wconf 91' lang='lat' dir='ltr'><strong>ne</strong></span> 
     </span>
    </p>
   </div>
   <div class='ocr_carea' id='block_1_61' title="bbox 450 4251 1636 4327">
    <p class='ocr_par' dir='ltr' id='par_1_61' title="bbox 450 4251 1636 4327">
     <span class='ocr_line' id='line_1_61' title="bbox 450 4251 1636 4327; baseline 0.003 -23"><span class='ocrx_word' id='word_1_427' title='bbox 450 4259 701 4322; x_wconf 88' lang='lat' dir='ltr'><strong>putemur</strong></span> <span class='ocrx_word' id='word_1_428' title='bbox 729 4251 881 4308; x_wconf 91' lang='lat' dir='ltr'><strong>obliti</strong></span> <span class='ocrx_word' id='word_1_429' title='bbox 907 4254 1086 4324; x_wconf 89' lang='lat' dir='ltr'><strong>operis</strong></span> <span class='ocrx_word' id='word_1_430' title='bbox 1115 4256 1261 4325; x_wconf 91' lang='lat' dir='ltr'><strong>quod</strong></span> <span class='ocrx_word' id='word_1_431' title='bbox 1289 4254 1636 4327; x_wconf 83' lang='lat' dir='ltr'><strong>inccepimus.</strong></span> 
     </span>
    </p>
   </div>
   <div class='ocr_carea' id='block_1_62' title="bbox 520 4340 2053 4415">
    <p class='ocr_par' dir='ltr' id='par_1_62' title="bbox 520 4340 2053 4415">
     <span class='ocr_line' id='line_1_62' title="bbox 520 4340 2053 4415; baseline 0.001 -21"><span class='ocrx_word' id='word_1_432' title='bbox 520 4340 694 4410; x_wconf 83' lang='lat' dir='ltr'><strong>Hujus</strong></span> <span class='ocrx_word' id='word_1_433' title='bbox 736 4340 904 4413; x_wconf 84' lang='lat' dir='ltr'><strong>igitur</strong></span> <span class='ocrx_word' id='word_1_434' title='bbox 962 4343 1145 4397; x_wconf 85' lang='lat' dir='ltr'><strong>Patris</strong></span> <span class='ocrx_word' id='word_1_435' title='bbox 1197 4358 1365 4415; x_wconf 90' lang='lat' dir='ltr'><strong>nepos</strong></span> <span class='ocrx_word' id='word_1_436' title='bbox 1424 4360 1561 4413; x_wconf 86' lang='lat' dir='ltr'><strong>puer</strong></span> <span class='ocrx_word' id='word_1_437' title='bbox 1606 4342 1707 4398; x_wconf 90' lang='lat' dir='ltr'><strong>Dei</strong></span> <span class='ocrx_word' id='word_1_438' title='bbox 1765 4341 2053 4399; x_wconf 85' lang='lat' dir='ltr'><strong>Oswaldus</strong></span> 
     </span>
    </p>
   </div>
   <div class='ocr_carea' id='block_1_63' title="bbox 448 4427 2048 4502">
    <p class='ocr_par' dir='ltr' id='par_1_63' title="bbox 448 4427 2048 4502">
     <span class='ocr_line' id='line_1_63' title="bbox 448 4427 2048 4502; baseline 0.001 -19"><span class='ocrx_word' id='word_1_439' title='bbox 448 4427 706 4497; x_wconf 77' lang='lat' dir='ltr'><strong>existens,</strong></span> <span class='ocrx_word' id='word_1_440' title='bbox 738 4445 771 4485; x_wconf 87' lang='lat' dir='ltr'><strong>a</strong></span> <span class='ocrx_word' id='word_1_441' title='bbox 798 4431 1113 4501; x_wconf 89' lang='lat' dir='ltr'><strong>parentibus</strong></span> <span class='ocrx_word' id='word_1_442' title='bbox 1141 4431 1254 4487; x_wconf 88' lang='lat' dir='ltr'><strong>suis</strong></span> <span class='ocrx_word' id='word_1_443' title='bbox 1270 4434 1387 4502; x_wconf 89' lang='lat' dir='ltr'><strong>ejus</strong></span> <span class='ocrx_word' id='word_1_444' title='bbox 1416 4431 1676 4487; x_wconf 88' lang='lat' dir='ltr'><strong>doctrinis</strong></span> <span class='ocrx_word' id='word_1_445' title='bbox 1703 4431 2048 4497; x_wconf 90' lang='lat' dir='ltr'><strong>imbuendus,</strong></span> 
     </span>
    </p>
   </div>
   <div class='ocr_carea' id='block_1_64' title="bbox 2084 3153 2135 3218">
    <p class='ocr_par' dir='ltr' id='par_1_64' title="bbox 2084 3153 2135 3218">
     <span class='ocr_line' id='line_1_64' title="bbox 2084 3153 2135 3218; baseline 0 0"><span class='ocrx_word' id='word_1_446' title='bbox 2084 3153 2135 3218; x_wconf 88' lang='lat' dir='ltr'><strong>C</strong></span> 
     </span>
    </p>
   </div>
   <div class='ocr_carea' id='block_1_65' title="bbox 2150 1852 3749 1932">
    <p class='ocr_par' dir='ltr' id='par_1_65' title="bbox 2150 1852 3749 1932">
     <span class='ocr_line' id='line_1_65' title="bbox 2150 1852 3749 1932; baseline -0.008 -16"><span class='ocrx_word' id='word_1_447' title='bbox 2150 1861 2326 1916; x_wconf 72' lang='lat' dir='ltr'><strong>tandze</strong></span> <span class='ocrx_word' id='word_1_448' title='bbox 2382 1862 2667 1932; x_wconf 87' lang='lat' dir='ltr'><strong>reperiret,</strong></span> <span class='ocrx_word' id='word_1_449' title='bbox 2700 1861 2928 1915; x_wconf 80' lang='lat' dir='ltr'><strong>disceret</strong></span> <span class='ocrx_word' id='word_1_450' title='bbox 2980 1868 3032 1914; x_wconf 92' lang='lat' dir='ltr'><strong>et</strong></span> <span class='ocrx_word' id='word_1_451' title='bbox 3080 1857 3397 1912; x_wconf 86' lang='lat' dir='ltr'><strong>imitaretur.</strong></span> <span class='ocrx_word' id='word_1_452' title='bbox 3430 1852 3576 1922; x_wconf 87' lang='lat' dir='ltr'><strong>Quid</strong></span> <span class='ocrx_word' id='word_1_453' title='bbox 3629 1864 3749 1905; x_wconf 84' lang='lat' dir='ltr'><strong>am-</strong></span> 
     </span>
    </p>
   </div>
   <div class='ocr_carea' id='block_1_66' title="bbox 2148 1940 3750 2020">
    <p class='ocr_par' dir='ltr' id='par_1_66' title="bbox 2148 1940 3750 2020">
     <span class='ocr_line' id='line_1_66' title="bbox 2148 1940 3750 2020; baseline -0.008 -16"><span class='ocrx_word' id='word_1_454' title='bbox 2148 1950 2293 2020; x_wconf 91' lang='lat' dir='ltr'><strong>plius</strong></span> <span class='ocrx_word' id='word_1_455' title='bbox 2319 1952 2347 2005; x_wconf 75' lang='lat'><strong>‘2</strong></span> <span class='ocrx_word' id='word_1_456' title='bbox 2379 1951 2459 2004; x_wconf 88' lang='lat' dir='ltr'><strong>Fit</strong></span> <span class='ocrx_word' id='word_1_457' title='bbox 2488 1951 2783 2005; x_wconf 89' lang='lat' dir='ltr'><strong>canonicus</strong></span> <span class='ocrx_word' id='word_1_458' title='bbox 2827 1949 2968 2003; x_wconf 90' lang='lat' dir='ltr'><strong>inter</strong></span> <span class='ocrx_word' id='word_1_459' title='bbox 2996 1945 3289 2003; x_wconf 88' lang='lat' dir='ltr'><strong>canonicos</strong></span> <span class='ocrx_word' id='word_1_460' title='bbox 3317 1944 3479 2015; x_wconf 87' lang='lat' dir='ltr'><strong>ipsos,</strong></span> <span class='ocrx_word' id='word_1_461' title='bbox 3511 1940 3559 1995; x_wconf 89' lang='lat' dir='ltr'><strong>si</strong></span> <span class='ocrx_word' id='word_1_462' title='bbox 3587 1954 3750 2008; x_wconf 66' lang='lat' dir='ltr'><strong>quae-</strong></span> 
     </span>
    </p>
   </div>
   <div class='ocr_carea' id='block_1_67' title="bbox 2151 2028 3749 2111">
    <p class='ocr_par' dir='ltr' id='par_1_67' title="bbox 2151 2028 3749 2111">
     <span class='ocr_line' id='line_1_67' title="bbox 2151 2028 3749 2111; baseline -0.008 -17"><span class='ocrx_word' id='word_1_463' title='bbox 2151 2040 2287 2094; x_wconf 87' lang='lat' dir='ltr'><strong>ritur</strong></span> <span class='ocrx_word' id='word_1_464' title='bbox 2315 2040 2494 2111; x_wconf 89' lang='lat' dir='ltr'><strong>qualis</strong></span> <span class='ocrx_word' id='word_1_465' title='bbox 2525 2039 2663 2095; x_wconf 90' lang='lat' dir='ltr'><strong>inter</strong></span> <span class='ocrx_word' id='word_1_466' title='bbox 2689 2039 2896 2111; x_wconf 89' lang='lat' dir='ltr'><strong>quales,</strong></span> <span class='ocrx_word' id='word_1_467' title='bbox 2928 2035 3194 2110; x_wconf 84' lang='lat' dir='ltr'><strong>regularis</strong></span> <span class='ocrx_word' id='word_1_468' title='bbox 3219 2034 3355 2088; x_wconf 89' lang='lat' dir='ltr'><strong>inter</strong></span> <span class='ocrx_word' id='word_1_469' title='bbox 3383 2028 3749 2100; x_wconf 84' lang='lat' dir='ltr'><strong>irregulares.</strong></span> 
     </span>
    </p>
   </div>
   <div class='ocr_carea' id='block_1_68' title="bbox 2152 2117 3754 2200">
    <p class='ocr_par' dir='ltr' id='par_1_68' title="bbox 2152 2117 3754 2200">
     <span class='ocr_line' id='line_1_68' title="bbox 2152 2117 3754 2200; baseline -0.007 -19"><span class='ocrx_word' id='word_1_470' title='bbox 2152 2128 2274 2199; x_wconf 89' lang='lat' dir='ltr'><strong>Ipse</strong></span> <span class='ocrx_word' id='word_1_471' title='bbox 2302 2128 2499 2182; x_wconf 91' lang='lat' dir='ltr'><strong>etenim</strong></span> <span class='ocrx_word' id='word_1_472' title='bbox 2532 2144 2650 2200; x_wconf 67' lang='lat' dir='ltr'><strong>qua:</strong></span> <span class='ocrx_word' id='word_1_473' title='bbox 2677 2126 2943 2182; x_wconf 90' lang='lat' dir='ltr'><strong>institutio</strong></span> <span class='ocrx_word' id='word_1_474' title='bbox 2999 2125 3124 2181; x_wconf 76' lang='lat' dir='ltr'><strong>vitae</strong></span> <span class='ocrx_word' id='word_1_475' title='bbox 3176 2121 3556 2179; x_wconf 84' lang='lat' dir='ltr'><strong>canonicorum</strong></span> <span class='ocrx_word' id='word_1_476' title='bbox 3587 2117 3754 2172; x_wconf 86' lang='lat' dir='ltr'><strong>docet</strong></span> 
     </span>
    </p>
   </div>
   <div class='ocr_carea' id='block_1_69' title="bbox 2154 2207 3755 2288">
    <p class='ocr_par' dir='ltr' id='par_1_69' title="bbox 2154 2207 3755 2288">
     <span class='ocr_line' id='line_1_69' title="bbox 2154 2207 3755 2288; baseline -0.009 -16"><span class='ocrx_word' id='word_1_477' title='bbox 2154 2224 2208 2271; x_wconf 92' lang='lat' dir='ltr'><strong>et</strong></span> <span class='ocrx_word' id='word_1_478' title='bbox 2262 2218 2523 2288; x_wconf 68' lang='lat' dir='ltr'><strong>praecepit</strong></span> <span class='ocrx_word' id='word_1_479' title='bbox 2577 2216 2884 2271; x_wconf 85' lang='lat' dir='ltr'><strong>indefessus</strong></span> <span class='ocrx_word' id='word_1_480' title='bbox 2940 2213 3331 2285; x_wconf 85' lang='lat' dir='ltr'><strong>exsequebatur</strong></span> <span class='ocrx_word' id='word_1_481' title='bbox 3374 2228 3388 2272; x_wconf 89' lang='lat'><strong>;</strong></span> <span class='ocrx_word' id='word_1_482' title='bbox 3448 2207 3527 2262; x_wconf 90' lang='lat' dir='ltr'><strong>illi</strong></span> <span class='ocrx_word' id='word_1_483' title='bbox 3568 2211 3755 2277; x_wconf 80' lang='lat' dir='ltr'><strong>spreta</strong></span> 
     </span>
    </p>
   </div>
   <div class='ocr_carea' id='block_1_70' title="bbox 2155 2292 3756 2374">
    <p class='ocr_par' dir='ltr' id='par_1_70' title="bbox 2155 2292 3756 2374">
     <span class='ocr_line' id='line_1_70' title="bbox 2155 2292 3756 2374; baseline -0.009 -13"><span class='ocrx_word' id='word_1_484' title='bbox 2155 2305 2486 2361; x_wconf 89' lang='lat' dir='ltr'><strong>institutione</strong></span> <span class='ocrx_word' id='word_1_485' title='bbox 2516 2306 2716 2361; x_wconf 85' lang='lat' dir='ltr'><strong>ordinis</strong></span> <span class='ocrx_word' id='word_1_486' title='bbox 2758 2305 2857 2359; x_wconf 89' lang='lat' dir='ltr'><strong>sibi</strong></span> <span class='ocrx_word' id='word_1_487' title='bbox 2882 2305 3039 2374; x_wconf 80' lang='lat' dir='ltr'><strong>juxta</strong></span> <span class='ocrx_word' id='word_1_488' title='bbox 3076 2302 3319 2358; x_wconf 88' lang='lat' dir='ltr'><strong>cordium</strong></span> <span class='ocrx_word' id='word_1_489' title='bbox 3350 2312 3571 2355; x_wconf 90' lang='lat' dir='ltr'><strong>suorum</strong></span> <span class='ocrx_word' id='word_1_490' title='bbox 3600 2292 3756 2349; x_wconf 86' lang='lat' dir='ltr'><strong>desi-</strong></span> 
     </span>
    </p>
   </div>
   <div class='ocr_carea' id='block_1_71' title="bbox 2155 2380 3754 2467">
    <p class='ocr_par' dir='ltr' id='par_1_71' title="bbox 2155 2380 3754 2467">
     <span class='ocr_line' id='line_1_71' title="bbox 2155 2380 3754 2467; baseline -0.009 -17"><span class='ocrx_word' id='word_1_491' title='bbox 2155 2395 2305 2451; x_wconf 88' lang='lat' dir='ltr'><strong>deria</strong></span> <span class='ocrx_word' id='word_1_492' title='bbox 2334 2395 2752 2467; x_wconf 84' lang='lat' dir='ltr'><strong>gradiebantur.</strong></span> <span class='ocrx_word' id='word_1_493' title='bbox 2807 2393 2964 2450; x_wconf 90' lang='lat' dir='ltr'><strong>Unde</strong></span> <span class='ocrx_word' id='word_1_494' title='bbox 2993 2390 3347 2449; x_wconf 85' lang='lat' dir='ltr'><strong>admirandus</strong></span> <span class='ocrx_word' id='word_1_495' title='bbox 3376 2384 3583 2443; x_wconf 91' lang='lat' dir='ltr'><strong>cunctis</strong></span> <span class='ocrx_word' id='word_1_496' title='bbox 3611 2380 3754 2438; x_wconf 67' lang='lat' dir='ltr'><strong>eﬁ‘e-</strong></span> 
     </span>
    </p>
   </div>
   <div class='ocr_carea' id='block_1_72' title="bbox 2156 2471 3761 2555">
    <p class='ocr_par' dir='ltr' id='par_1_72' title="bbox 2156 2471 3761 2555">
     <span class='ocr_line' id='line_1_72' title="bbox 2156 2471 3761 2555; baseline -0.01 -15"><span class='ocrx_word' id='word_1_497' title='bbox 2156 2493 2273 2541; x_wconf 91' lang='lat' dir='ltr'><strong>ctus</strong></span> <span class='ocrx_word' id='word_1_498' title='bbox 2308 2484 2379 2540; x_wconf 92' lang='lat' dir='ltr'><strong>ob</strong></span> <span class='ocrx_word' id='word_1_499' title='bbox 2428 2483 2816 2555; x_wconf 89' lang='lat' dir='ltr'><strong>plenitudinem</strong></span> <span class='ocrx_word' id='word_1_500' title='bbox 2856 2483 3049 2555; x_wconf 73' lang='lat' dir='ltr'><strong>gratiae</strong></span> <span class='ocrx_word' id='word_1_501' title='bbox 3100 2480 3220 2548; x_wconf 91' lang='lat' dir='ltr'><strong>Dei,</strong></span> <span class='ocrx_word' id='word_1_502' title='bbox 3252 2494 3370 2549; x_wconf 73' lang='lat' dir='ltr'><strong>qua:</strong></span> <span class='ocrx_word' id='word_1_503' title='bbox 3426 2476 3480 2530; x_wconf 91' lang='lat' dir='ltr'><strong>in</strong></span> <span class='ocrx_word' id='word_1_504' title='bbox 3508 2471 3761 2529; x_wconf 89' lang='lat' dir='ltr'><strong>moribus</strong></span> 
     </span>
    </p>
   </div>
   <div class='ocr_carea' id='block_1_73' title="bbox 2158 2560 3766 2644">
    <p class='ocr_par' dir='ltr' id='par_1_73' title="bbox 2158 2560 3766 2644">
     <span class='ocr_line' id='line_1_73' title="bbox 2158 2560 3766 2644; baseline -0.011 -15"><span class='ocrx_word' id='word_1_505' title='bbox 2158 2573 2278 2644; x_wconf 90' lang='lat' dir='ltr'><strong>ejus</strong></span> <span class='ocrx_word' id='word_1_506' title='bbox 2305 2572 2558 2641; x_wconf 85' lang='lat' dir='ltr'><strong>enitebat,</strong></span> <span class='ocrx_word' id='word_1_507' title='bbox 2591 2574 2830 2629; x_wconf 91' lang='lat' dir='ltr'><strong>decauus</strong></span> <span class='ocrx_word' id='word_1_508' title='bbox 2874 2572 3049 2626; x_wconf 85' lang='lat' dir='ltr'><strong>factus</strong></span> <span class='ocrx_word' id='word_1_509' title='bbox 3075 2569 3398 2624; x_wconf 87' lang='lat' dir='ltr'><strong>adolescens</strong></span> <span class='ocrx_word' id='word_1_510' title='bbox 3425 2560 3766 2637; x_wconf 72' lang='lat' dir='ltr'><strong>praeponitur</strong></span> 
     </span>
    </p>
   </div>
   <div class='ocr_carea' id='block_1_74' title="bbox 2160 2652 3763 2732">
    <p class='ocr_par' dir='ltr' id='par_1_74' title="bbox 2160 2652 3763 2732">
     <span class='ocr_line' id='line_1_74' title="bbox 2160 2652 3763 2732; baseline -0.01 -15"><span class='ocrx_word' id='word_1_511' title='bbox 2160 2662 2409 2729; x_wconf 86' lang='lat' dir='ltr'><strong>senibus,</strong></span> <span class='ocrx_word' id='word_1_512' title='bbox 2443 2670 2711 2732; x_wconf 90' lang='lat' dir='ltr'><strong>quatenus</strong></span> <span class='ocrx_word' id='word_1_513' title='bbox 2740 2660 2961 2717; x_wconf 83' lang='lat' dir='ltr'><strong>canities</strong></span> <span class='ocrx_word' id='word_1_514' title='bbox 2988 2674 3179 2714; x_wconf 87' lang='lat' dir='ltr'><strong>sensus</strong></span> <span class='ocrx_word' id='word_1_515' title='bbox 3210 2656 3350 2711; x_wconf 89' lang='lat' dir='ltr'><strong>illius</strong></span> <span class='ocrx_word' id='word_1_516' title='bbox 3379 2660 3431 2710; x_wconf 92' lang='lat' dir='ltr'><strong>et</strong></span> <span class='ocrx_word' id='word_1_517' title='bbox 3486 2652 3763 2706; x_wconf 80' lang='lat' dir='ltr'><strong>immacu-</strong></span> 
     </span>
    </p>
   </div>
   <div class='ocr_carea' id='block_1_75' title="bbox 2162 2739 3763 2808">
    <p class='ocr_par' dir='ltr' id='par_1_75' title="bbox 2162 2739 3763 2808">
     <span class='ocr_line' id='line_1_75' title="bbox 2162 2739 3763 2808; baseline -0.01 -1"><span class='ocrx_word' id='word_1_518' title='bbox 2162 2754 2271 2807; x_wconf 87' lang='lat' dir='ltr'><strong>lata</strong></span> <span class='ocrx_word' id='word_1_519' title='bbox 2297 2752 2407 2808; x_wconf 90' lang='lat' dir='ltr'><strong>vita</strong></span> <span class='ocrx_word' id='word_1_520' title='bbox 2435 2752 2579 2807; x_wconf 91' lang='lat' dir='ltr'><strong>illius</strong></span> <span class='ocrx_word' id='word_1_521' title='bbox 2608 2752 2928 2806; x_wconf 89' lang='lat' dir='ltr'><strong>maculatam</strong></span> <span class='ocrx_word' id='word_1_522' title='bbox 2985 2763 3179 2805; x_wconf 89' lang='lat' dir='ltr'><strong>senum</strong></span> <span class='ocrx_word' id='word_1_523' title='bbox 3219 2747 3383 2801; x_wconf 89' lang='lat' dir='ltr'><strong>vitam</strong></span> <span class='ocrx_word' id='word_1_524' title='bbox 3412 2739 3763 2798; x_wconf 67' lang='lat' dir='ltr'><strong>emacularctv</strong></span> 
     </span>
    </p>
   </div>
   <div class='ocr_carea' id='block_1_76' title="bbox 2163 2825 3768 2909">
    <p class='ocr_par' dir='ltr' id='par_1_76' title="bbox 2163 2825 3768 2909">
     <span class='ocr_line' id='line_1_76' title="bbox 2163 2825 3768 2909; baseline -0.011 -14"><span class='ocrx_word' id='word_1_525' title='bbox 2163 2856 2233 2897; x_wconf 87' lang='lat' dir='ltr'><strong>ac</strong></span> <span class='ocrx_word' id='word_1_526' title='bbox 2260 2841 2495 2909; x_wconf 89' lang='lat' dir='ltr'><strong>pueriles</strong></span> <span class='ocrx_word' id='word_1_527' title='bbox 2524 2856 2717 2895; x_wconf 88' lang='lat' dir='ltr'><strong>sensus</strong></span> <span class='ocrx_word' id='word_1_528' title='bbox 2746 2840 2959 2894; x_wconf 89' lang='lat' dir='ltr'><strong>illorum</strong></span> <span class='ocrx_word' id='word_1_529' title='bbox 2982 2836 3159 2892; x_wconf 90' lang='lat' dir='ltr'><strong>studio</strong></span> <span class='ocrx_word' id='word_1_530' title='bbox 3189 2832 3493 2904; x_wconf 72' lang='lat' dir='ltr'><strong>disciplina:</strong></span> <span class='ocrx_word' id='word_1_531' title='bbox 3524 2825 3768 2883; x_wconf 66' lang='lat' dir='ltr'><strong>caelestis</strong></span> 
     </span>
    </p>
   </div>
   <div class='ocr_carea' id='block_1_77' title="bbox 2165 2912 3769 2999">
    <p class='ocr_par' dir='ltr' id='par_1_77' title="bbox 2165 2912 3769 2999">
     <span class='ocr_line' id='line_1_77' title="bbox 2165 2912 3769 2999; baseline -0.01 -17"><span class='ocrx_word' id='word_1_532' title='bbox 2165 2936 2478 2984; x_wconf 88' lang='lat' dir='ltr'><strong>evacuaret.</strong></span> <span class='ocrx_word' id='word_1_533' title='bbox 2512 2928 2619 2984; x_wconf 88' lang='lat' dir='ltr'><strong>Sed</strong></span> <span class='ocrx_word' id='word_1_534' title='bbox 2668 2927 2746 2983; x_wconf 91' lang='lat' dir='ltr'><strong>illi</strong></span> <span class='ocrx_word' id='word_1_535' title='bbox 2777 2928 2953 2999; x_wconf 86' lang='lat' dir='ltr'><strong>magis</strong></span> <span class='ocrx_word' id='word_1_536' title='bbox 2998 2925 3221 2997; x_wconf 90' lang='lat' dir='ltr'><strong>antiqua</strong></span> <span class='ocrx_word' id='word_1_537' title='bbox 3250 2936 3440 2993; x_wconf 78' lang='lat' dir='ltr'><strong>pravae</strong></span> <span class='ocrx_word' id='word_1_538' title='bbox 3467 2912 3769 2972; x_wconf 89' lang='lat' dir='ltr'><strong>senectutis</strong></span> 
     </span>
    </p>
   </div>
   <div class='ocr_carea' id='block_1_78' title="bbox 2163 3005 3767 3083">
    <p class='ocr_par' dir='ltr' id='par_1_78' title="bbox 2163 3005 3767 3083">
     <span class='ocr_line' id='line_1_78' title="bbox 2163 3005 3767 3083; baseline -0.01 -11"><span class='ocrx_word' id='word_1_539' title='bbox 2163 3017 2359 3073; x_wconf 90' lang='lat' dir='ltr'><strong>itinera</strong></span> <span class='ocrx_word' id='word_1_540' title='bbox 2388 3026 2571 3073; x_wconf 89' lang='lat' dir='ltr'><strong>tenere</strong></span> <span class='ocrx_word' id='word_1_541' title='bbox 2624 3018 2886 3083; x_wconf 87' lang='lat' dir='ltr'><strong>volentes,</strong></span> <span class='ocrx_word' id='word_1_542' title='bbox 2918 3016 3047 3070; x_wconf 90' lang='lat' dir='ltr'><strong>licet</strong></span> <span class='ocrx_word' id='word_1_543' title='bbox 3084 3029 3205 3069; x_wconf 91' lang='lat' dir='ltr'><strong>eum</strong></span> <span class='ocrx_word' id='word_1_544' title='bbox 3257 3012 3461 3066; x_wconf 90' lang='lat' dir='ltr'><strong>bonum</strong></span> <span class='ocrx_word' id='word_1_545' title='bbox 3516 3005 3767 3074; x_wconf 89' lang='lat' dir='ltr'><strong>beneque</strong></span> 
     </span>
    </p>
   </div>
   <div class='ocr_carea' id='block_1_79' title="bbox 2166 3099 3767 3180">
    <p class='ocr_par' dir='ltr' id='par_1_79' title="bbox 2166 3099 3767 3180">
     <span class='ocr_line' id='line_1_79' title="bbox 2166 3099 3767 3180; baseline -0.012 -18"><span class='ocrx_word' id='word_1_546' title='bbox 2166 3115 2419 3180; x_wconf 85' lang='lat' dir='ltr'><strong>agentem</strong></span> <span class='ocrx_word' id='word_1_547' title='bbox 2450 3107 2654 3162; x_wconf 89' lang='lat' dir='ltr'><strong>blando</strong></span> <span class='ocrx_word' id='word_1_548' title='bbox 2686 3108 2889 3162; x_wconf 90' lang='lat' dir='ltr'><strong>honore</strong></span> <span class='ocrx_word' id='word_1_549' title='bbox 2909 3103 3202 3174; x_wconf 89' lang='lat' dir='ltr'><strong>debitoque</strong></span> <span class='ocrx_word' id='word_1_550' title='bbox 3233 3099 3423 3155; x_wconf 79' lang='lat' dir='ltr'><strong>favore</strong></span> <span class='ocrx_word' id='word_1_551' title='bbox 3439 3105 3767 3151; x_wconf 88' lang='lat' dir='ltr'><strong>veneraren—</strong></span> 
     </span>
    </p>
   </div>
   <div class='ocr_carea' id='block_1_80' title="bbox 2168 3182 3772 3264">
    <p class='ocr_par' dir='ltr' id='par_1_80' title="bbox 2168 3182 3772 3264">
     <span class='ocr_line' id='line_1_80' title="bbox 2168 3182 3772 3264; baseline -0.012 -13"><span class='ocrx_word' id='word_1_552' title='bbox 2168 3205 2271 3264; x_wconf 91' lang='lat' dir='ltr'><strong>tur,</strong></span> <span class='ocrx_word' id='word_1_553' title='bbox 2305 3205 2483 3251; x_wconf 90' lang='lat' dir='ltr'><strong>tamen</strong></span> <span class='ocrx_word' id='word_1_554' title='bbox 2528 3195 2676 3250; x_wconf 90' lang='lat' dir='ltr'><strong>illum</strong></span> <span class='ocrx_word' id='word_1_555' title='bbox 2709 3195 2856 3249; x_wconf 92' lang='lat' dir='ltr'><strong>nullo</strong></span> <span class='ocrx_word' id='word_1_556' title='bbox 2885 3201 3045 3264; x_wconf 89' lang='lat' dir='ltr'><strong>pacto</strong></span> <span class='ocrx_word' id='word_1_557' title='bbox 3074 3207 3133 3247; x_wconf 89' lang='lat' dir='ltr'><strong>se</strong></span> <span class='ocrx_word' id='word_1_558' title='bbox 3162 3191 3217 3244; x_wconf 87' lang='lat' dir='ltr'><strong>in</strong></span> <span class='ocrx_word' id='word_1_559' title='bbox 3263 3187 3461 3243; x_wconf 90' lang='lat' dir='ltr'><strong>talibus</strong></span> <span class='ocrx_word' id='word_1_560' title='bbox 3490 3182 3772 3238; x_wconf 85' lang='lat' dir='ltr'><strong>audituros</strong></span> 
     </span>
    </p>
   </div>
   <div class='ocr_carea' id='block_1_81' title="bbox 2162 3269 3769 3350">
    <p class='ocr_par' dir='ltr' id='par_1_81' title="bbox 2162 3269 3769 3350">
     <span class='ocr_line' id='line_1_81' title="bbox 2162 3269 3769 3350; baseline -0.011 -9"><span class='ocrx_word' id='word_1_561' title='bbox 2162 3284 2530 3341; x_wconf 71' lang='lat' dir='ltr'><strong>affirmabant.</strong></span> <span class='ocrx_word' id='word_1_562' title='bbox 2596 3289 2663 3339; x_wconf 82' lang='lat' dir='ltr'><strong>At</strong></span> <span class='ocrx_word' id='word_1_563' title='bbox 2692 3284 2783 3339; x_wconf 90' lang='lat' dir='ltr'><strong>ille</strong></span> <span class='ocrx_word' id='word_1_564' title='bbox 2812 3284 2881 3338; x_wconf 90' lang='lat' dir='ltr'><strong>de</strong></span> <span class='ocrx_word' id='word_1_565' title='bbox 2923 3281 3105 3337; x_wconf 84' lang='lat' dir='ltr'><strong>laudis</strong></span> <span class='ocrx_word' id='word_1_566' title='bbox 3146 3279 3391 3350; x_wconf 91' lang='lat' dir='ltr'><strong>ipsorum</strong></span> <span class='ocrx_word' id='word_1_567' title='bbox 3438 3269 3769 3329; x_wconf 86' lang='lat' dir='ltr'><strong>ventositate</strong></span> 
     </span>
    </p>
   </div>
   <div class='ocr_carea' id='block_1_82' title="bbox 2164 3358 3767 3444">
    <p class='ocr_par' dir='ltr' id='par_1_82' title="bbox 2164 3358 3767 3444">
     <span class='ocr_line' id='line_1_82' title="bbox 2164 3358 3767 3444; baseline -0.012 -15"><span class='ocrx_word' id='word_1_568' title='bbox 2164 3374 2295 3429; x_wconf 88' lang='lat' dir='ltr'><strong>nihil</strong></span> <span class='ocrx_word' id='word_1_569' title='bbox 2323 3390 2550 3441; x_wconf 88' lang='lat' dir='ltr'><strong>curans,</strong></span> <span class='ocrx_word' id='word_1_570' title='bbox 2583 3372 2837 3444; x_wconf 85' lang='lat' dir='ltr'><strong>gemebat</strong></span> <span class='ocrx_word' id='word_1_571' title='bbox 2859 3370 3103 3443; x_wconf 90' lang='lat' dir='ltr'><strong>quotidie</strong></span> <span class='ocrx_word' id='word_1_572' title='bbox 3123 3374 3197 3436; x_wconf 90' lang='lat' dir='ltr'><strong>et,</strong></span> <span class='ocrx_word' id='word_1_573' title='bbox 3216 3373 3274 3421; x_wconf 91' lang='lat' dir='ltr'><strong>ut</strong></span> <span class='ocrx_word' id='word_1_574' title='bbox 3300 3363 3405 3419; x_wconf 91' lang='lat' dir='ltr'><strong>sibi</strong></span> <span class='ocrx_word' id='word_1_575' title='bbox 3433 3361 3500 3417; x_wconf 90' lang='lat' dir='ltr'><strong>ad</strong></span> <span class='ocrx_word' id='word_1_576' title='bbox 3532 3358 3767 3415; x_wconf 86' lang='lat' dir='ltr'><strong>salutem</strong></span> 
     </span>
    </p>
   </div>
   <div class='ocr_carea' id='block_1_83' title="bbox 2163 3443 3761 3529">
    <p class='ocr_par' dir='ltr' id='par_1_83' title="bbox 2163 3443 3761 3529">
     <span class='ocr_line' id='line_1_83' title="bbox 2163 3443 3761 3529; baseline -0.013 -11"><span class='ocrx_word' id='word_1_577' title='bbox 2163 3480 2323 3519; x_wconf 86' lang='lat' dir='ltr'><strong>suam</strong></span> <span class='ocrx_word' id='word_1_578' title='bbox 2382 3464 2527 3517; x_wconf 86' lang='lat' dir='ltr'><strong>Deus</strong></span> <span class='ocrx_word' id='word_1_579' title='bbox 2584 3443 2912 3524; x_wconf 84' lang='lat' dir='ltr'><strong>consuleret,</strong></span> <span class='ocrx_word' id='word_1_580' title='bbox 2970 3456 3303 3529; x_wconf 88' lang='lat' dir='ltr'><strong>precabatur</strong></span> <span class='ocrx_word' id='word_1_581' title='bbox 3348 3459 3600 3507; x_wconf 86' lang='lat' dir='ltr'><strong>nocteac</strong></span> <span class='ocrx_word' id='word_1_582' title='bbox 3647 3443 3761 3499; x_wconf 90' lang='lat' dir='ltr'><strong>die.</strong></span> 
     </span>
    </p>
   </div>
   <div class='ocr_carea' id='block_1_84' title="bbox 2163 3546 3767 3622">
    <p class='ocr_par' dir='ltr' id='par_1_84' title="bbox 2163 3546 3767 3622">
     <span class='ocr_line' id='line_1_84' title="bbox 2163 3546 3767 3622; baseline -0.014 -14"><span class='ocrx_word' id='word_1_583' title='bbox 2163 3552 2364 3608; x_wconf 88' lang='lat' dir='ltr'><strong>Verum</strong></span> <span class='ocrx_word' id='word_1_584' title='bbox 2397 3551 2490 3607; x_wconf 91' lang='lat' dir='ltr'><strong>ubi</strong></span> <span class='ocrx_word' id='word_1_585' title='bbox 2533 3549 2817 3622; x_wconf 87' lang='lat' dir='ltr'><strong>perpendit</strong></span> <span class='ocrx_word' id='word_1_586' title='bbox 2850 3548 2978 3602; x_wconf 91' lang='lat' dir='ltr'><strong>illos</strong></span> <span class='ocrx_word' id='word_1_587' title='bbox 3007 3553 3231 3618; x_wconf 89' lang='lat' dir='ltr'><strong>propter</strong></span> <span class='ocrx_word' id='word_1_588' title='bbox 3259 3556 3385 3598; x_wconf 91' lang='lat' dir='ltr'><strong>eum</strong></span> <span class='ocrx_word' id='word_1_589' title='bbox 3417 3546 3767 3610; x_wconf 81' lang='lat' dir='ltr'><strong>nequaquam</strong></span> 
     </span>
    </p>
   </div>
   <div class='ocr_carea' id='block_1_85' title="bbox 2164 3622 3791 3705">
    <p class='ocr_par' dir='ltr' id='par_1_85' title="bbox 2164 3622 3791 3705">
     <span class='ocr_line' id='line_1_85' title="bbox 2164 3622 3791 3705; baseline -0.012 -10"><span class='ocrx_word' id='word_1_590' title='bbox 2164 3640 2303 3696; x_wconf 88' lang='lat' dir='ltr'><strong>velle</strong></span> <span class='ocrx_word' id='word_1_591' title='bbox 2331 3655 2364 3694; x_wconf 88' lang='lat' dir='ltr'><strong>a</strong></span> <span class='ocrx_word' id='word_1_592' title='bbox 2392 3639 2562 3695; x_wconf 90' lang='lat' dir='ltr'><strong>veteri</strong></span> <span class='ocrx_word' id='word_1_593' title='bbox 2594 3638 2704 3695; x_wconf 86' lang='lat' dir='ltr'><strong>vita</strong></span> <span class='ocrx_word' id='word_1_594' title='bbox 2731 3633 3024 3701; x_wconf 89' lang='lat' dir='ltr'><strong>emendari,</strong></span> <span class='ocrx_word' id='word_1_595' title='bbox 3068 3648 3238 3705; x_wconf 87' lang='lat' dir='ltr'><strong>seque</strong></span> <span class='ocrx_word' id='word_1_596' title='bbox 3258 3646 3359 3702; x_wconf 90' lang='lat' dir='ltr'><strong>per</strong></span> <span class='ocrx_word' id='word_1_597' title='bbox 3390 3626 3533 3696; x_wconf 74' lang='lat' dir='ltr'><strong>illus,</strong></span> <span class='ocrx_word' id='word_1_598' title='bbox 3573 3622 3620 3679; x_wconf 89' lang='lat' dir='ltr'><strong>si</strong></span> <span class='ocrx_word' id='word_1_599' title='bbox 3656 3636 3791 3677; x_wconf 91' lang='lat' dir='ltr'><strong>non.</strong></span> 
     </span>
    </p>
   </div>
   <div class='ocr_carea' id='block_1_86' title="bbox 2161 3710 3767 3796">
    <p class='ocr_par' dir='ltr' id='par_1_86' title="bbox 2161 3710 3767 3796">
     <span class='ocr_line' id='line_1_86' title="bbox 2161 3710 3767 3796; baseline -0.012 -11"><span class='ocrx_word' id='word_1_600' title='bbox 2161 3729 2555 3796; x_wconf 86' lang='lat' dir='ltr'><strong>absentaretur,</strong></span> <span class='ocrx_word' id='word_1_601' title='bbox 2618 3744 2650 3782; x_wconf 91' lang='lat' dir='ltr'><strong>a</strong></span> <span class='ocrx_word' id='word_1_602' title='bbox 2700 3742 2798 3782; x_wconf 92' lang='lat' dir='ltr'><strong>suo</strong></span> <span class='ocrx_word' id='word_1_603' title='bbox 2849 3723 3131 3796; x_wconf 90' lang='lat' dir='ltr'><strong>proposito</strong></span> <span class='ocrx_word' id='word_1_604' title='bbox 3195 3734 3355 3792; x_wconf 89' lang='lat' dir='ltr'><strong>posse</strong></span> <span class='ocrx_word' id='word_1_605' title='bbox 3418 3710 3706 3786; x_wconf 86' lang='lat' dir='ltr'><strong>depravari</strong></span> <span class='ocrx_word' id='word_1_606' title='bbox 3747 3728 3767 3776; x_wconf 73' lang='grc' dir='ltr'>ς</span> 
     </span>
    </p>
   </div>
   <div class='ocr_carea' id='block_1_87' title="bbox 2158 3802 3766 3889">
    <p class='ocr_par' dir='ltr' id='par_1_87' title="bbox 2158 3802 3766 3889">
     <span class='ocr_line' id='line_1_87' title="bbox 2158 3802 3766 3889; baseline -0.013 -15"><span class='ocrx_word' id='word_1_607' title='bbox 2158 3823 2343 3889; x_wconf 84' lang='lat' dir='ltr'><strong>sprela</strong></span> <span class='ocrx_word' id='word_1_608' title='bbox 2373 3833 2479 3888; x_wconf 90' lang='lat' dir='ltr'><strong>qua</strong></span> <span class='ocrx_word' id='word_1_609' title='bbox 2508 3816 2832 3889; x_wconf 87' lang='lat' dir='ltr'><strong>cingebatur</strong></span> <span class='ocrx_word' id='word_1_610' title='bbox 2869 3829 3065 3885; x_wconf 89' lang='lat' dir='ltr'><strong>pompa</strong></span> <span class='ocrx_word' id='word_1_611' title='bbox 3096 3808 3366 3875; x_wconf 69' lang='lat' dir='ltr'><strong>smculari,</strong></span> <span class='ocrx_word' id='word_1_612' title='bbox 3394 3802 3590 3877; x_wconf 90' lang='lat' dir='ltr'><strong>spretis</strong></span> <span class='ocrx_word' id='word_1_613' title='bbox 3631 3814 3766 3871; x_wconf 84' lang='lat' dir='ltr'><strong>quo-</strong></span> 
     </span>
    </p>
   </div>
   <div class='ocr_carea' id='block_1_88' title="bbox 2160 3890 3769 3979">
    <p class='ocr_par' dir='ltr' id='par_1_88' title="bbox 2160 3890 3769 3979">
     <span class='ocr_line' id='line_1_88' title="bbox 2160 3890 3769 3979; baseline -0.014 -16"><span class='ocrx_word' id='word_1_614' title='bbox 2160 3923 2267 3979; x_wconf 92' lang='lat' dir='ltr'><strong>que</strong></span> <span class='ocrx_word' id='word_1_615' title='bbox 2330 3906 2531 3961; x_wconf 89' lang='lat' dir='ltr'><strong>divitiis</strong></span> <span class='ocrx_word' id='word_1_616' title='bbox 2558 3921 2784 3977; x_wconf 88' lang='lat' dir='ltr'><strong>quarum</strong></span> <span class='ocrx_word' id='word_1_617' title='bbox 2834 3902 2994 3974; x_wconf 89' lang='lat' dir='ltr'><strong>copia</strong></span> <span class='ocrx_word' id='word_1_618' title='bbox 3048 3897 3405 3963; x_wconf 87' lang='lat' dir='ltr'><strong>redundabat,</strong></span> <span class='ocrx_word' id='word_1_619' title='bbox 3455 3890 3769 3979; x_wconf 84' lang='lat' dir='ltr'><strong>relictisque</strong></span> 
     </span>
    </p>
   </div>
   <div class='ocr_carea' id='block_1_89' title="bbox 2160 3978 3770 4066">
    <p class='ocr_par' dir='ltr' id='par_1_89' title="bbox 2160 3978 3770 4066">
     <span class='ocr_line' id='line_1_89' title="bbox 2160 3978 3770 4066; baseline -0.014 -14"><span class='ocrx_word' id='word_1_620' title='bbox 2160 3978 2433 4053; x_wconf 89' lang='lat' dir='ltr'><strong>canonicis</strong></span> <span class='ocrx_word' id='word_1_621' title='bbox 2488 4010 2719 4066; x_wconf 86' lang='lat' dir='ltr'><strong>quorum</strong></span> <span class='ocrx_word' id='word_1_622' title='bbox 2777 3990 3188 4048; x_wconf 84' lang='lat' dir='ltr'><strong>conversatione</strong></span> <span class='ocrx_word' id='word_1_623' title='bbox 3232 3994 3455 4043; x_wconf 85' lang='lat' dir='ltr'><strong>eatenus</strong></span> <span class='ocrx_word' id='word_1_624' title='bbox 3507 3996 3639 4036; x_wconf 87' lang='lat' dir='ltr'><strong>usus</strong></span> <span class='ocrx_word' id='word_1_625' title='bbox 3678 3978 3770 4032; x_wconf 85' lang='lat' dir='ltr'><strong>fu-</strong></span> 
     </span>
    </p>
   </div>
   <div class='ocr_carea' id='block_1_90' title="bbox 2161 4066 3769 4154">
    <p class='ocr_par' dir='ltr' id='par_1_90' title="bbox 2161 4066 3769 4154">
     <span class='ocr_line' id='line_1_90' title="bbox 2161 4066 3769 4154; baseline -0.013 -14"><span class='ocrx_word' id='word_1_626' title='bbox 2161 4094 2294 4151; x_wconf 87' lang='lat' dir='ltr'><strong>erat,</strong></span> <span class='ocrx_word' id='word_1_627' title='bbox 2340 4084 2478 4140; x_wconf 89' lang='lat' dir='ltr'><strong>redit</strong></span> <span class='ocrx_word' id='word_1_628' title='bbox 2506 4084 2574 4138; x_wconf 90' lang='lat' dir='ltr'><strong>ad</strong></span> <span class='ocrx_word' id='word_1_629' title='bbox 2618 4082 2928 4154; x_wconf 78' lang='lat' dir='ltr'><strong>pontificem</strong></span> <span class='ocrx_word' id='word_1_630' title='bbox 2972 4085 3225 4151; x_wconf 80' lang='lat' dir='ltr'><strong>patruum</strong></span> <span class='ocrx_word' id='word_1_631' title='bbox 3268 4089 3446 4139; x_wconf 91' lang='lat' dir='ltr'><strong>suum,</strong></span> <span class='ocrx_word' id='word_1_632' title='bbox 3488 4066 3769 4154; x_wconf 80' lang='lat' dir='ltr'><strong>negotium</strong></span> 
     </span>
    </p>
   </div>
   <div class='ocr_carea' id='block_1_91' title="bbox 2160 4152 3770 4231">
    <p class='ocr_par' dir='ltr' id='par_1_91' title="bbox 2160 4152 3770 4231">
     <span class='ocr_line' id='line_1_91' title="bbox 2160 4152 3770 4231; baseline -0.014 -2"><span class='ocrx_word' id='word_1_633' title='bbox 2160 4174 2354 4229; x_wconf 83' lang='lat' dir='ltr'><strong>salutis</strong></span> <span class='ocrx_word' id='word_1_634' title='bbox 2382 4174 2577 4229; x_wconf 73' lang='lat' dir='ltr'><strong>animae</strong></span> <span class='ocrx_word' id='word_1_635' title='bbox 2605 4152 2719 4228; x_wconf 71' lang='lat' dir='ltr'><strong>sua:</strong></span> <span class='ocrx_word' id='word_1_636' title='bbox 2745 4187 2869 4227; x_wconf 90' lang='lat' dir='ltr'><strong>cum</strong></span> <span class='ocrx_word' id='word_1_637' title='bbox 2901 4186 2967 4226; x_wconf 92' lang='lat' dir='ltr'><strong>eo</strong></span> <span class='ocrx_word' id='word_1_638' title='bbox 3001 4174 3341 4223; x_wconf 85' lang='lat' dir='ltr'><strong>tractaturus.</strong></span> <span class='ocrx_word' id='word_1_639' title='bbox 3376 4160 3521 4231; x_wconf 88' lang='lat' dir='ltr'><strong>Quid</strong></span> <span class='ocrx_word' id='word_1_640' title='bbox 3549 4156 3718 4212; x_wconf 87' lang='lat' dir='ltr'><strong>multa</strong></span> <span class='ocrx_word' id='word_1_641' title='bbox 3736 4152 3770 4206; x_wconf 79' lang='lat'><strong><em>?</em></strong></span> 
     </span>
    </p>
   </div>
   <div class='ocr_carea' id='block_1_92' title="bbox 2163 4242 3773 4325">
    <p class='ocr_par' dir='ltr' id='par_1_92' title="bbox 2163 4242 3773 4325">
     <span class='ocr_line' id='line_1_92' title="bbox 2163 4242 3773 4325; baseline -0.013 -6"><span class='ocrx_word' id='word_1_642' title='bbox 2163 4263 2263 4320; x_wconf 92' lang='lat' dir='ltr'><strong>Ubi</strong></span> <span class='ocrx_word' id='word_1_643' title='bbox 2297 4262 2536 4317; x_wconf 88' lang='lat' dir='ltr'><strong>miserias</strong></span> <span class='ocrx_word' id='word_1_644' title='bbox 2562 4262 2690 4316; x_wconf 68' lang='lat' dir='ltr'><strong>vita:</strong></span> <span class='ocrx_word' id='word_1_645' title='bbox 2720 4258 2964 4314; x_wconf 86' lang='lat' dir='ltr'><strong>mortalis</strong></span> <span class='ocrx_word' id='word_1_646' title='bbox 2988 4273 3112 4313; x_wconf 93' lang='lat' dir='ltr'><strong>cum</strong></span> <span class='ocrx_word' id='word_1_647' title='bbox 3142 4251 3397 4325; x_wconf 85' lang='lat' dir='ltr'><strong>pontifice</strong></span> <span class='ocrx_word' id='word_1_648' title='bbox 3425 4251 3654 4319; x_wconf 89' lang='lat' dir='ltr'><strong>loquens</strong></span> <span class='ocrx_word' id='word_1_649' title='bbox 3676 4242 3773 4313; x_wconf 87' lang='lat' dir='ltr'><strong>pia</strong></span> 
     </span>
    </p>
   </div>
   <div class='ocr_carea' id='block_1_93' title="bbox 2162 4331 3771 4417">
    <p class='ocr_par' dir='ltr' id='par_1_93' title="bbox 2162 4331 3771 4417">
     <span class='ocr_line' id='line_1_93' title="bbox 2162 4331 3771 4417; baseline -0.012 -10"><span class='ocrx_word' id='word_1_650' title='bbox 2162 4350 2603 4407; x_wconf 65' lang='lat' dir='ltr'><strong>Gonsideratione</strong></span> <span class='ocrx_word' id='word_1_651' title='bbox 2629 4348 2866 4413; x_wconf 88' lang='lat' dir='ltr'><strong>deflevit,</strong></span> <span class='ocrx_word' id='word_1_652' title='bbox 2902 4346 2990 4401; x_wconf 87' lang='lat' dir='ltr'><strong>ubi</strong></span> <span class='ocrx_word' id='word_1_653' title='bbox 3045 4361 3209 4417; x_wconf 86' lang='lat' dir='ltr'><strong>quam</strong></span> <span class='ocrx_word' id='word_1_654' title='bbox 3241 4340 3458 4397; x_wconf 73' lang='lat' dir='ltr'><strong>difﬁcile</strong></span> <span class='ocrx_word' id='word_1_655' title='bbox 3487 4337 3555 4391; x_wconf 90' lang='lat' dir='ltr'><strong>sit</strong></span> <span class='ocrx_word' id='word_1_656' title='bbox 3582 4331 3771 4390; x_wconf 86' lang='lat' dir='ltr'><strong>homi-</strong></span> 
     </span>
    </p>
   </div>
   <div class='ocr_carea' id='block_1_94' title="bbox 2165 4423 3769 4508">
    <p class='ocr_par' dir='ltr' id='par_1_94' title="bbox 2165 4423 3769 4508">
     <span class='ocr_line' id='line_1_94' title="bbox 2165 4423 3769 4508; baseline -0.013 -12"><span class='ocrx_word' id='word_1_657' title='bbox 2165 4457 2293 4496; x_wconf 88' lang='lat' dir='ltr'><strong>nem</strong></span> <span class='ocrx_word' id='word_1_658' title='bbox 2346 4439 2483 4495; x_wconf 90' lang='lat' dir='ltr'><strong>inter</strong></span> <span class='ocrx_word' id='word_1_659' title='bbox 2512 4438 2697 4493; x_wconf 89' lang='lat' dir='ltr'><strong>mundi</strong></span> <span class='ocrx_word' id='word_1_660' title='bbox 2727 4436 3013 4493; x_wconf 90' lang='lat' dir='ltr'><strong>illecebras</strong></span> <span class='ocrx_word' id='word_1_661' title='bbox 3039 4433 3379 4508; x_wconf 89' lang='lat' dir='ltr'><strong>gradientem</strong></span> <span class='ocrx_word' id='word_1_662' title='bbox 3409 4427 3550 4499; x_wconf 84' lang='lat' dir='ltr'><strong>ipsis</strong></span> <span class='ocrx_word' id='word_1_663' title='bbox 3576 4423 3769 4479; x_wconf 89' lang='lat' dir='ltr'><strong>illece-</strong></span> 
     </span>
    </p>
   </div>
   <div class='ocr_carea' id='block_1_95' title="bbox 449 4509 3764 4597">
    <p class='ocr_par' dir='ltr' id='par_1_95' title="bbox 449 4509 3764 4597">
     <span class='ocr_line' id='line_1_95' title="bbox 449 4509 3764 4597; baseline -0.007 -11"><span class='ocrx_word' id='word_1_664' title='bbox 449 4518 569 4586; x_wconf 68' lang='lat' dir='ltr'><strong>ejus</strong></span> <span class='ocrx_word' id='word_1_665' title='bbox 598 4518 867 4589; x_wconf 64' lang='lat' dir='ltr'><strong>exemplis</strong></span> <span class='ocrx_word' id='word_1_666' title='bbox 893 4520 1253 4576; x_wconf 69' lang='grc' dir='ltr'><strong>ίηδῑίίυθηάυδ</strong></span> <span class='ocrx_word' id='word_1_667' title='bbox 1280 4522 1332 4577; x_wconf 76' lang='grc' dir='ltr'><strong>εί</strong></span> <span class='ocrx_word' id='word_1_668' title='bbox 1372 4520 1789 4577; x_wconf 63' lang='lat' dir='ltr'><strong>commendatus</strong></span> <span class='ocrx_word' id='word_1_669' title='bbox 1816 4523 1916 4575; x_wconf 75' lang='lat' dir='ltr'><strong>est.</strong></span> <span class='ocrx_word' id='word_1_670' title='bbox 1949 4520 2053 4582; x_wconf 86' lang='lat' dir='ltr'><strong>Qui</strong></span> <span class='ocrx_word' id='word_1_671' title='bbox 2082 4509 2135 4569; x_wconf 87' lang='lat' dir='ltr'><strong>D</strong></span> <span class='ocrx_word' id='word_1_672' title='bbox 2167 4529 2285 4584; x_wconf 87' lang='lat' dir='ltr'><strong>bris</strong></span> <span class='ocrx_word' id='word_1_673' title='bbox 2305 4543 2413 4583; x_wconf 91' lang='lat' dir='ltr'><strong>non</strong></span> <span class='ocrx_word' id='word_1_674' title='bbox 2436 4527 2650 4593; x_wconf 85' lang='lat' dir='ltr'><strong>irretiri,</strong></span> <span class='ocrx_word' id='word_1_675' title='bbox 2674 4526 2923 4597; x_wconf 90' lang='lat' dir='ltr'><strong>utrinque</strong></span> <span class='ocrx_word' id='word_1_676' title='bbox 2937 4539 3114 4580; x_wconf 90' lang='lat' dir='ltr'><strong>sermo</strong></span> <span class='ocrx_word' id='word_1_677' title='bbox 3137 4520 3440 4594; x_wconf 87' lang='lat' dir='ltr'><strong>procedens</strong></span> <span class='ocrx_word' id='word_1_678' title='bbox 3470 4509 3764 4592; x_wconf 60' lang='lat' dir='ltr'><strong>appendit;</strong></span> 
     </span>
    </p>
   </div>
   <div class='ocr_carea' id='block_1_96' title="bbox 447 4608 2047 4679">
    <p class='ocr_par' dir='ltr' id='par_1_96' title="bbox 447 4608 2047 4679">
     <span class='ocr_line' id='line_1_96' title="bbox 447 4608 2047 4679; baseline 0.001 -18"><span class='ocrx_word' id='word_1_679' title='bbox 447 4623 514 4662; x_wconf 83' lang='lat' dir='ltr'><strong>ex</strong></span> <span class='ocrx_word' id='word_1_680' title='bbox 543 4608 957 4664; x_wconf 90' lang='lat' dir='ltr'><strong>conversatione</strong></span> <span class='ocrx_word' id='word_1_681' title='bbox 986 4609 1120 4664; x_wconf 90' lang='lat' dir='ltr'><strong>tanti</strong></span> <span class='ocrx_word' id='word_1_682' title='bbox 1140 4609 1241 4666; x_wconf 88' lang='lat' dir='ltr'><strong>viri</strong></span> <span class='ocrx_word' id='word_1_683' title='bbox 1271 4626 1392 4665; x_wconf 91' lang='lat' dir='ltr'><strong>sese</strong></span> <span class='ocrx_word' id='word_1_684' title='bbox 1414 4609 1625 4666; x_wconf 78' lang='lat' dir='ltr'><strong>felicem</strong></span> <span class='ocrx_word' id='word_1_685' title='bbox 1664 4609 1782 4665; x_wconf 89' lang='lat' dir='ltr'><strong>fore</strong></span> <span class='ocrx_word' id='word_1_686' title='bbox 1811 4624 2047 4679; x_wconf 89' lang='lat' dir='ltr'><strong>pronun-</strong></span> 
     </span>
    </p>
   </div>
   <div class='ocr_carea' id='block_1_97' title="bbox 457 4695 2051 4770">
    <p class='ocr_par' dir='ltr' id='par_1_97' title="bbox 457 4695 2051 4770">
     <span class='ocr_line' id='line_1_97' title="bbox 457 4695 2051 4770; baseline 0 -21"><span class='ocrx_word' id='word_1_687' title='bbox 457 4695 615 4760; x_wconf 85' lang='lat' dir='ltr'><strong>tians,</strong></span> <span class='ocrx_word' id='word_1_688' title='bbox 664 4712 767 4753; x_wconf 90' lang='lat' dir='ltr'><strong>nec</strong></span> <span class='ocrx_word' id='word_1_689' title='bbox 804 4698 1205 4765; x_wconf 88' lang='lat' dir='ltr'><strong>miraculorum,</strong></span> <span class='ocrx_word' id='word_1_690' title='bbox 1256 4715 1379 4770; x_wconf 65' lang='lat' dir='ltr'><strong>que</strong></span> <span class='ocrx_word' id='word_1_691' title='bbox 1427 4714 1811 4767; x_wconf 89' lang='lat' dir='ltr'><strong>nonnunquam</strong></span> <span class='ocrx_word' id='word_1_692' title='bbox 1856 4698 2051 4752; x_wconf 88' lang='lat' dir='ltr'><strong>adsunt</strong></span> 
     </span>
    </p>
   </div>
   <div class='ocr_carea' id='block_1_98' title="bbox 451 4785 2043 4858">
    <p class='ocr_par' dir='ltr' id='par_1_98' title="bbox 451 4785 2043 4858">
     <span class='ocr_line' id='line_1_98' title="bbox 451 4785 2043 4858; baseline 0.001 -21"><span class='ocrx_word' id='word_1_693' title='bbox 451 4785 630 4853; x_wconf 89' lang='lat' dir='ltr'><strong>malis,</strong></span> <span class='ocrx_word' id='word_1_694' title='bbox 662 4785 760 4841; x_wconf 90' lang='lat' dir='ltr'><strong>sed</strong></span> <span class='ocrx_word' id='word_1_695' title='bbox 782 4786 1035 4842; x_wconf 88' lang='lat' dir='ltr'><strong>virtutum</strong></span> <span class='ocrx_word' id='word_1_696' title='bbox 1056 4788 1192 4857; x_wconf 88' lang='lat' dir='ltr'><strong>ejus,</strong></span> <span class='ocrx_word' id='word_1_697' title='bbox 1224 4788 1340 4844; x_wconf 89' lang='lat' dir='ltr'><strong>sine</strong></span> <span class='ocrx_word' id='word_1_698' title='bbox 1356 4786 1551 4858; x_wconf 90' lang='lat' dir='ltr'><strong>quibus</strong></span> <span class='ocrx_word' id='word_1_699' title='bbox 1568 4802 1747 4843; x_wconf 83' lang='lat' dir='ltr'><strong>metuo</strong></span> <span class='ocrx_word' id='word_1_700' title='bbox 1769 4785 1827 4841; x_wconf 83' lang='lat' dir='ltr'><strong>fit</strong></span> <span class='ocrx_word' id='word_1_701' title='bbox 1849 4790 2043 4853; x_wconf 85' lang='lat' dir='ltr'><strong>bonus,</strong></span> 
     </span>
    </p>
   </div>
   <div class='ocr_carea' id='block_1_99' title="bbox 450 4871 2045 4946">
    <p class='ocr_par' dir='ltr' id='par_1_99' title="bbox 450 4871 2045 4946">
     <span class='ocr_line' id='line_1_99' title="bbox 450 4871 2045 4946; baseline 0.002 -21"><span class='ocrx_word' id='word_1_702' title='bbox 450 4871 691 4928; x_wconf 80' lang='lat' dir='ltr'><strong>imitator</strong></span> <span class='ocrx_word' id='word_1_703' title='bbox 720 4890 842 4929; x_wconf 90' lang='lat' dir='ltr'><strong>esse</strong></span> <span class='ocrx_word' id='word_1_704' title='bbox 881 4876 1121 4932; x_wconf 86' lang='lat' dir='ltr'><strong>curabat.</strong></span> <span class='ocrx_word' id='word_1_705' title='bbox 1153 4876 1310 4933; x_wconf 91' lang='lat' dir='ltr'><strong>Unde</strong></span> <span class='ocrx_word' id='word_1_706' title='bbox 1361 4885 1413 4931; x_wconf 90' lang='lat' dir='ltr'><strong>et</strong></span> <span class='ocrx_word' id='word_1_707' title='bbox 1443 4876 1516 4931; x_wconf 89' lang='lat' dir='ltr'><strong>ab</strong></span> <span class='ocrx_word' id='word_1_708' title='bbox 1556 4875 1810 4931; x_wconf 91' lang='lat' dir='ltr'><strong>omnibus</strong></span> <span class='ocrx_word' id='word_1_709' title='bbox 1839 4874 2045 4946; x_wconf 78' lang='lat' dir='ltr'><strong>dilige-</strong></span> 
     </span>
    </p>
   </div>
   <div class='ocr_carea' id='block_1_100' title="bbox 451 4959 2048 5036">
    <p class='ocr_par' dir='ltr' id='par_1_100' title="bbox 451 4959 2048 5036">
     <span class='ocr_line' id='line_1_100' title="bbox 451 4959 2048 5036; baseline 0.003 -21"><span class='ocrx_word' id='word_1_710' title='bbox 451 4959 632 5026; x_wconf 77' lang='lat' dir='ltr'><strong>batur,</strong></span> <span class='ocrx_word' id='word_1_711' title='bbox 688 4976 796 5016; x_wconf 88' lang='lat' dir='ltr'><strong>non</strong></span> <span class='ocrx_word' id='word_1_712' title='bbox 825 4964 1001 5019; x_wconf 91' lang='lat' dir='ltr'><strong>solum</strong></span> <span class='ocrx_word' id='word_1_713' title='bbox 1056 4964 1185 5036; x_wconf 88' lang='lat' dir='ltr'><strong>quia</strong></span> <span class='ocrx_word' id='word_1_714' title='bbox 1226 4972 1375 5021; x_wconf 85' lang='lat' dir='ltr'><strong>tanta</strong></span> <span class='ocrx_word' id='word_1_715' title='bbox 1418 4966 1598 5022; x_wconf 89' lang='lat' dir='ltr'><strong>carnis</strong></span> <span class='ocrx_word' id='word_1_716' title='bbox 1641 4964 2048 5036; x_wconf 88' lang='lat' dir='ltr'><strong>propinquitate</strong></span> 
     </span>
    </p>
   </div>
   <div class='ocr_carea' id='block_1_101' title="bbox 446 5046 2051 5124">
    <p class='ocr_par' dir='ltr' id='par_1_101' title="bbox 446 5046 2051 5124">
     <span class='ocr_line' id='line_1_101' title="bbox 446 5046 2051 5124; baseline 0.003 -21"><span class='ocrx_word' id='word_1_717' title='bbox 446 5046 525 5103; x_wconf 92' lang='lat' dir='ltr'><strong>illi</strong></span> <span class='ocrx_word' id='word_1_718' title='bbox 581 5050 949 5121; x_wconf 88' lang='lat' dir='ltr'><strong>copulabatur,</strong></span> <span class='ocrx_word' id='word_1_719' title='bbox 1004 5054 1100 5109; x_wconf 89' lang='lat' dir='ltr'><strong>sed</strong></span> <span class='ocrx_word' id='word_1_720' title='bbox 1144 5054 1305 5109; x_wconf 90' lang='lat' dir='ltr'><strong>etiam</strong></span> <span class='ocrx_word' id='word_1_721' title='bbox 1362 5055 1491 5124; x_wconf 83' lang='lat' dir='ltr'><strong>quia</strong></span> <span class='ocrx_word' id='word_1_722' title='bbox 1546 5070 1736 5110; x_wconf 87' lang='lat' dir='ltr'><strong>versus</strong></span> <span class='ocrx_word' id='word_1_723' title='bbox 1777 5070 1966 5110; x_wconf 89' lang='lat' dir='ltr'><strong>omnes</strong></span> <span class='ocrx_word' id='word_1_724' title='bbox 1994 5052 2051 5108; x_wconf 88' lang='lat' dir='ltr'><strong>id</strong></span> 
     </span>
    </p>
   </div>
   <div class='ocr_carea' id='block_1_102' title="bbox 448 5140 2051 5209">
    <p class='ocr_par' dir='ltr' id='par_1_102' title="bbox 448 5140 2051 5209">
     <span class='ocr_line' id='line_1_102' title="bbox 448 5140 2051 5209; baseline 0.002 -16"><span class='ocrx_word' id='word_1_725' title='bbox 448 5147 681 5209; x_wconf 88' lang='lat' dir='ltr'><strong>egerant</strong></span> <span class='ocrx_word' id='word_1_726' title='bbox 709 5140 906 5195; x_wconf 89' lang='lat' dir='ltr'><strong>merita</strong></span> <span class='ocrx_word' id='word_1_727' title='bbox 934 5142 1049 5209; x_wconf 85' lang='lat' dir='ltr'><strong>ejus</strong></span> <span class='ocrx_word' id='word_1_728' title='bbox 1075 5148 1135 5197; x_wconf 90' lang='lat' dir='ltr'><strong>ut</strong></span> <span class='ocrx_word' id='word_1_729' title='bbox 1162 5157 1194 5199; x_wconf 89' lang='lat' dir='ltr'><strong>a</strong></span> <span class='ocrx_word' id='word_1_730' title='bbox 1237 5144 1445 5199; x_wconf 89' lang='lat' dir='ltr'><strong>cunctis</strong></span> <span class='ocrx_word' id='word_1_731' title='bbox 1473 5151 1765 5199; x_wconf 87' lang='lat' dir='ltr'><strong>amaretur.</strong></span> <span class='ocrx_word' id='word_1_732' title='bbox 1798 5142 2051 5198; x_wconf 89' lang='lat' dir='ltr'><strong>Traditur</strong></span> 
     </span>
    </p>
   </div>
   <div class='ocr_carea' id='block_1_103' title="bbox 447 5225 2049 5303">
    <p class='ocr_par' dir='ltr' id='par_1_103' title="bbox 447 5225 2049 5303">
     <span class='ocr_line' id='line_1_103' title="bbox 447 5225 2049 5303; baseline 0.001 -20"><span class='ocrx_word' id='word_1_733' title='bbox 447 5225 658 5297; x_wconf 87' lang='lat' dir='ltr'><strong>litteris,</strong></span> <span class='ocrx_word' id='word_1_734' title='bbox 686 5234 739 5283; x_wconf 88' lang='lat' dir='ltr'><strong>et</strong></span> <span class='ocrx_word' id='word_1_735' title='bbox 764 5228 1047 5299; x_wconf 89' lang='lat' dir='ltr'><strong>cujusdam</strong></span> <span class='ocrx_word' id='word_1_736' title='bbox 1068 5229 1171 5288; x_wconf 86' lang='lat' dir='ltr'><strong>viri</strong></span> <span class='ocrx_word' id='word_1_737' title='bbox 1200 5230 1513 5303; x_wconf 85' lang='lat' dir='ltr'><strong>Frithegodi</strong></span> <span class='ocrx_word' id='word_1_738' title='bbox 1535 5232 1757 5287; x_wconf 89' lang='lat' dir='ltr'><strong>nomine</strong></span> <span class='ocrx_word' id='word_1_739' title='bbox 1787 5231 1922 5302; x_wconf 81' lang='grc'><strong>(19),</strong></span> <span class='ocrx_word' id='word_1_740' title='bbox 1956 5230 2049 5303; x_wconf 89' lang='lat' dir='ltr'><strong>qui</strong></span> 
     </span>
    </p>
   </div>
   <div class='ocr_carea' id='block_1_104' title="bbox 520 5403 2050 5476">
    <p class='ocr_par' dir='ltr' id='par_1_104' title="bbox 520 5403 2050 5476">
     <span class='ocr_line' id='line_1_104' title="bbox 520 5403 2050 5476; baseline -0.001 -14"><span class='ocrx_word' id='word_1_741' title='bbox 520 5404 633 5475; x_wconf 81' lang='grc'>(19)</span> <span class='ocrx_word' id='word_1_742' title='bbox 666 5405 959 5476; x_wconf 78' lang='lat' dir='ltr'><strong>Monachus</strong></span> <span class='ocrx_word' id='word_1_743' title='bbox 1006 5403 1051 5459; x_wconf 90' lang='lat' dir='ltr'><strong>is</strong></span> <span class='ocrx_word' id='word_1_744' title='bbox 1080 5404 1488 5462; x_wconf 87' lang='lat' dir='ltr'><strong>Cantuariensis</strong></span> <span class='ocrx_word' id='word_1_745' title='bbox 1518 5404 1764 5476; x_wconf 90' lang='lat' dir='ltr'><strong>plurimis</strong></span> <span class='ocrx_word' id='word_1_746' title='bbox 1790 5406 1845 5461; x_wconf 89' lang='lat' dir='ltr'><strong>in</strong></span> <span class='ocrx_word' id='word_1_747' title='bbox 1875 5404 2050 5461; x_wconf 88' lang='lat' dir='ltr'><strong>lucem</strong></span> 
     </span>
    </p>
   </div>
   <div class='ocr_carea' id='block_1_105' title="bbox 450 5474 2048 5558">
    <p class='ocr_par' dir='ltr' id='par_1_105' title="bbox 450 5474 2048 5558">
     <span class='ocr_line' id='line_1_105' title="bbox 450 5474 2048 5558; baseline -0.001 -25"><span class='ocrx_word' id='word_1_748' title='bbox 450 5474 619 5558; x_wconf 68' lang='lat' dir='ltr'><strong>editis</strong></span> <span class='ocrx_word' id='word_1_749' title='bbox 643 5475 860 5558; x_wconf 86' lang='lat' dir='ltr'><strong>scriptis</strong></span> <span class='ocrx_word' id='word_1_750' title='bbox 885 5474 1150 5558; x_wconf 35' lang='lat' dir='ltr'><strong>.clarui‘th</strong></span> <span class='ocrx_word' id='word_1_751' title='bbox 1164 5476 1402 5558; x_wconf 74' lang='lat' dir='ltr'><strong>maxime</strong></span> <span class='ocrx_word' id='word_1_752' title='bbox 1427 5474 1611 5558; x_wconf 67' lang='lat' dir='ltr'><strong>autem</strong></span> <span class='ocrx_word' id='word_1_753' title='bbox 1639 5476 1762 5532; x_wconf 85' lang='lat' dir='ltr'><strong>Vita</strong></span> <span class='ocrx_word' id='word_1_754' title='bbox 1807 5476 1863 5534; x_wconf 92' lang='lat' dir='ltr'><strong>S.</strong></span> <span class='ocrx_word' id='word_1_755' title='bbox 1897 5477 2048 5534; x_wconf 86' lang='lat' dir='ltr'><strong>Wit-</strong></span> 
     </span>
    </p>
   </div>
   <div class='ocr_carea' id='block_1_106' title="bbox 446 5546 1623 5618">
    <p class='ocr_par' dir='ltr' id='par_1_106' title="bbox 446 5546 1623 5618">
     <span class='ocr_line' id='line_1_106' title="bbox 446 5546 1623 5618; baseline -0.003 -14"><span class='ocrx_word' id='word_1_756' title='bbox 446 5547 581 5604; x_wconf 72' lang='lat' dir='ltr'><strong>{redi</strong></span> <span class='ocrx_word' id='word_1_757' title='bbox 610 5546 834 5604; x_wconf 82' lang='lat' dir='ltr'><strong>matrice</strong></span> <span class='ocrx_word' id='word_1_758' title='bbox 876 5547 1036 5618; x_wconf 84' lang='lat' dir='ltr'><strong>jussu</strong></span> <span class='ocrx_word' id='word_1_759' title='bbox 1068 5546 1276 5604; x_wconf 89' lang='lat' dir='ltr'><strong>Odonis</strong></span> <span class='ocrx_word' id='word_1_760' title='bbox 1304 5547 1623 5617; x_wconf 87' lang='lat' dir='ltr'><strong>composita.</strong></span> 
     </span>
    </p>
   </div>
   <div class='ocr_carea' id='block_1_107' title="bbox 518 5616 2055 5691">
    <p class='ocr_par' dir='ltr' id='par_1_107' title="bbox 518 5616 2055 5691">
     <span class='ocr_line' id='line_1_107' title="bbox 518 5616 2055 5691; baseline -0.001 -15"><span class='ocrx_word' id='word_1_761' title='bbox 518 5619 637 5691; x_wconf 73' lang='lat'><strong>(20)</strong></span> <span class='ocrx_word' id='word_1_762' title='bbox 665 5616 965 5675; x_wconf 70' lang='lat' dir='ltr'><strong>Wintoniaa</strong></span> <span class='ocrx_word' id='word_1_763' title='bbox 994 5619 1049 5675; x_wconf 88' lang='lat' dir='ltr'><strong>in</strong></span> <span class='ocrx_word' id='word_1_764' title='bbox 1078 5619 1250 5679; x_wconf 88' lang='lat' dir='ltr'><strong>veteri</strong></span> <span class='ocrx_word' id='word_1_765' title='bbox 1282 5616 1613 5677; x_wconf 80' lang='lat' dir='ltr'><strong>monasterio</strong></span> <span class='ocrx_word' id='word_1_766' title='bbox 1634 5616 1958 5676; x_wconf 82' lang='lat' dir='ltr'><strong>Oswaldum</strong></span> <span class='ocrx_word' id='word_1_767' title='bbox 1988 5617 2055 5674; x_wconf 85' lang='lat' dir='ltr'><strong>ab</strong></span> 
     </span>
    </p>
   </div>
   <div class='ocr_carea' id='block_1_108' title="bbox 2157 4600 3768 4680">
    <p class='ocr_par' dir='ltr' id='par_1_108' title="bbox 2157 4600 3768 4680">
     <span class='ocr_line' id='line_1_108' title="bbox 2157 4600 3768 4680; baseline -0.011 -9"><span class='ocrx_word' id='word_1_768' title='bbox 2157 4617 2317 4672; x_wconf 89' lang='lat' dir='ltr'><strong>infert</strong></span> <span class='ocrx_word' id='word_1_769' title='bbox 2374 4616 2566 4671; x_wconf 84' lang='lat' dir='ltr'><strong>Christi</strong></span> <span class='ocrx_word' id='word_1_770' title='bbox 2614 4616 2769 4670; x_wconf 90' lang='lat' dir='ltr'><strong>miles</strong></span> <span class='ocrx_word' id='word_1_771' title='bbox 2799 4613 3071 4670; x_wconf 83' lang='lat' dir='ltr'><strong>Oswaldis</strong></span> <span class='ocrx_word' id='word_1_772' title='bbox 3116 4611 3218 4666; x_wconf 88' lang='lat' dir='ltr'><strong>sibi</strong></span> <span class='ocrx_word' id='word_1_773' title='bbox 3242 4609 3359 4680; x_wconf 86' lang='lat' dir='ltr'><strong>jam</strong></span> <span class='ocrx_word' id='word_1_774' title='bbox 3416 4602 3682 4662; x_wconf 88' lang='lat' dir='ltr'><strong>cecidisse</strong></span> <span class='ocrx_word' id='word_1_775' title='bbox 3713 4600 3768 4655; x_wconf 89' lang='lat' dir='ltr'><strong>iu</strong></span> 
     </span>
    </p>
   </div>
   <div class='ocr_carea' id='block_1_109' title="bbox 2156 4688 3767 4760">
    <p class='ocr_par' dir='ltr' id='par_1_109' title="bbox 2156 4688 3767 4760">
     <span class='ocr_line' id='line_1_109' title="bbox 2156 4688 3767 4760; baseline -0.01 0"><span class='ocrx_word' id='word_1_776' title='bbox 2156 4713 2395 4760; x_wconf 88' lang='lat' dir='ltr'><strong>mentem</strong></span> <span class='ocrx_word' id='word_1_777' title='bbox 2423 4721 2482 4760; x_wconf 89' lang='lat' dir='ltr'><strong>se</strong></span> <span class='ocrx_word' id='word_1_778' title='bbox 2528 4703 2729 4759; x_wconf 88' lang='lat' dir='ltr'><strong>nudum</strong></span> <span class='ocrx_word' id='word_1_779' title='bbox 2760 4702 3108 4759; x_wconf 66' lang='lat' dir='ltr'><strong>saecularibus</strong></span> <span class='ocrx_word' id='word_1_780' title='bbox 3144 4698 3352 4755; x_wconf 86' lang='lat' dir='ltr'><strong>cunctis</strong></span> <span class='ocrx_word' id='word_1_781' title='bbox 3377 4695 3520 4750; x_wconf 86' lang='lat' dir='ltr'><strong>velle</strong></span> <span class='ocrx_word' id='word_1_782' title='bbox 3565 4688 3767 4746; x_wconf 85' lang='lat' dir='ltr'><strong>amodo</strong></span> 
     </span>
    </p>
   </div>
   <div class='ocr_carea' id='block_1_110' title="bbox 2158 4778 3768 4865">
    <p class='ocr_par' dir='ltr' id='par_1_110' title="bbox 2158 4778 3768 4865">
     <span class='ocr_line' id='line_1_110' title="bbox 2158 4778 3768 4865; baseline -0.011 -16"><span class='ocrx_word' id='word_1_783' title='bbox 2158 4794 2424 4849; x_wconf 88' lang='lat' dir='ltr'><strong>Christum</strong></span> <span class='ocrx_word' id='word_1_784' title='bbox 2483 4794 2636 4865; x_wconf 80' lang='lat' dir='ltr'><strong>sequi</strong></span> <span class='ocrx_word' id='word_1_785' title='bbox 2695 4801 2746 4848; x_wconf 89' lang='lat' dir='ltr'><strong>et</strong></span> <span class='ocrx_word' id='word_1_786' title='bbox 2803 4807 2933 4847; x_wconf 88' lang='lat' dir='ltr'><strong>vere</strong></span> <span class='ocrx_word' id='word_1_787' title='bbox 2987 4790 3312 4846; x_wconf 87' lang='lat' dir='ltr'><strong>monachum</strong></span> <span class='ocrx_word' id='word_1_788' title='bbox 3372 4785 3507 4840; x_wconf 87' lang='lat' dir='ltr'><strong>fieri.</strong></span> <span class='ocrx_word' id='word_1_789' title='bbox 3571 4778 3768 4836; x_wconf 86' lang='lat' dir='ltr'><strong>Exsilit</strong></span> 
     </span>
    </p>
   </div>
   <div class='ocr_carea' id='block_1_111' title="bbox 2154 4867 3769 4955">
    <p class='ocr_par' dir='ltr' id='par_1_111' title="bbox 2154 4867 3769 4955">
     <span class='ocr_line' id='line_1_111' title="bbox 2154 4867 3769 4955; baseline -0.008 -19"><span class='ocrx_word' id='word_1_790' title='bbox 2154 4882 2355 4955; x_wconf 83' lang='lat' dir='ltr'><strong>gaudio</strong></span> <span class='ocrx_word' id='word_1_791' title='bbox 2384 4881 2636 4953; x_wconf 80' lang='lat' dir='ltr'><strong>pontifex</strong></span> <span class='ocrx_word' id='word_1_792' title='bbox 2669 4890 2722 4937; x_wconf 91' lang='lat' dir='ltr'><strong>et</strong></span> <span class='ocrx_word' id='word_1_793' title='bbox 2749 4880 2956 4947; x_wconf 85' lang='lat' dir='ltr'><strong>audita,</strong></span> <span class='ocrx_word' id='word_1_794' title='bbox 2988 4887 3042 4933; x_wconf 91' lang='lat' dir='ltr'><strong>et</strong></span> <span class='ocrx_word' id='word_1_795' title='bbox 3070 4875 3480 4947; x_wconf 88' lang='lat' dir='ltr'><strong>erumpentibus</strong></span> <span class='ocrx_word' id='word_1_796' title='bbox 3513 4867 3769 4941; x_wconf 64' lang='lat' dir='ltr'><strong>lacrymis</strong></span> 
     </span>
    </p>
   </div>
   <div class='ocr_carea' id='block_1_112' title="bbox 2158 4963 3764 5043">
    <p class='ocr_par' dir='ltr' id='par_1_112' title="bbox 2158 4963 3764 5043">
     <span class='ocr_line' id='line_1_112' title="bbox 2158 4963 3764 5043; baseline -0.008 -15"><span class='ocrx_word' id='word_1_797' title='bbox 2158 4988 2271 5043; x_wconf 72' lang='lat' dir='ltr'><strong>prae</strong></span> <span class='ocrx_word' id='word_1_798' title='bbox 2307 4972 2484 5042; x_wconf 91' lang='lat' dir='ltr'><strong>jubilo</strong></span> <span class='ocrx_word' id='word_1_799' title='bbox 2528 4972 2707 5027; x_wconf 85' lang='lat' dir='ltr'><strong>cordis</strong></span> <span class='ocrx_word' id='word_1_800' title='bbox 2750 4986 2858 5041; x_wconf 88' lang='lat' dir='ltr'><strong>qua</strong></span> <span class='ocrx_word' id='word_1_801' title='bbox 2904 4984 3040 5026; x_wconf 89' lang='lat' dir='ltr'><strong>voce</strong></span> <span class='ocrx_word' id='word_1_802' title='bbox 3068 4967 3337 5037; x_wconf 77' lang='lat' dir='ltr'><strong>exprimat</strong></span> <span class='ocrx_word' id='word_1_803' title='bbox 3384 4963 3530 5036; x_wconf 90' lang='lat' dir='ltr'><strong>quod</strong></span> <span class='ocrx_word' id='word_1_804' title='bbox 3570 4978 3681 5033; x_wconf 70' lang='lat' dir='ltr'><strong>prae</strong></span> <span class='ocrx_word' id='word_1_805' title='bbox 3705 4977 3764 5016; x_wconf 87' lang='lat' dir='ltr'><strong>se</strong></span> 
     </span>
    </p>
   </div>
   <div class='ocr_carea' id='block_1_113' title="bbox 2158 5052 3766 5116">
    <p class='ocr_par' dir='ltr' id='par_1_113' title="bbox 2158 5052 3766 5116">
     <span class='ocr_line' id='line_1_113' title="bbox 2158 5052 3766 5116; baseline -0.007 -1"><span class='ocrx_word' id='word_1_806' title='bbox 2158 5062 2301 5116; x_wconf 89' lang='lat' dir='ltr'><strong>intus</strong></span> <span class='ocrx_word' id='word_1_807' title='bbox 2330 5060 2491 5116; x_wconf 87' lang='lat' dir='ltr'><strong>habet</strong></span> <span class='ocrx_word' id='word_1_808' title='bbox 2526 5059 2765 5115; x_wconf 90' lang='lat' dir='ltr'><strong>invenire</strong></span> <span class='ocrx_word' id='word_1_809' title='bbox 2808 5056 3029 5113; x_wconf 89' lang='lat' dir='ltr'><strong>minime</strong></span> <span class='ocrx_word' id='word_1_810' title='bbox 3058 5055 3220 5112; x_wconf 85' lang='lat' dir='ltr'><strong>valet.</strong></span> <span class='ocrx_word' id='word_1_811' title='bbox 3253 5054 3300 5111; x_wconf 93' lang='grc' dir='ltr'>Ο</span> <span class='ocrx_word' id='word_1_812' title='bbox 3348 5054 3474 5110; x_wconf 90' lang='lat' dir='ltr'><strong>hinc</strong></span> <span class='ocrx_word' id='word_1_813' title='bbox 3503 5052 3644 5108; x_wconf 87' lang='lat' dir='ltr'><strong>inter</strong></span> <span class='ocrx_word' id='word_1_814' title='bbox 3669 5066 3766 5106; x_wconf 86' lang='lat' dir='ltr'><strong>eos</strong></span> 
     </span>
    </p>
   </div>
   <div class='ocr_carea' id='block_1_114' title="bbox 2160 5140 3756 5218">
    <p class='ocr_par' dir='ltr' id='par_1_114' title="bbox 2160 5140 3756 5218">
     <span class='ocr_line' id='line_1_114' title="bbox 2160 5140 3756 5218; baseline -0.008 -11"><span class='ocrx_word' id='word_1_815' title='bbox 2160 5166 2226 5207; x_wconf 82' lang='lat' dir='ltr'><strong>ex</strong></span> <span class='ocrx_word' id='word_1_816' title='bbox 2255 5149 2459 5205; x_wconf 88' lang='lat' dir='ltr'><strong>divinis</strong></span> <span class='ocrx_word' id='word_1_817' title='bbox 2495 5149 2680 5204; x_wconf 87' lang='lat' dir='ltr'><strong>verbis</strong></span> <span class='ocrx_word' id='word_1_818' title='bbox 2710 5148 2839 5204; x_wconf 76' lang='lat' dir='ltr'><strong>vitae</strong></span> <span class='ocrx_word' id='word_1_819' title='bbox 2870 5145 3126 5218; x_wconf 86' lang='lat' dir='ltr'><strong>perennis</strong></span> <span class='ocrx_word' id='word_1_820' title='bbox 3163 5153 3285 5200; x_wconf 88' lang='lat' dir='ltr'><strong>orta</strong></span> <span class='ocrx_word' id='word_1_821' title='bbox 3332 5140 3756 5214; x_wconf 85' lang='lat' dir='ltr'><strong>contemplatiol</strong></span> 
     </span>
    </p>
   </div>
   <div class='ocr_carea' id='block_1_115' title="bbox 2162 5231 3764 5310">
    <p class='ocr_par' dir='ltr' id='par_1_115' title="bbox 2162 5231 3764 5310">
     <span class='ocr_line' id='line_1_115' title="bbox 2162 5231 3764 5310; baseline -0.006 -15"><span class='ocrx_word' id='word_1_822' title='bbox 2162 5238 2208 5295; x_wconf 94' lang='grc' dir='ltr'>Ο</span> <span class='ocrx_word' id='word_1_823' title='bbox 2255 5239 2310 5294; x_wconf 88' lang='lat' dir='ltr'><strong>in</strong></span> <span class='ocrx_word' id='word_1_824' title='bbox 2338 5246 2707 5310; x_wconf 89' lang='lat' dir='ltr'><strong>contemptum</strong></span> <span class='ocrx_word' id='word_1_825' title='bbox 2739 5234 2924 5291; x_wconf 88' lang='lat' dir='ltr'><strong>mundi</strong></span> <span class='ocrx_word' id='word_1_826' title='bbox 2955 5243 3081 5299; x_wconf 73' lang='lat' dir='ltr'><strong>nata</strong></span> <span class='ocrx_word' id='word_1_827' title='bbox 3126 5232 3408 5289; x_wconf 89' lang='lat' dir='ltr'><strong>suadibilis</strong></span> <span class='ocrx_word' id='word_1_828' title='bbox 3468 5231 3764 5303; x_wconf 87' lang='lat' dir='ltr'><strong>divinaque</strong></span> 
     </span>
    </p>
   </div>
   <div class='ocr_carea' id='block_1_116' title="bbox 2164 5413 3767 5488">
    <p class='ocr_par' dir='ltr' id='par_1_116' title="bbox 2164 5413 3767 5488">
     <span class='ocr_line' id='line_1_116' title="bbox 2164 5413 3767 5488; baseline -0.008 -8"><span class='ocrx_word' id='word_1_829' title='bbox 2164 5423 2359 5481; x_wconf 90' lang='lat' dir='ltr'><strong>Odone</strong></span> <span class='ocrx_word' id='word_1_830' title='bbox 2402 5419 2731 5479; x_wconf 89' lang='lat' dir='ltr'><strong>collocatum</strong></span> <span class='ocrx_word' id='word_1_831' title='bbox 2761 5434 2826 5475; x_wconf 90' lang='lat' dir='ltr'><strong>ac</strong></span> <span class='ocrx_word' id='word_1_832' title='bbox 2870 5416 3532 5488; x_wconf 22' lang='lat' dir='ltr'><strong>postmodumudecanum</strong></span> <span class='ocrx_word' id='word_1_833' title='bbox 3562 5413 3767 5488; x_wconf 73' lang='lat' dir='ltr'><strong>factum</strong></span> 
     </span>
    </p>
   </div>
   <div class='ocr_carea' id='block_1_117' title="bbox 2161 5484 3769 5559">
    <p class='ocr_par' dir='ltr' id='par_1_117' title="bbox 2161 5484 3769 5559">
     <span class='ocr_line' id='line_1_117' title="bbox 2161 5484 3769 5559; baseline -0.006 -9"><span class='ocrx_word' id='word_1_834' title='bbox 2161 5491 2579 5550; x_wconf 88' lang='lat' dir='ltr'><strong>Tinmuthensis</strong></span> <span class='ocrx_word' id='word_1_835' title='bbox 2607 5492 2794 5547; x_wconf 90' lang='lat' dir='ltr'><strong>refert.</strong></span> <span class='ocrx_word' id='word_1_836' title='bbox 2826 5484 3156 5545; x_wconf 51' lang='lat' dir='ltr'><strong>M&#39;onasterio</strong></span> <span class='ocrx_word' id='word_1_837' title='bbox 3199 5486 3279 5544; x_wconf 88' lang='lat' dir='ltr'><strong>illi</strong></span> <span class='ocrx_word' id='word_1_838' title='bbox 3328 5495 3454 5543; x_wconf 88' lang='lat' dir='ltr'><strong>tunc</strong></span> <span class='ocrx_word' id='word_1_839' title='bbox 3506 5484 3769 5559; x_wconf 87' lang='lat' dir='ltr'><strong>temporis</strong></span> 
     </span>
    </p>
   </div>
   <div class='ocr_carea' id='block_1_118' title="bbox 2162 5560 3085 5623">
    <p class='ocr_par' dir='ltr' id='par_1_118' title="bbox 2162 5560 3085 5623">
     <span class='ocr_line' id='line_1_118' title="bbox 2162 5560 3085 5623; baseline -0.002 0"><span class='ocrx_word' id='word_1_840' title='bbox 2162 5565 2473 5623; x_wconf 84' lang='lat' dir='ltr'><strong>insederunt</strong></span> <span class='ocrx_word' id='word_1_841' title='bbox 2501 5561 2745 5620; x_wconf 84' lang='lat' dir='ltr'><strong>canonici</strong></span> <span class='ocrx_word' id='word_1_842' title='bbox 2774 5560 3085 5621; x_wconf 65' lang='lat' dir='ltr'><strong>saecularcs.</strong></span> 
     </span>
    </p>
   </div>
  </div>
