4046 6076
367 295 473 347 765

1700 292 1861 349 VITA
1888 291 1926 346 S
1938 332 1952 346 .
1991 289 2347 351 OSWALDI.

3573 289 3676 341 766

368 415 623 474 collatio!
656 416 790 487 Quis
841 421 1016 493 ipsam
1066 419 1327 477 edisserat
1353 423 1383 475 εὶ
1430 423 1674 476 hortatur
1714 417 1974 487 deinceps
1999 418 2057 482 Α
2087 416 2312 473 sationis
2338 432 2450 472 suae
2478 417 2594 473 Deo
2624 412 2944 471 familiarius
2970 413 3288 468 adhaereret.
3341 407 3459 464 Illic
3514 408 3682 479 igitur

375 516 541 557 senex
574 502 835 572 juvenem
865 521 933 560 ne
962 507 1106 561 retro
1137 506 1415 584 abeat,.ne
1435 504 1610 576 posita
1631 518 1794 575 super
1847 518 1979 558 ara-

371 596 512 645 trum
542 606 708 646 manu
740 604 862 664 post
891 601 1101 667 tergum
1132 611 1164 649 a
1194 594 1363 667 piciat
1411 596 1566 664 (Luc.
1601 608 1678 661 1x,
1726 593 1816 661 62)
1843 609 1855 653 ;
1913 607 1981 646 ne

374 687 601 749 taqueos
630 679 818 736 saeculi
844 683 961 752 jam
993 683 1223 739 evadere
1252 684 1606 756 incipientem
1637 680 1747 735 suis
1774 679 1983 750 laqueis

377 767 631 823 inimicus
687 769 968 827 involvat..
1008 773 1103 826 Ad
1154 788 1275 842 qua
1324 771 1454 828 ille:
1508 772 1705 841 nuptis
1740 768 1984 825 vinculis

378 858 742 931 voluptatum
760 860 1575 933 carnaliumjamﬁnspirante
1594 856 1983 925 Deo,libertati

373 947 622 1004 donatus
634 964 794 1015 sum;
814 952 870 1005 et
892 950 1103 1004 iterum
1119 965 1208 1006 me
1236 951 1519 1007 traderem
1541 950 1878 1005 miserrimae
1893 965 1983 1004 ca-

380 1037 645 1109 pticitati
660 1037 762 1093 sub
775 1038 1101 1095 earumdem
1114 1040 1472 1112 voluptatum
1485 1039 1725 1095 viucaIis
1738 1039 1983 1093 vincien-

370 1126 509 1182 dum
525 1126 556 1180 ?
569 1133 694 1183 Non
711 1126 934 1183 aestima
943 1126 1070 1184 bam
1081 1143 1172 1185 me
1188 1127 1289 1184 hoc
1304 1129 1500 1185 ordine
1526 1129 1811 1184 Christum
1826 1127 1982 1198 sequi

370 1215 858 1272 debere.Amorem
870 1220 963 1273 sui
973 1218 1118 1273 mihi
1131 1219 1405 1274 concessit
1418 1233 1494 1273 ex
1509 1218 1723 1273 notitia
1736 1217 1980 1287 Scriptu-

371 1320 575 1361 rarum
590 1321 864 1371 suarum;
900 1309 957 1362 et
994 1322 1154 1362 nunc
1188 1322 1318 1363 eum
1360 1306 1674 1363 desererem
1699 1306 1729 1359 ?
1788 1306 1979 1361 Talem

369 1394 495 1450 vide
510 1395 615 1450 icit
651 1397 913 1465 fructum
933 1394 1209 1468 capiendo
1243 1412 1318 1451 ea:
1337 1396 1711 1452 meditatione
1729 1409 1926 1451 earum
1949 1394 1978 1447 ?

368 1485 508 1549 lmo,
540 1485 715 1539 Pater
734 1483 1001 1556 siplacet,
1022 1484 1131 1554 die,
1159 1499 1262 1541 nec
1280 1484 1501 1541 dubites
1529 1484 1624 1541 ubi
1637 1484 1774 1540 velis
1797 1483 1975 1555 perﬁ-

368 1572 673 1645 eiamquod
702 1574 998 1646 proposui;
1024 1577 1129 1629 aut
1148 1577 1304 1630 certe
1322 1575 1374 1630 si
1394 1573 1501 1630 tibi
1515 1589 1681 1644 grave
1714 1588 1827 1629 non
1866 1576 1971 1642 est,

367 1662 488 1733 ipse
506 1677 818 1733 proponam
865 1662 1011 1734 quod
1033 1662 1304 1734 disposui.
1337 1662 1444 1731 Ait,
1506 1663 1618 1717 dic.
1679 1661 1969 1732 Regulam,

2086 505 2337 574 orationi,
2361 503 2716 572 meditationi,
2748 499 3198 571 contemplationi
3253 498 3379 555 vitae
3429 496 3680 569 perennis

2089 598 2326 651 remotus
2341 595 2409 652 ab
2426 593 2640 650 illorum
2663 591 3037 663 inquietudine
3052 603 3275 659 operam
3295 587 3430 643 dare
3486 584 3681 640 solitus

2089 692 2200 754 est;
2234 699 2495 757 magnum
2521 682 2743 737 humani
2770 679 2989 753 generis
3019 677 3159 733 hosti
3193 673 3436 731 fomitem
3494 672 3679 728 livoris

2089 780 2143 828 et
2162 773 2273 827 odii
2301 771 2652 845 suggerebat.
2686 770 2784 825 Ille
2815 768 3017 840 quippe
3046 765 3336 821 attendens
3393 770 3447 818 et
3498 769 3681 817 atten-

2089 862 2268 917 dendo
2298 861 2610 916 subvertere
2638 859 2854 914 inhians
2881 856 3118 912 studium
3146 850 3515 909 strenuissimi
3523 851 3678 919 juve-

2088 951 2192 1019 nis,
2224 948 2507 1021 multiplici
2536 964 2661 1004 eum
2692 946 2931 1004 versutia
2972 944 3171 1016 pulsat,
3217 938 3485 1013 pulsando
3528 937 3679 994 terri-

2090 1048 2185 1109 tat,
2245 1038 2496 1095 terrando
2551 1037 2766 1109 fatigat,
2830 1033 3113 1106 fatigando
3182 1029 3500 1102 proturbare
3553 1027 3676 1083 loco

2087 1129 2314 1185 laborat.
2349 1127 2503 1185 Unde
2524 1127 2759 1199 quadam
2787 1125 2906 1181 vice
2937 1124 3066 1177 dum
3096 1137 3153 1177 se
3181 1121 3238 1175 in
3285 1118 3527 1175 oratione
3582 1130 3681 1186 pro

2087 1218 2501 1288 compunctione
2533 1215 2730 1286 .cordis
2784 1212 2903 1268 Deo
2960 1218 3123 1267 noctu
3177 1213 3455 1274 mactaret,
3506 1203 3681 1260 adfuit

2085 1307 2201 1377 ipse
2231 1307 2523 1378 malignus,
2558 1311 2610 1359 et
2637 1317 2799 1358 sonos
2844 1297 3123 1356 horriﬁcos
3177 1297 3346 1353 edens
3401 1292 3680 1350 hominem

2086 1396 2275 1451 terrori
2297 1394 2551 1450 addicere
2594 1391 2936 1457 moliebatur,
2970 1404 3092 1443 cum
3145 1393 3200 1442 ut
3247 1392 3426 1456 coepto
3456 1383 3676 1438 desiste-

2083 1494 2183 1554 ret,
2218 1495 2327 1541 tum
2358 1492 2418 1540 ut
2445 1482 2567 1539 aliis
2595 1482 2742 1537 horis
2768 1479 2943 1535 simile
2983 1492 3119 1548 opus
3171 1482 3263 1529 aut
3316 1472 3533 1545 segnius
3585 1475 3677 1525 aut

2083 1575 2388 1631 nullatenus
2416 1579 2723 1629 attentaret.
2756 1573 2824 1625 At
2845 1566 3131 1625 Oswaldus
3181 1562 3309 1617 ﬁdei
3362 1559 3677 1616 Christianae

2082 1678 2233 1721 scuto
2261 1670 2557 1735 protectus,
2590 1676 2698 1716 non
2728 1657 2907 1730 magis
2936 1656 3005 1711 ad
3035 1653 3309 1709 fremitum
3362 1648 3532 1705 leonis
3580 1646 3678 1702 vel

370 1750 562 1820 inquit,
583 1748 739 1806 beati
762 1750 1049 1807 Benedicti
1068 1766 1293 1807 servare
1324 1751 1427 1807 sub
1456 1751 1775 1808 obedientia
1820 1751 1970 1821 volo,-
1998 1777 2053 1839 B
2083 1753 2302 1810 sibilum
2333 1750 2599 1822 serpentis
2626 1763 2792 1839 quam
2822 1746 2893 1801 ad
2921 1745 3159 1839 balatum
3191 1739 3320 1839 ovis.
3344 1738 3434 1839 vel
3478 1735 3677 1839 strido-

367 1843 425 1896 et
440 1839 648 1895 idcirco
658 1839 722 1894 in
738 1839 925 1895 Gallia
940 1839 1093 1912 apud
1110 1841 1450 1909 Floriacum,
1468 1841 1564 1897 ubi
1578 1841 1755 1912 ipsius
1779 1840 1968 1896 Patris

367 1928 628 2001 reliquiae
645 1926 922 1983 dicuntur
942 1926 1153 1994 haberi,
1184 1929 1496 1985 monachus
1521 1929 1648 1999 ﬁeri
1672 1935 1969 1987 mentere-

367 2018 904 2089 volvo.Nam,ju.zta
930 2017 1072 2090 quod
1118 2017 1262 2073 mihi
1294 2034 1422 2074 mea
1460 2020 1769 2075 aestimatio
1806 2020 1967 2088 dicit,

368 2120 656 2179 nusquam
674 2107 892 2162 rectius
913 2106 1189 2162 seruanda
1204 2110 1341 2162 sunt
1360 2123 1466 2164 nec
1484 2110 1640 2179 forte
1669 2111 1971 2164 seruantur

374 2212 497 2269 qua:
512 2195 660 2251 idem
674 2196 847 2251 Pater
859 2195 1142 2265 instituit,
1165 2212 1332 2269 quam
1349 2198 1411 2252 in
1427 2198 1543 2252 loco
1560 2213 1722 2269 quem
1734 2199 1970 2269 ipsemet

367 2302 475 2342 sua
492 2284 774 2358 corporali
785 2286 1091 2356 praesentia
1111 2286 1171 2340 in
1187 2289 1524 2357 perpetuum
1555 2286 1831 2343 honorare
1854 2302 1969 2342 non

369 2373 615 2431 desistit.
634 2373 869 2428 Antistes
899 2374 971 2428 ad
999 2375 1116 2428 haec
1147 2393 1165 2429 :
1197 2374 1370 2444 Idem,
1411 2374 1603 2445 inquit,
1652 2378 1971 2442 sentimus;

369 2463 524 2520 idem
541 2463 797 2535 sapimus
812 2480 825 2525 ;
841 2463 905 2518 in
919 2462 1061 2518 idem
1082 2464 1543 2520 nostraintentio
1562 2465 1766 2520 tendit.
1784 2466 1970 2521 Mona-

370 2552 510 2611 chus
528 2549 638 2609 loci
656 2551 819 2608 illius
836 2551 1256 2608 sumJlabitum
1269 2555 1420 2608 enim
1439 2554 1811 2625 religionisad
1827 2570 1969 2611 onus

369 2640 690 2714 regiminis,
734 2642 836 2697 sub
852 2656 956 2714 quo
986 2657 1163 2713 gemo.
1200 2645 1429 2697 vocatus
1465 2643 1600 2698 inde
1619 2645 1868 2715 suscepi;
1910 2647 1968 2699 et

367 2736 668 2806 propterea
693 2738 769 2799 te,
787 2746 950 2803 quem
979 2731 1285 2804 specialius
1317 2746 1463 2798 amo,
1516 2733 1857 2789 monachum
1889 2732 1969 2788 ibi

368 2820 496 2890 ﬁeri
509 2820 872 2893 potissimum
888 2823 1038 2892 opto.
1073 2820 1137 2874 Et
1166 2820 1386 2892 quidem
1416 2822 1534 2876 haec
1560 2822 1750 2891 patriae
1781 2822 1969 2878 demu-

368 2909 500 2965 tatio
529 2925 597 2965 ea
624 2925 681 2964 re
710 2916 839 2964 tunc
867 2908 941 2963 ita
968 2907 1247 2980 utriusque
1280 2909 1537 2965 voluntati
1585 2910 1916 2982 complacuit
1948 2930 1962 2975 ;

369 2997 629 3071 quoniam
660 3013 757 3069 per
785 2996 841 3051 id
870 2998 1130 3068 temporis
1151 2997 1344 3070 religio
1374 2998 1679 3054 monachici
1736 3000 1964 3071 ordinis,

377 3102 518 3157 qua,
551 3103 674 3142 cum
702 3093 927 3156 propter
956 3085 1309 3141 barbarorum
1341 3087 1653 3157 frequentes
1705 3089 1964 3161 irruptio—

366 3192 485 3245 nes,
514 3183 624 3230 tum
658 3182 880 3246 propter
907 3175 1260 3244 quorumdam
1294 3175 1728 3246 maligniantium
1773 3179 1968 3233 turbu-

368 3265 540 3321 lentas
564 3264 865 3321 seditiones
895 3264 1099 3319 dudum
1130 3263 1183 3317 in
1212 3263 1409 3336 Anglia
1439 3280 1578 3335 pene
1605 3272 1717 3321 tota
1747 3266 1973 3323 obsole-

373 3362 546 3422 verat,
576 3352 811 3410 necdum
839 3352 921 3408 sui
953 3352 1157 3425 vigoris
1185 3360 1325 3408 statu
1356 3354 1649 3409 reformata
1676 3355 1967 3411 claruerat.

457 3442 685 3499 Mittitur
713 3458 818 3515 ego
856 3441 1071 3511 juvenis
1127 3442 1447 3509 Floriacum,
1472 3443 1585 3498 illic
1613 3443 1840 3499 floribus
1864 3445 1977 3500 ful-

373 3532 600 3590 ciendus
658 3531 934 3587 virtutum.
993 3530 1274 3586 Mittuntur
1332 3547 1546 3603 quoque
1602 3549 1725 3587 cum
1780 3533 1973 3590 litteris

373 3619 831 3678 commendatitiis
858 3619 1007 3675 dona
1036 3619 1459 3693 quamplurima,
1485 3621 1740 3691 juvenem
1782 3630 1834 3677 et
1879 3623 1970 3678 di-

373 3718 461 3769 cto
509 3718 565 3767 et
625 3708 771 3766 facto
830 3708 1012 3765 abbati
1062 3724 1127 3765 ac
1194 3708 1449 3764 fratribus
1500 3711 1962 3767 commendantia.

376 3798 703 3871 Suscipitur,
736 3802 791 3854 et
835 3798 1139 3853 monachus
1170 3797 1357 3852 habitu
1411 3798 1601 3865 factus,
1660 3799 1766 3855 vita
1826 3815 1970 3873 quo-

374 3905 481 3963 que
503 3887 765 3944 monachi
790 3887 846 3941 in
875 3886 1005 3959 ipsis
1034 3885 1343 3958 primordiis
1370 3892 1454 3942 est
1493 3886 1801 3943 decoratus.
1868 3888 1973 3959 Qui

371 3976 537 4051 igitur
563 3983 786 4034 venerat
814 3975 883 4031 ab
914 3974 1033 4031 aliis
1061 3974 1246 4030 doceri
1275 3974 1411 4029 alios
1438 3975 1658 4044 imitari,
1693 3976 1853 4032 talem
1913 3994 1972 4035 se

368 4067 486 4123 illis
517 4065 783 4135 exhibuit,
816 4071 873 4119 ut
898 4064 1027 4119 satis
1055 4064 1315 4120 haberent
1344 4064 1397 4119 in
1428 4079 1492 4119 eo
1550 4079 1655 4134 quo
1702 4064 1969 4122 doceren-

370 4164 478 4225 tur,
499 4154 643 4228 quod
666 4153 1028 4209 imitarentur.
1047 4153 1178 4208 Erat
1195 4152 1341 4208 enim
1381 4167 1575 4208 somno
1604 4169 1815 4225 parcus,
1848 4155 1969 4212 cibo

369 4244 608 4313 sobrius,
668 4243 723 4299 in
772 4242 1049 4313 loquendo
1095 4240 1375 4312 discretus,
1417 4240 1472 4295 in
1528 4242 1770 4297 oratione
1821 4244 1968 4299 assi-

370 4333 533 4402 duus,
566 4333 621 4387 in
650 4330 771 4387 aliis
800 4339 980 4387 autem
1011 4330 1316 4399 virtutibus,
1358 4330 1611 4401 patientia
1658 4331 1799 4402 dico,
1858 4333 1968 4387 hu-

366 4421 616 4489 militate,
648 4418 1005 4492 benignitate,
1039 4418 1475 4483 mansuetudine.
1508 4420 1829 4492 caeterisque
1859 4421 1966 4476 hu-

2082 1859 2194 1897 rem
2224 1841 2416 1897 soricis
2447 1840 2663 1910 (harum
2693 1837 2837 1893 enim
2881 1842 2935 1890 et
2990 1832 3215 1887 aliarum
3274 1829 3325 1884 ei
3378 1824 3671 1883 bestiarum

2077 1931 2357 2002 improbus
2384 1929 2477 1984 ille
2504 1943 2669 1985 voces
2702 1923 2949 1997 ingessit)
2980 1919 3265 1977 exterritus
3322 1924 3421 1983 est,
3484 1921 3674 1970 cuncta

2074 2019 2331 2077 videlicet
2383 2018 2533 2072 nihili
2559 2016 2826 2088 pendens,
2875 2028 2999 2067 cum
3053 2023 3153 2064 suo
3211 2013 3430 2062 auctore
3479 2010 3675 2059 cuncta

2078 2108 2349 2165 deridens.
2383 2106 2538 2177 Quod
2568 2106 2785 2160 daemon
2806 2102 3088 2157 advertens
3117 2093 3411 2167 disparuit;
3461 2092 3563 2147 sed
3615 2090 3672 2145 in

2076 2197 2333 2271 angelum
2362 2196 2500 2253 lucis
2518 2192 2786 2265 evestigio
2816 2189 3229 2260 transﬁguratus
3258 2183 3374 2239 viro
3403 2180 3669 2253 apparuit.

2076 2289 2217 2343 Eum
2273 2287 2471 2357 quippe
2508 2285 2625 2354 jam
2667 2290 2794 2336 tunc
2839 2294 2983 2335 nova
3028 2277 3095 2332 de
3148 2290 3209 2330 se
3248 2272 3473 2330 victoria
3513 2285 3669 2325 usum

2077 2375 2390 2431 aestimabat
2426 2372 2755 2442 sibimetipsi
2809 2382 3111 2435 suasurum,
3170 2380 3230 2419 se
3289 2361 3496 2417 scilicet
3561 2374 3671 2414 non
3740 2392 3743 2397 -

2076 2465 2278 2537 injuria
2298 2464 2368 2518 ab
2425 2462 2621 2533 angelo
2671 2458 3027 2523 visitaudum,
3088 2468 3249 2524 quem
3277 2451 3433 2506 ﬁrma
3470 2450 3668 2537 fretum

2076 2535 2379 2609 constantia
2446 2551 2651 2608 mentis
2707 2548 2872 2605 nullis
2931 2545 3106 2619 potuit
3156 2540 3409 2597 inimicus
3458 2535 3668 2592 irretire

2076 2642 2371 2715 figmentis.
2404 2640 2511 2696 Sed
2538 2656 2635 2695 sua
2662 2640 2766 2695 sibi
2781 2636 3059 2709 iniquitas
3087 2632 3338 2688 mentita
3365 2631 3451 2684 est
3480 2624 3659 2715 (Psal.

2074 2711 2225 2801 xxw,
2259 2729 2369 2801 12).
2395 2731 2536 2785 Nam
2566 2728 2637 2783 ad
2664 2730 2771 2784 hoc
2821 2732 3128 2780 monstrum
3182 2717 3417 2774 famulus
3470 2711 3669 2769 Christi

2075 2822 2235 2893 signo
2262 2819 2392 2874 ﬁdei
2419 2835 2478 2874 se
2509 2817 2771 2891 signavit,
2804 2814 2980 2870 sciens
3011 2809 3210 2867 exinde
3238 2805 3494 2877 angelum
3532 2801 3669 2893 lucis

2073 2889 2182 2965 non
2233 2889 2585 2974 irritandum,
2608 2905 2865 2979 angelum
2911 2910 3093 2957 autem
3149 2896 3494 2953 tenebrarum
3524 2889 3666 2947 emi-

2073 3015 2174 3054 nus
2204 2998 2577 3072 efiugandum.
2636 2993 2795 3063 Quod
2867 2998 2921 3047 et
2988 2990 3189 3044 factum
3237 2991 3339 3041 est.
3396 2984 3667 3072 iuvenem

2072 3069 2438 3159 namque'hac
2466 3085 2642 3142 crucis
2696 3089 2939 3137 amatura
2966 3077 3231 3132 munitum
3285 3071 3465 3127 statim
3495 3069 3668 3159 dege-

2076 3193 2176 3232 ner
2206 3156 2450 3248 angelus,
2484 3174 2577 3245 qui
2621 3170 2887 3242 apparuit,
2920 3167 3136 3222 territus
3167 3162 3327 3235 fugit.
3372 3160 3521 3214 Tunc
3574 3156 3667 3212 ille

2075 3264 2323 3336 psallens
2357 3283 2368 3318 :
2400 3262 2681 3318 Adextris
2709 3267 2811 3327 est,
2826 3257 2919 3321 ait,
2932 3254 3078 3310 mihi
3112 3251 3481 3316 Dominus,ne
3515 3262 3671 3303 com-

2075 3369 2321 3409 moveor.
2346 3355 2587 3422 Propter
2603 3349 2703 3406 hoc
2732 3347 3076 3402 delectatum
3118 3343 3202 3397 est
3237 3354 3334 3395 cor
3359 3351 3572 3401 meum,
3612 3336 3670 3388 et

2079 3440 2393 3499 exsultavit
2410 3440 2605 3511 lingua
2618 3452 2738 3493 mea
2755 3455 2777 3499 ;
2790 3437 3023 3505 insuper
3034 3434 3232 3486 etcaro
3270 3439 3398 3480 mea
3410 3422 3666 3511 requies-

2078 3537 2167 3588 cet
2184 3533 2245 3587 in
2267 3546 2363 3602 spe
2384 3510 2559 3599 (Psal.
2584 3544 2674 3593 xv,
2697 3529 2749 3594 8,
2778 3523 2857 3594 9).
2906 3522 3171 3575 Praeterea
3198 3511 3417 3571 lectioni
3470 3510 3672 3602 divina

2080 3619 2273 3677 crebro
2293 3597 2639 3684 intendebat,
2671 3621 2722 3670 et
2753 3626 2894 3685 quae,
2927 3608 3154 3663 docente
3223 3601 3482 3667 Domino,
3543 3597 3673 3654 inde

2080 3709 2374 3777 didicisset,
2407 3706 2562 3761 hilari
2591 3704 2744 3761 vultu
2774 3699 2938 3757 corde
2968 3696 3205 3767 benigno
3232 3691 3413 3746 minus
3432 3688 3670 3744 scientes

2079 3793 2361 3851 edocebat.
2393 3793 2523 3847 Haec
2550 3791 2690 3845 inter
2737 3783 2996 3842 exercitia
3036 3780 3172 3851 ejus,
3225 3783 3346 3849 post
3383 3780 3669 3845 susceptos

2077 3884 2362 3939 inferiores
2382 3877 2733 3938 ecclesiastici
2751 3872 2955 3932 ordinis
2970 3870 3192 3943 gradus,
3223 3864 3457 3941 gradum
3486 3877 3669 3919 susce-

2077 3973 2156 4043 pit
2176 3972 2497 4028 diaconatus
2538 3968 2593 4023 in
2652 3981 2760 4037 quo
2811 3962 3123 4018 ministrans
3177 3957 3351 4012 Deum
3378 3950 3669 4043 obsequio

2078 4041 2394 4116 humillimae
2422 4055 2726 4113 devotionis
2751 4051 3014 4126 populum
3042 4062 3175 4103 vero
3212 4041 3570 4106 demulcebat,
3606 4054 3671 4096 eo

2079 4164 2185 4221 quo
2236 4147 2526 4220 magniﬁce
2577 4140 2967 4217 praeeminebat
3021 4140 3287 4193 concentu
3314 4128 3668 4221 dulcissima:

2075 4215 2246 4295 vocis.
2270 4215 2551 4310 Siquidem
2574 4215 2714 4288 inter
2741 4247 2807 4287 ea
2834 4244 2973 4299 quae,
3004 4232 3063 4280 ut
3116 4219 3330 4295 praefati
3383 4232 3589 4310 sumus,
3615 4215 3671 4271 in
3758 4222 3763 4227 ‘

2077 4344 2143 4385 eo
2175 4306 2458 4401 fulgebant
2511 4324 2765 4381 virtutum
2809 4316 3043 4387 insignia
3071 4310 3345 4401 etiamgin
3397 4306 3671 4364 exteriore

2076 4399 2296 4472 homine
2323 4414 2467 4469 illius
2494 4410 2767 4469 emicabat
2796 4405 3087 4477 multiplex
3115 4399 3361 4475 quadam
3389 4405 3442 4453 et
3469 4410 3671 4466 super-

358 4481 613 4580 jusmodi
636 4481 810 4580 quani
830 4481 1005 4576 fortis,
1040 4524 1202 4579 quam
1226 4481 1495 4575 subditus,
1529 4525 1690 4580 quam
1722 4481 1966 4566 benevo-
1994 4481 2047 4541 D
2078 4505 2323 4562 eminens
2385 4502 2580 4576 gratia.
2640 4502 2702 4555 In
2753 4496 2938 4553 habitu
2985 4493 3158 4556 enim,
3197 4485 3561 4580 quem-oculis
3590 4482 3668 4539 in-

366 4596 476 4666 lus,
510 4612 677 4670 quam
704 4603 958 4652 constans
1014 4595 1240 4664 exstitit,
1288 4612 1355 4650 ex
1403 4596 1619 4652 sincera
1685 4598 1963 4667 charitate,

364 4702 472 4759 qua
501 4700 668 4758 supra
694 4686 988 4741 humanam
1043 4684 1454 4742 mstimationem
1485 4686 1553 4740 ad
1610 4701 1798 4742 omnes
1852 4697 1971 4743 erat

364 4775 622 4845 diﬁ'usus,
653 4773 853 4845 conjici
882 4781 1089 4845 potest,
1120 4775 1387 4845 Apostolo
1418 4775 1630 4830 dicente
1664 4793 1677 4829 :
1721 4776 1967 4832 Charita-

369 4871 477 4920 tem
506 4864 800 4935 patientem
834 4879 972 4931 esse,
1005 4863 1302 4936 benignam
1353 4879 1492 4933 esse,
1543 4880 1651 4919 non
1704 4866 1966 4933 aemulari,

364 4970 475 5009 non
504 4954 702 5022 inﬂari,
745 4969 854 5009 non
899 4968 1065 5025 agere
1118 4969 1427 5025 perperam,
1460 4969 1563 5010 nec
1590 4970 1834 5026 quaerere
1849 4969 1967 5024 sua,

367 5057 470 5100 nec
500 5041 720 5107 irritari,
754 5057 862 5098 non
892 5042 1137 5114 cogitare
1164 5043 1367 5097 malum
1394 5043 1443 5113 (Ι
1461 5044 1582 5099 Cor.
1613 5059 1734 5111 XIII,
1780 5042 1858 5114 4),
1917 5051 1972 5099 et

370 5137 588 5201 cetera,
620 5147 741 5202 qua:
762 5130 894 5185 mihi
926 5129 1181 5187 brevitati
1210 5131 1446 5186 studenti
1475 5131 1706 5202 exsequi
1745 5132 1968 5204 longum

368 5224 467 5274 est.
498 5219 598 5276 Hic
627 5218 770 5275 idem
800 5217 1022 5274 Domini
1068 5234 1257 5275 servus
1303 5226 1571 5275 secretum
1628 5220 1683 5274 in
1738 5220 1970 5276 ecclesia

367 5307 553 5364 locum
585 5306 657 5364 ab
689 5307 891 5364 abbate
911 5316 1211 5379 acceperat,
1233 5307 1287 5362 in
1310 5322 1414 5378 quo
1435 5323 1537 5380 pro
1558 5307 1721 5365 modo
1744 5323 1966 5366 conver-

441 5467 563 5540 (21)
581 5469 795 5540 Integra
824 5470 945 5525 haec
972 5468 1137 5523 sectio
1167 5466 1339 5523 codici
1368 5484 1472 5522 ms.
1504 5469 1855 5525 Benedictino
1876 5469 1965 5524 in-

363 5545 507 5595 serto
538 5538 784 5621 folioest
809 5540 1065 5621 apposita
1108 5554 1272 5621 manu
1324 5540 1668 5621 recentiore,
1704 5549 1965 5621 quantum

367 5610 714 5668 amanuensis
742 5610 1016 5682 eonjiCere
1042 5610 1238 5682 potuit,
1254 5618 1501 5669 exarata.
1542 5610 1739 5669 Exstat
1775 5611 1965 5671 eadem

2077 4595 2337 4650 tuentium
2367 4590 2707 4665 praeferebat,
2739 4596 2793 4643 et
2819 4586 3021 4642 decens
3061 4591 3114 4637 et
3147 4576 3456 4651 appetibilis
3504 4588 3668 4665 com-

2074 4684 2272 4755 positio
2301 4661 2494 4748 inerat,
2524 4695 2633 4735 non
2680 4676 2840 4732 alicui
2902 4688 3139 4746 pompae,
3189 4683 3299 4724 non
3352 4661 3668 4755 dissolutio-

2076 4753 2153 4844 in,
2189 4788 2295 4828 non
2352 4768 2723 4834 ostentationi,
2790 4779 2901 4820 non
2958 4761 3202 4817 serviens
3250 4753 3669 4844 hypocrisi.__ln

2076 4840 2225 4918 vultu
2254 4859 2610 4916 nihilominus
2639 4853 2951 4911 formositas
2979 4849 3184 4921 ampla,
3241 4861 3343 4901 nec
3383 4840 3673 4913 cujuslibet

2075 4966 2262 5023 pravae
2308 4947 2601 5018 voluptatis
2657 4941 2945 5010 incentiva,
3002 4940 3097 4995 sed
3166 4953 3287 5009 qua:
3353 4940 3669 5023 cancrorum

2077 5021 2310 5097 vultibus
2338 5042 2633 5093 antestaret
2662 5048 2863 5105 magna
2890 5027 3183 5086 honestatis
3220 5021 3598 5097 praerogavita.

2150 5129 2259 5198 (21)
2290 5126 2506 5182 Talicus
2531 5124 2798 5180 donorum
2821 5119 3069 5194 insigniis
3089 5118 3172 5173 vir
3186 5116 3282 5172 Dei
3299 5111 3670 5171 Oswaldusad

2078 5218 2345 5289 potiorem
2400 5216 2690 5271 diaconatu
2751 5208 3104 5269 ecclesiastici
3178 5204 3387 5262 ordinis
3438 5200 3671 5274 gradum

2077 5305 2446 5363 conscendere
2475 5305 2674 5377 dignus
2711 5311 2793 5359 est
2822 5299 3218 5373 comprobatus,
3253 5308 3317 5350 ac
3356 5292 3483 5348 dein
3536 5304 3669 5361 pre-

2076 5466 2300 5593 totide5nzi
2332 5467 2442 5523 fere
2472 5465 2655 5525 verbis
2685 5464 2828 5541 apud
2862 5460 3330 5525 Tinmuthensem,
3395 5452 3489 5508 lib.
3556 5464 3671 5520 xxi,

2076 5551 2199 5593 can.
2308 5580 2319 5593 .

2073 5551 2199 5608 cap.
2230 5551 2319 5597 52.
