3970 6088
451 278 558 333 767

1480 289 1791 348 EADMERI
1822 286 2372 345 CANTUARIENSIS
2413 286 2727 346 MONACHI

3657 300 3767 355 768

453 403 661 474 shyteri
690 408 894 465 honore
917 410 1259 468 sublimatus.
1288 415 1350 468 In
1372 412 1669 487 {quogradu
1698 416 1816 473 Deo
1837 415 2048 473 saeriﬁ-
2074 411 2131 472 A
2160 415 2372 484 ceptus,
2389 420 2585 472 tamen
2602 422 2963 474 sacrosancto
2979 420 3301 476 ministerio
3332 421 3540 490 vivifici
3553 436 3765 496 corpo-

454 505 604 562 cans,
638 511 746 567 qua
772 498 1007 567 puritate
1038 502 1218 556 cordis
1248 510 1299 557 et
1328 506 1574 574 corporis
1602 505 1816 563 Christo
1872 507 2048 562 inlus-

456 582 609 647 serit,
632 600 901 658 quamque
931 588 1226 658 benignum
1255 592 1500 647 auditum
1532 595 1785 664 precibus
1813 595 1931 665 ejus
1949 597 2051 667 piis

462 670 609 726 Deus
637 676 1146 748 accommodaverit,
1170 686 1224 734 et
1244 695 1316 734 ex
1338 682 1595 750 qualitate
1607 684 1734 739 vita:
1762 685 1900 754 ejus,
1923 702 2049 755 quae

459 757 693 813 dictante
722 775 904 816 rerum
934 766 1169 822 veritate
1204 767 1546 839 describitur,
1566 779 1617 826 et
1632 788 1702 826 ex
1730 773 2047 844 angelorum

456 848 761 916 presentia,
822 865 984 920 quam
1033 853 1081 908 ei
1137 870 1525 928 nonnunquam
1564 860 1725 914 etiam
1767 861 2050 917 visibiliter

453 933 692 990 adfuisse
709 946 1061 995 monstratum
1103 951 1203 1011 est,
1235 943 1539 1003 luculenter
1596 949 1827 1022 intelligi
1855 950 2038 1006 datur.

448 1020 623 1077 Locus
653 1024 920 1095 siquidem
952 1029 1007 1082 in
1035 1046 1164 1101 quo,
1195 1032 1333 1087 sicut
1359 1033 1612 1103 diximus,
1639 1020 1795 1106 juxta
1822 1041 2045 1096 confes-

450 1109 661 1166 sionem
695 1114 909 1170 abbatis
938 1132 1093 1173 orare
1121 1119 1354 1190 solebat,
1399 1132 1585 1195 crypta
1631 1127 1880 1195 quaedam
1931 1134 2049 1185 erat

450 1198 509 1252 in
542 1200 871 1258 occidentali
898 1213 1073 1274 parte,
1106 1207 1320 1264 decenti
1349 1225 1517 1281 opere
1548 1213 1710 1283 facta,
1759 1215 1850 1286 qui
1896 1216 2047 1273 locus

443 1288 810 1346 confessionis
847 1308 1048 1350 nomen
1084 1311 1186 1366 pro
1224 1313 1376 1355 more
1412 1300 1663 1357 obtinuit.
1704 1304 1809 1361 Pro
1836 1304 2048 1362 foribus

450 1378 635 1432 autem
664 1388 868 1450 crypta
897 1381 1071 1452 ipsius
1099 1384 1390 1443 duodecim
1422 1404 1691 1462 pauperes
1731 1391 2049 1451 conversari

452 1478 517 1518 ex
548 1467 771 1537 antiquo
802 1485 907 1524 usu
937 1483 1345 1542 consueverant,
1368 1485 1421 1533 et
1442 1479 1821 1550 quotidianum
1849 1484 2048 1539 victum

449 1551 519 1605 ab
550 1552 668 1624 ipsa
689 1555 933 1613 Ecclesia
961 1561 1321 1632 accipiebant.
1356 1565 1458 1635 Qui
1489 1583 1760 1639 pauperes
1788 1571 1864 1628 ita
1902 1573 2050 1629 fuere

443 1638 693 1710 dispositi
723 1651 782 1698 ut
812 1660 1006 1702 omnes
1035 1648 1332 1707 litterarum
1363 1656 1515 1720 socii,
1541 1638 1729 1712 omnes
1745 1660 1930 1716 clerici
1952 1678 2046 1717 es-

2157 503 2307 559 riset
2328 504 2628 575 sanguinis
2648 508 2771 579 ejus
2791 522 2904 564 non
2927 523 3054 564 sum
3075 508 3143 564 ab
3163 524 3224 567 eo
3240 509 3763 568 desertuanterdi-

2160 590 2239 644 xit
2269 574 2445 646 tamen
2475 593 2521 647 ei
2556 574 2963 666 modis'quibus
2993 605 3204 667 poterat
3233 613 3321 666 ne,
3352 597 3478 653 dum
3501 599 3618 669 ipse
3632 600 3763 656 vita:

2159 681 2410 750 praesenti
2440 691 2764 753 superesset,
2797 699 2913 738 rem
2935 701 3055 756 quae
3076 685 3354 742 acciderat
3372 687 3553 742 cuivis
3573 688 3760 744 homi-

2158 783 2286 822 num
2317 768 2692 828 innotesceret.

2229 857 2519 929 Postquam
2581 868 2760 916 autem
2817 877 2981 934 supra
3037 872 3372 919 memoratus
3428 865 3762 921 venerabilis

2155 945 2405 1014 pontifex
2433 947 2551 1003 Odo
2582 957 2729 1005 certe
2786 951 2957 1006 relatu
3013 954 3275 1024 cognovit
3301 961 3557 1023 nepotem
3595 970 3758 1010 suum

2156 1033 2477 1091 Oswaldum
2506 1036 2562 1091 in
2591 1037 2863 1095 bonorum
2904 1055 3131 1112 operum
3179 1040 3395 1098 culmen
3425 1043 3757 1113 excrevisse,

2157 1121 2454 1179 immensas
2482 1126 2839 1199 omnipotenti
2863 1129 2978 1185 Deo
3007 1129 3214 1201 gratias
3241 1146 3433 1200 agens,
3466 1130 3667 1186 diebus
3695 1148 3759 1187 ac

2156 1212 2404 1268 noctibus
2424 1229 2547 1269 eum
2580 1217 2917 1287 precabatur,
2949 1226 3216 1288 quatenus
3253 1219 3405 1273 illum
3449 1226 3504 1274 et
3549 1219 3762 1291 jugiter

2157 1299 2226 1353 ad
2258 1300 2488 1358 meliora
2514 1303 2778 1374 proﬁcere
2805 1313 2860 1361 et
2885 1306 2942 1360 in
2976 1306 3067 1361 via
3095 1307 3445 1378 perfectionis
3499 1323 3756 1364 consum-

2156 1397 2360 1444 matum
2389 1393 2715 1449 concederet
2738 1402 2860 1464 post
2889 1395 3030 1450 hanc
3046 1395 3214 1454 vitam
3242 1411 3299 1451 se
3324 1396 3501 1451 Deum
3528 1396 3754 1451 deorum

2158 1477 2213 1531 in
2238 1478 2372 1533 Sion
2404 1480 2610 1537 videre.
2634 1481 2808 1538 Missis
2835 1492 3101 1553 prazterea
3147 1484 3384 1540 diversis
3431 1485 3753 1540 muneribus

2157 1566 2339 1622 abbati
2371 1583 2435 1625 ac
2464 1571 2719 1626 monachi
2748 1588 2845 1642 pro
2871 1587 2969 1628 suo
3005 1572 3282 1640 Oswaldo,
3342 1589 3480 1646 quas
3532 1580 3761 1629 noverat

2156 1659 2448 1712 convenire
2478 1673 2599 1714 cum
2631 1660 2882 1730 precibus
2935 1668 3120 1732 grates
3176 1661 3431 1717 exsolvit.
3492 1661 3761 1718 Indicavit

443 1736 587 1783 sent.
620 1730 699 1785 De
729 1732 814 1787 bis
842 1750 978 1807 ergo
1012 1741 1346 1797 reverendus
1376 1744 1533 1799 Pater
1561 1745 1850 1802 Oswaldus
1882 1767 2046 1806 unum
2074 1751 2129 1810 B
2157 1744 2316 1799 etiam
2336 1746 2444 1800 illis
2472 1764 2531 1803 se
2559 1748 2727 1818 ipsius
2754 1730 3047 1819 praesentia
3076 1765 3415 1822 magnopere
3472 1750 3616 1806 velle
3654 1767 3759 1822 po-

441 1815 725 1890 delegerat
754 1829 812 1876 ut
841 1825 1064 1894 quoties
1094 1828 1149 1881 in
1178 1829 1295 1899 ipsa
1338 1832 1619 1888 missarum
1682 1836 1896 1893 volebat
1944 1854 2040 1895 so-

445 1903 646 1962 lemnia
674 1909 978 1978 celebrare,
1012 1916 1133 1985 ejus
1163 1932 1267 1989 ope
1298 1934 1362 1976 ac
1391 1922 1687 1980 ministerio
1736 1927 1864 1981 tanti
1917 1944 2040 1999 my—

438 1993 590 2048 sterii
621 1994 853 2053 officium
884 2000 1461 2075 celebraretQQuadam
1480 2010 1662 2083 itaque
1679 2014 1767 2070 die
1781 1993 2041 2088 cumipse

432 2082 625 2138 altario
653 2101 893 2156 praesens
945 2099 1137 2162 coeptae
1192 2096 1376 2153 missae
1405 2082 1585 2156 officio
1640 2082 1957 2174 insisteret;
1983 2115 2037 2163 et

435 2179 563 2242 post
591 2177 908 2247 evangelica
938 2179 1081 2236 dicta
1108 2182 1385 2240 offerenda
1443 2187 1496 2241 in
1530 2205 1720 2245 manus
1760 2208 1954 2261 penem
1986 2205 2039 2252 ct

438 2259 687 2333 calicem,
710 2264 851 2320 sicut
879 2270 1178 2326 multorum
1208 2290 1326 2329 mos
1347 2291 1463 2331 esse
1485 2259 1844 2351 dignoscitur,
1863 2300 2036 2340 sume-

438 2356 537 2417 ret,
570 2351 852 2424 oculisque
882 2356 936 2411 in
970 2360 1166 2415 coelum
1199 2362 1420 2419 directis
1448 2369 1749 2424 orationem
1793 2377 2032 2446 suscipe,

437 2444 642 2496 sancta
660 2443 930 2511 Trinitas,
947 2445 1152 2504 intenta
1173 2454 1427 2508 mentead
1456 2455 1629 2511 Deum
1661 2443 2032 2532 pramitteret,

432 2525 570 2582 vidit
584 2530 845 2598 praefatus
864 2534 1233 2609 ministerejus
1254 2542 1546 2612 quamdam
1560 2525 1839 2603 reverendi
1854 2525 2036 2606 vultus

430 2630 744 2685 personam,
766 2620 819 2675 in
840 2623 1065 2680 dextera
1086 2636 1242 2695 parte
1262 2629 1452 2686 altaris
1473 2641 1724 2703 stantem,
1746 2636 1942 2694 faciem
1966 2641 2035 2696 ad

429 2701 609 2772 ipsum
629 2707 797 2764 altare
810 2726 1019 2767 versam
1032 2714 1325 2773 habentem
1336 2736 1554 2790 ,panem
1571 2701 2033 2797 candidissimum,

432 2804 541 2845 non
575 2800 753 2850 tamen
782 2799 921 2853 adeo
942 2817 1225 2872 magnum,
1244 2806 1384 2861 inter
1403 2825 1611 2878 manus,
1631 2829 1766 2882 quas
1784 2833 1952 2887 usque
1966 2821 2034 2874 ad

429 2888 594 2950 caput
631 2897 794 2938 suum
833 2898 1113 2957 porrectas
1169 2892 1423 2962 habebat,
1467 2898 1634 2971 digno
1672 2917 1794 2958 cum
1833 2906 2035 2961 honore

429 2975 727 3025 tenentem.
752 2973 832 3028 Ad
857 2977 1000 3046 quod
1022 2978 1145 3035 licet
1169 2980 1341 3037 nimio
1363 2984 1554 3042 timore
1582 2992 1895 3059 perterritus
1924 2997 2032 3050 ob-

2148 1833 2259 1901 tiri,
2282 1851 2404 1888 cum
2433 1836 2561 1907 quia
2576 1838 2729 1892 senio
2750 1834 2977 1893 confinis
2992 1845 3221 1893 mortem
3236 1838 3340 1893 sibi
3364 1839 3755 1910 propinquam,

2148 1921 2372 1988 sciebat,
2410 1931 2519 1978 tum
2550 1926 2679 1996 quia
2707 1926 2949 1996 regulari
2977 1927 3400 1983 conversatione
3430 1944 3549 1982 sum
3578 1928 3760 1999 gentis

2150 2010 2295 2065 viros
2324 2027 2423 2081 per
2450 2029 2571 2067 eum
2587 2013 2868 2070 instituere
2883 2014 3373 2084 disponebat.Qua:
3388 2015 3481 2071 ubi
3495 2015 3757 2071 fratribus

2145 2099 2315 2153 relata
2329 2102 2620 2171 suntgravi
2639 2117 2868 2158 maerore
2878 2102 3075 2172 dejecti
3091 2111 3435 2159 asseruerunt
3455 2119 3517 2158 se
3533 2104 3651 2159 sine
3663 2104 3756 2159 illo

2146 2203 2513 2260 nequaquam,
2533 2189 2575 2243 si
2592 2188 2711 2245 ﬁeri
2725 2200 2926 2260 posset,
2945 2190 2999 2245 in
3013 2192 3117 2246 hac
3132 2192 3241 2246 vita
3251 2192 3442 2247 vivere
3451 2192 3615 2260 velle,
3631 2207 3755 2262 pro-

2144 2280 2333 2345 pterea
2355 2277 2500 2346 quod
2523 2279 2638 2347 ejus
2652 2280 3116 2334 conversationem
3137 2280 3243 2335 sibi
3265 2279 3382 2335 etin
3414 2280 3599 2335 anima
3618 2288 3671 2336 et
3699 2281 3753 2335 in

2145 2379 2370 2434 corpore
2382 2367 2675 2421 sensissent
2690 2367 2849 2422 valde
2861 2368 3278 2437 proluisse.Non
3290 2368 3559 2424 audentes
3571 2372 3752 2425 tamen

2145 2453 2408 2508 voluntati
2446 2454 2700 2510 antistitis
2728 2455 2972 2522 obviare,
3004 2463 3216 2527 parent,
3244 2473 3309 2512 ac
3350 2457 3569 2513 Domini
3624 2474 3748 2513 ser-

2146 2558 2269 2597 vum
2301 2542 2488 2597 debito
2520 2559 2639 2598 cum
2659 2544 2864 2599 honore
2894 2545 2962 2599 ad
2982 2554 3169 2600 nutum
3191 2545 3453 2617 praesulis
3480 2546 3746 2618 dirigunt.

2142 2631 2209 2684 At
2238 2630 2329 2685 ille
2350 2631 2514 2687 citato
2544 2632 2734 2687 itinere
2763 2632 3017 2704 Angliam
3044 2642 3260 2705 petens,
3293 2642 3439 2691 terra
3490 2637 3747 2708 marique

2144 2719 2213 2773 ab
2239 2719 2387 2774 omni
2438 2721 2692 2790 periculo
2739 2731 3016 2792 protectus
3073 2732 3172 2777 est.
3234 2724 3299 2778 Et
3365 2724 3521 2778 hilari
3574 2725 3746 2787 vultu,

2145 2816 2325 2863 mente
2346 2808 2591 2878 jucunda
2619 2810 2801 2866 Dofris
2827 2812 3111 2880 appulsus,
3145 2811 3425 2883 extemplo
3443 2812 3649 2886 ingenti
3667 2820 3751 2868 est

2143 2893 2331 2951 dolore
2361 2898 2644 2966 perculsus
2671 2898 2805 2969 (22).
2829 2900 2986 2953 [llum
3018 2899 3184 2969 enim,
3210 2915 3370 2970 quem
3400 2916 3514 2970 pne
3541 2899 3750 2955 caeteris

2142 2985 2339 3040 arctius
2359 2986 2639 3058 diligebat,
2657 2986 2807 3041 illum
2825 2989 2979 3058 cujus
2994 2987 3203 3043 dulcem
3236 2988 3460 3043 falciem
3492 3005 3612 3059 pra:
3633 3004 3747 3044 om-

429 3059 743 3129 stupuisset,
759 3064 1014 3121 sustinuit
1034 3075 1335 3139 tamen,nec
1346 3073 1579 3130 subitam
1595 3078 2030 3140 voluitinvaderc
2062 3098 2112 3161 ο
2143 3073 2303 3128 Bibl“
2323 3075 2508 3130 Videre
2520 3075 2756 3144 είῑίθδτυτ
2776 3076 2926 3131 illum
2956 3076 3040 3131 ουί
3066 3077 3343 3132 adhaerere
3359 3078 3744 3133 δι’ἀθοιίδείηιδ

429 3144 850 3238 fugam.Verum
867 3153 961 3209 ubi
971 3158 1223 3214 eumdem
1235 3176 1428 3230 panem
1442 3163 1597 3230 juxta
1612 3168 1762 3238 quod
1773 3173 2032 3229 sacerdos

424 3233 481 3289 in
501 3238 721 3293 secretis
738 3242 1081 3299 orationibus
1103 3250 1457 3318 procedebat,
1505 3233 1766 3324 paulatim
1813 3275 1993 3318 cresce
2007 3293 2027 3305 -

422 3339 485 3379 re
502 3332 664 3397 atque
681 3327 913 3387 insolitae
927 3335 1324 3406 magnitudinis
1341 3343 1636 3400 crescendo
1649 3344 1764 3401 fieri
1787 3362 2027 3421 conspe-

422 3411 519 3482 xit,
539 3414 682 3470 ultra
696 3418 932 3475 residere
955 3437 1063 3476 non
1085 3440 1269 3494 ausus,
1297 3435 1448 3482 extra
1469 3431 1665 3487 ostium
1685 3435 1814 3507 fuga
1844 3411 2028 3508 lapsus

419 3509 521 3555 est.
554 3502 1001 3579 Emansititaque
1030 3513 1316 3584 presbyter
1333 3517 1501 3585 solus,
1522 3527 1576 3574 et
1612 3522 1703 3593 qui
1741 3502 2028 3583 videbatur

423 3586 478 3644 in
508 3591 732 3647 dextera
758 3601 908 3648 stans
937 3599 1164 3669 angelus
1192 3602 1327 3669 ejus.
1360 3605 1601 3662 Minister
1630 3586 1798 3680 ’νει-ο,
1858 3631 2021 3686 quem

420 3692 596 3747 pavor
624 3679 949 3749 abduxerat,
974 3684 1106 3741 foris
1135 3704 1307 3758 prope
1336 3693 1535 3748 ostium
1554 3695 1817 3754 latitando
1832 3679 2021 3759 subsi-

421 3772 593 3831 stens,
615 3782 713 3836 per
742 3769 891 3825 vices
919 3773 1055 3828 estio
1076 3784 1238 3846 caput
1256 3777 1556 3854 ingerebat,
1576 3793 1629 3840 et
1644 3787 1773 3857 quid
1785 3791 1925 3846 circa
1947 3794 2021 3848 al-

420 3859 534 3909 tare
561 3863 855 3925 generetur
880 3862 1128 3931 trepidus
1158 3866 1495 3936 explorabat.
1530 3872 1663 3929 Cum
1695 3876 1792 3931 Dei
1826 3895 2020 3937 servus

416 3956 522 4013 per
536 3944 731 4001 omnia
749 3949 960 4005 arcula
980 3954 1317 4010 saeculorum
1339 3965 1388 4013 et
1404 3958 1510 4015 alia
1532 3978 1653 4033 quae
1671 3963 1724 4018 in
1746 3967 2019 4025 audientia

413 4031 602 4101 populi
623 4032 730 4089 dici
763 4036 939 4094 solent
962 4038 1169 4097 diceret
1189 4044 1241 4098 in
1265 4046 1457 4103 ordine
1473 4031 1672 4121 missae,
1697 4070 1797 4110 nec
1812 4056 2014 4113 ullate-

410 4133 513 4175 nus
535 4124 865 4193 respondere
884 4129 1115 4186 auderet
1151 4133 1235 4188 vel
1277 4136 1537 4195 accedere
1574 4157 1675 4210 pro
1696 4143 2016 4203 admiranda

412 4223 538 4302 qua
552 4210 657 4265 sibi
677 4215 976 4284 apparebat
992 4217 1220 4289 visione,
1238 4224 1441 4281 audivit
1456 4230 1733 4301 angelum,
1757 4250 1918 4302 quem
1938 4235 2015 4289 vi-

2142 3162 2409 3218 charitate
2426 3164 2696 3234 cupiebat,
2716 3173 2769 3219 et
2786 3181 2818 3219 a
2838 3181 2945 3237 quo
2965 3182 3025 3221 se
3058 3165 3239 3220 tandiu
3272 3172 3549 3221 remotum
3574 3166 3747 3221 fuisse

2136 3266 2243 3306 non
2273 3252 2390 3306 sine
2420 3254 2612 3324 grandi
2643 3254 2892 3323 angustia
2922 3254 3100 3310 cordis
3127 3255 3423 3324 recolebat,
3450 3256 3565 3323 jam
3615 3264 3745 3311 tunc

2135 3340 2351 3395 noviter
2378 3358 2487 3396 non
2513 3343 2676 3398 modo
2706 3342 2830 3411 sibi,
2864 3342 2960 3398 sed
2993 3351 3045 3397 et
3073 3344 3273 3399 saeculo
3303 3351 3617 3414 exemptum
3639 3360 3740 3398 au-

2135 3428 2310 3498 diens,
2335 3430 2789 3486 nullimirandum
2820 3431 2864 3485 si
2896 3431 3134 3487 dolebat.
3169 3433 3311 3487 Deus
3369 3448 3542 3499 meus,
3598 3448 3739 3504 quos

2132 3518 2370 3590 gemitus
2392 3519 2483 3574 ille
2514 3526 2635 3574 tuus
2663 3520 2914 3575 alumnus
2939 3521 3007 3576 ad
3039 3522 3153 3576 haec
3174 3535 3314 3577 nova
3333 3522 3737 3593 putamusemi-

2130 3606 2245 3662 sit‘?
2276 3606 2411 3675 Quae
2437 3608 2665 3678 suspiria
2693 3608 2907 3663 edidit?
2938 3608 3085 3677 Quas
3108 3608 3378 3682 lacrymas
3400 3609 3581 3665 fudit?
3599 3609 3736 3679 Quae

2102 3758 2105 3765 ,
2132 3696 2251 3764 fuit,
2275 3697 2527 3765 obsecro,
2560 3697 2805 3753 confusio
2833 3698 2999 3752 animi
3030 3698 3174 3770 ejur,
3201 3698 3425 3771 quando
3453 3716 3575 3755 eum
3633 3716 3734 3772 pro

2130 3786 2286 3857 cujus
2317 3800 2502 3840 amore
2522 3802 2586 3841 ac
2618 3786 2913 3841 reverentia
2945 3801 2976 3840 a
3030 3787 3241 3843 cunctis
3296 3804 3418 3844 sese
3470 3790 3731 3861 amplecti

2126 3873 2307 3930 solere
2336 3874 2676 3943 meminerat,
2705 3875 2822 3944 jam
2853 3876 2905 3930 in
2945 3884 3144 3931 terram
3190 3878 3640 3949 convertendum,
3696 3895 3732 3935 a

2125 3963 2508 4032 conspectibus
2537 3963 2777 4019 omnium
2808 3964 2907 4019 sub
2937 3972 3081 4021 terra
3103 3966 3385 4022 detrusum
3417 3968 3731 4024 didicerat?

2126 4049 2265 4119 Quis
2294 4068 2497 4107 mmror
2525 4051 2749 4107 inditam
2784 4053 3033 4124 piissimo
3056 4056 3221 4110 vultui
3253 4057 3371 4127 ejus
3400 4057 3726 4112 hilaritatem

2124 4139 2372 4209 obduxit,
2403 4142 2623 4211 quando
2653 4150 2707 4196 et
2734 4142 2987 4215 Angliam
3017 4145 3169 4216 gravi
3200 4160 3434 4202 maerore
3454 4163 3550 4218 pro
3608 4146 3730 4216 ejus

2122 4228 2271 4284 obitu
2292 4236 2688 4285 consternatam
2722 4230 2940 4301 reperit,
2957 4232 3042 4287 cui
3061 4233 3315 4288 nimirum
3334 4233 3514 4304 impar
3529 4251 3725 4293 matro-

409 4294 593 4365 debat,
615 4301 682 4354 ad
706 4301 925 4375 singula
937 4308 1354 4377 respondentem
1372 4321 1426 4369 et
1440 4294 1668 4373 ministri
1691 4294 2012 4392 obsequium

406 4383 455 4439 ei
511 4386 879 4448 deferentem.
951 4396 1280 4469 Consumpto
1320 4411 1499 4458 autem
1540 4406 1810 4464 sacrificio
1850 4383 1997 4479 .toto,

401 4482 564 4546 caput
591 4493 657 4533 ex
688 4496 839 4538 more
870 4483 1089 4539 abditus
1108 4488 1351 4544 minister
1371 4492 1509 4549 ostio
1538 4493 1733 4565 intulit,
1766 4505 1815 4552 et
1846 4498 1996 4555 illum

401 4580 563 4635 quem
592 4569 802 4625 viderat
825 4571 943 4641 jam
973 4591 1079 4630 non
1110 4575 1261 4633 vidit.
1297 4580 1499 4636 Introiit
1528 4598 1657 4654 ergo
1706 4586 1774 4641 ad
1806 4603 1995 4644 sacer-

400 4652 583 4708 dotem
638 4658 916 4728 palpitans
971 4668 1025 4717 et
1083 4670 1332 4736 tremens,
1363 4685 1428 4722 ac
1483 4686 1552 4726 ne
1597 4652 1845 4731 animum
1878 4678 1996 4748 ejus

401 4747 788 4812 quoquomodo
818 4748 1132 4807 offendisset
1160 4752 1212 4809 in
1243 4771 1309 4811 eo
1340 4760 1485 4828 quod
1516 4760 1690 4830 ipsum
1722 4766 1872 4834 quasi
1899 4747 1991 4822 so-

401 4828 509 4881 lum
542 4831 834 4904 reliquerat
864 4837 1075 4893 timens.
1111 4842 1178 4896 Et
1205 4845 1460 4915 exposita
1488 4828 1651 4905 (arise
1681 4828 1825 4924 fugae
1856 4871 1990 4922 suae,

397 4916 614 5005 pallens
637 4921 940 4981 sciscitatus
970 4936 1050 4984 est
1078 4937 1253 4986 utrum
1284 4941 1336 4989 et
1364 4934 1480 5005 ipse
1536 4916 1768 4994 viderit-
1787 4949 1840 4995 et
1893 4916 1994 4998 au;

396 5004 560 5100 dierit
579 5024 703 5100 quas
718 5026 777 5100 se
798 5011 996 5100 vidisse
1017 5016 1229 5076 ferebat
1258 5029 1312 5077 et
1331 5004 1566 5081 audisse.
1592 5030 1655 5082 At
1674 5027 1798 5084 ille:
1828 5032 1992 5100 Bene,

394 5088 591 5161 inquit,
606 5093 731 5150 vidi
750 5100 806 5152 et
833 5099 1026 5156 audivi
1054 5119 1177 5174 qua:
1208 5105 1350 5163 dicis
1364 5128 1388 5172 ,-
1420 5109 1518 5165 sed
1537 5110 1895 5171 benedictum
1918 5088 1995 5173 sii

380 5195 604 5239 nomen
632 5182 731 5239 Dei
751 5188 1319 5266 omnipotentis,quia
1332 5196 1464 5253 licet
1486 5214 1522 5254 a
1540 5203 1595 5256 te
1611 5204 1722 5257 sim
1734 5206 1886 5261 male
1905 5206 1995 5263 dc-

2120 4317 2193 4372 ris
2224 4317 2365 4372 illius
2392 4334 2553 4372 causa
2584 4316 2682 4372 fuit
2706 4319 2733 4372 ‘I
2772 4319 3003 4375 Veniens
3021 4320 3186 4393 igitur
3213 4322 3583 4391 Cantuariam,
3623 4324 3723 4380 sed

2120 4420 2239 4460 eam
2265 4405 2547 4461 inveniens
2578 4416 2730 4477 patre
2759 4407 3023 4477 orbatam,
3043 4410 3170 4481 quid
3190 4411 3410 4481 faceret,
3430 4428 3538 4484 quo
3556 4429 3724 4485 gres-

2108 4510 2228 4549 sum
2260 4494 2497 4550 tlecteret
2516 4495 2711 4550 dubius
2738 4497 2913 4555 haesit.
2935 4500 3137 4553 Auctus
3167 4500 3238 4554 ad
3269 4502 3393 4555 hinc
3448 4501 3721 4572 lacryma-

2106 4583 2232 4641 bilis
2249 4585 2423 4640 dolor.
2442 4583 2521 4638 llli
2536 4585 2676 4640 enim
2692 4585 2916 4656 quicum
2930 4588 3083 4658 prius
3097 4591 3582 4661 agnoverunt,viso
3596 4590 3716 4659 illo,

2109 4691 2174 4731 ex
2206 4674 2577 4730 recordatione
2599 4674 2838 4730 defuncti
2870 4678 3039 4732 Patris
3068 4676 3321 4748 lacrymis
3348 4686 3585 4735 manant.

2187 4764 2511 4819 Prtesidebat
2541 4764 2604 4818 ea
2633 4767 2960 4837 tempestate
2989 4783 3092 4836 per
3120 4784 3304 4823 curam
3326 4769 3490 4825 otiicii
3520 4777 3714 4840 pasto-

2102 4853 2233 4909 ralis
2266 4852 2521 4908 Ecclesia:
2554 4854 2990 4910 Darcacestrensi
3021 4857 3244 4928 quidam
3295 4859 3551 4915 Oscbetel
3602 4873 3711 4914 no-

2106 4942 2274 5008 mine,
2334 4942 2496 4998 homo
2525 4942 2684 4999 bonae
2758 4945 2918 5000 famae
2980 4954 3034 5000 et
3079 4962 3199 5016 quin
3258 4963 3355 5001 sua
3414 4948 3716 5005 intererant

2105 5030 2398 5100 disponere
2426 5047 2634 5101 gnarus
2650 5032 2785 5102 (23).
2800 5033 2964 5089 Hunc
2979 5034 3059 5090 vir
3076 5034 3171 5091 Dei
3195 5034 3501 5108 Oswaldus,
3522 5042 3714 5110 utpote

2103 5119 2212 5175 sibi
2242 5127 2296 5176 et
2333 5119 2511 5176 carnis
2540 5121 3010 5194 consanguinitate
3047 5125 3434 5198 propinquum,
3492 5134 3547 5184 et
3606 5146 3714 5200 qua

2103 5208 2348 5280 pollebat
2376 5209 2656 5282 sapientiae
2685 5212 2806 5268 luce
2833 5212 3211 5284 conspicuum,
3259 5214 3331 5271 ad
3388 5216 3711 5275 cohabitan-

459 5351 577 5432 (22)
608 5355 775 5432 Paulo
798 5357 953 5432 aliter
971 5361 1323 5421 Willhelmus
1364 5368 1861 5430 Malmesburiensis
1911 5378 1991 5432 De

398 5431 542 5507 gest.
573 5427 770 5507 pontif.
803 5430 842 5498 l,
864 5446 948 5507 nr,
973 5433 1159 5507 £153,
1179 5437 1267 5506 qui
1300 5437 1613 5497 Oswaldum
1660 5427 1992 5503 refertnon;

383 5501 488 5551 nisi
520 5501 729 5623 nt‘mtio
742 5502 879 5583 aegri
894 5505 1012 5576 iam
1032 5501 1436 5566 discumbentis
1464 5514 1739 5571 avunculi
1756 5501 1990 5589 percui-

391 5580 519 5622 sum
551 5584 565 5623 ι
593 5585 655 5623 er
682 5587 885 5623 musae-

391 5580 519 5622 sum
551 5580 655 5626 iter
682 5580 886 5632 iniisse.

2175 5379 2285 5452 (23)
2314 5377 2640 5452 pskitellum
2672 5380 3141 5452 archiepiscopum
3174 5383 3579 5443 Eboracensem
3610 5384 3709 5445 Ec-

2101 5449 2284 5537 clesiae
2312 5450 2755 5537 Dorcacestrensi
2776 5449 2945 5508 antea

2101 5471 2284 5505 CIBSIEB
2316 5471 2755 5507 υοτοαοεειΐθηδι
2776 5471 2945 5508 antea
3013 5471 3324 5525 νωςθαιεω,

2099 5527 2601 5614 Ρίθτὲδέξῗδὲἷὲἷὲἱ
2613 5525 2876 5614 Ῠὲῗθῖἶηξξξ
2905 5471 3098 5614 Filii?!
3120 5597 3142 5614 ,
3156 5526 3350 5614 1‘32“.

2101 5607 2265 5664 supra
2294 5592 2677 5649 adnotavimus
2708 5594 2780 5651 ad
2808 5595 3078 5671 Radulphi
3106 5597 3179 5656 de
3198 5597 3397 5669 Dicm

3408 5578 3523 5591 --ι--ν
3660 5594 3661 5599 η

3412 5588 3481 5663 “υ
3662 5606 3673 5615 ,-
3696 5604 3706 5613 Α

3630 5884 3815 5933 κέλ..-
