4046 6076
287 278 391 330 769

1601 273 1765 330 VITA
1796 274 1854 330 S.
1907 271 2275 332 OSWALDI.

3369 245 3380 276 \

3493 299 3601 354 77o
3633 289 3642 296 '

285 399 416 454 dum
446 397 599 467 adiit,
631 399 834 466 volens,
862 399 1018 470 juxta
1047 399 1739 474 Salomonem,gradiendo
1755 415 1878 456 cum
1906 399 1964 460 A
1993 397 2257 470 dignitate
2302 415 2590 490 perpensa,
2633 407 2741 458 tam
2788 406 2912 462 vitae
2959 407 3101 465 illius
3145 415 3378 486 qualitas
3434 437 3598 490 quam

284 488 532 558 sapiente
561 488 858 557 sapientior
899 488 1039 557 fieri,
1073 507 1182 546 non
1210 506 1278 546 ex
1307 490 1575 546 consortio
1624 489 1888 561 insipien-

289 577 426 630 tium
458 575 562 630 illis
591 577 725 648 ipsis
771 576 1065 634 assimilari
1105 581 1288 648 (Prov.
1336 596 1453 647 xm,
1484 583 1602 649 20).
1643 578 1894 648 Suscepit

284 672 465 721 autem
497 665 647 719 illum
686 665 830 721 idem
872 666 1162 738 episcopus
1208 668 1617 738 benignissime,
1667 683 1727 724 ac
1775 667 1889 722 sin-

284 769 408 810 cere
439 753 649 822 dilexit,
676 769 965 826 secumque
987 756 1280 828 degentem
1302 756 1381 811 sui
1406 758 1593 812 secreti
1611 757 1889 812 conscium

285 840 417 898 fecit
445 850 606 914 atque
619 849 954 900 consortem.
999 846 1132 901 Post
1158 845 1276 901 dies
1305 844 1557 902 defuncto
1585 846 1889 916 archiepis-

281 943 450 1001 scopo
483 930 812 988 Eboracensi
851 933 1111 1004 praefatus
1139 932 1395 989 Oschetel
1439 935 1555 990 sedi
1584 935 1726 989 illius
1772 939 1890 992 sub-

279 1026 524 1089 rogatur.
559 1021 610 1074 Is
639 1036 739 1092 pro
759 1021 899 1077 stola
919 1022 1421 1094 archiepiscopatus
1454 1024 1682 1079 Romam
1700 1035 1890 1095 petens

277 1116 527 1164 sanctum
560 1109 876 1165 Oswaldum
901 1127 1013 1165 suae
1039 1111 1139 1167 viae
1168 1111 1420 1166 comitem
1438 1112 1650 1169 habuit.
1682 1114 1890 1171 Potitus

276 1204 459 1252 autem
491 1197 764 1254 desiderio
811 1215 931 1271 suo,
973 1215 1096 1255 cum
1145 1200 1323 1256 Roma
1355 1201 1667 1274 digrediens
1697 1203 1753 1257 in
1783 1221 1889 1275 pa-

278 1284 436 1340 triam
479 1301 638 1342 suam
681 1287 964 1343 remeandi
1030 1288 1134 1343 iter
1194 1289 1541 1358 acceleraret,
1598 1289 1888 1348 Oswaldus

274 1372 462 1429 relicto
509 1377 780 1431 consortio
827 1376 946 1445 ejus
994 1376 1300 1432 Floriacum
1341 1377 1578 1446 divertit,
1632 1379 1886 1435 clericum

277 1463 594 1532 quemdam,
662 1464 1005 1520 Germanum
1082 1466 1322 1534 nomine,
1400 1475 1557 1524 aetate
1627 1469 1886 1538 juvenem

278 1550 527 1606 moribus
572 1567 780 1619 senem,
831 1554 1042 1609 itineris
1075 1555 1160 1610 sui
1204 1572 1232 1610 e
1261 1558 1433 1626 patria
1463 1557 1671 1612 socium
1703 1573 1884 1613 secum

277 1638 504 1694 ducens.
539 1641 829 1712 Excipiunt
859 1651 1037 1698 autem
1065 1643 1221 1698 illum
1253 1643 1424 1701 abbas
1455 1655 1507 1701 et
1539 1646 1732 1700 fratres
1760 1664 1883 1701 cum

1998 503 2214 543 morum
2246 488 2486 560 probitas
2515 498 2594 545 est
2624 491 2903 565 Oswaldo,
2954 509 3150 568 preter
3176 503 3350 560 solam
3380 488 3603 568 set—atem

1998 581 2055 632 et
2088 575 2454 647 pontiﬁcalem
2498 579 2842 652 dignitatem,
2875 587 2986 641 tola
3014 605 3154 658 pene
3185 604 3422 665 reperta.
3457 598 3600 656 Dum

1999 665 2164 736 igitur
2220 667 2326 722 vita
2357 675 2410 722 et
2457 684 2634 723 mores
2673 669 2726 724 in
2770 687 2835 728 eo
2883 673 3233 735 imitabantur
3279 684 3600 756 dignitatem

1998 753 2283 825 pontificis,
2331 764 2476 811 ratus
2524 765 2604 812 est
2633 757 2820 815 beatus
2866 763 3176 822 Dunstanus
3224 753 3400 840 ipsam
3434 777 3600 833 vitam

1999 851 2053 898 et
2100 859 2283 898 mores
2310 844 2453 899 illius
2474 848 2592 914 jure
2621 847 2992 907 sublimandos
3019 853 3280 927 dignitate
3308 864 3598 931 pontificis.

1999 929 2368 999 Quamobrem
2399 933 2545 988 adito
2603 936 2840 1009 Edgaro,
2900 958 3006 1012 quo
3037 960 3164 1015 rege
3220 929 3324 1018 per
3358 951 3413 1005 id
3464 961 3602 1010 tem-

1999 1022 2151 1092 poris
2197 1021 2394 1094 Anglia
2449 1023 2800 1095 gloriabatur,
2860 1035 3229 1090 venerandum
3287 1037 3601 1098 Oswaldum

1998 1124 2184 1165 secum
2214 1111 2465 1177 adduxit,
2499 1127 2732 1185 eumque
2790 1132 2888 1186 pro
2919 1121 3122 1176 meritis
3168 1125 3280 1180 suis
3309 1127 3412 1196 ipsi
3441 1145 3599 1186 com-

1999 1199 2315 1252 mendatum
2369 1199 2719 1257 familiaritati
2770 1203 2915 1260 illius
2959 1208 3188 1267 induxit.
3219 1212 3361 1283 Quid
3387 1219 3543 1289 plura
3573 1223 3602 1275 ἱ)

1999 1285 2332 1342 Praedicatur
2373 1303 2406 1343 a
2454 1306 2667 1344 summo
2719 1293 2969 1362 pontiﬁce
3025 1299 3191 1354 virtus
3241 1285 3407 1359 animi
3455 1309 3596 1377 ejus,

1996 1375 2300 1430 constantia
2331 1377 2605 1448 prOposita
2636 1379 2780 1450 ejus,
2814 1382 3094 1454 integritas
3138 1405 3346 1445 morum
3379 1375 3516 1464 ejus,
3546 1375 3602 1454 et

1994 1464 2064 1518 ad
2119 1467 2219 1520 hoc
2273 1481 2368 1520 rex
2426 1466 2541 1537 ipse
2573 1475 2718 1522 tanto
2769 1471 3074 1529 testimonio
3122 1479 3351 1535 credens
3393 1485 3598 1553 perdu-

1995 1553 2133 1607 citur
2175 1556 2233 1607 ut
2263 1569 2360 1608 suo
2383 1555 2537 1624 jusso
2596 1564 2757 1626 atque
2781 1559 2987 1627 judicio
3026 1565 3343 1622 cathedram
3373 1572 3593 1642 episco-

1994 1641 2174 1712 palem
2223 1643 2367 1710 apud
2416 1643 2761 1715 Wigornam,
2813 1647 2898 1702 cui
2929 1651 3085 1706 Pater
3129 1653 3274 1709 idem
3305 1641 3599 1727 praesidere

276 1743 486 1784 summa
515 1729 720 1799 laetitia,
773 1746 840 1787 ac
883 1733 1156 1788 nonnullis
1185 1733 1379 1788 diebus
1428 1734 1573 1790 circa
1603 1751 1724 1790 eum
1758 1735 1878 1791 Ιωῑθ
1906 1749 1958 1810 Β
1991 1728 2228 1799 ωΙεΙιδι,
2278 1732 2504 1787 antistes
2550 1732 2724 1788 factus
2771 1737 3046 1794 ascendat.
3088 1741 3268 1798 Primo
3301 1753 3477 1803 tamen
3505 1767 3600 1806 re-

274 1817 500 1886 exactis,
532 1834 632 1888 pro
661 1817 781 1874 sola
812 1836 974 1890 quam
1005 1821 1386 1878 intellexerant
1433 1823 1709 1880 voluntate
1741 1825 1885 1879 illius

273 1921 435 1976 quem
465 1907 764 1963 adduxerat
791 1909 1062 1965 Germano
1092 1916 1298 1966 sanctae
1328 1911 1469 1968 inter
1497 1928 1557 1967 se
1585 1929 1885 1969 conversa-

272 1994 437 2050 tionis
488 1995 729 2051 babitum
778 1998 1041 2053 tribuunt.
1099 2000 1292 2054 Mansit
1341 2017 1472 2056 vero
1543 2002 1883 2058 venerandus

273 2081 562 2140 Oswaldus
592 2085 648 2138 in
678 2085 798 2157 ipso
843 2087 1095 2142 cmnobio
1123 2088 1418 2158 aliquanto
1451 2097 1717 2160 tempore,
1769 2093 1884 2147 Deo

271 2187 370 2244 per
414 2173 600 2229 omnia
646 2173 885 2230 serviens
927 2183 979 2230 et
1034 2176 1198 2232 verbo
1244 2185 1297 2232 et
1346 2177 1508 2248 facto,
1555 2179 1786 2249 qualiter
1813 2181 1886 2235 ad

273 2261 517 2318 coelestia
590 2263 873 2319 tenderent
927 2265 1158 2335 {cunctis
1240 2265 1351 2322 illic
1416 2268 1887 2324 commanentibus

271 2351 530 2422 exempla
559 2352 929 2422 prmtendens.

344 2440 559 2495 Interea
588 2449 922 2496 memoratus
971 2443 1197 2498 antistes
1246 2445 1429 2499 missis
1459 2445 1682 2500 muntiis
1729 2461 1888 2517 roga:

278 2543 405 2584 eum
450 2528 705 2600 Angliam
752 2530 931 2585 redire
989 2531 1058 2586 ad
1111 2547 1188 2599 se,
1221 2539 1485 2603 quatenus
1541 2534 1631 2590 via
1684 2543 1886 2589 sanctae

274 2616 573 2689 religionis,
606 2617 759 2687 cujus
788 2633 913 2673 eum
963 2617 1180 2674 culmen
1225 2621 1469 2692 attigisse
1497 2631 1642 2678 certo
1673 2639 1884 2694 cogno-

273 2713 446 2774 verat,
479 2721 591 2760 suae
619 2706 797 2778 gentis
837 2707 1084 2763 homines
1115 2708 1420 2764 instrueret.
1441 2711 1622 2766 Atille
1643 2711 1889 2782 petitioni

274 2794 392 2863 ejus
432 2792 576 2848 mitis
623 2794 1028 2866 obtemperans,
1086 2797 1342 2868 Angliam
1387 2797 1664 2856 Germano
1692 2799 1885 2856 relicto

270 2882 526 2952 perrexit.
564 2883 731 2938 Rudis
760 2883 903 2938 enim
933 2885 1113 2942 adhuc
1141 2886 1196 2940 in
1217 2887 1521 2957 disciplinis
1543 2888 1885 2962 regularibus

267 2979 418 3036 erat;
452 2987 552 3028 nec
583 2973 734 3027 illum
766 2973 870 3028 nisi
900 2974 1138 3046 perfecte
1157 2975 1407 3032 edoctum
1426 2995 1458 3032 a
1487 2978 1606 3034 loco
1637 2977 1886 3050 separari

1995 1819 2223 1888 quiritur
2271 1819 2520 1874 voluntas
2574 1821 2704 1877 cieri
2755 1831 2808 1878 et
2864 1827 3047 1896 pepuli
3077 1846 3243 1901 super
3284 1850 3343 1890 re
3372 1836 3511 1906 ipsa,
3542 1845 3598 1897 et

1993 1922 2114 1961 cum
2171 1907 2380 1979 ingenti
2437 1909 2765 1967 exultatione
2835 1922 2887 1969 et
2942 1917 3322 1977 vociferatione
3374 1924 3434 1979 ﬁt
3489 1944 3596 1984 vox

1993 1995 2236 2050 omnium
2269 2013 2394 2051 una.
2422 1997 2778 2070 Concrepant,
2803 2001 3041 2060 clamant
3065 2005 3382 2066 Oswaldum
3406 2013 3594 2086 dignis

1993 2083 2188 2138 simum
2223 2092 2386 2139 tantae
2415 2087 2561 2140 sedis
2605 2089 2939 2160 episcopatu,
2970 2102 3022 2148 et
3065 2112 3265 2168 magna
3293 2116 3460 2169 prece
3475 2083 3592 2161 vde-

1995 2181 2223 2243 poscunt
2251 2189 2375 2227 cum
2418 2177 2736 2245 quantocius
2766 2179 2820 2232 in
2863 2180 3042 2252 ipsum
3073 2185 3428 2245 ministerium
3457 2209 3595 2250 con-

1994 2261 2212 2316 secrari.
2290 2262 2372 2316 Fit
2427 2264 2578 2336 quod
2629 2265 2802 2322 clerus
2881 2278 2931 2324 et
2993 2272 3152 2341 plebs
3221 2277 3597 2348 Wigornensis

1992 2357 2265 2420 precatur,
2299 2366 2364 2408 ac
2384 2352 2439 2405 in
2466 2370 2732 2409 summum
2755 2358 3114 2414 sacerdotium
3143 2361 3278 2418 felix
3308 2365 3597 2425 Oswaldus

1995 2454 2028 2492 a
2059 2439 2212 2494 Patre
2242 2441 2521 2497 Dunstano
2552 2443 2895 2516 sublimatur,
2937 2448 3249 2522 factumque
3291 2464 3370 2510 est
3397 2457 3491 2527 pia
3513 2459 3595 2514 De

1995 2527 2358 2597 dispositione
2401 2538 2458 2585 ut
2501 2531 2640 2587 sicut
2682 2541 2875 2604 patruo
2919 2536 2980 2590 S.
3031 2537 3596 2603 OswaldiCantuariie

1995 2615 2183 2671 beatus
2212 2617 2539 2687 Dunstanus,
2572 2621 2645 2676 ita
2674 2634 2859 2680 sancto
2889 2626 3172 2684 Dunstano
3194 2629 3248 2684 in
3277 2633 3595 2707 episcopatu

1993 2705 2278 2776 Wigornae
2327 2709 2638 2765 succederet
2665 2710 2856 2768 beatus
2895 2713 3201 2775 Oswaldus.

2065 2795 2298 2850 Functus
2326 2812 2460 2868 ergo
2491 2797 2573 2855 vir
2628 2800 2726 2856 Dei
2771 2802 3104 2873 pontificatu,
3131 2807 3276 2862 idem
3335 2810 3425 2880 qui
3448 2812 3594 2884 prius

1992 2883 2092 2939 fuit
2137 2883 2192 2938 in
2221 2885 2378 2940 bonis
2407 2886 2614 2942 actibus
2649 2890 2897 2959 prestitit
2926 2907 2942 2962 ;
2989 2893 3102 2949 imo
3133 2883 3594 2968 quemadmOdum

1989 2973 2127 3028 alios
2185 2973 2465 3046 dignitate,
2536 2976 2609 3032 ita
2668 2978 2903 3050 seipsum
2972 2998 3354 3056 supergressus
3410 2997 3488 3044 est
3537 2991 3594 3046 in

260 3059 492 3115 sinebat.
551 3062 880 3118 Perveniens
937 3063 1121 3134 itaque
1177 3066 1247 3120 ad
1305 3065 1646 3137 episcopum,
1715 3067 1876 3123 solito
1908 3091 1958 3155 Ο
1988 3061 2244 3131 bonitate,
2277 3071 2329 3118 et
2355 3064 2476 3120 licet
2505 3066 2840 3155 omnifuerit
2868 3069 3124 3126 virtutum
3143 3073 3314 3131 nitore
3339 3076 3590 3150 insignis,

261 3163 421 3204 more
450 3148 504 3203 in
534 3151 682 3205 omni
723 3151 1002 3206 sanctitate
1031 3161 1085 3207 et
1122 3154 1539 3209 mansuetudine
1565 3156 1724 3224 juxta
1753 3171 1877 3210 eum

261 3238 722 3307 conversabatur,
754 3248 809 3296 et
841 3241 965 3296 ideo
996 3257 1028 3295 a
1069 3242 1279 3298 cunctis
1308 3243 1401 3313 pio
1430 3242 1643 3311 aﬂ‘ectu,
1679 3259 1884 3315 magno

264 3339 470 3394 amore,
527 3343 740 3384 summo
799 3329 981 3385 studio
1055 3331 1512 3401 amplectebatur,
1574 3331 1877 3400 fovebatur,

262 3413 645 3471 venerabatur.
698 3419 848 3472 Inter
893 3417 1017 3474 haec
1045 3418 1135 3474 ille
1173 3421 1472 3489 praeclarus
1525 3428 1578 3476 et
1609 3419 1883 3492 gloriosus

268 3501 372 3556 Dei
421 3502 628 3558 amicus
676 3504 992 3561 Dunstanus
1051 3507 1106 3560 in
1149 3507 1473 3563 Cathedram
1537 3509 1882 3580 pontificatus

269 3589 682 3648 Cantuariensis
738 3594 1006 3664 praedicto
1073 3594 1250 3651 Odoni
1331 3598 1611 3665 successit,
1671 3598 1754 3653 vir
1782 3591 1882 3652 Dei

267 3681 448 3752 gratia
476 3697 508 3736 a
541 3682 727 3737 matris
755 3691 907 3738 utero
937 3684 1152 3756 plenus,
1184 3694 1235 3740 et
1266 3686 1443 3742 donec
1473 3687 1599 3742 vita:
1621 3686 1881 3758 praesenti

269 3770 554 3840 superfuit,
588 3786 731 3827 nunc
778 3771 1093 3828 caelestibus
1132 3775 1355 3830 secretis
1398 3775 1684 3842 admistus,
1738 3792 1880 3830 nunc

267 3857 555 3915 beatorum
602 3860 893 3931 spirituum
936 3862 1130 3917 crebra
1169 3863 1470 3920 visitatione
1534 3864 1875 3935 perfunctus,

265 3961 411 4002 nunc
440 3948 496 4003 in
525 3949 853 4006 exhibendis
874 3950 1152 4007 miraculis
1181 3951 1384 4007 celebri
1414 3953 1654 4010 eﬂicacia
1683 3954 1874 4009 fretus.

263 4034 366 4092 Hic
401 4038 586 4093 audita
643 4039 862 4095 eximiae
921 4041 1226 4098 sanctitatis
1282 4041 1448 4110 fama,
1505 4059 1626 4113 quas
1654 4042 1874 4097 beatum

264 4124 582 4182 Oswaldum
665 4129 1094 4202 circumquaque
1178 4130 1590 4202 magnificabat,
1660 4131 1878 4186 mittens

263 4217 558 4273 accersivit
611 4233 755 4285 eum,
817 4235 888 4274 ex
962 4218 1383 4274 conversatione
1439 4219 1584 4274 illius
1641 4219 1878 4290 pleniter

263 4303 511 4360 ediscere
567 4307 829 4377 gestiens,
880 4308 1104 4379 vulgata
1150 4307 1336 4378 Opinio
1375 4323 1578 4364 verane
1617 4309 1878 4364 exstiterit

1988 3151 2289 3206 orationum
2313 3161 2501 3208 tamen
2522 3153 2838 3211 assiduitate
2857 3161 2908 3212 et
2930 3159 3392 3232 eleemosynarum
3410 3183 3593 3237 prom-

1985 3240 2234 3310 ptissima
2279 3240 2531 3312 largitate
2579 3259 2793 3298 summo
2838 3253 2890 3300 et
2917 3246 3059 3303 ultra
3088 3265 3253 3320 quam
3285 3252 3392 3308 dici
3418 3256 3595 3324 possit

1986 3343 2153 3399 opere
2182 3328 2437 3399 praditus
2465 3339 2603 3385 erat.
2637 3329 2805 3402 Caepit
2826 3332 3030 3405 itaque,
3054 3335 3213 3405 juxta
3239 3341 3589 3410 Apostolum,

1984 3416 2238 3472 omnibus
2276 3416 2458 3472 omnia
2486 3433 2604 3473 esse
2635 3418 2684 3489 (I
2716 3420 2836 3476 Cor.
2881 3437 2958 3490 1x,
2993 3425 3104 3493 22),
3151 3432 3204 3480 et
3230 3426 3276 3480 is
3304 3445 3465 3497 quem
3489 3445 3594 3487 nec

1985 3521 2142 3560 amor
2183 3521 2283 3560 nec
2330 3505 2414 3560 ira
2443 3506 2706 3580 cujusque
2733 3518 2923 3578 posset
2963 3526 2997 3566 a
3026 3513 3116 3567 via
3139 3513 3366 3582 justitiae
3399 3519 3594 3588 quovis

1982 3601 2146 3663 pacto
2207 3593 2504 3650 declinare.
2565 3595 2908 3654 Discretione
2958 3607 3134 3656 tamen
3165 3602 3220 3657 in
3261 3604 3362 3660 hoc
3391 3622 3592 3676 quam-

1983 3681 2220 3737 maxime
2275 3683 2565 3750 ferebatur,
2618 3685 2797 3742 sciens
2845 3689 3120 3746 neminem
3176 3707 3211 3747 a
3268 3693 3591 3753 discretione

1981 3779 2256 3826 nutantem
2299 3771 2521 3841 justitiae
2570 3772 2722 3846 leges
2771 3777 2919 3832 omni
2949 3794 3017 3834 ex
3047 3788 3204 3849 parte
3234 3783 3391 3839 tueri.
3431 3784 3591 3842 Clero

1975 3859 2146 3930 igitur
2192 3877 2254 3916 ac
2312 3861 2512 3931 populo
2541 3862 2642 3916 sub
2672 3880 2768 3920 suo
2819 3867 3084 3937 regimine
3125 3870 3299 3940 posito
3356 3874 3592 3946 pervigil

1979 3947 2248 4016 insistere,
2283 3957 2336 4004 et
2364 3967 2470 4020 qua
2508 3951 2871 4022 graderentur
2898 3955 2968 4010 ad
3012 3955 3176 4013 vitam
3206 3960 3379 4016 verbo
3411 3970 3463 4017 et
3492 3977 3588 4017 ex~

1979 4037 2162 4108 amplo
2210 4038 2359 4093 viam
2408 4039 2807 4096 demonstrare.
2872 4043 3070 4100 Verum
3133 4062 3258 4102 cum
3296 4049 3591 4108 multitudo

1977 4141 2190 4196 eorum,
2221 4140 2360 4195 quos
2391 4141 2423 4180 a
2453 4127 2542 4182 via
2573 4128 2912 4185 rectitudinis
2928 4133 3332 4192 exhorbitantes
3360 4138 3415 4192 in
3446 4137 3591 4195 viam

1971 4214 2195 4285 justitiae
2224 4213 2488 4271 reducere
2529 4217 2816 4288 gestiebat,
2851 4228 3087 4276 mentem
3135 4240 3288 4279 suam
3318 4225 3589 4282 interdum

1978 4304 2257 4376 fatigaret,
2323 4303 2528 4359 directo
2585 4306 2641 4358 in
2690 4306 2924 4362 Galliam
2981 4311 3168 4367 nuntio
3227 4314 3579 4386 Germanum,

263 4406 460 4448 necne.
494 4393 623 4449 Post
654 4395 858 4466 aliquot
887 4411 1018 4452 vero
1063 4396 1182 4451 dies
1228 4404 1508 4466 comperto
1539 4397 1684 4466 quod
1715 4397 1873 4454 inve-
1902 4432 1954 4492 Β
1982 4393 2137 4462 cujus
2191 4410 2352 4464 supra
2409 4394 2778 4462 meminimus,
2838 4404 2891 4452 et
2944 4398 3079 4454 alios
3137 4401 3327 4458 timore
3367 4404 3590 4460 Domin|

265 4480 524 4550 stigabat,
556 4482 784 4536 multum
816 4491 1078 4554 praestare
1099 4483 1210 4539 illis
1231 4501 1352 4556 quae
1377 4485 1517 4539 fama
1540 4485 1876 4556 disperserat

267 4569 520 4641 gravisus
553 4578 636 4625 est
663 4589 674 4632 ;
709 4579 762 4626 et
790 4572 845 4626 in
873 4572 1169 4644 gratiarum
1191 4574 1428 4629 actiones
1447 4575 1560 4630 Deo
1589 4574 1682 4644 pio
1713 4575 1878 4630 corde

269 4666 323 4713 et
352 4673 446 4714 ore
476 4660 703 4714 solutus.
755 4660 1141 4717 Verumtamen
1179 4678 1330 4732 saepe
1374 4663 1575 4735 agebat
1621 4680 1743 4718 cum
1787 4678 1873 4732 eo,

269 4760 380 4800 non
435 4753 491 4801 ut
547 4746 934 4804 firmitudinem
988 4749 1154 4804 animi
1185 4751 1300 4820 ejus
1358 4751 1511 4822 quasi
1565 4759 1876 4822 suspectam

272 4833 479 4889 habens
536 4836 868 4906 exploraret,
921 4838 1020 4894 sed
1051 4838 1192 4892 sicut
1248 4855 1370 4894 eam
1401 4839 1455 4894 in
1484 4839 1632 4896 bono
1663 4839 1876 4896 ﬁrmam

269 4938 439 4994 penes
469 4939 532 4981 se
562 4925 816 4995 habebat,
876 4926 952 4982 ita
987 4926 1250 4983 veraciter
1291 4943 1410 4984 esse
1467 4927 1588 4982 aliis
1615 4943 1875 4999 compro-

271 5011 445 5069 baret.
478 5014 545 5069 Et
575 5029 762 5071 revera
791 5015 846 5070 in
897 5016 1046 5071 omni
1077 5015 1335 5072 virtutum
1392 5016 1590 5073 decore
1617 5017 1876 5086 probatus

268 5109 512 5173 repertus
543 5111 645 5170 est,
677 5118 851 5174 eoque
880 5120 988 5159 non
1009 5105 1173 5161 modo
1194 5105 1263 5161 ab
1294 5121 1358 5161 eo
1381 5121 1563 5161 verum
1585 5113 1635 5162 et
1658 5107 1727 5161 ab
1749 5106 1875 5162 aliis

266 5191 549 5262 praestanti
576 5199 661 5247 est
689 5191 884 5249 affectu
915 5192 1168 5250 dilectus.
1201 5193 1353 5250 Unde
1381 5193 1527 5251 beati
1553 5195 1729 5267 patrui
1761 5196 1877 5266 ejus

270 5348 352 5406 De
407 5349 736 5422 prmsulibus
765 5351 1002 5423 Anglia}.
1060 5351 1219 5420 Quod
1248 5367 1380 5408 vero
1434 5352 1755 5409 Oskitellum
1814 5370 1880 5410 eo

272 5430 516 5492 tempore
546 5423 660 5478 sedi
686 5424 1130 5478 Dorcacestrensi
1161 5423 1442 5493 praefuisse
1472 5425 1542 5480 ad
1574 5426 1882 5481 Eboracen-

275 5507 394 5565 sem
422 5501 612 5565 postea
658 5495 972 5550 translatum
1018 5494 1323 5550 Eadmerus
1359 5496 1541 5565 refert,
1575 5495 1631 5550 in
1661 5511 1726 5551 eo
1759 5512 1880 5551 ma-

277 5563 476 5622 nifeste
519 5564 710 5638 lapsus.
736 5574 839 5636 est.
890 5565 1189 5626 Oskitcllus
1225 5566 1371 5623 enim
1421 5563 1640 5626 biennio
1667 5567 1883 5626 circiter

1986 4482 2243 4554 praeditos
2272 4483 2423 4538 viros
2472 4484 2599 4539 fecit
2629 4485 2809 4541 venire
2842 4486 2909 4541 ad
2947 4505 3024 4556 se,
3054 4489 3296 4560 ipsorum
3336 4491 3591 4549 videlicet

1985 4586 2087 4641 ope
2115 4587 2180 4627 ac
2222 4571 2574 4643 religiositate
2616 4571 2832 4628 illorum
2872 4575 3094 4644 cupiens
3132 4576 3592 4650 irreligiositatam

1988 4660 2279 4732 corrigere.
2333 4661 2522 4730 Itaque
2553 4661 2856 4716 Germanus
2903 4663 2973 4716 ad
2999 4664 3314 4732 pontiﬁcem
3344 4669 3588 4740 veniens,

1988 4747 2286 4804 honorifice
2314 4755 2596 4819 susceptus
2625 4755 2728 4803 est.
2780 4750 2911 4806 Erat
2939 4752 3084 4807 enim
3128 4753 3268 4810 bene
3298 4756 3592 4829 religiosus

1988 4837 2155 4893 sacris
2185 4836 2376 4892 litteris
2405 4843 2458 4892 et
2484 4835 2590 4906 piis
2621 4836 2812 4893 studiis
2841 4840 3089 4909 apprime
3119 4843 3384 4900 imbutus.

2060 4925 2330 4981 Venerant
2383 4929 2649 4996 praeterea
2705 4925 2775 4982 ad
2821 4926 3041 4983 beatum
3099 4930 3418 4990 Oswaldum
3467 4944 3593 4994 ante

1987 5013 2102 5084 ejus
2128 5015 2419 5073 adventum
2449 5013 2696 5070 nonnulli
2743 5031 2810 5071 ex
2840 5017 3142 5088 Anglorum
3171 5024 3428 5095 prosapia
3456 5027 3589 5094 nati,

1986 5119 2145 5160 sacro
2187 5103 2360 5176 ipsius
2400 5103 2718 5174 magisterio
2764 5121 2822 5161 se
2863 5105 3179 5178 subdentes,
3225 5118 3277 5166 et
3322 5127 3446 5169 eum
3485 5115 3590 5171 sibi

1986 5202 2196 5265 patrem
2261 5209 2325 5248 ac
2381 5200 2644 5248 rectorem
2700 5192 2755 5248 in
2813 5193 2899 5252 via
2955 5212 3076 5269 quae
3103 5197 3254 5258 ducit
3309 5202 3380 5256 ad
3425 5201 3590 5260 vitam

1989 5359 2114 5408 ante
2134 5349 2354 5428 Qdonis
2375 5349 2582 5408 obitum
2632 5351 2883 5428 thronum
2923 5354 3328 5428 Eboracensem
3357 5356 3590 5428 adeptus

1989 5432 2086 5480 est.
2134 5422 2401 5479 Eumdem
2445 5438 2687 5479 errorem
2736 5424 2855 5479 iniit
2902 5427 3199 5483 monachus
3226 5422 3590 5487 Ramesiénsis

1990 5493 2134 5568 apud
2163 5493 2438 5553 Mabillon.
2472 5495 2611 5552 Suec.
2659 5496 2931 5554 Benedict.
2967 5499 3032 5569 V,
3062 5514 3118 5569 p.
3151 5501 3276 5555 735.
