3970 6088
419 243 514 297 771

1448 235 1757 291 EADMERI
1787 229 2348 320 CANTUARIENSIS
2377 237 2691 298 MONACHI

3616 256 3725 317 772

417 365 821 423 constituentes.
857 367 1002 420 Inter
1038 365 1136 419 hos
1185 361 1283 417 fuit
1313 360 1556 432 quidam,
1587 361 1868 421 Ednothus
1897 375 1999 418 no-
2025 360 2082 419 A
2117 361 2328 454 (ihristi
2340 365 2592 435 vestigiis
2604 367 2799 424 eadem
2807 373 3722 454 perfectioiudicatesseprofana.

420 459 587 526 mine,
634 456 722 529 qui
759 455 932 527 gradu
952 451 1242 510 sacerdotii
1285 451 1493 506 iunctus
1553 452 1628 507 ob
1657 456 2007 526 sagacitatem

419 557 471 606 et
499 546 815 603 industriam
843 559 994 599 suam
1031 541 1227 598 Senior
1256 541 1323 596 ab
1353 541 1474 595 aliis
1503 544 2008 614 cognominabatur.

419 635 643 693 Collecti
672 635 853 704 itaque
901 632 1092 687 fratres
1138 630 1458 686 duodenarii
1506 633 1714 686 numeri
1743 650 2010 690 summam

417 726 708 796 complent,
767 737 904 794 quos
961 720 1118 776 Pater
1173 717 1481 785 Oswaldus,
1523 724 1581 774 ut
1630 721 1789 788 juxta
1843 725 2010 780 sancti

411 813 673 886 propositi
715 825 961 866 normam
1021 808 1253 864 Domino
1320 807 1541 862 Christo
1591 809 1679 864 die
1741 819 2011 883 noctuque

406 904 702 970 servirent,
735 901 791 954 in
823 899 953 956 villa
1000 898 1080 952 sui
1109 896 1452 968 pontiﬁcatus
1483 914 1604 969 quae
1633 899 1910 956 Westberi
1939 905 2015 960 di-

409 995 547 1048 citur
589 990 897 1056 collocavit,
945 987 1226 1042 instituens
1256 986 1333 1042 eis
1362 986 1648 1057 praefatum
1681 989 2011 1049 Germanum

407 1079 760 1154 praepositum
797 1086 852 1133 et
917 1077 1299 1144 institutorem,
1357 1092 1459 1132 nec
1503 1093 1609 1133 non
1658 1080 1919 1154 delegans
1948 1100 2012 1139 ex

406 1171 516 1226 suis
563 1185 682 1240 qua
722 1168 830 1222 illis
859 1165 1178 1221 sufficerent
1207 1165 1270 1220 ad
1321 1181 1504 1221 eorum
1544 1171 2009 1227 sustentationem.

405 1259 697 1331 Degebant
719 1256 884 1328 igitur
912 1255 1004 1309 illo
1035 1254 1093 1309 in
1111 1254 1252 1322 loco,
1277 1270 1560 1312 servorum
1583 1259 1678 1312 Dei
1701 1276 1799 1330 per
1826 1262 2014 1318 omnia

405 1356 458 1404 et
489 1349 543 1401 in
574 1344 831 1403 omnibus
853 1343 1018 1398 vitam
1043 1350 1298 1415 agentes;
1331 1359 1559 1414 quorum
1575 1347 1765 1403 studiis
1795 1359 2013 1406 sanctus

404 1438 490 1493 vir
531 1435 727 1491 evimie
766 1433 1060 1488 delectatus
1123 1448 1218 1487 eos
1273 1432 1584 1504 frequenter
1629 1437 1866 1506 visitare,
1927 1442 2009 1497 eis

406 1524 611 1579 monita
669 1522 858 1577 salutis
895 1529 1108 1576 aeterna
1172 1520 1501 1590 ministrare,
1558 1540 1651 1579 eos
1719 1530 2006 1598 consolari,

406 1613 548 1668 inter
595 1625 690 1666 eos
732 1609 1063 1678 conversari,
1106 1616 1158 1664 et
1201 1609 1399 1666 divinis
1441 1613 1714 1683 operibus,
1763 1618 2004 1689 hymnis,

2121 450 2527 524 Quaproptersi
2547 471 2666 523 nos,
2682 473 2812 514 cum
2828 463 3128 531 possimus,
3148 450 3575 538 supersedemus
3589 491 3720 530 mo-

2117 541 2326 598 nachos
2341 544 2404 597 in
2419 559 2517 599 suo
2531 548 2814 618 proposito
2833 552 3241 625 multiplicare,
3258 563 3360 615 aut
3379 575 3573 620 eorum
3584 566 3722 620 reli-

2117 632 2271 701 gioni
2304 633 2575 702 invidere,
2608 641 2713 692 aut
2740 653 2866 694 eam
2882 657 2996 698 non
3017 659 3212 703 amare
3246 648 3333 704 vel
3369 653 3528 724 sequi
3561 657 3720 714 nolle

2120 722 2377 776 convinci
2399 726 2732 792 poterimus.
2769 726 2889 783 Sed
2913 731 3031 788 hac
3047 750 3083 789 a
3102 734 3264 792 nobis
3289 722 3490 810 procul
3515 751 3717 803 arceat

2119 815 2470 882 omnipotens
2497 814 2663 869 Deus.
2713 816 2913 888 Quare,
2941 821 3030 890 ﬁli
3070 824 3422 898 charissime,
3454 833 3624 890 nulla
3664 840 3725 892 te

2120 900 2409 956 sa’cularis
2429 903 2662 959 ambitio
2694 907 2906 977 teneat,
2939 926 3061 981 qua:
3083 917 3137 968 te
3165 914 3234 971 ab
3276 918 3644 980 institutione
3662 930 3725 981 et

2119 987 2447 1059 adjumento
2459 994 2802 1050 monachica:
2814 998 3108 1069 religionis
3117 1002 3408 1076 impediat.
3415 1011 3557 1066 Nam
3569 1015 3724 1071 sicut

2120 1078 2192 1133 ad
2220 1084 2496 1136 aeternam
2531 1082 2703 1138 vitam
2736 1086 2860 1156 quis
2894 1092 3056 1159 optat
3093 1097 3410 1168 pervenire,
3440 1100 3527 1157 ita
3557 1103 3723 1160 debet

2121 1171 2319 1224 conari
2347 1174 2403 1225 et
2425 1172 2566 1227 alios
2587 1188 2774 1229 secum
2798 1175 2870 1231 ad
2896 1180 3154 1236 eamdem
3177 1187 3511 1254 perducere.
3552 1191 3725 1252 Illum

2121 1259 2324 1330 quippe
2342 1259 2463 1315 illic
2475 1261 2659 1330 major
2669 1263 2846 1320 honor
2861 1270 2917 1322 et
2931 1269 3114 1338 gloria
3131 1275 3728 1354 suscipiet,quimajus

2123 1347 2347 1402 lucrum
2359 1349 2448 1404 hic
2461 1349 2526 1404 de
2543 1351 2786 1407 aliorum
2801 1355 2987 1412 salute
3005 1358 3226 1418 Christo
3235 1347 3724 1436 acquirit.Gaudio

2121 1452 2187 1491 ex
2222 1437 2307 1490 his
2338 1437 2448 1492 dux
2483 1438 2600 1509 ipse
2634 1440 2891 1512 repletus,
2928 1444 3071 1502 dicta
3103 1451 3246 1505 comi
3284 1453 3439 1509 vultu
3478 1461 3722 1532 suscipit,

2120 1532 2171 1580 et
2207 1541 2528 1596 responsum
2557 1527 2627 1582 ita
2657 1531 2844 1599 paucis
2873 1532 3115 1593 absolvit
3152 1556 3166 1592 :
3200 1541 3436 1600 Fundus
3465 1527 3726 1610 mihi—est

2119 1617 2408 1672 Rameseia
2433 1617 2640 1686 dictus,
2674 1623 2902 1690 aquiset
2919 1625 3224 1694 paludibus
3250 1631 3720 1709 circumcinctus,

402 1700 651 1772 psalmis,
695 1699 944 1768 jejuniis,
1012 1698 1215 1769 vigiliis
1285 1707 1336 1753 et
1401 1701 1752 1771 orationibus,
1808 1708 2005 1763 sanctis
2032 1717 2087 1779 Β
2121 1706 2327 1762 talium
2350 1705 2643 1763 hominum
2672 1711 2865 1781 quales
2886 1727 3165 1772 memoras
3195 1726 3636 1795 conuersationi,
3658 1698 3724 1785 ut

405 1804 619 1862 quoque
663 1787 1102 1842 meditationibus
1132 1786 1340 1842 solebat
1386 1804 1609 1859 operam
1642 1792 1791 1862 dare,
1823 1811 1994 1868 seque

402 1878 471 1933 ab
513 1875 866 1932 exterioribus
909 1875 1050 1931 curis
1105 1891 1169 1930 ac
1221 1877 1573 1933 saecularibus
1618 1882 1852 1952 negotiis
1898 1901 1996 1954 per

399 1967 662 2022 internam
693 1964 887 2019 mentis
919 1963 1150 2034 quietem
1193 1965 1482 2036 magniﬁce
1512 1984 1775 2026 recreare.

469 2056 564 2110 His
591 2055 665 2109 ita
697 2053 996 2124 dispositis,
1028 2053 1226 2108 festum
1257 2055 1555 2112 Dominicae
1578 2061 1991 2119 resurrectionis

393 2145 647 2210 instabat,
692 2153 745 2199 et
773 2145 842 2198 ad
874 2143 1016 2214 regis
1072 2144 1275 2198 curiam
1328 2145 1494 2200 totius
1522 2148 1682 2218 regni
1737 2151 1993 2208 nobilitas

396 2233 740 2291 convolabat.
773 2233 999 2287 Adunati
1030 2233 1306 2304 principes
1344 2233 1499 2290 laetos
1531 2237 1648 2292 dies
1678 2248 1844 2310 agunt
1868 2243 1992 2298 val-

394 2332 568 2400 deque
623 2325 918 2380 solemnes.
967 2324 1082 2376 Jam
1131 2322 1307 2376 soluta
1346 2323 1496 2378 curia
1542 2325 1596 2380 in
1645 2342 1744 2381 sua
1791 2330 1991 2401 quique

393 2421 665 2485 redibant,
699 2419 754 2472 et
807 2429 933 2469 ecce
963 2412 1030 2466 de
1059 2410 1227 2482 regiis
1269 2411 1530 2468 militibus
1555 2431 1695 2471 unus
1724 2416 1883 2474 dives
1925 2435 1992 2477 ac

394 2520 585 2582 potens
607 2505 769 2562 morti
797 2503 1056 2557 subactus
1076 2499 1436 2571 plangebatur
1465 2519 1495 2556 a
1517 2503 1786 2573 pluribus.
1820 2509 1992 2580 Hujus

400 2596 675 2667 exsequiis
705 2594 828 2664 pius
862 2588 1105 2644 interfuit
1137 2590 1295 2643 Pater
1328 2589 1639 2660 Oswaldus,
1674 2597 1766 2664 qui
1797 2605 1849 2652 et
1871 2599 1991 2670 ipse

397 2688 604 2746 curiam
640 2684 780 2736 inter
808 2679 1014 2750 primos
1051 2677 1260 2748 Anglia;
1311 2695 1564 2748 proceres
1600 2693 1838 2754 venerat,
1870 2687 1991 2758 regi

391 2780 645 2845 acceptus
675 2769 937 2840 ﬁrmaque
965 2766 1086 2834 ejus
1115 2766 1354 2821 amicitia
1391 2767 1584 2824 fretus.
1622 2772 1776 2828 Hunc
1803 2777 1991 2849 Egel-

393 2865 572 2922 winus
601 2858 822 2931 quidam
865 2855 934 2910 de
973 2853 1370 2925 potentioribus
1416 2859 1570 2928 regni
1607 2859 1837 2918 ducibus
1867 2881 1990 2921 mo-

392 2954 544 3009 desto
573 2949 812 3012 incessu,
844 2942 1081 2999 demisso
1107 2942 1252 2999 vultu
1283 2942 1461 2999 fumus
1481 2956 1798 3017 sequentem
1831 2961 1990 3024 atque

387 3040 719 3114 psallentem
766 3031 1064 3099 attendens,
1123 3032 1182 3086 in
1235 3032 1529 3088 amicitiam
1572 3036 1715 3092 illius
1772 3047 1991 3099 evectus

387 3138 486 3186 est.
517 3124 762 3182 Antehac
789 3121 934 3177 enim
967 3121 1162 3176 auditis
1193 3121 1380 3192 probis
1420 3139 1483 3179 ac
1520 3129 1823 3184 mansuetis
1853 3148 1980 3188 mo-

384 3219 532 3274 ribus
587 3216 724 3285 ejus,
784 3227 921 3284 quos
972 3210 1234 3282 magistra
1275 3211 1468 3267 virtute
1525 3226 1866 3286 comparatos
1920 3222 1976 3277 in

382 3307 593 3374 duerat,
623 3302 808 3375 magni
841 3317 962 3357 eum
995 3316 1095 3370 pre
1126 3317 1183 3356 se
1207 3301 1527 3370 jamdudum
1555 3305 1806 3377 habebat,
1837 3318 1890 3365 et
1920 3311 1975 3366 in

383 3399 485 3453 hoc
532 3394 775 3450 animum
803 3397 1203 3460 composuerat,
1245 3398 1303 3444 ut
1329 3391 1372 3445 si
1401 3408 1507 3461 qua
1541 3393 1597 3447 in
1641 3413 1700 3451 re
1729 3397 1976 3455 voluntat

378 3486 498 3556 ejus
522 3482 744 3552 obsequi
777 3486 980 3550 posset,
1025 3478 1200 3533 libens
1238 3479 1292 3532 id
1335 3489 1538 3552 ageret.
1571 3482 1743 3551 Quam
1774 3488 1973 3544 volun-

379 3581 543 3630 tatem
585 3572 704 3640 ejus
751 3567 1075 3640 quibusdam
1112 3566 1330 3622 indiciis
1377 3568 1460 3623 vir
1494 3571 1593 3626 Dei
1641 3572 1969 3647 intelligens,

374 3662 515 3717 inter
557 3659 666 3714 alia
694 3673 812 3727 quae
831 3672 953 3711 cum
984 3671 1048 3710 eo
1093 3654 1161 3709 de
1192 3671 1319 3710 vera
1348 3657 1446 3711 Dei
1475 3673 1538 3713 ac
1568 3662 1802 3730 proximi
1831 3665 1970 3721 dile-

377 3749 555 3804 ctione
603 3747 810 3801 locutus
842 3751 924 3798 est
955 3760 967 3805 ;
998 3742 1227 3798 innotuit
1266 3743 1340 3799 illi
1373 3761 1432 3800 se
1478 3749 1741 3817 quosdam
1781 3768 1971 3809 mona-

374 3837 511 3894 chos
557 3836 612 3889 in
659 3833 970 3905 episcopatu
1025 3848 1121 3886 suo
1169 3832 1420 3903 religiose
1476 3835 1716 3894 viventes
1745 3840 1963 3915 habere,

375 3927 477 3982 sed
515 3925 695 3980 locum
734 3921 788 3976 in
839 3937 943 3992 quo
988 3919 1264 3993 degebant
1307 3922 1520 3979 illorum
1565 3933 1963 3989 conversationi

371 4011 556 4067 nimim
584 4006 960 4065 strictitudinis
994 4023 1134 4075 esse,
1165 4010 1466 4080 prmsertim
1496 4027 1616 4068 cum
1647 4031 1785 4086 pene
1823 4035 1964 4089 quo-

370 4099 501 4154 tidie
547 4099 604 4154 in
648 4113 935 4153 numerum
979 4111 1165 4152 eorum
1215 4098 1434 4167 quidam
1481 4113 1778 4173 currerent,
1831 4125 1966 4178 quos

2109 1796 2348 1863 aestimo,
2368 1811 2674 1868 congruas,
2699 1800 2762 1854 in
2775 1816 2878 1872 quo
2895 1805 3071 1858 etiam
3096 1810 3211 1862 tres
3245 1811 3354 1865 viri
3373 1829 3531 1870 nunc
3552 1832 3722 1874 man-

2105 1887 2294 1942 sitant
2310 1891 2526 1942 sancta:
2545 1888 2834 1958 religionis
2849 1906 3038 1947 amore
3051 1896 3537 1966 ferventes,etsub
3553 1907 3721 1978 Regu-

2107 1976 2160 2031 la
2175 1976 2323 2032 beati
2342 1975 2640 2032 Benedicti
2654 1977 2824 2033 vitam
2843 1979 3128 2050 ducere,si
3141 1985 3428 2045 doctorem
3445 1975 3722 2052 haberent

2100 2081 2439 2137 magnopere
2481 2067 2806 2136 gestientes.
2860 2070 3018 2127 Hunc
3052 2073 3254 2144 locum,
3286 2078 3337 2133 si
3369 2080 3480 2136 tibi
3502 2084 3713 2155 placet,

2101 2169 2164 2209 ea
2175 2171 2298 2209 mus
2314 2155 2593 2226 inspicere
2611 2175 2633 2218 ,-
2649 2160 2706 2211 et
2717 2156 2770 2211 si
2785 2157 2934 2214 visus
2945 2163 3128 2230 fuerit
3141 2169 3228 2220 rei
3243 2166 3309 2221 de
3336 2185 3447 2238 qua
3471 2173 3719 2244 loqueris

2101 2246 2269 2313 aptus
2283 2245 2552 2310 existere,
2571 2245 2694 2301 dem
2703 2261 2766 2301 us
2782 2261 3030 2317 Operam,
3047 2254 3190 2309 utin
3206 2269 3372 2326 opere
3383 2260 3483 2316 Dei
3496 2250 3715 2321 ccelesti

2100 2333 2204 2401 ﬁat
2236 2332 2588 2389 habitatione
2627 2337 2961 2406 prwclarus.

2173 2423 2307 2477 Haec
2335 2421 2417 2476 vir
2446 2422 2670 2476 Domini
2693 2423 2830 2479 mira
2858 2426 3034 2480 cordis
3053 2427 3330 2487 alacritate
3348 2433 3713 2512 amplectens,

2101 2526 2164 2565 ac
2191 2509 2390 2565 deinde
2423 2510 2715 2566 comitatus
2747 2512 2866 2583 ipso
2898 2513 3036 2570 duce
3069 2517 3140 2571 ad
3170 2517 3346 2574 locum
3380 2539 3552 2596 usque
3581 2509 3716 2595 per;

2102 2599 2351 2666 veniens,
2395 2599 2484 2653 ubi
2517 2600 2750 2656 advertit
2795 2618 2917 2657 eum
2951 2604 3273 2663 habitationi
3318 2616 3715 2671 monachorum

2101 2688 2539 2757 accommodum,
2567 2689 2770 2762 gratias
2814 2692 2948 2758 Deo,
2982 2694 3192 2764 gratias
3236 2714 3451 2770 quoque
3480 2703 3594 2775 egit
3624 2721 3715 2762 ve-

2101 2777 2327 2832 nerabili
2373 2777 2490 2833 viro
2539 2780 2628 2850 qui
2659 2779 2810 2834 illum
2862 2783 3119 2851 perduxit
3165 2801 3252 2842 eo.
3287 2789 3491 2844 Institit
3527 2791 3713 2865 itaque

2100 2867 2282 2938 cupito
2329 2866 2481 2939 operi
2514 2867 2671 2924 citius
2716 2869 2996 2941 imponere
3043 2889 3258 2945 manus,
3301 2894 3499 2934 verens
3529 2897 3616 2947 ne,
3649 2899 3710 2939 se

2098 2957 2298 3013 bonum
2353 2958 2696 3028 propositum
2754 2959 3080 3031 diﬂ'erretur,
3123 2964 3301 3035 aliqua
3356 2973 3704 3039 postmodum

2021 3070 2066 3136 C
2096 3047 2319 3120 maligni
2350 3047 2521 3102 hostis
2553 3049 2787 3104 versutia
2831 3051 3223 3122 praepediretur
3257 3070 3270 3126 ;
3304 3058 3450 3128 quod
3481 3067 3535 3116 et
3584 3061 3702 3118 viro

2099 3137 2432 3192 consulendo
2478 3138 2772 3210 suggessit,
2823 3154 2887 3195 ac
2935 3149 2992 3195 ut
3037 3157 3197 3213 opem
3235 3161 3335 3200 sua
3365 3147 3702 3220 ingenuitate

2099 3227 2249 3296 operi
2280 3226 2442 3282 ferret
2461 3228 2732 3284 studiosus
2762 3229 3062 3288 admonuit.
3106 3231 3249 3302 Quid
3281 3235 3438 3306 plura
3460 3239 3488 3290 εἰ
3519 3240 3703 3296 Credit

2092 3315 2341 3382 consilio,
2391 3316 2685 3386 acquiescit
2723 3317 3097 3390 admonitioni,
3149 3323 3526 3382 conducuntur
3554 3343 3696 3398 ope-

2086 3404 2238 3472 rarii,
2269 3404 2499 3460 instatur
2527 3406 2700 3475 Operi,
2749 3407 3044 3475 laboratur,
3099 3419 3152 3466 et
3179 3411 3380 3468 fretum
3426 3423 3535 3470 tam
3566 3419 3703 3474 mul-

2087 3494 2365 3564 tiplicibus
2404 3510 2584 3550 rerum
2641 3495 2901 3566 impensis
2941 3499 3265 3555 sanctissimi
3307 3503 3481 3560 Patris
3529 3523 3694 3578 quam

2087 3590 2140 3638 et
2196 3582 2315 3654 ejus
2379 3582 2778 3638 instantissimis
2835 3587 3169 3644 orationibus
3225 3591 3358 3647 mira
3420 3593 3697 3656 celeritate

2083 3680 2248 3742 topus
2296 3669 2586 3742 perﬁcitur.
2634 3673 2758 3728 Post
2787 3673 2903 3730 dies
2937 3676 3041 3731 sub
3089 3677 3359 3737 immensa
3387 3683 3698 3754 frequentia

2084 3761 2293 3833 populi,
2319 3760 2543 3815 divitum
2573 3761 2777 3817 scilicet
2806 3763 3140 3822 mediocrum
3172 3769 3452 3842 minusque
3484 3774 3694 3832 haben-

2082 3849 2195 3904 ium
2227 3849 2464 3920 perfecta
2491 3849 2725 3906 ecclesia
2767 3853 2869 3907 sub
2899 3857 3198 3924 patrocinio
3234 3859 3380 3916 beati
3412 3862 3693 3922 Benedicti

2080 3939 2194 3994 Deo
2222 3938 2536 3994 selemniter
2567 3940 2865 4010 dedicatur,
2899 3949 2951 3998 et
2995 3944 3063 4000 de
3090 3949 3376 4005 monachis
3408 3951 3501 4023 qui
3533 3955 3687 4024 apud

2075 4028 2446 4083 Westberiam
2495 4029 2864 4100 morabantur,
2895 4032 3040 4088 idem
3087 4033 3242 4092 locus
3280 4037 3601 4110 instituitur,
3634 4051 3692 4099 et

2077 4113 2132 4170 in
2179 4115 2331 4171 brevi
2374 4116 2466 4171 alii
2519 4124 2573 4172 et
2609 4118 2702 4172 alii
2742 4118 2871 4175 illuc
2921 4121 3274 4194 colliguntur,
3327 4127 3396 4182 ad
3444 4145 3688 4201 quorum

367 4203 432 4243 eo
450 4187 595 4260 quod
613 4187 904 4242 Dominum
937 4185 1249 4256 quaerebant
1273 4188 1616 4259 repellendos
1635 4193 1781 4250 nullo
1803 4198 1967 4254 modo
2074 4203 2276 4260 victum
2334 4209 2500 4274 atque
2546 4207 2800 4263 vestitum
2831 4223 2930 4265 nec
2987 4185 3096 4266 non
3124 4213 3194 4267 ad
3231 4185 3336 4271 Dei
3397 4185 3684 4276 servitium

361 4274 660 4346 judicabat.
693 4277 761 4331 Et
785 4274 1068 4344 subjunxit
1097 4276 1238 4330 velle
1258 4277 1456 4346 igitur,
1485 4280 1536 4334 si
1565 4283 1831 4351 religioni
1853 4289 1966 4343 tua:
2074 4293 2462 4350 celebrandum
2509 4295 2756 4365 plurimas
2810 4305 3074 4355 terrarum
3111 4274 3513 4376 possessiones,
3551 4274 3684 4379 plu;

363 4367 666 4423 molestum
699 4365 939 4432 nonest,
986 4368 1284 4434 quatenus,
1321 4368 1372 4420 si
1391 4367 1636 4438 aliquem
1656 4372 1839 4429 locum
1859 4375 1959 4432 sub
1995 4446 2039 4454 _
2077 4382 2228 4438 rimae
2289 4383 2633 4439 diversorum
2691 4396 3133 4445 ornamentorum
3190 4391 3512 4451 donationes
3559 4395 3687 4454 loco

363 4459 464 4512 tua
481 4452 1293 4510 dominationemonachorum
1309 4453 1648 4513 habitationi
1665 4477 1969 4522 accommo—
1995 4446 2047 4508 D
2077 4470 2258 4526 eidem
2287 4471 2354 4526 ab
2382 4479 2610 4542 utroque
2635 4473 2845 4531 collatae
2891 4486 3036 4532 sunt.
3074 4479 3235 4536 Facta
3267 4490 3350 4536 est
3378 4483 3545 4555 igitur
3573 4485 3684 4542 de-

361 4543 495 4599 dum
516 4542 704 4610 habes,
735 4557 864 4598 eum
893 4546 996 4598 aut
1016 4542 1190 4598 solius
1217 4543 1427 4645 animae
1463 4548 1576 4601 tuae
1593 4548 1826 4607 obtentu
1855 4558 1960 4610 aut
2072 4575 2200 4616 cens
2231 4567 2283 4615 et
2315 4560 2512 4616 habilis
2557 4565 2945 4620 monachorum
2976 4567 3264 4626 habitatio.
3304 4542 3441 4629 Hinc
3471 4590 3683 4646 praepo-

355 4631 1960 4709 alicujusmunerisinterventumihiconcedas,quatenus
2067 4648 2170 4704 sito
2219 4648 2472 4704 adunatis
2520 4650 2780 4708 fratribus
2815 4654 3120 4724 Eadnotho,
3167 4657 3327 4728 cujus
3357 4631 3525 4732 supra
3552 4631 3676 4718 nie-

355 4721 499 4776 inibi
518 4719 932 4777 monasterium
945 4722 1365 4790 construam,et
1375 4739 1478 4795 per
1491 4732 1828 4787 memoratos
1837 4733 1956 4802 fra-
2065 4737 2340 4808 minimus,
2375 4739 2490 4794 viro
2507 4739 2756 4811 prudenti
2787 4750 2839 4798 et
2859 4743 3137 4816 religioso,
3173 4747 3264 4817 qui
3293 4755 3350 4804 et
3375 4748 3675 4809 Lincolniaa

360 4813 476 4864 tres
499 4807 912 4865 monachorum
949 4812 1438 4868 conversationem
1476 4814 1542 4870 de
1571 4821 1804 4874 auctore
1833 4822 1956 4879 illic
2065 4807 2331 4883 Ecclesiae
2351 4807 2537 4897 postea
2554 4830 2804 4899 pontifex
2833 4831 2954 4899 fuit,
2978 4833 3097 4905 ipse
3127 4835 3454 4908 Wigornam
3487 4855 3672 4897 rever-

357 4898 728 4954 constituam.
757 4897 1020 4967 Magnum
1041 4901 1196 4954 enim
1225 4901 1495 4971 quiddam
1525 4909 1760 4963 astante
1777 4909 1954 4968 Deum
2062 4915 2208 4984 titur,
2259 4923 2313 4971 et
2359 4916 2496 4972 inter
2535 4897 2659 4974 suas
2705 4935 2833 4976 oves
2871 4922 2949 4976 eis
2979 4897 3032 4979 et
3070 4923 3172 4979 sibi
3221 4897 3677 4997 superintendens

360 4984 1700 5053 vitamonachi,etimitandumomniChristiano
1713 4996 1950 5057 homini.
2062 5005 2238 5060 bonus
2261 5013 2450 5076 pastor
2476 5017 2846 5065 conversatur.

361 5075 688 5144 Quicunque
724 5074 877 5128 enim
904 5075 966 5129 in
996 5074 1111 5168 hac
1144 5077 1263 5132 vita
1298 5078 1373 5134 ad
1408 5081 1584 5137 vitam
1625 5087 1855 5144 tendere
1893 5095 1952 5146 et
2133 5096 2240 5152 Per
2263 5074 2323 5150 id
2354 5097 2610 5168 temporis
2656 5115 2723 5154 ex
2753 5100 3035 5158 sanctione
3063 5112 3116 5160 et
3161 5106 3479 5164 auctoritate
3508 5109 3671 5166 Joan-

351 5165 554 5219 mortis
571 5163 803 5234 laqueos
815 5163 971 5235 cupit
987 5162 1517 5238 devitare,profecto
1536 5171 1600 5226 id
1611 5176 1770 5232 nullo
1783 5183 1950 5249 pacto

350 5252 999 5325 efﬁcereprcevaletmisi
1013 5253 1126 5308 vita
1143 5269 1245 5310 sua
1259 5257 1389 5311 vitae
1401 5261 1806 5322 monachorum
1819 5285 1952 5340 qua-

349 5343 485 5399 dam
497 5341 922 5415 dispensatione
941 5341 1257 5399 concordet.
1272 5345 1389 5402 Vita
1405 5364 1647 5422 namque
1662 5356 1946 5428 monachi,

349 5449 471 5504 quae
501 5447 630 5489 vere
649 5431 771 5496 vita
790 5430 1054 5487 monachi
1067 5435 1172 5499 est,
1190 5439 1400 5493 cuncta
1430 5437 1689 5498 admittit
1703 5461 1828 5516 quae
1855 5447 1949 5506 do-

351 5524 462 5578 cet.
516 5521 798 5593 Per/ectio
843 5520 1171 5578 Christiana
1203 5528 1415 5582 cuncta
1454 5527 1719 5600 dimittit,
1759 5552 1883 5606 qua:
1910 5554 1947 5594 α

2060 5183 2146 5240 nis
2199 5186 2515 5256 apostolica:
2573 5187 2718 5244 sedis
2774 5190 3034 5248 antistitis
3115 5193 3304 5251 beatus
3360 5196 3675 5256 Dunstanus

2060 5273 2504 5347 archiepiscopus
2521 5277 2826 5335 Cantuariae
2859 5288 2912 5335 et
2939 5281 3141 5352 primas
3172 5283 3336 5341 totius
3360 5285 3672 5357 Britanniae,

2058 5362 2213 5434 cujus
2253 5364 2420 5434 paulo
2476 5367 2731 5438 superius
2777 5370 3113 5433 mentionem
3167 5371 3416 5446 fecimus,
3479 5387 3673 5435 coacto

2057 5451 2299 5524 generali
2330 5455 2561 5511 concilio
2583 5457 2787 5529 statuit,
2828 5466 2882 5515 et
2910 5461 3194 5518 statuendo
3222 5461 3501 5521 decretum
3531 5482 3670 5525 con-

2057 5539 2304 5602 ﬁrmavit
2361 5542 2616 5602 videlicet
2684 5555 2740 5603 ut
2799 5549 3044 5608 canonici
3097 5566 3310 5624 omnes,
3367 5556 3668 5628 presbyteri
