4032 6078
257 250 366 311 7’13

1580 247 1739 307 VIT’A
1779 252 1836 307 S.
1877 249 2208 309 OSWALDI
2221 294 2234 307 .

3456 271 3562 326 77‘

262 391 472 444 omnes,
507 375 723 432 diaconi
753 382 809 432 et
833 374 1146 431 subdiaconi
1180 390 1370 431 omnes
1398 378 1492 429 aut
1527 382 1673 430 caste
1699 373 1855 430 vive—
1887 375 1940 435 Α
1970 381 2081 429 tuta
2109 375 2450 432 honorabilis
2477 379 2807 437 habebatur.
2846 383 3055 441 Pralati
3085 404 3302 461 quoque
3339 398 3392 447 et
3447 394 3565 450 istis

265 472 402 535 rent,
433 472 523 518 aut
554 463 826 520 Ecclesias
869 479 1002 534 quas
1031 462 1284 519 tenebant
1328 479 1435 518 una
1459 478 1580 518 cum
1610 461 1772 518 rebus
1793 461 1862 516 ad

267 569 363 609 eas
389 553 778 624 pertinentibus
807 552 1110 623 perderent.
1165 552 1408 607 Habebat
1438 558 1618 607 autem
1672 566 1862 621 regem

268 644 545 716 Edgarum
579 643 630 696 in
658 643 762 698 hoc
791 642 1012 714 negotio
1043 640 1257 697 fidelem
1293 643 1579 707 fautorem,
1613 647 1862 696 constan-

265 741 371 788 tem
421 731 743 802 adjutorem,
775 729 985 784 firmum
1019 729 1380 785 defensorem.
1431 729 1536 797 Qui
1567 745 1665 784 rex
1695 728 1863 798 ipsius

265 821 442 878 Patris
497 819 722 888 consilio
793 827 968 883 utens,
1027 835 1213 874 curam
1272 817 1604 891 exsequendi
1661 818 1864 874 decreti

266 911 424 979 hujus
474 924 637 980 super
678 916 848 962 totum
873 923 1102 979 regnum
1152 907 1371 962 duobus
1427 907 1556 962 viris
1611 907 1864 978 injunxit,

267 997 525 1055 Oswaldo
555 995 1044 1066 scilicetepiscopo
1061 996 1415 1068 Wigornensi
1437 1003 1488 1050 et
1517 996 1865 1052 Athelwoldo

267 1086 672 1142 Wintoniensi.
705 1083 867 1153 Quod
896 1083 974 1138 illi
1001 1085 1120 1139 zelo
1151 1084 1344 1139 domus
1374 1084 1473 1140 Dei
1513 1085 1780 1151 succensi,
1813 1092 1867 1140 et

267 1175 569 1232 divinitatis
599 1188 786 1228 amore
817 1172 1052 1241 subnixi,
1102 1182 1156 1228 et
1185 1173 1402 1243 insuper
1447 1173 1708 1244 praedicta
1763 1191 1864 1230 au-

267 1266 518 1323 ctoritate
565 1261 776 1330 muniti,
828 1261 1195 1317 strenuissime
1225 1270 1345 1318 sunt
1375 1262 1637 1318 exsecuti.
1703 1265 1864 1333 Nam,

267 1362 326 1411 ut
356 1353 423 1408 de
449 1351 574 1407 aliis
604 1359 837 1418 taceam,
871 1351 1068 1406 beatus
1098 1351 1391 1406 Oswaldus
1434 1360 1638 1422 septem
1670 1369 1865 1408 mona-

268 1443 438 1498 steria
468 1442 524 1498 in
545 1457 648 1495 sua
679 1439 902 1495 dioecesi
924 1439 1162 1512 regulari
1211 1441 1515 1511 disciplina,
1546 1441 1734 1510 ejectis
1761 1442 1866 1496 cle-

267 1530 396 1587 ricis
423 1529 749 1584 feminarum
781 1527 1111 1584 consortium
1162 1528 1426 1584 Ecclesiis
1484 1530 1866 1600 anteponenti—

268 1621 395 1686 bus,
448 1618 694 1686 instituit,
756 1617 1013 1689 delegato
1044 1617 1122 1672 eis
1149 1633 1316 1687 super
1345 1633 1405 1672 ea
1436 1634 1555 1687 qua
1611 1618 1866 1674 Ecclesia

1970 479 2067 535 per
2095 480 2216 520 eum
2246 475 2369 522 sunt
2400 467 2598 541 singuli
2656 471 2858 541 Patres,
2882 474 3129 531 Elfricus
3156 479 3378 547 scilicet,
3401 498 3561 551 quem

1971 551 2215 609 Ecclesia
2245 555 2646 614 Cantuariensis
2681 569 2948 630 pastorem
2981 568 3329 635 postmodum
3351 569 3560 641 habuit,

1971 639 2282 711 Albanensi,
2315 645 2679 702 Brithtnothus
2695 650 2953 717 Heliensi,
2979 639 3562 728 BeamﬂytcnsiGode;

1973 746 2219 786 mannus.
2253 734 2573 789 Caenobium
2605 753 2732 793 vero
2763 739 3129 812 Ramesiense,
3181 755 3238 800 ut
3260 748 3563 821 descripsi-

1975 835 2109 887 mus,
2172 821 2290 890 ejus
2347 821 2603 880 instinctu
2649 835 2702 880 et
2762 830 3076 899 operatione
3117 849 3149 888 a
3203 834 3568 896 fundamentis

1973 906 2300 963 aedificatum
2333 915 2440 965 est.
2493 915 2665 969 Aucta
2703 924 2782 970 est
2819 932 2950 990 ergo
2981 937 3078 989 per
3103 924 3353 995 Angliam
3376 928 3569 985 obser-

1974 996 2158 1051 vantia
2197 997 2497 1069 disciplina
2541 1003 2802 1074 regularis
2859 1006 2913 1061 in
2943 1015 3145 1065 tantum
3205 1020 3260 1067 ut
3323 1017 3568 1085 quadra-

1975 1083 2126 1156 ginta
2155 1089 2278 1141 octo
2310 1091 2632 1145 monasteria
2689 1093 2881 1163 partim
2934 1096 3080 1166 viris,
3114 1101 3306 1170 partim
3339 1083 3571 1161 ieminis

1976 1172 2349 1230 stabilirentur
2393 1193 2494 1248 per
2551 1179 2651 1234 hos
2707 1181 2875 1248 viros,
2927 1185 3264 1244 Dunstanum
3324 1193 3572 1250 videlicet

1977 1261 2441 1335 archiepiscopum
2501 1267 2966 1340 Cantuariensem,
3000 1274 3321 1334 Oswaldum
3351 1282 3571 1351 pontiﬁ-

1976 1367 2094 1406 cem
2151 1353 2599 1427 Wigornensem,
2659 1369 2711 1414 et
2780 1360 3182 1421 Atbelwoldum
3259 1369 3573 1443 episcopum

1974 1440 2430 1497 Wintoniensem.

2049 1529 2118 1583 lis
2146 1537 2322 1586 autem
2381 1550 2502 1604 qua
2528 1535 2718 1592 beatus
2747 1538 3039 1596 Oswaldus
3060 1543 3445 1620 adiﬁcaverat,
3507 1551 3579 1609 de

1977 1617 2099 1673 aliis
2125 1620 2270 1674 enim
2319 1622 2554 1680 scribere
2577 1641 2607 1679 a
2626 1629 2904 1699 proposito
2935 1640 3119 1688 nostro
3143 1617 3437 1692 remotum,
3477 1649 3578 1711 est,

268 1709 417 1781 prius
441 1706 716 1762 habebant
748 1713 896 1760 tanto
927 1721 994 1760 ex
1025 1704 1395 1761 muniﬁcentia
1427 1706 1577 1779 regis
1626 1714 1678 1762 et
1733 1707 1867 1762 alio-
1895 1731 1950 1792 Β
1979 1705 2096 1776 ipse
2126 1724 2327 1799 magna
2356 1727 2570 1784 semper
2600 1731 2728 1771 cura
2758 1725 2811 1772 et
2840 1719 3205 1779 sollicitudine
3235 1704 3576 1799 invigilabat,

268 1813 393 1854 rum
421 1795 727 1866 principum
775 1793 930 1866 regni
960 1793 1202 1850 subsidio
1230 1810 1428 1862 rerum,
1461 1802 1519 1849 ut
1546 1795 1868 1851 cohabitan-

272 1886 414 1942 tibus
442 1883 708 1940 sufﬁceret
737 1882 806 1938 ad
826 1883 1026 1938 victum
1077 1891 1238 1953 atque
1289 1883 1559 1938 vestitum.
1616 1885 1870 1939 Wincel-

271 1973 552 2031 cumbensi
609 1987 740 2027 vero
771 1973 1120 2038 monasterio,
1181 1972 1326 2042 quod
1357 1972 1426 2028 de
1456 1980 1666 2042 septem
1704 1989 1870 2027 unum

271 2071 405 2132 erat,
439 2077 606 2134 supra
634 2067 992 2116 memoratum
1029 2061 1362 2115 Germanum
1384 2061 1498 2131 (24)
1528 2060 1580 2114 in
1611 2061 1869 2116 abbatem

269 2151 565 2219 ordinavit,
593 2157 646 2205 et
673 2149 797 2205 aliis
824 2149 1052 2221 singulis
1075 2149 1319 2222 singulos
1366 2149 1423 2203 in
1444 2150 1712 2222 religione
1748 2166 1871 2220 pro-

270 2242 428 2298 batos
473 2238 696 2294 abbates
741 2237 1165 2309 praposuit.De
1194 2237 1392 2309 quibus
1451 2237 1693 2309 quidam,
1753 2238 1871 2293 Fol-

271 2331 502 2386 berhtus
530 2327 767 2392 nomine,
799 2326 1145 2382 Perscorensi
1180 2327 1453 2394 Ecclesia,
1487 2343 1610 2398 qua
1648 2343 1756 2381 una
1801 2328 1870 2383 de

271 2425 484 2490 septem
533 2415 767 2472 abbatiis
821 2424 919 2482 est,
979 2415 1034 2469 in
1064 2414 1318 2469 abbatem
1367 2416 1619 2486 pralatus
1658 2424 1756 2485 est,
1790 2417 1874 2471 vir

271 2507 516 2564 moribus
545 2505 726 2577 gravis
766 2512 817 2559 et
850 2503 1287 2559 ferventissimus
1318 2503 1493 2559 cultor
1535 2505 1871 2561 monachica

271 2594 643 2663 institutionis,
667 2593 762 2648 sed
793 2592 846 2646 in
878 2591 1142 2660 subditos,
1177 2593 1321 2662 quod
1351 2592 1511 2649 valde
1529 2593 1582 2647 in
1614 2609 1871 2666 eorepre-

269 2683 636 2751 hendebatur,
686 2681 868 2736 nimia
899 2688 951 2735 et
980 2680 1282 2736 indiscreta
1313 2682 1638 2738 severitatis.
1697 2685 1750 2738 Is
1803 2684 1870 2739 ad

270 2783 512 2832 extrema
535 2771 851 2844 perductus,
887 2777 942 2825 et
971 2769 1098 2825 huic
1128 2769 1254 2825 vita
1285 2771 1604 2839 subductus,
1636 2779 1796 2844 atque
1817 2773 1873 2827 in

278 2865 476 2920 feretro
522 2868 858 2916 mortuorum
905 2874 1056 2914 more
1103 2859 1327 2928 locatus,
1377 2868 1600 2932 recepto
1657 2861 1871 2932 spiritu,

269 2949 668 3022 trepidantibus
718 2948 923 3004 cunctis
979 2947 1149 3003 erexit
1201 2963 1286 3004 se.
1320 2948 1488 3020 Igitur
1535 2949 1872 3021 fugientibus

269 3041 413 3109 aliis,
445 3039 705 3110 prafatus
735 3037 1040 3092 Germanus
1064 3036 1292 3092 accessit
1340 3037 1625 3093 sciscitans
1652 3055 1757 3108 quo
1782 3039 1869 3094 vel

267 3147 300 3186 a
330 3145 437 3200 quo
467 3129 660 3183 ductus
690 3126 778 3194 sit,
831 3126 959 3197 quid
1008 3125 1220 3191 viderit,
1255 3125 1383 3196 quid
1426 3127 1507 3180 illi
1559 3127 1869 3199 contigerit,

273 3226 328 3275 et
355 3217 426 3274 ob
457 3215 585 3287 quid
614 3231 864 3271 reversus
895 3214 982 3270 sit.
1007 3217 1075 3268 At
1102 3214 1193 3268 ille
1222 3230 1279 3268 se
1311 3230 1344 3269 a
1372 3215 1532 3270 beato
1580 3217 1871 3272 Benedicto

271 3307 328 3362 in
375 3305 640 3362 visionem
697 3302 797 3358 Dei
842 3303 1160 3372 perductum
1209 3302 1398 3368 fuisse,
1460 3312 1513 3358 et
1568 3304 1746 3359 Deum
1776 3321 1874 3360 sua

271 3401 496 3468 peccata
515 3391 719 3448 meritis
739 3390 1012 3446 dilectoris
1041 3391 1124 3445 sui
1149 3389 1392 3446 Oswaldi
1424 3391 1527 3446 sibi
1560 3391 1868 3464 indulsisse,

273 3492 436 3554 atque
464 3482 532 3536 ad
580 3480 937 3536 intimandam
992 3479 1332 3536 sanctitatem
1381 3480 1552 3549 ipsius
1602 3481 1772 3536 Patris
1817 3498 1875 3537 se

271 3571 534 3629 revixisse
593 3569 897 3641 respondit.
948 3569 1172 3636 Rursus,
1236 3584 1488 3638 quaenam
1544 3569 1735 3639 forma,
1787 3587 1878 3644 qui

268 3661 508 3728 habitus,
571 3659 662 3729 qui
716 3658 887 3713 Patris
917 3656 1198 3712 Benedicti
1251 3657 1537 3712 comitatus
1593 3660 1873 3726 exstiterit,

267 3756 669 3822 percunctatus,
718 3746 958 3802 habitum
1015 3762 1357 3818 gemmarum
1387 3747 1559 3803 nitore
1590 3750 1876 3822 praiulgi-

269 3839 422 3906 dum,
456 3837 684 3893 formam
743 3837 866 3904 ejus
921 3835 1063 3890 ultra
1119 3837 1410 3890 humanam
1459 3837 1874 3894 astimationem

269 3927 547 3995 decoram,
603 3925 922 3980 comitatum
952 3924 1250 3980 innumeris
1279 3925 1689 3981 candidatorum
1707 3927 1878 3983 milli-

268 4017 374 4072 bus
404 4014 796 4070 monachorum
834 4020 886 4068 et
915 4011 1445 4084 speciosissimarum
1488 4015 1878 4072 sanctimonia-

267 4104 402 4160 lium
432 4101 720 4174 respondit
749 4118 867 4157 esse
888 4102 1267 4172 compositum.
1291 4101 1411 4172 Quo
1442 4103 1587 4158 dicto
1602 4105 1877 4190 conticuit,

269 4201 324 4249 et
352 4200 575 4262 accepto
605 4190 803 4249 viatico
843 4189 1113 4246 Dominici
1142 4191 1392 4261 corporis
1419 4190 1704 4246 dimidium
1736 4189 1879 4248 diem

272 4279 593 4353 supervixit.
630 4281 819 4351 Itaque
842 4277 1011 4336 vitam
1036 4278 1190 4363 obitu,
1212 4279 1405 4335 iterato
1438 4279 1633 4336 finivit.

347 4373 469 4425 Post
498 4371 612 4424 hac
642 4369 698 4422 in
728 4367 853 4422 aliis
884 4367 1096 4439 Anglia
1133 4368 1376 4438 partibus
1432 4368 1502 4423 ad
1559 4371 1873 4440 parochiam

1979 1812 2048 1851 ne
2095 1797 2368 1867 diabolus,
2430 1802 2518 1871 qui
2567 1803 2702 1859 sicut
2723 1806 2809 1861 leo
2840 1808 3084 1865 circumit
3113 1797 3377 1885 quarens?
3419 1797 3579 1888 quem

1978 1885 2197 1940 devoret
2229 1887 2284 1956 (Ι
2311 1891 2463 1946 Patr.
2502 1906 2553 1960 v,
2588 1894 2660 1962 8),
2693 1894 2860 1949 ullum
2908 1897 3128 1954 fratrem
3160 1918 3190 1955 a
3221 1885 3580 1973 professionis

1978 1989 2092 2028 sua
2137 1991 2329 2030 norma
2385 1979 2687 2036 deviantem
2736 1983 3006 2042 inveniret
3062 2005 3222 2058 quem
3274 1992 3580 2052 devoraret.

1980 2062 2136 2152 Unde
2166 2071 2220 2118 et
2245 2066 2436 2121 eadem
2468 2072 2790 2126 monasteria
2820 2073 3120 2144 circumire,
3155 2094 3218 2134 ac
3249 2080 3302 2134 in
3333 2081 3578 2154 singulis,

1979 2160 2387 2222 proutnoverat
2419 2159 2700 2228 expedire,
2742 2164 2946 2216 morari
2978 2177 3354 2237 consueverat,
3413 2172 3581 2228 verbo

1981 2240 2142 2294 simul
2177 2250 2227 2296 et
2258 2258 2423 2312 opere
2454 2245 2731 2317 fratribus,
2765 2267 2886 2319 qua
2916 2252 3077 2307 saluti
3134 2256 3394 2329 cujusque
3424 2259 3582 2316 utilia

1980 2327 2097 2384 fore
2155 2330 2439 2389 advertere
2510 2344 2738 2406 poterat,
2785 2347 3014 2408 paterno
3069 2342 3263 2399 affectu
3308 2327 3578 2404 submini-

1978 2424 2177 2472 strans.
2211 2420 2388 2491 Super
2433 2423 2554 2479 hac
2583 2427 2860 2482 nonnullis
2899 2429 3180 2502 Ecclesiis,
3211 2434 3411 2505 quibus
3460 2438 3579 2510 ipse

1980 2521 2087 2561 non
2143 2524 2208 2564 eo
2265 2527 2371 2580 quo
2402 2513 2770 2582 superioribus
2800 2517 2963 2574 modo
2992 2519 3327 2592 intendebat,
3367 2533 3471 2580 tam
3503 2527 3581 2582 di-

1978 2596 2222 2665 sciplina
2252 2600 2521 2670 regularis
2551 2619 2715 2674 quam
2744 2613 2796 2660 et
2816 2610 3191 2678 grammatica
3233 2611 3573 2670 liberalium-

1980 2696 2083 2750 que
2126 2682 2319 2737 artium
2365 2687 2649 2757 magistros
2679 2691 2981 2759 postulatus
3011 2693 3299 2767 dirigebat,
3362 2699 3450 2768 qui
3480 2709 3579 2756 aut

1979 2769 2035 2822 in
2083 2769 2258 2826 Gallis
2300 2774 2444 2830 docti
2504 2791 2570 2832 ac
2628 2793 2724 2848 per
2771 2794 2892 2834 eum
2921 2781 2974 2835 in
3005 2783 3256 2854 Angliam
3284 2785 3450 2853 ducti,
3484 2797 3579 2845 aut

1979 2866 2125 2915 certe
2157 2876 2256 2916 sua
2277 2865 2575 2934 sagacitate
2606 2866 2662 2919 in
2719 2869 3060 2925 monasteriis
3115 2873 3195 2927 sui
3239 2873 3450 2944 imbuti,
3483 2894 3577 2934 sa-

1978 2949 2189 3019 pientes
2241 2960 2293 3006 et
2314 2953 2566 3021 praclari
2598 2955 2954 3013 habebantur.
2988 2961 3134 3015 Inter
3193 2979 3328 3034 quos
3351 2965 3577 3036 quidam

1984 3037 2341 3094 Floriacensis
2362 3043 2681 3098 monaculus
2711 3053 2844 3114 erat,
2877 3047 3033 3103 Abbo
3077 3058 3322 3121 vocatus,
3355 3069 3580 3111 morum

1982 3127 2266 3182 sanctitate
2286 3131 2600 3200 praclarus,
2634 3147 2698 3188 ac
2729 3133 3029 3190 litterarum
3071 3145 3180 3193 tam
3237 3142 3580 3198 sacularium

1980 3229 2146 3284 quam
2176 3215 2481 3272 divinarum
2523 3220 2754 3275 scientia
2785 3224 3037 3293 apprime
3061 3226 3370 3283 instructus.
3429 3233 3584 3288 Hunc

1981 3310 2136 3371 pater
2158 3302 2445 3360 Oswaldus
2500 3308 2686 3376 posuit
2709 3309 2765 3363 in
2796 3312 3046 3368 canobio
3093 3314 3419 3372 Rameﬁensi
3468 3336 3582 3376 mo-

1984 3392 2187 3446 nachos
2247 3393 2464 3458 docere,
2521 3395 2740 3451 scholas
2809 3415 3003 3470 regere
3061 3408 3119 3457 et
3175 3405 3587 3477 quibuscunque

1988 3479 2210 3548 valeret,
2243 3497 2367 3534 cum
2396 3480 2448 3535 in
2479 3482 2768 3555 disciplina
2799 3487 3154 3558 regularium,
3185 3500 3297 3547 tum
3328 3493 3383 3549 in
3411 3495 3584 3551 scien-

1987 3567 2059 3622 tia
2079 3567 2292 3624 litterali
2321 3570 2608 3639 prodesse.
2648 3573 2807 3642 Quod
2832 3585 2886 3630 et
2912 3576 3059 3633 fecit.
3111 3579 3251 3637 Hinc
3279 3597 3412 3654 ergo
3449 3600 3584 3656 pro-

1986 3655 2144 3711 cessit
2174 3666 2232 3712 ut
2261 3674 2382 3712 cum
2424 3659 2708 3733 religionis
2765 3674 3058 3736 augmento
3116 3668 3369 3728 liberales
3421 3655 3584 3745 artes,

1987 3761 2108 3816 qua
2136 3747 2286 3816 prius
2315 3747 2385 3803 ob
2417 3749 2663 3806 diversos
2704 3767 2862 3808 casus
2891 3753 2946 3808 in
2977 3756 3284 3827 neglectum
3340 3777 3441 3834 per
3469 3766 3588 3820 An-

1988 3835 2156 3905 gliam
2218 3845 2508 3907 venerant,
2557 3855 2988 3910 quaquaversum
3024 3845 3195 3902 Patris
3213 3848 3454 3907 Oswaldi
3500 3853 3589 3908 in-

1989 3922 2197 3978 dustria
2269 3932 2322 3980 et
2406 3927 2772 3984 sollicitudine
2824 3932 3131 3990 eventilata
3216 3939 3594 4010 multipliciter

1989 4011 2337 4081 pullularent.
2383 4015 2615 4070 Pafatus
2644 4033 2777 4074 vero
2805 4019 2949 4075 abbo
2993 4022 3064 4077 ob
3121 4026 3348 4081 multam
3378 4029 3461 4083 sui
3503 4030 3592 4085 di-

1991 4101 2252 4173 gnitatem
2309 4102 2470 4157 beato
2514 4120 2728 4175 quoque
2756 4107 3038 4165 Dunstano
3092 4111 3380 4170 familiaris
3427 4118 3590 4174 valde

1991 4189 2217 4257 exstitit,
2277 4191 2498 4261 ejusque
2527 4192 2783 4249 instinctu
2814 4203 2866 4252 et
2893 4197 3251 4268 dispositione
3279 4204 3591 4273 passionem

1991 4278 2134 4366 beati
2191 4279 2463 4334 Edmundi
2496 4281 2878 4352 gloriosissimi
2909 4287 3053 4358 regis
3107 4290 3405 4362 Anglorum
3461 4296 3590 4366 styli

1992 4361 2168 4419 oﬁicio
2195 4368 2545 4434 posterorum
2568 4370 2849 4424 memoria
2871 4371 3116 4427 tradidit.
3180 4361 3306 4430 Post
3357 4377 3479 4434 hac
3514 4361 3589 4435 ἐι

284 4474 437 4513 suam
486 4456 564 4512 nil
619 4433 1013 4528 pertinentibus
1043 4433 1291 4526 insignes
1319 4457 1594 4513 Ecclesias
1623 4459 1692 4514 ob
1721 4475 1868 4529 pra-
1899 4433 1959 4496 D
1988 4452 2092 4507 alia
2113 4453 2400 4509 innumera
2427 4454 2589 4521 bona,
2624 4473 2743 4526 quae
2772 4458 2828 4512 in
2865 4460 3064 4531 Anglia
3117 4462 3334 4534 fecerat,
3369 4466 3440 4521 ad
3471 4482 3584 4522 mo.

270 4547 434 4602 fixam
465 4560 684 4602 causam
713 4545 924 4600 clericis
977 4545 1264 4602 evacuavit
1319 4553 1374 4601 et
1428 4561 1524 4601 eas
1573 4556 1873 4604 memorata

272 4635 593 4691 auctoritate
633 4633 897 4690 subnixus
952 4633 1082 4689 viris
1139 4635 1457 4691 monastica
1533 4635 1881 4707 institutionis

273 4724 610 4779 sublimavit.
636 4723 771 4779 Sunt
800 4729 982 4778 autem
1038 4725 1124 4777 ha
1161 4741 1172 4776 :
1208 4724 1454 4779 Ecclesia
1481 4725 1701 4794 pretiosi
1730 4742 1878 4781 mar-

272 4813 405 4884 tyris
453 4811 651 4867 Christi
707 4811 919 4880 Albani,
980 4811 1213 4867 ecclesia
1263 4820 1462 4868 sancta
1507 4814 1878 4872 Etheldritha

271 4901 498 4974 virginis
527 4902 585 4955 in
606 4899 750 4969 Heli,
784 4908 837 4957 et
867 4900 953 4956 illa
978 4917 1100 4973 qua
1121 4901 1266 4972 apud
1292 4901 1637 4958 Beamlletam
1668 4904 1872 4961 consti-

349 5080 464 5162 (26)
493 5078 1365 5163 RefertmpnachuiRamesiensis
1400 5080 1729 5163 Germanum
1751 5089 1871 5163 ortu

274 5149 717 5206 Wintoniensem
738 5151 930 5219 fuisse,
952 5150 1189 5206 Oswaldi
1205 5151 1257 5204 in
1274 5152 1528 5207 canobio
1547 5153 1873 5208 Floriacensi

273 5223 748 5290 commonachum,
773 5221 898 5276 dein
919 5222 1154 5291 priorem
1188 5223 1506 5278 Westbiria
1559 5225 1632 5280 ad
1677 5225 1875 5281 docen-

275 5295 412 5349 dum
461 5294 712 5349 subditos
770 5295 1103 5350 monasticae
1142 5295 1534 5350 institutionis
1615 5311 1877 5351 normam

274 5364 619 5448 (Ea_dn_othu.s
639 5363 835 5419 Senior
856 5363 1068 5448 interim
1097 5364 1166 5448 ad
1187 5365 1878 5448 gerepdafne‘xterim'ttm

273 5435 730 5508 Sollicitudinem
742 5436 1085 5508 praepositus
1101 5437 1415 5508 institutus
1426 5437 1586 5508 fuit),
1603 5453 1727 5508 mox
1741 5438 1882 5507 prio-

273 5523 391 5590 rem
423 5506 710 5590 Itamesia,
728 5505 1014 5590 postremo
1037 5505 1293 5590 abbatem
1310 5505 1882 5590 Winchecumboaﬁd

273 5577 772 5637 Wiuchecumbam
827 5577 1088 5635 translato
1170 5577 1486 5638 Eadnothus
1531 5578 1590 5636 in
1637 5580 1881 5651 prioratu

1982 4541 2280 4597 nasterium
2337 4560 2493 4598 suum
2538 4544 2837 4602 Floriacum
2886 4550 3134 4619 reversis,
3196 4551 3368 4608 abbas
3417 4555 3473 4609 in
3521 4572 3586 4611 eo

1990 4631 2164 4687 factus
2187 4638 2269 4686 est
2297 4640 2349 4688 et
2376 4635 2838 4706 postea‘martyrii
2869 4637 3055 4708 palma
3085 4655 3115 4694 a
3142 4641 3257 4697 Deo
3285 4658 3387 4713 pro
3422 4643 3584 4715 justi-

1989 4719 2066 4774 tia
2095 4730 2402 4777 coronatus.

2057 4811 2255 4865 Beatus
2302 4819 2482 4867 autem
2514 4811 2799 4869 Oswaldus
2845 4815 2938 4871 ubi
2996 4833 3055 4872 se
3103 4821 3430 4878 correctioni
3479 4823 3585 4880 cles

1985 4897 2222 4955 ricorum
2252 4900 2695 4973 Wigornensium
2725 4901 3085 4963 lntromittere
3123 4924 3422 4983 aggressus
3451 4923 3534 4970 est
3566 4929 3580 4984 ;

1980 5077 2324 5162 Ramesiensi
2363 5079 2642 5162 successit.
2690 5079 2832 5162 _Qui,
2864 5161 2868 5162 ν
2909 5093 3199 5162 postquam
3237 5160 3245 5162 Α
3275 5090 3579 5162 prioratum

1983 5150 2136 5204 annis
2155 5153 2222 5205 22
2251 5151 2536 5222 gessisset,
2581 5159 2706 5222 post
2735 5150 2971 5209 mortem
3020 5150 3250 5214 A'ilwini
3275 5150 3577 5219 'fundatori

1984 5236 2129 5276 anno
2186 5224 2310 5290 993,
2368 5221 2538 5300 abbas
2567 5221 2770 5279 electus
2817 5233 2919 5295 est,
2951 5227 3020 5281 ad
3051 5230 3419 5300 episcopatum
3472 5236 3585 5290 Dor

1985 5300 2313 5369 castrensem
2347 5292 2637 5369 translatus
2664 5311 2805 5350 anno
2837 5292 2994 5369 1008.
3052 5292 3107 5354 in
3136 5292 3326 5369 pralio
3382 5305 3585 5359 Essen-

1986 5363 2213 5419 dunensi
2244 5364 2452 5419 occisus
2502 5378 2647 5421 anno
2680 5370 2839 5420 1016.
2873 5368 2980 5424 Ista
2996 5369 3065 5425 de
3096 5363 3378 5430 Eaduotbo
3410 5375 3583 5431 habe-

1986 5435 2273 5520 registrum
2329 5436 2683 5494 Ramesiense
2739 5437 2795 5493 iu
2833 5439 3154 5514 Monastico,
3196 5453 3332 5502 tom.
3381 5450 3404 5501 1
3442 5461 3575 5520 pag.
