4032 6078
432 220 535 275 ’775

1441 205 1758 270 EADMERI
1795 205 2355 271 CANTUARIENSIS
2394 206 2718 270 MONACHI

3625 209 3738 274 7'16

420 344 522 416 ipsi
579 342 922 399 advertentes
963 341 1018 394 in
1061 352 1214 412 quas,
1248 345 1506 409 quantum
1532 351 1660 391 suos
1691 353 1870 391 mores
1923 344 2010 390 at-
2038 336 2097 396 A
2121 339 2223 394 Dei
2253 338 2402 410 quod
2433 339 2682 394 monachi
2713 337 2988 396 faciebant
3009 347 3309 410 praesentes
3350 339 3568 410 adesse,
3599 357 3730 412 pro-

424 431 660 497 tinebat,
691 447 785 486 eos
813 431 1089 500 angustias
1119 425 1599 490 velletdetrudere,
1629 424 1808 479 statim
1837 424 2017 481 verbis

423 523 540 592 ejus
584 519 788 576 aditum
819 518 928 574 suis
969 517 1150 572 cordis
1184 515 1544 581 occluserunt,
1578 529 1675 569 nec
1704 529 1768 569 ea
1796 529 2015 568 sensum

423 627 575 666 suum
607 615 886 683 penetrare
915 605 1026 660 ulla
1056 604 1263 659 ratione
1291 603 1434 674 passi
1479 611 1600 656 sunt
1629 604 1763 673 (25).
1797 602 1918 671 Qua
1947 603 2016 658 de

423 716 481 756 re
509 706 722 768 sumpto
753 713 782 751 a
807 696 958 749 Patre
997 695 1294 760 Dunstano,
1354 691 1508 761 cujus
1547 701 1898 746 consueverat
1937 692 2016 746 in-

419 789 513 843 niti
545 785 830 859 prudentia
872 783 1124 848 consilio,
1156 790 1424 835 annuente
1471 781 1586 850 jam
1621 797 1766 851 saepe
1814 797 2016 836 memo-

418 884 542 932 rato
572 875 812 946 glorioso
841 888 969 944 rege
1001 869 1646 942 Edgaro,monasterium
1676 869 1816 923 infra
1838 869 2014 940 ipsam

416 963 596 1020 sedem
629 961 1002 1032 episcOpalem
1031 969 1347 1014 construere
1379 959 1544 1027 coapit
1574 958 1626 1010 in
1660 973 1769 1028 quo
1787 958 2013 1030 quibus-

415 1068 535 1106 cum
567 1058 985 1107 conversaretur
1017 1048 1313 1102 monachos
1337 1046 1617 1102 adunaret.
1646 1047 1715 1100 Et
1738 1047 1852 1114 jam
1886 1063 2012 1102 ma-

413 1141 587 1196 ceries
647 1139 828 1210 operis
882 1138 1040 1192 altius
1083 1137 1260 1191 levata
1289 1135 1609 1206 profecerat.
1666 1136 1789 1190 Non
1846 1135 2012 1206 longe

411 1245 545 1285 vero
575 1229 644 1284 ab
671 1243 837 1297 Opere
866 1241 964 1281 suo
990 1225 1210 1295 quidam
1242 1225 1380 1294 lapis
1425 1224 1662 1296 quadrus
1685 1223 1912 1291 jacebat
1941 1225 2011 1277 ad

413 1319 596 1390 operis
651 1317 919 1371 fabricam
977 1313 1199 1369 omnino
1229 1320 1384 1383 aptus
1430 1328 1492 1366 ac
1521 1313 1887 1376 necessarius,
1930 1313 2010 1366 Ad

417 1407 560 1460 hunc
606 1421 705 1475 pro
749 1406 906 1473 jussu
933 1400 1205 1472 pontiﬁcis
1234 1417 1330 1456 suo
1351 1399 1469 1456 loco
1501 1401 1827 1456 movendum
1857 1409 1910 1456 ct
1955 1401 2009 1454 in

411 1502 736 1551 structuram
814 1492 1003 1562 templi
1085 1490 1522 1561 componendum
1578 1490 1829 1556 artiﬁces,
1917 1489 2009 1562 qui

413 1582 657 1639 sufficere
682 1582 934 1637 aestimati
973 1587 1115 1643 sunt,
1149 1582 1519 1634 accesserunt.
1558 1582 1624 1632 At
1653 1579 1778 1633 dum
1832 1579 2005 1648 illum,

2125 434 2315 498 pterea
2371 427 2516 498 quod
2573 428 3035 498 quemadmodum
3065 428 3167 483 sibi
3203 428 3342 484 ratio
3380 429 3578 484 mentis
3607 446 3726 486 suas

2123 516 2360 585 dicebat,
2393 516 2670 572 decentius
2699 525 2753 572 et
2784 518 2898 572 Deo
2957 517 3180 588 dignius
3209 517 3435 573 servitio
3489 518 3728 574 clerico-

2124 621 2242 658 rum
2290 603 2468 660 ﬁebat.
2504 605 2657 661 Unde
2687 613 2741 660 et
2771 606 2980 660 factum
3004 613 3084 661 est
3121 613 3197 672 ut,
3230 606 3370 661 sicut
3398 605 3578 677 plebis
3605 623 3731 662 mu-

2122 693 2250 747 tatio
2276 693 2345 747 ab
2370 709 2476 749 una
2506 694 2734 749 ecclesia
2765 694 2823 748 in
2857 694 3020 748 aliam
3071 694 3213 748 facta
3241 702 3344 762 est,
3371 694 3447 748 ita
3475 693 3531 749 et
3555 694 3732 764 plebis

2122 781 2328 836 oblatio
2359 790 2560 837 mutata
2590 783 2679 837 sit.
2709 784 2849 836 Dum
2878 783 3049 854 igitur
3080 783 3134 837 in
3163 797 3231 840 eo
3287 783 3433 856 quod
3462 783 3540 837 illi
3598 799 3728 853 per-

2123 869 2255 924 dunt
2301 870 2390 925 isti
2430 870 2724 936 lucrantur,
2785 871 2839 925 in
2891 886 2998 941 quo
3029 871 3106 926 illi
3140 869 3395 927 deﬁciunt
3423 871 3511 926 isti
3542 871 3730 926 multi-

2121 959 2406 1028 plicantur.
2441 958 2584 1028 Quid
2618 975 2800 1015 moror
2820 960 2848 1011 ‘?
2866 958 2969 1027 Qui
2994 959 3173 1030 major
3202 968 3327 1015 natu
3357 967 3412 1017 et
3440 959 3731 1016 honorabi-

2121 1047 2225 1102 lior
2263 1049 2400 1102 inter
2456 1049 2689 1104 clericos
2751 1047 3072 1117 habebatur,
3132 1047 3440 1103 Wensinus
3485 1049 3727 1114 nomine,

2121 1135 2346 1205 abjcctis
2364 1137 2717 1192 saecularibus
2749 1137 2985 1205 cunctis,
3016 1153 3074 1192 se
3102 1139 3158 1192 et
3188 1136 3366 1192 omnia
3401 1152 3495 1192 sua
3552 1137 3730 1192 factus

2120 1227 2417 1280 monachus
2447 1225 2736 1280 monachis
2768 1225 2995 1294 largitus
3011 1233 3112 1281 est.
3155 1225 3330 1295 Super
3358 1241 3467 1298 quo
3487 1225 3727 1281 famulus

2119 1313 2220 1367 Dei
2251 1313 2385 1368 mire
2417 1313 2630 1368 laetatus
2657 1329 2782 1368 eum
2823 1314 3012 1385 elapso
3056 1313 3206 1369 brevi
3237 1323 3481 1385 tempore
3534 1314 3729 1368 studiis

2118 1400 2433 1457 coelestibus
2469 1402 2702 1472 pleniter
2759 1401 3119 1457 erudiendum
3168 1403 3482 1458 Ramesiam
3509 1402 3722 1474 dirigit,

2117 1493 2172 1543 et
2225 1489 2492 1544 eruditum
2538 1489 2667 1545 inde
2707 1489 2975 1545 reducens
3023 1490 3273 1546 adunatis
3302 1490 3583 1545 monachis
3600 1491 3726 1548 Wi-

2117 1581 2303 1648 gornae
2334 1594 2545 1633 morum
2570 1585 2961 1648 praceptorem
2985 1579 3282 1634 constituit.
3353 1577 3528 1648 Quem
3578 1579 3726 1634 enim

411 1673 502 1742 qui
531 1671 681 1742 quasi
713 1669 966 1724 radicitus
1022 1677 1181 1722 terrm
1211 1669 1455 1734 haereret,
1489 1666 1636 1722 nullo
1667 1675 1863 1722 conatu
1914 1667 2001 1722 vel
2031 1689 2084 1749 Β
2114 1666 2168 1720 in
2191 1667 2447 1722 clericatu
2475 1667 2630 1737 juxta
2661 1682 2840 1722 mores
2865 1667 3119 1738 antiquos
3159 1683 3380 1737 semper
3411 1675 3723 1722 amatorem

407 1760 600 1816 leviter
623 1774 839 1814 movere
870 1757 1130 1823 valerent,
1162 1756 1396 1826 adjuncti
1430 1764 1554 1810 sunt
1598 1756 1675 1810 eis
1705 1756 1794 1810 alii
1818 1765 1870 1810 et
1909 1757 2004 1810 alii

408 1849 534 1916 viri,
567 1865 654 1918 qni
684 1847 801 1917 pari
833 1845 994 1900 modo
1026 1845 1097 1899 ad
1127 1845 1340 1915 pondus
1392 1844 1584 1914 lapidis
1612 1844 1749 1898 nihil
1809 1845 2002 1899 virium

407 1937 609 1992 habere
638 1944 762 1990 sunt
793 1933 1131 2005 deprehensi.
1166 1933 1371 2003 Stupor
1399 1933 1594 2004 ingens
1623 1942 1849 2003 occupat
1877 1949 2003 1989 om-

404 2012 522 2082 nes.
554 2025 842 2080 Mandatur
868 2023 936 2078 de
971 2022 1190 2095 negotio
1248 2021 1392 2076 Patri
1424 2020 1699 2089 Oswaldo,
1755 2022 1848 2094 qui
1879 2031 2006 2095 tunc

407 2114 636 2176 aberat;
671 2122 724 2168 et
777 2121 1000 2183 rogatur
1058 2111 1382 2182 quantocius
1437 2111 1618 2164 veniat
1659 2086 2005 2166 considerare

411 2203 665 2274 quidnam
689 2199 915 2257 monstri
944 2216 1030 2254 res
1059 2199 1180 2269 ipsa
1208 2198 1534 2268 praetendat.
1566 2198 1755 2267 Adest,
1788 2207 1840 2254 et
1867 2199 2004 2254 mul-

409 2292 690 2348 titudinem
719 2291 861 2346 circa
891 2288 1140 2360 praedicti
1165 2287 1364 2356 lapidis
1389 2295 1596 2342 motum
1637 2303 1790 2344 casso
1819 2287 2005 2344 labore

405 2382 691 2436 sudantem
721 2378 984 2449 aspiciens
1014 2377 1242 2432 miratus
1264 2385 1362 2432 est.
1407 2376 1476 2430 Et
1497 2377 1769 2442 attonitus,
1830 2385 2000 2444 stans,

400 2471 688 2539 Deumque
713 2467 928 2522 silentio
974 2465 1294 2537 deprecans,
1327 2465 1538 2536 aspexit
1584 2466 1638 2519 in
1696 2465 1880 2535 lapide
1910 2466 2004 2521 illo

405 2559 710 2628 Ethiopem
768 2556 1057 2626 quemdam
1118 2555 1312 2610 sedere
1391 2561 1446 2610 et
1501 2554 1754 2610 obscenis
1785 2555 2006 2610 nutibus

401 2647 716 2702 laborantes
747 2643 1137 2700 subsannando
1167 2641 1434 2698 deridere.
1462 2644 1648 2712 Itaque
1675 2643 1756 2698 vir
1786 2644 2004 2699 Domini

406 2736 588 2790 statim
622 2741 810 2789 contra
864 2732 1172 2786 daemonem
1203 2731 1417 2801 signum
1456 2740 1654 2787 sanctae
1709 2733 1881 2786 crucis
1915 2733 2004 2786 in-

405 2824 580 2890 torsit,
613 2827 669 2877 et
699 2821 854 2874 illum
883 2819 1150 2890 evestigio
1182 2821 1428 2874 territum
1456 2819 1559 2873 sibi
1614 2819 1748 2892 fuga
1801 2836 2002 2876 consu-

399 2911 514 2968 lere
560 2908 842 2979 compulit.
901 2915 970 2963 At
1021 2907 1182 2978 lapis,
1235 2922 1392 2976 quem
1449 2909 1726 2979 octoginta
1756 2908 1857 2964 viri
1878 2917 2003 2964 ante

401 3016 625 3058 movere
682 2995 1000 3067 nequibant,
1058 3013 1090 3051 a
1144 2995 1330 3067 paucis
1379 2996 1687 3051 hominibus
1743 2997 1996 3054 facillime

400 3090 584 3146 statim
638 3088 847 3142 levatus
879 3093 978 3153 est,
1009 3093 1063 3140 et
1090 3083 1145 3138 in
1175 3099 1341 3154 opere
1368 3085 1688 3140 collocatus.
1757 3086 1995 3157 Populus

403 3179 493 3250 qui
527 3177 598 3233 ad
628 3177 732 3231 hoc
751 3173 1104 3244 spectandum
1147 3173 1385 3242 undique
1440 3173 1685 3241 ﬂuxerat,
1735 3175 1994 3231 conside-

397 3284 524 3324 rans
546 3266 624 3321 rei
653 3271 820 3337 gestae
850 3271 1126 3332 potentem
1154 3262 1424 3331 virtutem,
1455 3263 1572 3318 Deo
1601 3279 1768 3333 super
1823 3263 1992 3320 mira-

404 3355 608 3410 bilibus
637 3353 748 3408 suis
776 3353 1072 3407 immensas
1109 3351 1310 3422 gratias
1339 3352 1517 3406 retulit
1551 3369 1563 3414 ;
1597 3353 1810 3408 Patrem
1861 3368 1992 3425 quo-

399 3461 506 3518 que
527 3459 687 3499 suum
713 3451 871 3512 atque
887 3439 1199 3511 pontiﬁcem
1220 3439 1416 3495 eximia
1432 3439 1988 3511 landepraedicavere,

397 3532 770 3603 intelligentes
829 3529 1101 3586 veraciter
1129 3544 1243 3583 esse
1273 3529 1513 3584 amicum
1542 3529 1662 3597 Dei,
1713 3529 1780 3583 ad
1836 3531 1992 3600 cujus

397 3632 590 3678 nutum
613 3629 720 3674 tam
761 3618 917 3672 inerti
946 3631 1151 3686 pavore
1189 3632 1474 3688 percussus
1527 3625 1768 3673 tremens
1796 3618 1989 3690 dispa-

392 3711 501 3766 ruit
531 3706 877 3763 adversarius
907 3705 1026 3760 Dei.

465 3797 767 3852 Perfectam
813 3792 1102 3848 ecclesiam
1154 3793 1274 3864 ipse
1332 3793 1386 3848 in
1443 3796 1652 3849 honore
1708 3803 1906 3850 sanctae
1935 3803 1989 3850 et

396 3893 676 3958 perpetuae
736 3881 980 3954 Virginis
1006 3882 1108 3936 Dei
1152 3881 1430 3952 genitricis
1459 3881 1644 3938 Maria:
1697 3882 1984 3951 dedicavit,

387 3976 603 4044 ibique,
637 3980 695 4027 ut
723 3978 1108 4042 proposuerat,
1141 3971 1438 4026 monachos
1460 3970 1515 4024 in
1540 3978 1722 4027 sancta
1751 3986 1986 4028 conver-

387 4064 597 4120 satione
627 4060 841 4117 Christo
891 4059 1191 4115 servituros
1219 4061 1593 4132 congregavit.
1639 4060 1830 4116 Clerici
1852 4077 1984 4133 ergo

384 4155 445 4210 in
474 4151 608 4208 sede
639 4147 953 4220 episcopali,
989 4164 1110 4218 quas
1139 4147 1241 4202 sub
1269 4149 1488 4203 nomine
1517 4148 1738 4220 gloriosi
1769 4156 1983 4220 aposto-

385 4243 564 4298 lorum
591 4237 850 4309 principis
878 4237 1017 4291 Petri
1049 4236 1271 4291 fundata
1299 4237 1590 4307 antiquitus
1619 4237 1813 4306 fuerat,
1846 4254 1982 4294 con-

384 4329 696 4395 veniebant,
728 4335 782 4381 et
810 4326 1063 4381 monachi
1105 4325 1162 4379 in
1192 4339 1335 4380 nova
1365 4325 1590 4380 ecclesia
1620 4325 1718 4380 sub
1741 4327 1982 4396 patroci-

2116 1755 2326 1811 honesti
2376 1756 2604 1821 sciebat,
2664 1757 2804 1810 hunc
2851 1755 3020 1812 nihilo
3078 1756 3255 1811 minus
3309 1757 3364 1811 in
3393 1757 3723 1811 monacbatu

2112 1844 2376 1899 fautorem
2407 1852 2456 1898 et
2477 1853 2846 1900 exsecutorem
2879 1844 2997 1900 fore
3027 1845 3234 1900 honesti
3271 1860 3366 1916 spe
3395 1852 3546 1900 certa
3607 1844 3717 1899 sibi

2111 1932 2494 2002 promittebat.
2535 1933 2686 1988 Unde
2739 1949 2839 1988 nec
2870 1933 3041 1988 falsus
3069 1941 3166 1988 est.
3225 1934 3438 1988 Bonum
3489 1933 3716 2005 quippe,

2111 2021 2257 2090 quod
2281 2022 2437 2077 Pater
2465 2022 2533 2075 de
2559 2037 2626 2077 eo
2655 2023 2930 2092 sperabat,
2951 2022 3074 2091 ipse
3104 2037 3440 2094 magnopere
3470 2021 3526 2076 in
3554 2021 3720 2077 bonis

2109 2111 2315 2166 actibus
2371 2110 2768 2166 accumulabat.
2824 2108 2963 2178 Quae
3012 2111 3199 2166 omnia
3246 2110 3574 2179 clericorum
3606 2127 3718 2166 non

2108 2199 2241 2254 nulli
2281 2198 2639 2266 attendentes,
2697 2206 2750 2253 et
2805 2207 2982 2254 mente
3042 2199 3370 2271 compuncti,
3427 2199 3715 2256 consilium

2109 2295 2296 2343 contra
2325 2287 2495 2342 Deum
2522 2303 2629 2341 non
2655 2301 2772 2341 esse
2802 2286 3202 2358 perpendentes
3229 2289 3415 2359 (Prov.
3449 2304 3567 2358 xxi,
3599 2291 3716 2359 30).

2110 2383 2290 2446 spreto
2318 2375 2538 2441 saeculo,
2573 2383 2753 2446 spreta
2782 2375 2929 2430 omni
2961 2391 3167 2448 pompa
3196 2377 3468 2444 saeculari,
3490 2377 3632 2450 jugo
3652 2394 3718 2436 se

2111 2464 2308 2518 Christi
2356 2463 2652 2534 subjiciunt
2710 2472 2763 2518 et
2818 2464 2960 2520 inter
2989 2465 3304 2534 monachos,
3366 2481 3502 2536 quos
3548 2467 3716 2538 paulo

2111 2561 2236 2608 ante
2287 2553 2516 2607 nimium
2565 2553 2967 2618 exsecrabatur,
3016 2555 3269 2610 monachi
3305 2553 3452 2610 ﬁunt.
3489 2555 3720 2612 Audires

2111 2642 2181 2696 ad
2212 2643 2328 2698 haec
2357 2641 2790 2713 quamplurimos
2817 2641 3098 2696 hominum
3154 2643 3420 2714 stupendo
3446 2653 3661 2700 cantare
3697 2662 3713 2700 :

2115 2732 2294 2787 Overe
2307 2731 2552 2786 mutatio
2580 2730 2801 2786 dextra:
2847 2731 3076 2786 Βεεθιεί
3093 2736 3112 2786 !
3145 2731 3248 2786 hoc
3275 2731 3458 2802 itaque
3487 2733 3652 2789 modo
3679 2753 3717 2793 a

2109 2818 2268 2875 beato
2300 2820 2456 2874 Petro
2485 2818 2539 2872 in
2570 2819 2795 2874 Matrem
2826 2818 3042 2874 Domini
3101 2818 3404 2877 Salvatoris
3434 2837 3467 2876 a
3495 2821 3715 2881 clericis

2107 2907 2164 2962 in
2194 2908 2488 2963 monachos
2505 2907 2768 2962 translata
2797 2915 2875 2962 est
2898 2907 3058 2962 sedes
3088 2907 3420 2980 pontiﬁcalis
3464 2910 3709 2968 honoris.

2177 2997 2274 3050 His
2303 2996 2377 3050 ita
2405 3011 2529 3050 sese
2561 2995 2912 3060 habentibus,
2937 2995 3196 3065 praefatus
3228 2996 3491 3053 Eboracae
3518 3000 3708 3056 civita-

2103 3083 2172 3138 tis
2202 3085 2422 3138 antistes
2444 3084 2569 3138 vita:
2591 3084 2850 3154 praesenti
2881 3084 3176 3147 adimitur;
3203 3093 3256 3140 et
3284 3086 3472 3157 gravis
3502 3087 3708 3146 exinde

2100 3188 2309 3227 maeror
2338 3171 2638 3243 Anglorum
2667 3172 2883 3242 populis
2912 3181 3252 3243 procreatur.
3311 3173 3478 3229 Fama
3531 3177 3706 3249 igitur

2101 3261 2276 3316 obitus
2297 3262 2414 3332 ejus
2430 3261 2561 3333 agili
2594 3262 2748 3332 lapsu
2771 3261 3081 3316 discurrens
3111 3262 3293 3332 regias
3312 3264 3575 3336 pertingit
3629 3266 3704 3322 ad

2101 3365 2279 3416 aures,
2333 3366 2434 3405 nec
2488 3349 2630 3404 beati
2661 3349 2927 3404 Dunstani
2956 3349 3201 3404 notitiam
3230 3351 3450 3422 segnius
3503 3353 3701 3426 attigit.

2100 3438 2299 3494 Volens
2329 3447 2511 3494 autem
2540 3437 2687 3493 idem
2743 3438 2902 3493 Pater
2957 3453 3062 3507 pro
3093 3453 3192 3494 suo
3253 3439 3430 3497 oﬂicio
3467 3440 3707 3499 viduata:

2098 3527 2355 3584 Ecclesia
2385 3526 2828 3594 consultum,ire,
2861 3541 3052 3598 regem
3083 3527 3218 3597 petit
3249 3545 3263 3595 ;
3297 3535 3348 3582 et
3378 3528 3700 3602 consilium,

2099 3616 2241 3687 quod
2271 3616 2538 3671 salubrius
2567 3615 2670 3670 sibi
2704 3615 2776 3670 de
2831 3615 3205 3672 substituendo
3234 3624 3456 3687 pastore
3500 3633 3700 3675 occur-

2096 3704 2187 3772 rit,
2217 3705 2331 3776 regi
2361 3705 2636 3774 proponit.
2673 3703 2937 3760 Prmdicat
2965 3703 3291 3776 dignitatem
3346 3707 3703 3764 venerabiliis

2095 3793 2196 3849 viri
2227 3793 2488 3859 Oswaldi,
2519 3808 2627 3864 quo
2651 3791 2907 3848 videlicet
2933 3801 3247 3864 quantoque
3262 3803 3486 3864 parente
3504 3796 3701 3852 nobili-

2097 3890 2254 3950 tatus,
2274 3897 2380 3951 qua
2400 3881 2668 3954 religione
2697 3897 2728 3935 a
2755 3897 2925 3951 puero
2959 3881 3250 3950 institutus,
3303 3883 3496 3954 quibus
3522 3885 3697 3941 virtu-

2098 3979 2208 4025 tum
2240 3969 2622 4042 prazrogativis
2651 3969 2816 4025 fuerit
2844 3969 3146 4041 insignitus.
3178 3969 3353 4040 Super
3378 3972 3495 4028 haec
3531 3989 3697 4043 quam

2093 4068 2315 4115 strenue
2355 4058 2670 4115 cathedram
2710 4055 3106 4129 pontiﬁcalem,
3137 4059 3223 4115 cui
3249 4075 3316 4116 eo
3347 4076 3520 4134 usque
3542 4077 3694 4131 prae-

2092 4148 2323 4216 sidebat,
2347 4148 2681 4220 gubernarit,
2715 4146 2969 4204 edisserit
2999 4165 3011 4210 ;
3047 4163 3112 4203 ac
3165 4164 3265 4218 per
3293 4149 3398 4204 hoc
3427 4165 3534 4220 quo
3569 4151 3696 4221 jure

2090 4237 2282 4292 merito
2313 4236 2510 4292 debeat
2531 4235 2820 4291 celsiorem
2845 4235 3161 4304 ascendere,
3193 4236 3403 4306 pandit,
3474 4238 3689 4309 probat,

2092 4325 2297 4381 asserit.
2327 4325 2551 4380 Placent
2579 4323 2701 4396 regi
2729 4338 2851 4396 qua:
2882 4323 3154 4392 feruntur,
3187 4324 3440 4397 quodque
3456 4326 3691 4382 Dunsta-

381 4419 475 4474 nio
533 4389 734 4471 sancta:
797 4413 980 4468 Maria:
1035 4429 1143 4468 una
1198 4411 1492 4485 degebant.
1550 4416 1617 4466 At
1646 4389 1801 4482 plebs
1839 4429 1980 4471 nunc
2011 4389 2061 4452 Ῑ)
2090 4431 2192 4470 nus
2221 4415 2288 4468 de
2319 4412 2576 4469 Oswaldo
2599 4389 2720 4468 ﬁeri
2740 4389 2928 4467 laudat
2958 4430 2970 4475 ;
3006 4389 3492 4470 velit-solummodo
3512 4414 3688 4471 clerus

380 4507 540 4562 istam
568 4518 714 4560 nunc
742 4502 890 4556 illam
920 4500 1205 4556 ecclesiam
1236 4500 1473 4554 vicissim
1531 4501 1846 4572 aliquandiu
1877 4503 1979 4559 fre-

383 4593 696 4672 quentabat,
753 4591 852 4647 sed
881 4597 1006 4660 post
1035 4589 1154 4644 dies
1183 4589 1514 4644 admirantes
1543 4597 1595 4644 et
1652 4590 1974 4647 admirando

380 4691 706 4740 venerantes
735 4679 1131 4735 monachorum
1159 4676 1585 4749 religiositatem,
1604 4678 1861 4749 paulatim
1917 4697 1976 4737 se

379 4771 708 4828 clericorum
739 4767 974 4840 collegio
1003 4775 1283 4839 coeperunt
1306 4766 1610 4837 absentare,
1669 4775 1722 4823 et
1751 4768 1974 4824 servitio

455 4896 568 4964 (25)
591 4893 655 4948 In
674 4891 1034 4964 temporeillo
1053 4891 1306 4964 Ecclesia
1326 4890 1617 4964 Wigornia:
1643 4891 1822 4962 juxta
1835 4895 1981 4964 oete-

376 4962 509 5024 rum
519 4966 661 5020 ἰηδεί
669 4962 947 5020 tationem
958 4979 1060 5034 pro
1075 4962 1364 5034 monachi:
1376 4964 1672 5034 canonicos
1683 4963 1984 5019 :wcularcs

382 5036 636 5102 habebat,
697 5035 877 5104 inquit
949 5033 1252 5104 monachus
1309 5033 1871 5104 Ramesiensisgcap.
1923 5037 1978 5089 7.

381 5108 609 5174 Eadem,
643 5103 802 5176 quam
835 5103 1354 5176 refert_Eadme_rus,
1388 5111 1502 5176 arte
1545 5103 1835 5176 canonicos
1859 5103 1980 5176 loco

377 5195 480 5236 suo
503 5173 732 5245 amotos,
784 5173 1282 5245 Malmesburiensis
1315 5174 1496 5245 tradit.
1550 5174 1654 5228 Alii
1679 5181 1857 5230 tamen
1889 5175 1979 5230 hi-

379 5251 565 5307 storici
597 5243 1034 5304 vim'adhibitam
1055 5243 1408 5298 subinnuunt.
1446 5244 1536 5300 Sic
1566 5245 1869 5300 Florentius
1925 5254 1980 5302 et

376 5321 676 5377 monachus
757 5314 1135 5372 Ramesiensis.
1195 5314 1352 5371 Certe
1404 5314 1643 5371 Oswaldi
1699 5317 1978 5374 molimina

373 5394 624 5464 Edgarus
641 5404 742 5445 rex
771 5386 1101 5464 auctoritate
1135 5400 1233 5441 sua
1260 5401 1601 5464 summopere
1656 5386 1792 5464 fovit
1822 5407 1833 5443 :
1869 5405 1976 5464 qua

375 5457 536 5520 de're
565 5469 747 5518 exstat
775 5457 1261 5530 ejusdemcbarta,
1305 5457 1693 5530 concilnApgl.
1735 5457 1971 5528 tom.‘1,

371 5552 440 5606 p.
495 5533 623 5608 432,
674 5540 729 5593 et
775 5527 954 5590 oratio
1007 5527 1167 5600 ibid.,
1215 5545 1277 5599 p.
1332 5528 1459 5586 476.
1507 5527 1971 5588 Primusomnium

2087 4512 2138 4560 et
2165 4501 2401 4574 populus
2420 4500 2786 4557 Eboracensis
2821 4517 2836 4564 ;
2867 4501 3004 4570 vult,
3054 4502 3266 4569 suadet,
3299 4509 3504 4572 oratur,
3531 4502 3688 4574 jubet

2085 4599 2143 4646 ut
2199 4591 2308 4645 ﬁat.
2368 4591 2610 4662 Rogatur
2657 4588 2905 4644 voluntas
2932 4589 3170 4658 illorum,
3203 4595 3257 4646 et
3286 4606 3420 4648 voce
3447 4606 3686 4648 consona

2085 4679 2244 4734 simul
2275 4694 2466 4735 omnes
2521 4677 2861 4748 respondent
2907 4694 3076 4733 unum
3106 4677 3248 4736 velle
3277 4694 3358 4748 se,
3390 4680 3542 4735 illum
3569 4695 3686 4751 prae

2085 4767 2304 4824 caeteris
2359 4766 2468 4822 sibi
2513 4766 2723 4838 praeﬁci
2746 4775 3098 4840 concrepant,
3121 4775 3177 4824 et
3229 4767 3285 4824 id
3321 4776 3483 4840 rupta
3535 4769 3684 4827 omni

2092 4891 2378 4947 Oswaldus
2429 4891 2708 4946 canonicis
2737 4891 3090 4948 secularibns
3144 4891 3340 4960 ejectis
3380 4893 3681 4949 monachos

2090 4962 2334 5019 ecclesiis
2364 4961 2766 5018 cathedralibus
2818 4963 3134 5018 introduxit.
3169 4962 3532 5032 Quamobrem
3587 4964 3679 5020 lex

2090 5035 2158 5106 de
2186 5033 2473 5106 ejiciendis
2505 5033 2715 5106 clericis
2741 5033 2978 5106 uxoratis
3007 5034 3299 5106 antiquitus
3333 5043 3548 5106 vocata
3594 5043 3680 5091 est

2089 5103 2546 5161 Oswaldes-Law.
2580 5104 2802 5160 Factum
2831 5103 2888 5158 id
2918 5104 2988 5159 ab
3019 5103 3280 5161 OsWaldo
3327 5103 3385 5160 in
3427 5105 3678 5162 Ecclesia

2085 5175 2469 5248 Wigorniensi
2484 5191 2638 5248 anno
2669 5179 2792 5242 969,
2825 5183 2958 5248 teste
2980 5175 3262 5248 Florentio
3292 5193 3305 5239 ;
3338 5176 3432 5248 qui
3458 5175 3676 5231 Winsi-

2085 5245 2218 5320 nuni
2244 5247 2528 5320 monachis
2542 5253 2794 5320 recenter
2820 5245 3138 5320 introdpctis
3163 5248 3285 5320 loco
3328 5245 3516 5320 d'ecani
3539 5263 3676 5320 prm-

2083 5317 2283 5374 fectum
2312 5317 2478 5373 addit.
2509 5317 2634 5372 Non
2665 5315 2804 5372 alius
2849 5317 2896 5371 is
2924 5331 2956 5372 a
2983 5317 3268 5374 Wensimo
3293 5315 3676 5388 proximeme-

2084 5397 2295 5445 morato
2351 5389 2469 5445 fuit.
2527 5388 2795 5460 Eumdem
2857 5388 3126 5460 pri_orem_
3166 5396 3329 5446 vocat
3400 5390 3673 5448 monachu

2079 5460 2446 5518 Ramesiensis
2477 5477 2490 5523 ;
2523 5457 2897 5532 praepositum,
2928 5457 3132 5532 Edgari
3153 5460 3363 5518 charta.
