4032 6078
996 294 1018 323 /

234 366 342 437 777'

1552 360 1713 431 VITA
1734 377 1792 432 s.
1825 359 2179 433 OSWALDI.

3437 384 3541 440 7‘78

238 519 393 560 mora
421 502 514 557 ﬁat
542 504 757 575 magnis
783 502 1243 573 postulationibus
1274 504 1495 557 instant.
1515 501 1634 556 Nec
1653 516 1824 556 mora.
1857 501 1914 561 Α
1942 514 1975 555 a
2003 515 2066 555 se
2094 501 2151 553 in
2178 499 2359 554 futuro
2388 498 2532 569 quod
2560 496 2941 557 detrimentum
2970 502 3073 558 sibi
3114 503 3364 577 gigneret
3421 508 3542 563 exi-

240 593 331 647 Vir
354 591 552 648 ascitus
579 592 801 647 advenit
832 610 845 654 ;
887 592 984 648 sed
1005 592 1310 661 petentibus
1339 589 1616 658 suscipere
1673 590 1829 661 regi-

234 698 365 737 men
396 682 630 737 viduatee
659 680 924 758 Ecclesiae
955 695 1063 735 non
1117 681 1299 735 statim
1356 679 1562 734 annuit.
1623 680 1835 734 Intonat

235 784 344 825 vox
374 768 580 840 populi,
612 777 669 823 ut
697 768 862 824 dubio
916 769 1111 838 procul
1171 767 1497 823 attestareris
1539 766 1836 836 Scriptura:

237 872 430 913 vocem
458 856 649 928 p0puli
680 872 870 912 vocem
901 872 1017 912 esse
1045 856 1172 913 Dei.
1210 858 1313 912 Par
1340 854 1591 923 Charitas,
1624 863 1838 910 senten—

240 945 316 1013 tia
345 960 589 1011 concors,
620 961 727 1000 una
756 946 1005 1001 voluntas
1054 945 1236 1016 populi
1292 945 1347 999 in
1394 944 1537 1000 bono
1593 944 1733 1006 fuit;
1789 952 1841 998 et

241 1036 387 1091 Deus
416 1034 588 1105 pacis,
620 1034 711 1105 qui
739 1033 1043 1089 inhabitare
1075 1033 1201 1088 facit
1230 1032 1514 1089 unanimes
1566 1033 1622 1086 in
1676 1033 1841 1089 domo

241 1124 415 1193 (Psal.
447 1138 614 1189 van,
647 1125 724 1191 7),
756 1123 959 1194 quique
990 1124 1236 1181 estinter
1264 1123 1406 1177 duos
1437 1121 1523 1177 vel
1551 1130 1656 1176 tres
1701 1137 1840 1177 con-

232 1212 561 1285 gregatosin
581 1210 801 1266 nomine
817 1225 915 1266 suo
931 1210 1177 1282 (Matth.
1206 1224 1367 1279 xvnr,
1385 1210 1497 1280 20),
1519 1225 1625 1265 non
1638 1210 1849 1269 faveret

232 1300 311 1355 rei
334 1302 418 1356 cui
450 1308 597 1354 tanta
625 1298 909 1355 multitudo
963 1300 1200 1368 favebat,
1260 1314 1362 1355 nec
1414 1299 1637 1354 sentiret
1691 1299 1836 1369 quod

236 1387 527 1455 sentiebat,
555 1403 655 1443 nec
686 1388 849 1444 vellet
878 1388 1022 1458 quod
1051 1386 1342 1443 volebatur
1361 1387 1837 1457 ?Nolebatplane,

231 1478 328 1533 sed
357 1484 472 1532 esto
503 1477 653 1549 quod
682 1477 825 1532 Deus
852 1474 968 1531 ﬁeri
1000 1475 1116 1532 vult
1145 1475 1238 1531 ﬁat
1280 1491 1501 1532 necesse
1554 1484 1654 1531 est.
1714 1475 1840 1532 Vult

233 1574 414 1621 autem
445 1565 592 1636 quod
620 1566 922 1621 secundum
953 1581 1009 1619 se
1038 1564 1228 1620 volunt
1249 1564 1440 1619 ﬁdeles
1460 1565 1561 1620 sui.
1585 1564 1841 1637 Alioquin

228 1654 375 1710 bene
400 1662 623 1725 possent
652 1654 793 1709 velle
823 1654 938 1709 sine
969 1652 1066 1708 illo
1100 1671 1115 1720 ;
1174 1661 1227 1709 et
1284 1653 1493 1709 Veritas
1535 1669 1645 1709 non
1700 1663 1841 1709 esset

220 1742 505 1811 veredica,
538 1758 659 1813 qua:
688 1741 822 1797 dicit
848 1742 985 1797 nihil
1014 1742 1129 1797 sine
1176 1758 1237 1798 se
1293 1757 1623 1813 quemquam
1678 1757 1837 1813 posse

1938 596 2177 658 geretur,
2210 588 2308 644 sed
2339 589 2484 658 quod
2524 587 2683 643 beata
2738 592 3174 648 remuneratione
3228 594 3539 652 donaretur.

1942 676 2307 744 Quamobrem
2336 676 2478 732 idem
2510 677 2603 748 qui
2634 677 2735 733 fuit
2761 679 2815 733 in
2835 678 3139 737 visitatione
3174 685 3545 742 monasterio-

1942 781 2059 819 rum
2090 780 2210 835 quze
2240 764 2555 831 instituerat,
2586 781 2801 837 semper
2827 768 3047 835 exstitit,
3094 769 3241 825 idem
3297 772 3352 826 in
3408 789 3544 829 con-

1944 853 2209 908 solatione
2241 851 2460 907 fratrum
2489 853 2622 908 inibi
2654 856 2969 926 degentium
2998 859 3268 927 praestitit,
3315 860 3459 916 idem
3489 864 3544 917 in

1944 941 2329 996 sustentatione
2357 941 2574 996 illorum
2604 943 2953 1014 omniumque
2981 962 3078 1001 sua
3136 963 3241 1017 ope
3285 949 3543 1021 indigen—

1948 1030 2080 1084 tium
2111 1030 2326 1084 mansit.
2359 1030 2419 1083 In
2449 1029 2596 1085 nullo
2627 1029 2794 1102 igitur
2821 1034 3117 1089 sanctitatis
3166 1052 3328 1107 opere
3386 1039 3544 1094 defe-

1948 1127 2101 1173 ctum
2128 1134 2323 1188 passus
2351 1126 2431 1173 est
2457 1127 2681 1189 propter
2709 1135 2845 1174 onus
2883 1123 3239 1191 sacerdotale,
3300 1128 3399 1182 sed
3456 1138 3548 1183 aut

1947 1206 2096 1263 idem
2125 1208 2219 1277 qui
2250 1207 2425 1262 fuerat
2452 1207 2719 1276 praestitit,
2753 1217 2863 1275 aut,
2910 1211 3090 1281 seipso
3155 1214 3439 1271 sublimior
3492 1219 3547 1271 in

1946 1296 2265 1368 hujusmodi
2293 1312 2456 1365 opere
2484 1295 2675 1362 factus,
2709 1298 2778 1352 ad
2811 1297 3102 1354 videndum
3127 1301 3299 1358 Deum
3321 1304 3549 1361 deorum

1948 1384 2004 1439 in
2048 1385 2178 1441 Sion
2222 1385 2395 1440 aciem
2438 1401 2552 1440 suae
2600 1386 2797 1441 mentis
2838 1387 3166 1445 indeﬁcienti
3211 1396 3549 1465 contempla-

1948 1474 2090 1530 tione
2120 1473 2416 1546 dirigebat.

2016 1563 2117 1617 Hic
2137 1563 2301 1634 igitur
2327 1562 2577 1633 quamvis
2624 1564 2948 1622 Eboracensi
3003 1568 3317 1639 pontificatu
3374 1573 3549 1629 subli—

1945 1655 2119 1706 matus
2149 1652 2434 1722 exstiterit,
2466 1668 2652 1709 curam
2682 1662 2865 1709 tamen
2907 1657 3260 1728 episcopatus
3315 1661 3545 1733 Wigor—

1942 1739 2125 1795 nensis
2156 1755 2264 1796 non
2306 1740 2510 1795 amisit.
2575 1741 2633 1796 Si
2689 1742 2908 1813 quidem
2967 1745 3159 1801 beatus
3213 1748 3540 1819 Dunstanus,

224 1831 419 1901 (loan.
453 1849 544 1900 xv,
565 1834 645 1902 5).
677 1835 744 1887 At
773 1832 1161 1887 secundumxse
1188 1831 1475 1887 voluerunt
1503 1830 1692 1886 ﬁdeles
1749 1832 1834 1886 sui
1859 1853 1913 1913 Β
1941 1844 2104 1899 quem
2132 1828 2439 1885 sollicitudo
2469 1830 2712 1885 omnium
2740 1830 3109 1889 Ecclesiarum
3157 1836 3214 1890 in
3265 1837 3545 1895 Britannia

227 1931 472 1978 sanctum
504 1921 830 1978 Oswaldum
855 1920 974 1978 fieri
1005 1920 1317 1993 pontificem
1347 1921 1583 1978 Eboraci
1612 1922 1640 1974 ‘I
1698 1921 1834 1977 Cum

229 2012 399 2084 igitur
425 2013 526 2067 hoc
556 2012 734 2082 ipsum
762 2012 912 2067 Deus
942 2010 1187 2066 voluitut
1206 2009 1380 2079 ﬁeret,
1405 2025 1633 2067 necesse
1662 2011 1837 2066 omni-

230 2100 412 2156 modis
440 2101 538 2155 fuit
569 2119 582 2163 ;
617 2108 953 2172 quapropter
979 2098 1258 2170 acquievit
1288 2100 1380 2155 ille
1422 2101 1559 2167 Deo,
1616 2101 1838 2171 acquie—

236 2190 439 2247 scendo
470 2189 726 2245 voluntati
755 2205 1034 2245 servorum
1071 2189 1190 2243 Dei.

304 2274 498 2329 Factus
525 2273 692 2346 igitur
719 2273 1165 2344 archiepiscopus
1187 2272 1548 2329 Eboracensis
1567 2274 1700 2345 (26),
1724 2275 1838 2330 Ro-

238 2378 386 2417 mam
417 2362 613 2434 pergit,
649 2363 871 2434 pallium
903 2362 1166 2417 Ecclesize
1196 2378 1310 2417 suae
1341 2362 1582 2417 debitum
1612 2372 1843 2433 aposto-

235 2452 341 2506 lica
359 2451 490 2506 sede
509 2452 883 2522 requisiturus,
896 2451 1241 2520 plurimaque
1257 2450 1479 2522 negotia
1492 2452 1668 2522 regni,
1686 2462 1844 2523 prout

237 2539 288 2596 ei
321 2556 427 2595 rex
447 2540 550 2594 sibi
578 2540 942 2612 delegaverat,
975 2556 1096 2595 cum
1137 2539 1256 2609 ipso
1311 2548 1648 2595 tractaturus.
1706 2541 1845 2594 Hinc

229 2628 465 2698 patriam
522 2643 791 2699 egressus,
845 2629 1069 2683 transito
1121 2628 1280 2700 mari,
1364 2630 1601 2685 transitis
1691 2630 1847 2685 terris

230 2717 595 2788 periculorum
623 2716 1024 2772 diversitatibus
1052 2717 1245 2788 plenis,
1278 2720 1507 2775 Romam
1573 2720 1842 2789 pervenit,

237 2806 485 2861 Romana
516 2806 716 2860 moenia
743 2805 906 2859 subit.
938 2805 1072 2860 Inde
1098 2806 1292 2862 Joanni
1340 2807 1641 2877 apostolico
1697 2824 1845 2878 prae-

234 2900 503 2963 sentatus,
548 2894 661 2949 voti
716 2910 940 2965 compos
996 2893 1243 2950 afﬁcitur.
1300 2896 1543 2967 Denique
1595 2905 1845 2966 suscepto

234 2983 404 3054 pallio
433 2983 583 3054 quod
607 2983 846 3053 petebat,
882 2984 1081 3039 functis
1114 3000 1329 3056 quoque
1356 2985 1635 3055 responsis
1680 2985 1846 3057 regiae

239 3070 532 3143 legationis
560 3087 723 3142 quam
754 3070 983 3137 ferebat,
1018 3072 1317 3128 honoriﬁce
1345 3089 1378 3128 a
1406 3088 1550 3145 papa
1591 3074 1846 3129 dimissus

230 3159 483 3231 Angliam
516 3160 820 3228 revertitur,
870 3176 1122 3216 reversus
1180 3177 1212 3215 a
1268 3162 1512 3233 principe
1570 3163 1727 3234 regni
1782 3179 1845 3217 ac

233 3264 408 3321 regno
437 3248 680 3320 gloriose
722 3248 999 3319 recipitur.
1059 3250 1189 3305 Post
1243 3266 1366 3320 quae
1414 3250 1626 3306 reddito
1684 3250 1841 3322 lega-

233 3337 401 3392 tionis
431 3353 543 3393 suaa
571 3352 856 3407 responso,
888 3345 941 3392 et
970 3338 1088 3407 ipso
1114 3338 1261 3409 quod
1291 3337 1344 3393 in
1399 3338 1653 3393 omnibus
1706 3354 1843 3407 pru-

232 3425 427 3481 denter
456 3425 664 3498 egisset
693 3426 911 3481 sublimi
941 3426 1213 3497 praeconio
1243 3442 1276 3482 a
1303 3427 1509 3483 cunctis
1531 3426 1846 3499 praedicam,

230 3531 433 3588 magna
465 3516 612 3586 regis
664 3515 1045 3571 benevolentia
1098 3514 1266 3570 fretus
1318 3516 1387 3571 ad
1450 3515 1642 3571 sedem
1696 3531 1849 3571 suam

230 3603 647 3660 Eboracensem
678 3604 844 3659 vadit.
878 3603 980 3660 Ubi
1022 3606 1249 3677 egregio
1306 3620 1434 3661 cum
1476 3606 1685 3661 honore
1737 3620 1849 3658 sus-

232 3700 447 3763 ceptus,
482 3708 606 3749 cum
629 3693 807 3761 jubilo
857 3693 1056 3763 plebis,
1089 3708 1211 3750 cum
1261 3694 1471 3749 sonoris
1528 3693 1849 3750 clericorum

235 3782 615 3850 concentibus,
648 3781 958 3837 cathedram
981 3789 1064 3836 est
1104 3781 1630 3853 archiepiscopalem
1687 3783 1849 3838 inde-

237 3877 380 3941 ptus.
410 3868 531 3938 Quo
564 3870 713 3927 facto
752 3886 861 3925 non
890 3870 1045 3941 quasi
1075 3870 1227 3925 rudis
1270 3878 1323 3926 et
1374 3871 1597 3939 inscius,
1655 3871 1751 3928 sed
1794 3879 1852 3925 ut

233 3974 368 4015 vere
407 3961 664 4015 emeritus
692 3975 755 4015 ac
784 3959 1071 4031 perspicax
1099 3967 1288 4029 pastor
1344 3960 1529 4015 ovium
1584 3960 1705 4027 Dei,
1761 3959 1851 4015 die

239 4045 333 4101 illa
365 4046 726 4103 confluentem
756 4047 1152 4102 multitudinem
1181 4055 1289 4102 tam
1346 4048 1670 4103 documento
1725 4048 1851 4104 vitae

242 4137 515 4192 manentis
570 4152 731 4206 quam
786 4136 1042 4192 alimento
1098 4137 1225 4192 vitae
1276 4136 1507 4191 labentis
1574 4136 1854 4205 ecpiosius

246 4225 422 4297 pavit.
454 4225 599 4279 Exin
628 4228 868 4281 tractans
895 4241 1078 4280 secum
1106 4223 1240 4279 illud
1272 4224 1541 4293 Sapientis
1586 4223 1713 4294 quia
1759 4223 1851 4280 cui

243 4314 380 4384 plus
402 4314 808 4377 committitur,
831 4314 961 4385 plus
988 4312 1055 4369 ab
1072 4328 1134 4371 eo
1154 4312 1582 4383 exigitur(Luc.
1607 4326 1701 4379 χιι,
1735 4312 1851 4381 48),

247 4402 398 4457 omni
429 4403 561 4457 hora
589 4401 823 4456 sollicite
851 4401 1076 4457 curabat
1101 4402 1177 4455 ita
1237 4400 1339 4454 sibi
1394 4400 1687 4456 commissa
1732 4400 1854 4455 dis-

1943 1918 2354 1973 constitutarum
2382 1919 2728 1989 respiciebat,
2760 1936 2954 1977 verens
2982 1939 3049 1979 ne
3078 1926 3326 1981 monachi
3349 1928 3405 1983 in
3425 1928 3546 2000 ipsa

1944 2007 2211 2078 Wigorna
2240 2022 2340 2076 per
2367 2022 2491 2062 eum
2522 2015 2646 2065 tunc
2666 2009 2879 2065 naviter
2907 2010 3131 2068 instituti
3160 2012 3346 2086 aliqua
3403 2017 3544 2073 ultra

1947 2111 2112 2167 quam
2170 2095 2310 2151 ferre
2365 2096 2607 2152 valerent
2663 2099 2959 2155 tentatione
3012 2110 3448 2171 concuterentur,
3499 2108 3547 2160 si

1947 2182 2215 2253 pastorali
2243 2200 2373 2239 cura
2397 2183 2635 2240 destituti
2664 2202 2771 2242 non
2802 2186 3064 2244 haberent
3105 2206 3211 2261 quo
3266 2195 3551 2249 muniren-

1951 2280 2053 2341 tur,
2085 2274 2342 2343 pmcepit
2368 2273 2417 2328 ei
2446 2289 2514 2328 ex
2543 2275 2860 2332 auctoritate
2888 2279 3085 2332 summi
3116 2280 3368 2349 Pastoris,
3402 2300 3539 2353 qua-

1953 2369 2105 2416 tenus
2134 2377 2199 2416 ea
2229 2377 2336 2431 qua
2363 2362 2572 2418 solebat
2600 2363 2882 2435 diligentia
2898 2365 3346 2437 illisintenderet,
3370 2374 3551 2442 quoad

1951 2465 2237 2521 personam
2272 2460 2432 2507 tantae
2462 2452 2540 2508 rei
2596 2453 2857 2510 idoneam
2912 2455 3025 2511 Deo
3082 2467 3414 2516 monstrante
3469 2463 3551 2518 illi

1951 2536 2274 2594 substituere
2303 2539 2505 2609 possit.

2026 2628 2152 2681 Post
2179 2628 2295 2683 haec
2324 2628 2594 2684 instabant
2622 2630 2741 2685 dies
2763 2632 3141 2703 Rogationum,
3176 2640 3231 2691 et
3248 2653 3432 2694 servus
3451 2641 3551 2696 Dei

1908 2750 1911 2753 η
1955 2715 2244 2771 Oswaldus
2270 2726 2487 2787 sumpto
2516 2719 2705 2775 itinere
2736 2721 3075 2778 Rameseiam
3107 2725 3239 2795 petit
3268 2727 3403 2797 (27),
3424 2729 3553 2784 visi-

1955 2812 2067 2859 tare
2096 2804 2304 2860 scilicet
2353 2815 2405 2861 et
2460 2808 2731 2863 consolari
2787 2810 3001 2879 fratres,
3060 2827 3215 2883 quos,
3276 2823 3333 2868 ut
3388 2833 3558 2887 supra

1955 2893 2663 2963 meminimus,jamdudum
2685 2897 2762 2952 ibi
2789 2908 3061 2969 posuerat.
3095 2902 3262 2957 Adest
3294 2919 3308 2973 ;
3341 2913 3395 2960 et
3431 2922 3556 2962 mo-

1954 2982 2114 3036 nachi
2143 2998 2240 3051 pro
2262 2999 2415 3039 more
2447 2984 2849 3041 nominatorum
2880 2987 3094 3043 dierum
3138 2992 3435 3060 procedunt
3489 2996 3559 3049 ad

1954 3069 2234 3125 ecclesiam
2265 3071 2438 3128 beatae
2467 3073 2667 3141 Mariae,
2699 3091 2821 3144 quae
2850 3076 2922 3129 ob
2952 3076 3362 3146 interjacentem
3394 3082 3554 3152 palu-

1878 3204 1927 3267 ϐ
1958 3157 2081 3211 dem
2113 3160 2328 3213 nonnisi
2358 3160 2525 3232 longo
2553 3161 2781 3217 circuitu
2797 3178 2896 3232 per
2918 3165 3122 3219 siccum
3145 3166 3284 3222 adiri
3321 3169 3556 3226 valebat.

1956 3245 2348 3267 1’τι.;--ι-ι,..-ι-
2386 3246 2548 3267 ﬁt---
2592 3256 2632 3267 Α.
2670 3263 2689 3267 Α
2748 3265 2768 3267 κ,
2790 3263 2808 3267 Α
2835 3247 2960 3267 ,.en_
3112 3253 3124 3267 I
3264 3253 3275 3265 ο
3512 3265 3519 3267 ᾼ

1956 3245 2058 3299 Ubi
2084 3245 2356 3300 celebrata
2386 3246 2556 3301 missa
2584 3256 2637 3301 et
2665 3263 2698 3302 a
2746 3247 3000 3317 pontiﬁce
3047 3253 3277 3308 solemni
3333 3265 3560 3324 peracto

1952 3332 2358 3402 praedicationis
2409 3332 2604 3402 ofﬁcio,
2658 3338 2915 3391 monachi
2986 3338 3383 3412 longitudinem
3459 3345 3562 3401 vias

1954 3434 2062 3490 qua
2089 3425 2348 3475 venerant
2403 3423 2730 3493 compendio
2785 3430 2992 3480 mutare
3046 3428 3305 3497 volentes,
3364 3446 3559 3486 navem

1953 3508 2276 3577 ascendunt,
2310 3510 2379 3564 ad
2410 3511 2796 3569 monasterium
2824 3528 2926 3582 per
2965 3512 3190 3571 ﬂuvium
3243 3518 3333 3587 qui
3389 3519 3559 3575 inter-

1956 3596 2072 3652 fluit
2098 3596 2341 3653 redituri.
2381 3598 2575 3654 Verum
2607 3599 2738 3654 dum
2768 3601 2947 3671 major
2975 3618 3235 3661 numerus
3282 3607 3563 3664 hominum

1954 3684 2011 3739 in
2041 3701 2235 3741 navem
2266 3685 2479 3759 fugeret
2507 3704 2667 3758 quam
2699 3690 2853 3745 navis
2882 3690 3023 3747 ferre
3054 3690 3280 3764 valeret,
3340 3705 3561 3754 onerata

1956 3773 2119 3829 nimis
2148 3775 2322 3847 mergi
2354 3777 2536 3847 coepit.
2559 3776 2863 3834 Turbantur
2890 3779 2944 3835 in
2985 3781 3111 3837 navi
3175 3785 3552 3857 consistentes,

1957 3871 2007 3919 et
2029 3864 2165 3919 mori
2198 3873 2459 3922 metuunt.
2492 3866 2839 3936 Exclamant,
2874 3885 3037 3942 opem
3085 3871 3229 3928 beati
3284 3874 3560 3933 Benedicti

1957 3965 2019 4007 ac
2046 3952 2129 4005 sui
2160 3952 2334 4007 Patris
2356 3952 2598 4009 Oswaldi
2628 3954 2819 4011 afferre
2847 3957 2950 4012 sibi
3000 3960 3355 4029 postulantes.
3411 3965 3553 4020 Nam

1956 4039 2075 4109 ipse
2105 4040 2281 4108 Pater,
2314 4041 2371 4095 in
2412 4042 2528 4112 ripa
2583 4042 2828 4100 ﬂuminis
2884 4047 3062 4102 adhuc
3119 4057 3290 4117 stans,
3343 4051 3409 4106 iis
3466 4053 3557 4122 qui

1954 4142 2137 4182 secum
2168 4135 2320 4183 erant
2354 4128 2483 4184 utila
2512 4132 2762 4200 quaedam
2793 4146 2857 4189 ac
2920 4137 3236 4192 necessaria
3292 4138 3554 4209 dispone-

1957 4214 2085 4281 bat;
2120 4221 2177 4269 ut
2205 4223 2385 4271 autem
2412 4218 2631 4274 auribus
2660 4219 2778 4289 ejus
2804 4221 3011 4278 clamor
3029 4223 3287 4291 insonuit,
3337 4234 3555 4298 stupore

1958 4303 2235 4374 attonitus,
2268 4320 2393 4360 mox
2435 4305 2565 4363 illuc
2612 4308 2817 4364 lumina
2852 4309 3021 4379 ﬂexit,
3053 4320 3108 4367 et
3162 4313 3356 4369 videns
3412 4313 3553 4372 ﬁlias

1958 4406 2086 4447 suos
2114 4391 2169 4446 in
2187 4392 2374 4448 mortis
2398 4394 2648 4463 periculo
2678 4397 2912 4467 positos,
2951 4414 3047 4455 cor
3075 4400 3144 4455 ad
3172 4401 3369 4471 Deum,
3415 4403 3553 4459 dex-

247 4490 542 4560 pensaudo
575 4494 804 4546 tractare
834 4496 887 4545 et
914 4489 1200 4545 tractando
1229 4488 1563 4561 dispensare,
1605 4495 1667 4546 ut
1720 4488 1855 4544 nihil
1885 4558 1929 4565 _
1959 4488 2096 4536 tram
2128 4481 2347 4538 tetendit
2374 4483 2443 4538 ad
2474 4483 2616 4540 illos.
2650 4485 2771 4554 Quo
2809 4487 2966 4559 signo
2987 4487 3163 4545 beatae
3184 4492 3354 4547 crucis
3388 4493 3555 4565 edito,

313 4672 428 4743 (26)
456 4670 774 4743 Oswaldum
823 4669 1092 4726 Oskitello
1126 4669 1487 4743 immediate
1518 4670 1846 4743 successisse

241 4740 563 4808 Eadmerus,
622 4742 929 4797 Florentius
994 4749 1047 4797 et
1120 4740 1521 4796 Malsburiensis
1604 4742 1841 4797 tradunt.

237 4814 619 4869 Adelwoldum
650 4821 831 4869 tamen
884 4813 1229 4882 interponunt
1256 4814 1490 4867 Thomas
1544 4812 1737 4867 Stubss
1793 4821 1846 4867 et

242 4885 468 4939 Simeon
518 4884 779 4954 Dunelm,
807 4883 1126 4939 Adelwoldo
1180 4882 1498 4954 dignitatem
1568 4883 1843 4954 abrenun-

239 4956 409 5010 tiante
439 4958 726 5010 susccessit
751 4953 1042 5010 Oswaldus
1064 4968 1208 5008 anno
1237 4953 1358 5008 972.
1393 4954 1498 5007 Isto
1515 4953 1661 5007 enim
1697 4969 1845 5010 anno

238 5025 768 5094 archiepiscopatum
798 5026 1195 5080 Eboracensem
1225 5023 1375 5077 illum
1405 5023 1703 5079 obtinuisse
1727 5041 1845 5079 nar-

237 5105 367 5152 rant
393 5094 714 5168 Ingulphus,
746 5095 1171 5167 Wigorniensis,
1204 5094 1526 5168 Hovedenus
1556 5103 1608 5149 et
1637 5095 1842 5149 Dunel-

239 5165 533 5223 mensis'in
563 5165 666 5223 lib.
695 5168 776 5222 De
819 5165 961 5237 gest.
1018 5181 1134 5237 reg.
1188 5165 1349 5237 Angl.
1412 5166 1620 5235 Eodem
1675 5181 1839 5232 anno,

241 5253 431 5310 mense
456 5236 924 5310 Septembri_obiit
952 5236 1193 5310 Joannes
1211 5252 1377 5310 papa,
1411 5252 1445 5290 a
1477 5251 1590 5310 _quo
1618 5237 1841 5310 pallium

237 5309 499 5367 Oswaldo
527 5306 711 5364 datum
742 5307 1047 5363 Eadmerus
1075 5306 1277 5361 scribit.
1312 5308 1717 5377 Dunelmensis
1741 5306 1840 5377 igi-

238 5391 324 5438 tur
356 5382 564 5450 lapsus,
597 5381 686 5450 qui
716 5379 794 5449 (in
820 5377 1049 5448 epistola
1078 5378 1145 5432 de
1173 5377 1588 5450 pontif._Ebor.)
1617 5376 1840 5450 pallium

236 5468 270 5509 a
330 5447 631 5507 BenediCto—
675 5447 901 5505 Icannis
969 5464 1283 5504 successore
1363 5447 1630 5503 donatum
1705 5448 1838 5504 vult.

239 5524 401 5578 Certe
430 5520 600 5576 falsus
628 5521 864 5577 Thomas
894 5518 1119 5587 Stubbs,
1150 5520 1242 5590 qui
1273 5518 1553 5589 Stephano
1579 5534 1737 5591 papae
1782 5519 1838 5574 id

238 5600 532 5662 acceptum
562 5593 744 5648 refert.

314 5660 429 5739 (27)
476 5664 865 5721 Monasterium
918 5661 1271 5720 Ramesiense
1316 5661 1404 5719 bis
1456 5660 1526 5719 ab
1581 5660 1839 5720 Oswaldo

463 5762 707 5826 Pauca.
730 5763 920 5824 CLIX.

1883 4558 1937 4619 D

1950 4657 2224 4739 visitatum
2255 4668 2518 4739 memorat
2546 4662 2856 4739 Registrum
2887 4665 3240 4723 Ramesiense
3265 4668 3343 4739 (in
3366 4669 3550 4728 Mona-

1951 4729 2105 4804 stico,
2121 4738 2269 4804 _tom.
2312 4732 2359 4804 I,
2390 4748 2450 4804 ρ.
2489 4729 2655 4804 24ο)ῗ
2674 4735 2916 4789 Primum
2936 4751 3078 4792 anno
3099 4741 3223 4804 972,
3249 4729 3339 4794 die
3358 4741 3548 4798 Decol-

1951 4800 2165 4875 lationis
2193 4801 2362 4875 sancti
2393 4800 2635 4871 Joannis,
2676 4805 2893 4875 quando
2911 4800 3220 4863 monachos
3257 4809 3547 4870 duodecim

1950 4870 2388 4927 Westberienses
2407 4888 2589 4928 secum
2618 4870 2885 4932 adductos
2912 4877 3045 4932 inibi
3075 4878 3383 4936 collocavit.
3408 4884 3550 4941 Dein

1949 4957 2091 4997 anno
2148 4944 2269 5006 974,
2321 4944 2536 5013 quando
2586 4962 2695 5000 una
2742 4961 2868 5002 cum
2935 4949 3209 5006 Dunstano
3261 4953 3549 5013 ecclesiam

1951 5013 2678 5091 RamesiensemAdedicavit.
2710 5018 2930 5091 Factum
2960 5020 3015 5074 id
3046 5036 3187 5076 anno
3209 5024 3332 5091 974,
3374 5027 3405 5078 6
3464 5028 3546 5084 Id.

1948 5083 2297 5167 Novembris,
2354 5084 2664 5167 staldum
2718 5089 3007 5167 comitante
3056 5107 3164 5167 non
3247 5083 3543 5167 Dunstano,

1949 5155 2045 5233 sed
2074 5154 2804 5233 AlfnothoDorcacestrensi
2830 5161 3089 5233 episcOpo
3138 5165 3294 5232 juxta
3350 5154 3544 5223 monal

1948 5227 2110 5309 chum
2141 5227 3039 5309 Ramcsiensem(apud_ltfabillon;
3078 5227 3201 5291 saec.
3238 5252 3287 5305 γ,
3313 5253 3366 5306 ρ.
3392 5241 3539 5309 742).

1949 5295 2100 5379 Idem
2130 5297 2285 5352 etiam
2317 5298 2547 5379 primam
2574 5295 2812 5379 stvaldi
2843 5303 3209 5379 visitationem,
3250 5295 3540 5379 memorat,

1948 5374 2071 5421 ante
2101 5383 2301 5445 annum
2325 5376 2537 5445 autern
2570 5372 2672 5426 972
2728 5373 3024 5445 contigisse
3065 5376 3256 5431 innuit.
3311 5372 3541 5434 Demum

1948 5452 2101 5519 anno.
2137 5441 2259 5519 991,
2318 5437 2611 5519 Oswaldus
2643 5437 2954 5519 ecclesiam
3008 5446 3412 5503 Ramesiensem
3471 5449 3539 5504 ab

1946 5508 2255 5591 Ethelepo
2283 5511 2482 5591 comite
2513 5511 2901 5591 {exaediﬁcatam
2940 5515 3128 5591 iterum
3179 5519 3534 5591 consecravit,

1949 5595 2004 5638 Vl
2034 5578 2116 5638 Id.
2150 5579 2486 5653 Novembr.,
2510 5582 2737 5654 feriam,
2756 5590 2979 5644 auctore
3008 5587 3293 5644 Florentio.
