4032 6078
461 281 566 343 ’7⁸79

1448 271 1773 343 EADMERI
1814 273 2369 344 CANTUARIENSIS
2421 277 2744 345 MONACHI

3640 282 3747 350 780

457 412 605 468 illico
661 412 816 467 navis
865 403 932 466 ab
986 418 1248 483 aquarum
1297 410 1662 482 profunditate
1739 428 2039 483 emergens.
2074 412 2129 471 A
2160 422 2411 483 agentem
2443 413 2804 486 contigitvice
2834 415 3064 487 quadam
3095 417 3311 474 venisse
3365 418 3621 491 Rhipum,
3683 421 3777 474 ubi

452 502 605 574 quasi
662 501 798 556 nihil
848 500 1028 556 oneris
1082 499 1262 567 ferret,
1322 498 1374 554 in
1416 499 1726 557 ulteriorem
1812 501 2047 556 ﬂuminis

453 591 631 662 ripam
658 590 1022 662 prosperrime
1053 589 1207 661 lapsu
1238 606 1359 644 cum
1380 589 1633 645 omnibus
1650 607 1772 661 qua
1792 591 2046 661 portabat

452 692 645 736 evecta
677 687 777 736 est.
807 680 1004 751 Magno
1036 679 1214 733 timori
1245 679 1505 734 securitas
1535 695 1729 749 magna
1785 678 2044 746 succedit,

447 785 528 833 ac,
560 781 660 838 pro
688 783 745 822 re
777 784 899 838 qua
927 767 1211 834 acciderat,
1245 766 1479 822 Deilaus
1509 784 1576 822 ex
1607 768 1774 824 corde
1804 769 2044 824 omnium

451 866 505 913 et
533 873 626 912 ore
657 855 924 928 procedit.

519 946 655 1000 Dein
685 944 978 1016 aliquando
1009 951 1258 1014 tempore
1288 943 1382 1010 ibi,
1417 953 1606 1000 utsua
1640 945 2048 1001 consuetudinis

446 1042 584 1098 erat,
618 1034 756 1089 inter
785 1033 1081 1089 monachos
1112 1033 1336 1104 degens,
1358 1031 1708 1088 adiﬁcationi
1739 1035 1861 1089 vitae
1917 1034 2044 1090 illo-

447 1140 564 1178 rum
597 1122 792 1178 diebus
822 1137 884 1178 ac
915 1121 1163 1177 noctibus
1211 1121 1542 1176 intendebat.
1604 1123 1667 1176 Et
1723 1139 1847 1178 ecce
1902 1139 2044 1178 nun-

450 1213 552 1268 tius
578 1211 798 1282 quidam
855 1227 885 1265 a
939 1210 1218 1265 monachis
1264 1209 1603 1266 Heliensibus
1658 1211 1892 1266 directus
1943 1212 2046 1267 ad-

448 1302 692 1368 veniens,
724 1299 951 1354 innotuit
979 1315 1146 1353 unum
1177 1315 1245 1353 ex
1267 1298 1374 1353 illis
1404 1299 1470 1353 de
1500 1300 1742 1355 maceria
1787 1301 2048 1356 Ecclesia

450 1389 848 1462 praecipitatum
894 1386 1071 1442 subita
1128 1395 1304 1442 morte
1361 1387 1704 1443 occubuisse.
1763 1389 1844 1443 Ad
1903 1389 2048 1461 quod

456 1477 745 1535 Oswaldus
777 1475 1082 1531 vehementi
1110 1492 1342 1531 maerore
1373 1477 1613 1545 dejectus
1643 1479 1883 1546 (noverat
1904 1478 2049 1533 enim

452 1567 730 1623 hominem
760 1581 867 1620 non
897 1581 1282 1636 usquequaque
1312 1565 1478 1620 vitam
1533 1565 1742 1620 duxisse
1788 1566 2046 1639 felicem),

454 1655 739 1712 confestim
771 1654 910 1724 quod
939 1653 1126 1708 debuit
1155 1652 1394 1708 officium
1416 1653 1463 1709 ei
1510 1655 1787 1710 cbaritatis
1833 1655 2051 1726 impen-

453 1745 549 1801 dit.
573 1743 786 1799 Etenim
816 1741 1096 1797 monachis
1135 1741 1234 1795 sub
1264 1758 1370 1797 uno
1399 1743 1608 1797 vocatis
1631 1743 1817 1814 pandit
1875 1760 2048 1799 even-

455 1843 570 1890 tum
602 1832 701 1901 rei,
753 1831 1135 1902 subjungendo
1191 1847 1385 1900 preces
1451 1832 1642 1902 quibus
1720 1833 2055 1888 exhortando

453 1930 671 1996 perorat
698 1925 963 1991 quatenus
995 1935 1094 1990 pro
1125 1920 1304 1974 anima
1336 1919 1584 1976 defuncti
1615 1921 1906 1977 Dominum
1937 1930 2052 1976 stu-

455 2012 662 2067 diosius
692 2017 863 2066 orent.
905 2010 1101 2063 Parent
1131 2008 1203 2061 illi
1237 2009 1457 2064 monitis
1489 2011 1631 2080 ejus,
1664 2019 1715 2066 et
1737 2027 1837 2080 pro
1859 2019 2058 2067 aterna

455 2102 626 2157 salute
669 2099 844 2153 fratris
867 2097 1062 2152 instant
1095 2097 1363 2168 vigililiis,
1428 2098 1620 2152 instant
1676 2101 1919 2169 psalmis,
1979 2101 2056 2155 in-

453 2197 594 2246 stant
623 2186 895 2258 lacrymis,
930 2187 1208 2258 pulsantes
1256 2185 1324 2240 ad
1385 2187 1603 2254 ianuam
1661 2187 2056 2243 misericordia.

453 2278 640 2334 mundi
684 2275 1087 2345 Redemptoris.
1149 2274 1325 2344 Super
1379 2275 1495 2330 hac
1554 2291 1771 2347 quoque
1829 2277 2058 2348 singulis

452 2367 651 2424 diebus
684 2363 907 2420 otfertur
930 2379 1032 2433 pro
1065 2379 1130 2418 eo
1163 2364 1215 2418 id
1246 2363 1390 2432 quod
1422 2362 1508 2418 his
1540 2365 1799 2419 omnibus
1830 2364 2060 2420 antecel-

456 2458 534 2523 lit,
569 2455 702 2510 illud
734 2453 937 2508 scilicet
965 2451 1290 2507 sacriﬁcium
1320 2451 1496 2506 laudis
1528 2452 1668 2522 quod
1702 2453 1754 2507 in
1789 2468 1880 2507 ara
1929 2469 2055 2510 cru-

451 2546 529 2602 cis
563 2544 732 2598 Filius
762 2542 859 2597 Dei
890 2540 1080 2596 obtulit
1112 2541 1252 2595 Patri
1282 2557 1378 2596 suo
1407 2558 1504 2613 pro
1535 2542 1720 2597 nobis.
1761 2541 1898 2604 Qua
1929 2544 2056 2597 dum

462 2633 614 2697 ﬁunt,
647 2645 759 2684 una
808 2629 1047 2685 noctium
1107 2628 1366 2698 pontifici,
1432 2630 1484 2684 in
1544 2631 1783 2685 oratione
1841 2631 2055 2687 Christo

455 2721 603 2792 apud
633 2719 942 2773 Eboracam
962 2718 1283 2784 intendenti,
1303 2717 1589 2773 defunctus
1619 2718 1766 2774 idem
1781 2718 2062 2774 visibiliter

459 2807 710 2878 apparuit
743 2825 754 2868 ;
791 2823 822 2860 a
853 2822 959 2876 quo
989 2815 1364 2876 percunctatus
1407 2806 1528 2876 quis
1585 2817 1745 2873 esset,
1793 2807 1943 2862 illum
2001 2824 2058 2862 se

457 2913 555 2968 pro
585 2911 694 2966 quo
725 2903 776 2949 et
807 2895 921 2965 ipse
951 2909 1046 2965 per
1074 2909 1132 2948 se
1162 2894 1318 2948 etalii
1351 2910 1448 2964 per
1476 2895 1653 2964 ipsum
1687 2897 1858 2950 Deum
1888 2896 2057 2951 inter-

395 2993 403 3001 '
461 2985 739 3058 pellabant
770 2999 894 3038 esse
926 2982 1223 3051 respondit.
1250 2985 1313 3036 At
1338 2982 1426 3036 ille
1450 2984 1746 3054 suspirans,
1784 2986 2056 3054 Qualiter,

458 3075 650 3146 inquit,
691 3074 894 3139 frater,
920 3071 1018 3127 tibi
1044 3072 1160 3142 fuit
1176 3073 1259 3128 vel
1280 3073 1698 3144 qualiternunc
1718 3079 1800 3129 est
1823 3073 1850 3126 i’
1865 3075 2057 3129 [lacte-

457 3163 698 3233 nus,ait,
733 3160 902 3217 valde
931 3162 1100 3229 male,
1126 3177 1282 3216 nunc
1311 3165 1505 3216 autem
1537 3162 1697 3217 valde
1728 3161 1890 3217 bene.
1929 3163 2056 3217 Tuis

454 3255 655 3326 quippe
670 3253 890 3308 meritis
921 3254 975 3306 et
1002 3251 1260 3321 precibus
1289 3267 1323 3304 a
1353 3251 1533 3321 panis
1553 3251 1748 3321 quibus
1761 3252 2057 3306 cruciabar

456 3359 556 3414 per
585 3341 850 3412 angelum
875 3355 1043 3394 suum
1062 3353 1151 3394 me
1191 3339 1282 3393 die
1331 3339 1594 3394 hesterna
1641 3341 1857 3411 eripuit
1892 3341 2052 3396 Deus.

460 3431 612 3499 Quod
642 3435 699 3486 et
754 3429 853 3484 tibi
911 3427 1260 3484 insinuando
1317 3429 1448 3483 veni
1479 3429 1697 3498 gratias
1735 3444 1917 3500 agere,
1955 3444 2057 3500 quo

457 3520 776 3576 adverteres
808 3518 940 3572 licet
979 3516 1032 3570 id
1091 3517 1301 3588 Optime
1365 3517 1530 3584 scias,
1577 3533 1743 3588 quam
1777 3520 2057 3589 gratiosus

455 3627 556 3682 pro
595 3610 696 3664 hoc
726 3610 782 3662 et
812 3606 945 3660 aliis
975 3607 1099 3667 iure
1129 3605 1324 3659 debeas
1360 3603 1468 3660 Deo
1490 3607 1762 3661 existere.
1809 3606 1904 3659 His
1936 3605 2055 3660 dic-

457 3697 541 3762 tis,
573 3710 682 3750 non
712 3692 1030 3763 comparuit.
1061 3692 1152 3746 Vir
1173 3701 1350 3746 autem
1381 3692 1618 3760 Domini,
1638 3709 1840 3763 magno
1858 3693 2056 3764 gaudio

455 3785 526 3840 ad
556 3784 654 3837 ista
686 3781 945 3851 repletus,
1010 3779 1286 3835 benedixit
1346 3780 1520 3836 Deum
1578 3797 1744 3851 super
1795 3778 2055 3836 ineffabili

454 3870 828 3928 misericordia
852 3869 990 3938 ejus.
1024 3869 1186 3923 Facto
1218 3884 1396 3934 mane,
1429 3868 1559 3940 quid
1582 3869 1787 3925 factum
1814 3870 1901 3937 sit,
1925 3869 2055 3940 quid

453 3958 810 4029 viderit,quid
849 3957 1100 4013 audierit.
1126 3955 1334 4013 Dehinc
1356 3957 1631 4013 exsultans
1663 3965 1713 4012 et
1737 3957 2055 4029 gaudensin

453 4050 663 4120 Spiritu
693 4055 900 4118 sancto,
935 4061 1034 4118 pro
1065 4061 1125 4100 re
1157 4061 1275 4116 qua
1321 4047 1626 4118 contigerat
1681 4047 1889 4118 gratias
1945 4047 2058 4118 egit

450 4141 565 4195 Deo
599 4136 744 4192 Patri
775 4153 875 4206 per
903 4134 1232 4191 oblationem
1262 4135 1506 4204 corporis
1547 4143 1599 4189 et
1627 4135 1909 4206 sanguinis
1965 4135 2052 4190 di-

450 4225 728 4283 lectissimi
760 4224 876 4279 Filii
907 4223 1008 4291 sui,
1043 4223 1095 4277 in
1126 4237 1233 4294 quo
1255 4223 1394 4290 solo,
1445 4223 1583 4278 sicut
1634 4223 1751 4292 ipse
1807 4227 2048 4289 testatur,

449 4316 590 4373 bene
620 4313 918 4385 complacet
949 4311 1053 4366 sibi
1078 4310 1301 4380 (Matth.
1329 4325 1424 4379 xu,
1464 4313 1566 4378 18).
1592 4311 2051 4366 Mandavitetiam

449 4407 551 4462 hoc
581 4405 754 4476 ipsum
789 4400 910 4456 filiis
935 4400 1066 4466 suis,
1101 4400 1384 4454 monachis
1432 4397 1685 4455 videlicet
1730 4399 2050 4454 Ramesien-

2162 499 2355 556 beatus
2412 503 2691 572 quondam
2746 504 3039 560 Wilfridus
3119 506 3306 562 nobile
3389 516 3768 564 construxerat

2160 590 2442 660 templum,
2472 591 2524 644 in
2555 608 2661 663 quo
2693 593 2806 663 ipse
2830 594 3027 650 mundo
3081 595 3325 650 sublatus
3383 597 3551 653 scitur
3604 597 3770 652 fuisse

2168 679 2427 748 sepultus.
2455 681 2568 736 Hoc
2594 682 2857 751 templum
2887 691 3010 738 ante
3070 693 3284 755 tempus
3335 685 3478 740 beati
3535 685 3779 740 Oswaldi

2163 765 2516 823 barbarorum
2546 769 2830 841 irruptioni
2857 771 3028 841 patuit
3061 773 3188 843 ;qui
3246 773 3383 828 illud
3433 790 3633 846 magna
3690 788 3764 828 ex

2162 865 2314 927 parte
2345 857 2601 927 dirutum,
2635 873 2742 914 non
2775 860 3095 916 ministeriis
3147 861 3368 927 divinis,
3401 864 3495 917 sed
3526 861 3767 917 latibulis

2163 943 2351 999 ferinis
2379 944 2616 1001 fecerunt
2646 949 3080 1004 accommodum.
3113 949 3293 1021 Hujus
3335 951 3521 1022 templi
3577 967 3767 1006 conse-

2162 1041 2311 1103 ptum
2346 1034 2424 1087 vir
2444 1034 2540 1089 Dei
2563 1034 2888 1104 subintrans,
2915 1047 3076 1094 noctu
3098 1039 3408 1110 pervigitin
3437 1038 3775 1094 orationibus

2163 1122 2293 1176 inibi
2326 1124 2545 1179 mansit.
2590 1124 2706 1180 Illic
2737 1141 2868 1198 ergo
2902 1127 3090 1181 divina
3126 1127 3461 1184 revelatione
3492 1129 3771 1192 lustratus,

2163 1211 2354 1267 didicit
2383 1212 2502 1284 ipso
2531 1213 2654 1268 loco
2674 1222 2983 1270 sanctorum
3039 1231 3266 1287 corpora
3323 1216 3536 1272 condita
3594 1233 3716 1274 esse
3751 1238 3765 1286 ;

2161 1316 2282 1370 qua
2311 1299 2644 1372 investigans
2673 1319 2797 1358 cum
2839 1302 3152 1358 nominibus
3205 1304 3539 1376 singulorum
3597 1306 3766 1362 dubio

2162 1389 2350 1458 procul
2376 1389 2664 1445 inveniret.
2701 1390 2859 1446 Facto
2890 1409 3047 1447 mane
3077 1408 3206 1448 suos
3255 1403 3522 1449 convocat
3552 1413 3564 1457 ;
3631 1396 3762 1466 quid

2161 1487 2323 1532 noctu
2354 1478 2627 1548 accepirit,
2662 1479 2742 1534 eis
2772 1488 3001 1535 enerrat.
3027 1481 3108 1536 Ad
3139 1481 3322 1536 audita
3353 1484 3533 1537 cuncti
3580 1483 3773 1537 exsul-

2161 1573 2296 1621 tant.
2337 1566 2508 1637 Igitur
2530 1567 2599 1622 ad
2624 1569 2835 1638 jussum
2865 1568 3136 1639 pontiﬁcis
3183 1570 3459 1626 semiruta
3516 1570 3772 1627 ecclesia

2159 1655 2529 1726 pavimentum
2558 1656 2835 1722 effoditur,
2892 1658 3190 1728 promissus
3247 1643 3530 1714 thesaurus
3583 1667 3774 1715 sancta

2161 1744 2468 1798 curiositate
2523 1745 2897 1817 investigatur.
2960 1749 3282 1803 Sanctorum
3354 1763 3584 1820 corpora
3644 1764 3770 1802 cum

2162 1832 2346 1887 tabula
2375 1833 2492 1888 hac
2521 1834 2830 1890 continente
2870 1836 3212 1906 reperientur
3256 1854 3267 1889 :
3299 1837 3401 1890 Hic
3433 1852 3770 1900 aequm-25cm

2164 1936 2417 1977 saxcrus
2433 1923 2778 1978 WILP‘RBDUS
2791 1938 3052 1980 ANTISTBS
3067 1925 3464 1993 Enonacan'srs,
3493 1942 3558 1980 ar
3598 1941 3770 1980 nava-

2161 2025 2328 2064 RBNDI
2385 2026 2628 2067 annuas
2675 2013 3019 2080 Trnaaa'rus,
3071 2014 3392 2080 Borwmus,
3441 2018 3759 2081 Anaanrcs,

2162 2099 2439 2156 Stenanus
2467 2117 2647 2163 ATQUE
2677 2102 3053 2157 Wthaxaus.
3072 2103 3154 2156 Ex
3167 2103 3250 2156 bis
3266 2119 3455 2158 servus
3479 2104 3764 2158 Deiomni-

2163 2189 2394 2257 potentis
2421 2190 2667 2260 gaudens
2699 2190 2991 2260 hilarisque
3035 2189 3290 2258 effectus,
3342 2205 3587 2262 repertas
3629 2191 3768 2247 reli—

2161 2277 2312 2346 quias
2341 2277 2460 2332 loco
2491 2276 2703 2332 interim
2734 2287 2860 2348 apto
2890 2279 3196 2335 collocavit.
3231 2279 3583 2334 Postmodum
3633 2295 3769 2336 vero

2163 2366 2235 2420 ad
2264 2381 2464 2435 corpus
2493 2367 2662 2420 sancti
2694 2366 2954 2423 Wilfredi
2981 2367 3178 2423 feretro
3228 2369 3615 2423 convenienter
3663 2383 3773 2439 ap-

2167 2462 2296 2523 tato,
2329 2455 2462 2510 illud
2493 2455 2546 2509 in
2586 2471 2651 2512 eo
2711 2472 2913 2527 magna
2969 2473 3094 2512 cum
3152 2457 3457 2513 reverentia
3513 2457 3769 2513 condidit

2165 2547 2349 2610 utpote
2379 2555 2541 2612 quem
2572 2557 2772 2611 magno
2804 2541 3079 2597 Wilfredo
3099 2583 3113 2610 ,
3162 2541 3432 2596 fundatori
3486 2541 3766 2610 videlicet,

2163 2629 2263 2684 loci
2294 2628 2466 2700 ipsius
2495 2630 2965 2702 consanguinitate
2990 2631 3239 2700 junctum
3294 2638 3540 2696 noverat,
3600 2645 3768 2698 quem

2163 2718 2216 2772 in
2245 2719 2487 2790 regimen
2521 2718 2781 2774 Ecclesia
2837 2719 3222 2786 Eboracensis,
3255 2718 3391 2773 sicut
3424 2717 3768 2773 Venerabilis

2165 2807 2318 2862 Beda
2348 2823 2521 2877 prope
2549 2805 2713 2861 fidem
2751 2807 3008 2863 Historia
3036 2809 3214 2880 gentis
3243 2807 3542 2879 Anglorum
3573 2806 3768 2874 refert,

2166 2895 2216 2950 ei
2247 2885 2850 2963 successissesciebat;
2905 2911 3172 2968 quemque
3228 2897 3301 2949 uti
3361 2895 3597 2950 nominis
3645 2895 3769 2964 ejus

2163 2992 2488 3051 consortem,
2521 2983 2589 3037 ita
2620 2992 2671 3038 et
2702 2985 2828 3039 vita
2886 2999 3209 3054 morumque
3268 2983 3540 3039 baredem
3599 2982 3774 3037 fuisse

2168 3081 2470 3144 acceperat.
2507 3073 2710 3142 Corpus
2735 3075 2848 3144 (28)
2878 3073 3146 3144 siquidem
3178 3072 3320 3126 illius
3349 3071 3575 3140 majoris
3617 3071 3775 3125 Wil-

2087 3132 2136 3195 Ο
2167 3163 2326 3231 tredi,
2361 3163 2505 3234 quod
2537 3161 2884 3216 semotumab
2932 3162 3056 3216 aliis
3111 3177 3212 3231 per
3267 3176 3323 3215 se
3381 3160 3435 3214 in
3492 3161 3758 3216 eminenti

2165 3252 2284 3306 loco
2314 3250 2368 3304 in
2399 3250 2517 3320 ipsa
2571 3251 2802 3306 ecclesia
2852 3250 3090 3304 tumbam
3147 3248 3429 3314 habuerat,
3491 3264 3651 3318 quam
3714 3255 3771 3302 et

2162 3339 2494 3412 epitaphium
2520 3347 2575 3393 ut
2603 3339 2748 3394 idem
2779 3339 2935 3393 Beda
2965 3339 3018 3392 in
3047 3338 3242 3394 eadem
3299 3336 3529 3391 Historia
3575 3345 3764 3392 narrat

2162 3429 2396 3501 digniter
2425 3428 2802 3494 decoraverat,
2836 3444 2868 3481 a
2897 3427 3138 3499 glorioso
3189 3425 3602 3482 Cantuariorum
3660 3441 3768 3480 an-

2165 3518 2324 3572 tistite
2357 3516 2571 3585 Odone,
2605 3517 2760 3586 cujus
2790 3516 2844 3570 in
2874 3516 3026 3571 initio
3055 3515 3216 3584 hujus
3273 3513 3517 3586 opusculi
3573 3515 3770 3584 paucis

2163 3607 2532 3675 meminimus,
2567 3605 2888 3660 translatum
2918 3605 3260 3661 Cantuariam
3306 3603 3497 3672 fuerat,
3557 3619 3764 3674 quem-

2162 3696 2454 3751 admodum
2485 3696 2710 3767 ipsemet
2739 3696 2793 3748 in
2822 3695 3055 3767 prologo
3087 3693 3222 3748 Vita
3281 3693 3449 3764 ipsius
3477 3691 3759 3759 Wilfredi,

2161 3801 2282 3856 qua
2309 3801 2412 3854 per
2441 3800 2563 3839 eum
2595 3784 2814 3840 heroico
2855 3792 3025 3838 metro
3067 3782 3369 3853 composita
3417 3790 3516 3849 est,
3545 3788 3768 3835 attesta-

2114 3913 2127 3924 .
2163 3880 2246 3928 tur
2274 3874 2347 3928 ita
2377 3873 2622 3929 scribens
2651 3893 2668 3928 :
2699 3873 2876 3944 Igitur
2891 3872 3404 3928 venerabilissimas
3427 3869 3575 3926 beati
3619 3885 3767 3926 con-

2157 3960 2387 4030 fessoris
2421 3958 2630 4014 Christi
2667 3957 2911 4028 Wilfridi
2941 3959 3212 4028 reliquias
3231 3955 3521 4011 indecenti
3575 3955 3759 4008 senti-

2159 4064 2311 4103 nosar
2328 4047 2611 4118 voraginis
2626 4047 2742 4102 situ
2762 4045 3067 4112 marcidas,
3093 4045 3276 4100 nimia
3293 4043 3436 4115 quod
3453 4043 3613 4098 dictu
3632 4058 3802 4118 quo-ﬂ,

2158 4152 2263 4208 que
2274 4137 2672 4192 meticulosum
2684 4138 2793 4201 est,
2813 4136 3179 4206 prwlatorum
3204 4131 3639 4203 horripilatione
3652 4145 3765 4186 ne—

2156 4227 2386 4297 glectas,
2401 4239 2530 4280 cum
2547 4224 2680 4280 inde
2694 4226 2893 4294 faente
2928 4222 3050 4280 Deo
3069 4222 3290 4278 scilicet
3304 4238 3339 4276 α
3363 4221 3478 4275 loco
3511 4218 3769 4291 sepulcri

2158 4307 2278 4377 ejus
2292 4305 2516 4377 quidam
2535 4305 2989 4371 transtulissent,
3013 4301 3568 4371 reverenterea'cepi,
3587 4302 3766 4369 atque

2157 4392 2313 4446 intra
2335 4389 2614 4444 ambitum
2633 4384 3397 4459 metmpolitanwcuigratia
3411 4383 3509 4438 Dei
3536 4382 3744 4454 praesi-

445 4466 774 4550 sibus'simul
804 4498 857 4546 et
885 4485 1347 4561 Wigornensibus
1379 4504 1391 4548 ;
1427 4494 1480 4542 et
1529 4485 1674 4557 quod
1705 4501 1803 4556 pro
1855 4487 2051 4543 animae
2084 4474 2259 4552 Πάου
2319 4474 2570 4530 ecclesia!
2617 4473 2918 4538 collocavi;
2965 4472 3282 4561 premet-tia:
3345 4470 3574 4561 cogente
3650 4466 3762 4561 illo

445 4582 624 4638 fratris
657 4578 996 4635 absolutione
1025 4577 1116 4647 pio
1149 4576 1262 4631 Deo
1295 4583 1476 4647 grates
1504 4575 1872 4643 exsolverent,
1925 4591 2050 4632 mo-

441 4671 557 4727 nuit
585 4676 636 4725 et
666 4671 907 4725 hortatus
937 4672 1035 4723 est.
1065 4664 1223 4734 Quod
1255 4665 1354 4735 ipsi
1387 4663 1648 4737 diligenti
1676 4664 1854 4720 studio
1885 4679 2044 4720 exse-

446 4768 553 4824 cati
576 4773 720 4823 sunt.

539 4866 812 4920 Praeterea
841 4862 1118 4919 diacesim
1153 4876 1303 4917 suam
1334 4858 1654 4933 opportunis
1717 4860 2054 4931 temporibus

450 4976 768 5032 peragrans,
801 4959 1069 5029 quidquid
1112 4958 1352 5014 ediscere
1417 4965 1632 5028 poterat
1687 4956 1740 5012 in
1798 4956 2044 5012 moribus

438 5073 662 5113 suorum
693 5057 881 5112 oculos
910 5055 1108 5110 summi
1137 5055 1237 5110 Dei
1265 5052 1560 5123 offendere,
1606 5061 1829 5124 paterna
1884 5053 2042 5108 casti-

439 5155 662 5228 gatione
691 5153 962 5220 corripere
1019 5161 1180 5222 atque
1238 5153 1516 5222 corrigere
1565 5150 1865 5223 satagebat.
1917 5149 2043 5206 Hac

505 5333 621 5405 (28)
646 5329 943 5405 Historiam
993 5325 1354 5405 translationis
1409 5327 1739 5405 reliquarum
1794 5323 2039 5405 Wilfridi

437 5395 689 5462 Senioris
719 5401 1020 5457 Eadmerus
1052 5399 1228 5453 fusius
1283 5395 1543 5452 narravit’
1571 5397 1628 5451 in
1685 5397 1803 5451 Vita
1862 5395 2036 5464 illius,

473 5493 557 5532 ua
585 5476 728 5530 inter
755 5477 887 5529 Acta
917 5469 1273 5526 Benedictim.
1313 5476 1504 5534 exstat,
1538 5466 1681 5523 Sac.
1708 5467 1801 5534 Ilf,
1827 5482 1882 5537 p.
1910 5469 2034 5521 226.

487 5564 516 5602 κ
550 5545 817 5601 Eadmero
848 5540 1145 5599 Gervasius
1170 5542 1223 5594 in
1250 5539 1520 5596 Chronico
1549 5555 1604 5608 p.
1634 5538 1790 5593 i291.
1819 5537 2038 5608 Acriter

429 5627 656 5675 econtra
690 5613 1090 5676 contendebant
1146 5611 1486 5670 Eboracesi»
1533 5605 1736 5682 corpus
1782 5605 2035 5665 Witt‘ridi

2156 4563 2514 4635 evangelista:
2565 4561 2920 4626 testimonio;
2955 4575 3076 4616 meo
3099 4558 3359 4614 videlicet
3383 4556 3765 4626 apologetico,

2156 4647 2289 4719 quia
2321 4647 2636 4714 ubicunque
2674 4644 2853 4714 fuerit
2890 4659 3108 4715 corpus,
3166 4639 3656 4712 congregabantur
3700 4643 3768 4694 et

2154 4730 2360 4802 aquilae
2399 4730 2551 4798 (Luc.
2615 4743 2746 4792 xvii,
2808 4729 2918 4796 37).
3007 4727 3202 4797 Itaque
3277 4727 3459 4779 tanta
3529 4726 3771 4791 tamque

2153 4816 2262 4870 Deo
2339 4814 2505 4884 digne
2581 4812 2884 4882 aﬂinitatis
2946 4809 3269 4866 delectatus
3317 4809 3631 4872 vicinitate,
3701 4811 3774 4862 ct

2152 4894 2390 4955 editiore
2432 4913 2524 4953 eas
2575 4894 2816 4952 entheca
2867 4895 3156 4959 decusare,
3207 4895 3265 4948 et
3337 4890 3620 4960 excerptis
3689 4891 3768 4946 de

2153 4982 2291 5039 libro
2343 4978 2489 5037 Vitae
2535 4981 2656 5050 ejus
2713 4979 2966 5048 ﬂosculis
3036 4992 3177 5035 novo
3252 4991 3418 5047 apere
3499 4976 3767 5046 pretium

2150 5067 2295 5123 duxi
2322 5067 2578 5122 carmine
2632 5069 2954 5121 venustare.
3013 5061 3229 5126 Levatis
3288 5073 3424 5130 ergo
3481 5058 3755 5131 reliquiis,

2148 5161 2206 5218 et
2255 5150 2655 5216 convenienter,
2712 5157 2766 5204 ut
2820 5147 2954 5216 dixi,
3014 5147 3224 5213 locatis,
3283 5142 3432 5197 aliud
3488 5143 3558 5196 ab
3641 5142 3740 5196 illo

2147 5321 2404 5376 Juniores
2433 5334 2539 5373 non
2571 5315 2808 5373 Senioris
2838 5315 2906 5371 ab
2962 5315 3152 5370 Odone
3188 5315 3507 5370 translatum
3564 5313 3758 5369 fuisse.

2148 5393 2229 5446 De
2263 5406 2368 5473 qua
2397 5388 2769 5473 controversia
2799 5387 2924 5440 vide
2955 5385 3405 5473 Malsburiensen‘i'
3460 5386 3537 5468 De
3589 5393 3740 5466 gest.

2148 5451 2338 5533 pontii.
2369 5462 2533 5532 Angl.
2573 5458 2614 5513 t'.
2657 5461 2778 5525 153,
2812 5467 2863 5513 et
2892 5465 3022 5512 tom.
3059 5451 3076 5509 l
3110 5455 3272 5526 hujus
3300 5451 3655 5521 collectionis,
3689 5466 3755 5526 p,

2148 5534 2235 5586 66.
2271 5532 2556 5586 Prolonum
2584 5538 2764 5585 autem
2810 5528 3016 5585 Odonis
3071 5526 3143 5583 ab
3198 5527 3473 5586 Eadmero
3522 5528 3755 5584 citatum

2147 5528 2235 5588 66.
2271 5528 2556 5604 Ρωιοεῖιηι
2584 5538 2764 5585 autem
2810 5528 3016 5585 Odonis
3071 5541 3105 5583 ι

2156 5605 2406 5678 superius
2432 5602 2620 5670 habes,
2645 5617 2706 5676 p.
2733 5603 2826 5659 50.
