4032 6078
217 299 316 359 ’781

1537 311 1696 373 νιΤΑ
1728 318 1792 375 S.
1831 317 2187 378 OSWALDI.

3414 337 3519 399 ’18!

213 433 363 529 quod
386 431 588 529 fecerat
618 431 796 506 primo
829 452 933 529 par
947 437 1276 529 omnimodis
1293 445 1344 494 et
1374 443 1590 512 aequale
1623 444 1812 499 beatus
1839 447 1895 506 Α
1920 460 2068 501 scere
2099 463 2239 518 opus
2281 450 2523 520 haberet,
2609 447 2757 511 locus
2812 451 3008 529 quietis
3036 476 3117 518 vae
3171 463 3373 520 misero
3407 467 3418 519 l
3476 465 3522 520 is

211 523 508 580 Oswaldus
536 523 797 580 feretrum
838 526 1140 592 fabricavit,
1173 527 1461 599 ipsumque
1490 547 1521 585 a
1541 547 1598 587 se
1626 548 1815 588 conse-

209 617 424 668 cratum
469 613 796 684 Wigornam
849 614 1158 669 destinavit.
1220 618 1281 670 In
1335 619 1488 688 cujus
1525 635 1814 677 consecra-

211 705 357 758 tione
392 709 616 773 rogatus
647 703 717 755 ad
766 715 1120 773 quarumnam
1150 703 1502 775 reliquiarum
1540 710 1816 763 conditio-

207 809 334 849 nem
369 791 499 846 illnd
531 798 776 861 apparet,
810 791 911 845 hoc
939 806 996 846 se
1025 792 1091 846 ad
1124 793 1384 848 honorem
1407 795 1506 849 Dei
1537 797 1818 868 respondit

212 880 613 952 composuisse,
644 888 695 934 et
740 879 817 933 illi
858 881 1139 950 cujusnam
1171 881 1414 954 reliquiae
1445 884 1624 940 forent
1667 886 1720 939 in
1751 902 1816 941 eo

215 969 518 1026 condendae
574 968 912 1023 notissimum
952 984 1093 1024 esse.
1153 970 1439 1026 Servatum
1504 982 1584 1028 est
1637 974 1816 1045 itaque

220 1059 506 1132 Wigornae
539 1057 794 1113 feretrum
825 1057 988 1126 idem,
1023 1075 1084 1112 ac
1113 1059 1353 1128 reliquiae
1404 1061 1576 1131 ipsius
1633 1062 1814 1117 admi-

207 1149 365 1204 randi
415 1147 587 1203 Patris
635 1146 875 1201 Oswaldi
932 1163 962 1199 a
1022 1152 1167 1202 terra
1223 1157 1345 1218 post
1391 1151 1590 1206 multos
1645 1166 1816 1207 annos

213 1239 406 1293 levatae
436 1250 638 1307 magno
665 1250 786 1291 cum
819 1234 1022 1289 honore
1051 1243 1171 1290 sunt
1202 1237 1255 1290 in
1301 1253 1366 1292 eo
1405 1238 1704 1296 collocatae.

288 1327 384 1381 His
412 1325 484 1380 ita
541 1324 719 1392 dictis,
761 1331 954 1394 emptae
998 1325 1292 1380 narrationi
1330 1326 1656 1384 insistemus.
1696 1330 1815 1384 Dif-

214 1417 335 1472 fusa
382 1415 546 1486 igitur
601 1412 901 1468 sanctitatis
933 1412 1071 1466 fama
1101 1415 1269 1469 sancti
1303 1415 1544 1470 Oswalbi
1575 1433 1640 1473 eo
1685 1435 1815 1489 pro-

222 1507 320 1562 diit
351 1513 407 1560 ut
437 1502 789 1574 languoribus
820 1501 982 1556 variis
1009 1503 1180 1572 pressi
1212 1505 1260 1558 ei
1291 1504 1360 1559 de
1410 1505 1706 1578 longinquo
1763 1508 1818 1562 id

226 1595 408 1666 ipsum
448 1591 788 1658 mandarent,
820 1591 920 1644 sibi
954 1591 1022 1645 ab
1071 1590 1166 1646 illo
1197 1593 1520 1648 subventum
1553 1595 1618 1648 iri
1670 1597 1818 1652 nullo

214 1685 382 1739 modo
413 1680 736 1736 difﬁdentes.
775 1680 886 1733 Nec
918 1677 1267 1736 fallebantur.
1313 1682 1470 1737 Verbi
1501 1684 1698 1756 gratia,
1734 1685 1818 1738 vir

213 1772 434 1844 quidam
466 1780 659 1841 potens
691 1769 806 1841 regi
838 1768 1061 1840 Edgaro
1097 1785 1165 1824 ex
1218 1770 1542 1838 ministerio,
1601 1789 1708 1844 quo
1765 1776 1813 1831 ei
1843 1802 1902 1862 Β

213 1860 484 1917 deservire
515 1859 743 1927 solebat,
777 1867 933 1912 notus
961 1867 1097 1913 erat.
1131 1859 1230 1915 llic
1278 1859 1460 1915 valida
1506 1859 1812 1916 infirmitate

210 1949 458 2021 corporis
487 1957 680 2015 tactus,
710 1962 807 2018 per
869 1949 1114 2001 nuntium
1172 1949 1287 2004 viro
1342 1949 1438 2004 Dei
1497 1967 1553 2003 se
1611 1951 1814 2020 oppido

218 2039 476 2094 inﬁrmari
509 2037 830 2107 simpliciter
862 2037 1171 2092 insinuavit.
1212 2040 1279 2092 At
1337 2038 1430 2092 ille
1489 2037 1817 2093 benedicens

215 2145 411 2202 panem
442 2128 598 2197 eique
629 2126 1010 2191 transmittens,
1040 2127 1273 2196 utplena
1294 2125 1401 2182 fide
1421 2128 1815 2196 recuperandae

221 2218 462 2274 sanitatis
521 2216 649 2270 inde
705 2215 1015 2270 comederet
1067 2213 1254 2283 jussit.
1323 2217 1471 2270 Fecit
1529 2217 1617 2270 ille
1675 2218 1817 2288 quod

211 2306 486 2380 praecepit;
548 2321 649 2361 nec
697 2305 857 2359 unius
914 2305 1064 2358 horae
1113 2305 1348 2374 spatium
1416 2305 1567 2375 prius
1608 2306 1819 2361 transiit

211 2411 366 2468 quam
400 2411 457 2450 se
489 2395 775 2467 degustato
805 2409 948 2462 pane
997 2392 1188 2446 melius
1241 2393 1495 2448 habuisse
1553 2395 1812 2464 percepit.

209 2486 332 2540 Alio
365 2494 610 2554 tempore
641 2483 767 2536 dum
800 2483 940 2537 idem
975 2481 1210 2536 famulus
1249 2483 1346 2536 Dei
1386 2483 1440 2536 in
1477 2482 1820 2538 multitudine

213 2590 432 2629 suorum
490 2572 636 2644 apud
705 2573 1002 2626 Eboracam
1087 2589 1378 2642 pransurus
1460 2573 1815 2643 consedisset,

205 2663 433 2735 jamque
491 2677 682 2732 panem
737 2676 831 2714 sua
895 2660 1252 2715 sacratissima
1330 2677 1493 2715 manu
1548 2661 1818 2733 signatum

213 2751 619 2809 considentibus
647 2749 1025 2816 distribuisset,
1086 2750 1226 2805 forte
1283 2751 1454 2805 micas
1509 2749 1819 2806 decidentes

203 2857 369 2898 sorex
398 2839 788 2912 superveniens
829 2839 990 2894 avido
1049 2838 1205 2894 simul
1263 2848 1314 2894 et
1368 2839 1570 2909 pavido
1625 2855 1811 2894 morsu

210 2931 471 3002 colligere
518 2929 697 2998 cmpit.
750 2925 852 2994 Qui
901 2926 1026 2980 dum
1079 2927 1129 2981 in
1188 2928 1426 2982 medium
1492 2927 1639 2982 nullo
1693 2944 1816 2982 eum

208 3019 512 3076 deterrente
543 3017 828 3085 prodisset,
872 3014 1174 3086 succubuit,
1201 3031 1301 3072 nec
1357 3033 1526 3086 usque
1556 3004 1816 3088 progredi

209 3108 400 3163 valuit.
442 3105 724 3160 Benedicti
749 3104 945 3158 etenim
997 3104 1154 3174 panis
1207 3103 1468 3173 reliquias
1524 3104 1810 3160 famelicus

202 3213 424 3264 vorans,
457 3211 558 3251 nec
615 3194 757 3263 quod
815 3193 1170 3248 devoraverat
1219 3193 1488 3248 ullatenus
1554 3209 1806 3248 evomere

205 3286 411 3357 quibat,
445 3293 497 3339 et
526 3282 817 3338 suffocatur
847 3282 1047 3338 subito.
1081 3281 1359 3338 Remansit
1414 3283 1593 3352 itaque
1654 3299 1806 3337 mor-

200 3384 342 3430 tuus.
381 3372 539 3442 Quod
572 3373 772 3426 factum
805 3387 870 3426 ne
910 3387 1021 3426 suae
1078 3370 1224 3425 laudi
1265 3370 1440 3440 quivis
1491 3369 1801 3437 ascriberet,

197 3463 511 3520 exanimem
543 3460 776 3516 bestiam
807 3476 839 3514 a
876 3459 1258 3529 conspectibus
1286 3458 1604 3513 intuentium
1641 3457 1804 3526 abjici

204 3554 287 3607 vir
343 3549 851 3623 providentissimus
902 3548 1080 3618 jussit.
1125 3547 1370 3620 Denique
1421 3547 1806 3603 animadvertit

192 3640 488 3697 nonnullos
517 3640 656 3695 inter
685 3655 745 3694 se
769 3637 893 3693 inde
924 3636 1092 3707 loqui,
1127 3645 1178 3691 et
1209 3653 1324 3692 rem
1356 3637 1491 3691 ultra
1509 3652 1670 3710 quam
1702 3634 1802 3690 sibi

195 3729 348 3786 cordi
399 3736 541 3783 esset
595 3725 910 3782 extollendo
969 3723 1252 3779 admirari.
1317 3725 1386 3780 Et
1414 3725 1543 3779 mihi
1575 3724 1799 3797 quidem

198 3819 307 3873 duo
346 3819 488 3882 hinc,
521 3832 642 3886 quae
675 3816 743 3870 de
780 3831 921 3885 pane
963 3815 1179 3887 signato
1198 3814 1445 3884 proxime
1475 3814 1616 3869 facta
1646 3823 1800 3871 retu-

197 3907 378 3971 limus,
411 3903 769 3962 consideranti
801 3919 906 3959 nec
924 3902 1159 3957 alienum
1190 3903 1258 3957 ab
1281 3902 1637 3958 admiratione
1682 3919 1800 3960 esse

196 3994 495 4066 perpendo,
530 3995 633 4049 hoc
674 3992 878 4047 scilicet
933 3991 1241 4046 irrationale
1291 3991 1491 4046 animal
1539 3992 1798 4061 praecipi-

197 4092 340 4139 tasse
373 4083 442 4137 de
474 4083 582 4137 vita
612 4081 667 4135 in
698 4088 950 4148 mortem,
980 4080 1125 4150 quod
1156 4079 1354 4134 animal
1386 4080 1654 4134 rationale
1672 4080 1797 4134 sub-

195 4171 662 4229 levavitamorte
717 4169 770 4223 in
831 4169 1014 4224 vitam.
1077 4168 1326 4224 Profecto
1394 4175 1585 4222 natura
1640 4170 1797 4237 panis

193 4261 382 4318 eadem
416 4260 472 4315 in
501 4259 593 4314 illo
651 4274 770 4329 quae
826 4259 882 4312 in
938 4257 1038 4314 isto
1095 4256 1212 4322 fuit;
1245 4264 1298 4312 et
1335 4256 1794 4329 quemadmodum

197 4353 366 4406 homo
397 4365 558 4421 pane.
593 4347 671 4402 sic
710 4354 763 4402 et
792 4362 950 4401 sorex
999 4346 1159 4400 alitur
1211 4361 1378 4416 pane.
1429 4343 1586 4413 Quod
1631 4345 1798 4417 igitur

192 4439 397 4495 homini
430 4436 630 4502 vitalis,
660 4435 818 4491 sorici
850 4435 1025 4491 factus
1069 4443 1148 4490 est
1202 4433 1449 4502 exitialis;
1497 4450 1599 4489 nec
1655 4434 1792 4488 sub-

193 4528 452 4583 stantiam
490 4527 665 4596 panis,
721 4523 817 4578 sed
874 4523 1124 4578 meritum
1185 4523 1405 4594 respicit
1462 4523 1790 4578 sanctissimi

203 4617 396 4678 Patris;
432 4614 523 4684 qui
562 4613 767 4683 ubique
797 4620 848 4667 et
877 4612 930 4666 in
961 4612 1168 4667 cunctis
1224 4627 1445 4681 parvus
1479 4619 1532 4667 et
1583 4612 1800 4666 humilis

187 4713 410 4760 exstans
441 4703 495 4756 in
538 4701 710 4758 oculis
739 4702 872 4768 suis,
907 4717 1136 4774 magnus
1184 4708 1298 4756 erat
1344 4701 1397 4754 in
1464 4700 1635 4756 oculis
1692 4698 1792 4755 Dei

189 4803 353 4865 atque
383 4790 651 4846 sublimis.
685 4790 847 4859 Quod
869 4790 1006 4846 inter
1034 4791 1142 4844 alia
1172 4805 1236 4844 eo
1266 4789 1617 4858 probabatur,
1642 4790 1790 4861 quia,

188 4897 258 4936 ne
316 4881 512 4949 dicam,
570 4879 668 4948 illi,
722 4880 819 4934 sed
851 4879 997 4948 quod
1028 4879 1205 4933 minus
1259 4886 1356 4945 est,
1413 4877 1550 4932 locis
1596 4878 1791 4948 quibus

186 4985 290 5039 per
310 4971 456 5024 vices
513 4968 762 5022 insistere
799 4967 1026 5030 solebat,
1095 4983 1190 5022 sua
1255 4967 1400 5021 Deus
1451 4965 1790 5035 protectione

175 5065 230 5113 et
258 5057 618 5128 correptione,
653 5073 719 5112 ne
761 5057 829 5111 ab
869 5056 1109 5128 indignis
1135 5063 1546 5127 occuparentur,
1606 5053 1786 5108 inten-

175 5145 361 5200 debaL

248 5235 361 5292 Sed
394 5235 532 5292 forte
563 5253 669 5292 non
693 5235 943 5291 credetur
975 5234 1040 5288 iis
1076 5249 1197 5303 quae
1214 5233 1467 5299 dicimus,
1500 5231 1542 5287 si
1573 5249 1633 5288 ea
1684 5232 1786 5288 de-

1922 529 2130 598 primus
2158 535 2410 603 occurrit,
2439 552 2598 606 quem
2637 542 2976 597 venerandus
3004 547 3198 615 praesul
3230 545 3520 604 Oswaldus

1925 618 2113 674 sedere
2144 620 2474 708 frequentius
2505 642 2714 682 morem
2744 627 3008 686 habebat.
3051 632 3171 688 Non
3210 652 3344 708 ergo
3380 637 3518 692 veri-

1924 708 2008 756 tus
2062 707 2401 762 sanctitatem
2453 709 2578 778 loci,
2637 728 2798 783 quam
2853 714 3029 770 fuerat
3081 733 3149 772 ex
3197 707 3520 778 assiduitate

1923 787 2196 854 pontificis
2227 800 2431 859 nactus,
2465 793 2518 848 in
2538 809 2602 849 eo
2636 812 2752 850 sese
2790 797 3003 866 dejecit,
3066 817 3260 859 somno
3293 805 3518 864 inibriac

1924 874 2067 965 dulci
2106 878 2283 946 quiete
2317 883 2464 935 velut
2495 881 2598 936 sibi
2618 885 2974 952 pollicebatur
3002 888 3282 949 fruiturus.
3312 895 3379 950 Et
3405 896 3523 965 jam

1925 964 2287 1034 quiescentem
2317 970 2449 1023 lenis
2476 985 2639 1040 sopor
2665 973 2910 1040 involvit,
2939 978 3034 1032 sed
3091 980 3298 1053 absque
3352 964 3522 1054 more,

1924 1068 2044 1107 eum
2076 1055 2146 1109 ab
2184 1055 2302 1126 ipsa
2360 1058 2539 1127 quiete
2596 1061 2809 1116 irruens
2868 1065 3176 1123 daemonum
3235 1072 3520 1130 multitudo

1923 1143 2175 1198 atrociter
2205 1146 2430 1201 evolvit.
2467 1150 2656 1204 Asrant
2686 1151 2884 1221 quippe
2914 1153 2991 1208 illi
3036 1157 3222 1226 plures
3267 1164 3521 1218 teterrimi

1923 1232 2164 1301 spiritus,
2196 1236 2343 1323 etab
2396 1251 2458 1290 eo
2490 1236 2723 1293 districta
2755 1243 3155 1302 examinatione
3206 1252 3524 1323 perquirunt

1924 1336 2172 1390 quaenam
2195 1321 2342 1377 illius
2375 1331 2613 1380 mentem
2646 1327 2916 1384 dementia
2931 1334 3154 1402 ceperit,
3187 1321 3438 1406 quas—sibi
3468 1350 3525 1396 ut

1924 1409 2066 1500 sein
2097 1410 2214 1500 loco
2257 1412 2384 1465 tanti
2415 1413 2682 1483 pontiﬁcis
2705 1417 2993 1475 collocaret
3015 1423 3300 1494 subripere
3326 1431 3516 1498 potuit.

1925 1499 2009 1551 Ad
2051 1499 2201 1570 quod
2223 1501 2484 1556 rationem
2515 1520 2674 1573 quam
2706 1523 2807 1576 pro
2835 1509 2917 1562 sui
2938 1514 3289 1570 excusatione
3319 1518 3524 1586 profer-

1926 1594 2004 1677 ret
2034 1588 2241 1642 nullam
2293 1591 2584 1647 habentem
2644 1593 2921 1662 invadunt,
2961 1606 3234 1672 torquent,
3296 1604 3519 1677 laniant,

1927 1675 2026 1730 hac
2058 1684 2108 1730 et
2141 1678 2268 1734 illac
2300 1681 2534 1750 trahunt,
2567 1682 2637 1737 ab
2668 1683 2775 1739 imo
2831 1703 3042 1742 sursum
3102 1692 3390 1761 rapientes,
3453 1675 3524 1752 de

1927 1780 2138 1852 sursum
2153 1769 2222 1822 ad
2253 1768 2730 1838 imadejicientes.
2770 1774 2910 1841 Quid
2944 1777 3106 1833 miser
3121 1791 3310 1852 ageret
3340 1783 3524 1841 ‘IScie-

1927 1847 2019 1932 bat
2047 1851 2158 1917 ubi;
2193 1863 2326 1917 erat;
2360 1871 2460 1911 nec
2491 1872 2550 1911 se
2582 1864 2728 1912 tanta
2787 1864 3036 1932 angustia
3091 1847 3388 1922 involutum
3437 1869 3524 1925 vel

1926 1920 2045 1994 loco
2070 1941 2321 2006 avellere,
2349 1945 2432 1999 vel
2464 1945 2532 1999 ad
2562 1920 2992 2004 subveniendum
3024 1920 3532 2027 quendampoterat

1925 2027 2292 2099 interpellare.
2327 2031 2566 2087 Tandem
2601 2043 2780 2091 tamen
2830 2039 3064 2096 violento
3111 2052 3306 2098 conatu
3355 2047 3528 2115 erupit

1927 2117 1980 2171 in
2014 2133 2222 2185 vocem,
2256 2128 2306 2174 et
2340 2123 2556 2178 horrido
2589 2124 2826 2180 clamore
2860 2128 3161 2185 infremuit.
3227 2132 3332 2201 Qui
3385 2135 3532 2191 circa

1928 2216 2081 2264 erant
2111 2224 2179 2262 ex
2207 2208 2439 2265 abrubto
2471 2212 2786 2268 dormientis
2816 2231 2950 2272 sono
3005 2221 3277 2288 perterriti
3333 2237 3529 2280 accur-

1926 2306 2068 2362 runt,
2101 2297 2488 2355 vociferantem
2510 2304 2739 2371 pulsant,
2773 2304 3048 2374 pulsantes
3078 2310 3334 2376 excitant,
3372 2314 3528 2370 exci-

1931 2394 2100 2442 tatum
2133 2389 2260 2459 quid
2307 2390 2580 2447 dormiens
2628 2409 2818 2463 passus
2848 2394 2914 2448 sit
2943 2394 3234 2467 diligenter
3290 2400 3528 2458 interro-

1927 2486 2078 2549 gant.
2120 2481 2183 2531 At
2213 2477 2328 2548 ipse
2357 2495 2561 2549 pavens
2582 2496 2644 2537 ac
2679 2483 2904 2552 pallens,
2953 2500 3057 2553 quo
3083 2502 3211 2542 casu
3249 2489 3386 2560 quid
3444 2493 3530 2548 fe-

1929 2566 2083 2634 cerit,
2117 2567 2246 2638 quid
2267 2576 2356 2622 aut
2386 2584 2416 2622 a
2448 2569 2639 2638 quibus
2669 2571 2916 2639 audierit,
2966 2573 3092 2642 quid
3126 2577 3425 2646 pertulerit,
3459 2597 3527 2636 ex

1928 2656 2124 2710 ordine
2180 2657 2391 2726 pandit.
2463 2659 2544 2712 Ad
2601 2675 3042 2732 quorumcunque
3096 2678 3228 2735 ergo
3273 2667 3518 2722 notitiam

1927 2743 2068 2797 istud
2099 2745 2362 2814 perlatum
2393 2755 2490 2814 est,
2521 2761 2626 2801 non
2659 2748 2756 2802 soli
2790 2748 2926 2816 viro,
2960 2748 3057 2803 sed
3086 2759 3137 2804 et
3174 2752 3239 2806 iis
3268 2770 3388 2824 quas
3435 2771 3532 2810 sua

1928 2832 2066 2887 inter
2094 2842 2245 2888 erant
2272 2835 2530 2906 deinceps
2585 2837 2844 2892 honorem
2901 2853 2965 2893 ac
3021 2841 3377 2896 reverentiam
3434 2859 3532 2914 per

1929 2921 2110 2975 omnia
2139 2923 2474 2978 deferebant.
2509 2926 2585 2978 De
2628 2925 2822 2994 quibus
2851 2926 2976 2982 licet
3004 2927 3234 2996 plurima
3292 2930 3530 2987 scribere

1926 3009 2158 3065 fortasse
2189 3026 2490 3082 possemus,
2526 3022 2725 3081 tamen,
2760 3030 2825 3069 ne
2847 3014 2930 3068 cui
2962 3015 3124 3070 taedio
3175 3017 3361 3085 simus,
3431 3019 3523 3075 illa

1925 3099 2243 3169 omittimus,
2287 3100 2625 3155 intendentes
2657 3103 2906 3158 videlicet
2957 3102 3208 3159 brevitati
3265 3121 3372 3178 qua
3427 3123 3530 3179 no.

1922 3187 2222 3256 scripturos
2281 3188 2397 3242 fore
2452 3189 2806 3244 decrevimus.

1987 3277 2171 3348 Itaque
2202 3276 2268 3329 ad
2299 3291 2513 3332 sacrum
2560 3277 2729 3347 ipsius
2770 3278 3047 3333 transitum
3105 3281 3226 3351 styli
3275 3284 3511 3341 ofﬁcium

1914 3373 2317 3427 convertemus,
2349 3373 2401 3419 et
2425 3381 2561 3434 opus
2590 3365 2732 3435 quod
2757 3366 2944 3436 paucis
2991 3368 3096 3424 huc
3149 3386 3326 3440 usque
3381 3389 3518 3441 pro-

1912 3453 2190 3521 traximus,
2223 3469 2342 3523 suo,
2382 3452 2519 3509 sicut
2547 3454 2690 3508 Deus
2709 3455 3052 3524 concesserit,
3085 3455 3177 3511 fini
3201 3457 3517 3516 subdamus.

1913 3542 2143 3599 Referre
2175 3543 2374 3597 etenim
2406 3541 2631 3612 qualiter
2646 3542 2803 3598 Pater
2825 3542 2942 3614 ipse
2972 3543 3259 3600 Oswaldus
3312 3547 3514 3603 Rame-

1911 3633 2078 3689 seiam
2110 3640 2383 3704 postremo
2413 3631 2707 3701 reliquerit,
2739 3632 2951 3704 quantis
3005 3633 3363 3706 lacrymarum
3405 3637 3515 3693 im-

1910 3721 2118 3788 bribus,
2152 3722 2440 3793 praesagis,
2473 3728 2530 3775 ut
2559 3728 2797 3789 autumo,
2828 3721 2979 3776 illum
3007 3724 3240 3794 amplius
3285 3741 3351 3782 eo
3406 3742 3516 3783 non

1908 3811 2232 3879 rediturum,
2265 3827 2297 3864 a
2328 3809 2586 3866 fratribus
2615 3809 2868 3865 dimissus
2894 3811 2981 3880 sit,
3046 3812 3278 3869 forsitan
3315 3818 3510 3886 conje-

1907 3901 2125 3967 ctando,
2158 3900 2279 3972 quis
2306 3899 2500 3970 possit,
2533 3905 2677 3954 certe
2707 3907 2885 3955 autem
2914 3900 2991 3955 rei
3053 3903 3276 3957 veritate
3331 3906 3509 3960 nemi-

1906 4007 2030 4046 nem
2077 3989 2367 4060 pronuntio
2390 4004 2574 4059 posse.
2615 3989 2996 4044 Discedentem
3019 4007 3149 4046 vero
3180 4008 3289 4048 non
3344 3994 3511 4050 modo

1908 4078 2176 4145 monachi,
2210 4095 2350 4149 quos
2377 4078 2492 4134 illic
2523 4078 2875 4144 adunaverat,
2923 4078 3020 4133 sed
3051 4089 3104 4134 et
3159 4079 3314 4150 plebs
3373 4082 3500 4137 hinc

1906 4169 2032 4223 inde
2063 4168 2162 4222 sub
2192 4183 2298 4222 uno
2328 4174 2519 4221 coacta
2547 4165 2839 4232 deducunt,
2871 4165 3068 4238 singuli
3099 4181 3163 4220 se
3183 4166 3328 4220 illius
3373 4183 3505 4223 san-

1903 4258 2070 4314 ctitati
2101 4256 2566 4321 commendantes,
2599 4254 2698 4308 sibi
2728 4254 2796 4309 ab
2826 4254 2921 4309 illo
2969 4254 3216 4310 benedici
3271 4255 3505 4327 supplici

1903 4347 2194 4402 devotione
2223 4344 2544 4416 ﬂagitantes.
2580 4343 2884 4398 Discessum
2927 4350 3104 4398 autem
3163 4343 3305 4399 illius
3362 4345 3500 4399 sub-

1903 4446 2115 4493 secutus
2161 4444 2241 4490 est
2283 4436 2336 4489 in
2391 4433 2512 4505 ipsa
2567 4432 2796 4489 ecclesia
2834 4431 3087 4487 terribilis
3144 4432 3346 4504 fragor;
3407 4433 3503 4504 qui

1818 4495 1874 4559 D
1904 4524 2057 4580 tertio
2108 4522 2360 4576 intonans
2411 4495 2690 4574 audientes
2745 4515 2911 4572 nimio
2954 4532 3156 4585 pavore
3203 4495 3495 4584 concuss-it,

1901 4627 2128 4683 sagaces
2159 4610 2370 4666 animos
2400 4609 2550 4662 illum
2581 4621 2688 4661 non
2734 4605 2902 4660 multo
2952 4611 3071 4674 post
3111 4604 3316 4659 saeculo
3373 4604 3495 4659 adi-

1899 4701 2156 4757 mendum
2187 4709 2242 4755 et
2270 4715 2332 4753 ex
2355 4698 2459 4752 hoc
2488 4695 2772 4765 plerosque
2802 4692 2957 4764 gravi
2987 4691 3497 4748 tumultnisubden-

1899 4789 1998 4846 dos
2027 4789 2262 4856 edocuit,
2295 4783 2631 4858 praemonuit,
2658 4780 3016 4852 praemunivit.
3067 4781 3310 4851 Denique
3347 4798 3492 4838 non-

1899 4879 2030 4934 nulli
2081 4895 2234 4934 nosse
2297 4876 2558 4939 volentes,
2618 4871 2761 4925 unde
2818 4870 2906 4939 qui
2961 4869 3284 4926 audiebatur
3328 4888 3494 4928 sonus

1897 4965 2180 5037 prodierit,
2232 4979 2260 5017 e
2315 4958 2567 5014 domibus
2623 4955 2907 5026 prodeunt,
2967 4965 3021 5009 et
3069 4956 3125 5010 in
3188 4957 3487 5013 Ecclesiam

1897 5053 2293 5126 pervenientes,
2347 5047 2529 5104 omnia
2604 5060 2754 5113 sana,
2813 5044 2995 5098 omnia
3033 5044 3262 5117 integra,
3307 5046 3492 5102 omnia

1896 5140 2005 5196 suis
2035 5140 2088 5193 in
2115 5138 2252 5192 locis
2284 5134 2443 5189 solito
2481 5130 2826 5187 consistentia
2866 5130 3123 5185 mirantes
3173 5129 3480 5185 inveniunt.

1894 5232 2009 5285 Jam
2034 5226 2176 5298 quod
2205 5223 2474 5293 aliquibus
2489 5237 2586 5290 per
2612 5220 2785 5276 visum
2818 5218 2914 5272 fuit
2937 5225 3234 5283 ostensum,
3266 5219 3484 5273 ruinam

177 5319 400 5377 clarans
438 5326 750 5395 exemplum
782 5340 888 5378 non
927 5322 1264 5392 subjicimus.
1327 5321 1512 5377 Frater
1557 5322 1782 5393 quidam
1881 5318 2133 5376 videlicet
2155 5315 2382 5368 duarum
2414 5309 2644 5364 turrium
2675 5309 2875 5364 factam
2911 5308 3099 5376 fuisse,
3132 5307 3482 5395 praetermitto

176 5419 296 5465 erat
326 5393 667 5482 professione
697 5423 749 5468 et
780 5411 962 5467 habitu
993 5413 1308 5480 monachus,
1341 5410 1566 5466 nomine
1595 5409 1782 5482 :Egel-
1881 5423 1972 5476 ne,
2014 5406 2058 5460 si
2091 5404 2276 5458 dixero
2307 5399 2518 5454 illarum
2565 5397 2791 5452 turrium
2841 5411 2998 5452 casus
3043 5395 3184 5451 beati
3239 5393 3483 5450 Oswaldi
3529 5429 3535 5440 ι

170 5499 341 5555 ricus.
385 5487 483 5560 Hic
503 5503 698 5559 laxatis
727 5503 926 5558 balneo
957 5499 1236 5571 membris,
1268 5514 1390 5556 cum
1430 5499 1588 5556 fessis
1617 5500 1782 5571 quie-
1881 5505 1936 5554 et
1963 5492 2183 5568 praefati
2216 5488 2369 5545 ducis
2394 5487 2701 5542 zEthelwini
2719 5485 3086 5558 prtesignasse
3117 5485 3174 5537 in
3196 5485 3313 5556 (29)
3339 5497 3483 5537 mor-

250 5680 376 5751 (29)
409 5679 696 5736 Oswalhus
727 5679 1029 5737 Ethelwino
1047 5676 1335 5736 ecclesiam
1363 5677 1774 5736 Bamesionsem
1802 5675 1993 5734 denuo
2021 5669 2357 5734 consecravit
2382 5683 2526 5730 anno
2541 5670 2665 5738 991,
2691 5681 2750 5727 vi
2788 5664 2876 5723 ια.
2940 5662 3275 5727 Novembr.;
3334 5657 3484 5738 quod
