4032 6078
471 304 575 360 783

1483 288 1793 349 EADMERI
1830 279 2382 351 CANTUARIENSIS
2420 295 2744 353 MONACHI

3679 309 3789 364 784

471 435 579 487 tem
610 445 856 500 occasus,
920 415 1158 485 astimer
1219 423 1352 480 mihi
1404 423 1704 477 futurorum
1761 418 2062 485 scientiam,
2094 418 2151 478 A
2183 417 2530 477 institutionis
2561 423 2790 479 debetur
2818 425 3136 483 Christianis
3167 429 3233 484 de
3279 431 3380 486 hac
3433 432 3545 487 vita
3593 442 3782 490 trans-

470 537 633 594 quam
665 536 771 574 non
802 518 995 585 habeo,
1037 533 1104 572 ex
1134 515 1198 570 iis
1228 529 1348 583 qua:
1380 511 1520 566 facta
1541 510 1651 564 scio
1668 509 1788 579 jure
1809 507 2066 562 deriden-

469 611 570 664 dus
599 623 903 679 arrogasse.
944 605 1043 660 Illo
1074 604 1254 676 igitur,
1287 610 1344 656 ut
1373 599 1627 665 diximus,
1675 597 2064 666 praetermisso,

469 713 570 754 nos
601 697 894 768 gloriosum
925 694 1142 748 Patrem
1173 689 1488 747 Oswaldum
1517 688 1628 757 jam
1663 685 1907 756 proxime
1949 699 2064 739 coe-

467 787 554 841 los
582 784 877 856 petiturum
909 781 1272 851 descripturos
1303 794 1399 834 sua
1430 791 1594 848 prece
1626 789 1880 846 rogamus
1920 772 2065 828 idem

465 876 619 929 Pater
648 877 861 926 tueatur
887 879 939 926 et
968 871 1212 939 adjuvet.

534 963 601 1017 Ut
633 961 799 1033 igitur
830 958 1063 1013 famulus
1118 957 1310 1012 Christi
1369 955 1661 1012 Oswaldus
1717 952 2064 1010 Rameseiam

463 1051 642 1120 liquit,
669 1048 995 1120 Wigornam
1026 1047 1182 1101 adiit.
1233 1046 1463 1116 Spiritus
1516 1046 1720 1116 quippe
1763 1040 2062 1106 charitatis,

468 1140 557 1209 qui
589 1139 643 1192 in
674 1153 738 1192 eo
767 1137 910 1191 circa
931 1135 1329 1206 Wigornenses
1351 1150 1448 1204 per
1473 1135 1705 1206 gratiam
1737 1147 1888 1186 suam
1926 1145 2066 1184 sem-

460 1243 560 1298 per
579 1225 873 1282 ferventior
893 1231 1028 1291 erat,
1048 1239 1110 1278 ea
1141 1239 1196 1278 re
1227 1221 1352 1276 illuc
1399 1239 1522 1277 eum
1546 1238 1650 1277 non
1697 1220 1891 1290 injuria
1945 1233 2066 1272 cre-

465 1317 608 1371 ditur
636 1313 946 1380 adduxisse,
981 1311 1104 1384 quia
1143 1319 1367 1366 noverat
1393 1311 1544 1365 illum
1576 1327 1640 1366 eo
1671 1308 1866 1380 potiori
1903 1316 2066 1363 aeter-

469 1422 553 1461 nae
579 1405 706 1460 vitae
745 1402 969 1468 praemio
1020 1400 1220 1456 debere
1277 1401 1609 1455 remunerari
1633 1415 1738 1469 quo
1795 1399 1846 1451 in
1875 1394 2070 1466 majori

474 1509 616 1551 verae
634 1491 914 1548 charitatis
959 1488 1154 1544 aﬁ'ectu
1197 1489 1324 1543 huic
1375 1489 1500 1544 vitae
1536 1489 1886 1543 decedentem
1924 1501 2063 1542 con-

472 1584 700 1654 tingeret
731 1580 990 1635 inveniri.
1030 1578 1223 1632 Mansit
1250 1579 1432 1648 itaque
1463 1577 1538 1631 ibi
1571 1575 1807 1647 quandiu
1839 1576 1891 1630 in
1939 1590 2066 1631 cor-

475 1688 611 1743 pore
641 1671 862 1736 mansit,
906 1669 1098 1723 diebus
1136 1683 1200 1722 ac
1238 1667 1484 1723 noctibus
1522 1667 1634 1721 Deo
1674 1665 1974 1732 intendens,
2017 1671 2069 1718 et

2174 508 2349 563 ituris.
2383 509 2502 578 Quo
2532 511 2605 566 illi
2637 514 2824 569 audito
2863 514 2914 569 in
2948 516 3182 588 gemitus
3211 526 3262 574 et
3294 518 3570 592 lacrymas
3601 540 3786 579 erum-

2175 604 2324 666 punt,
2359 613 2465 652 non
2487 599 2630 654 illius
2660 601 2851 672 gloriae
2879 605 3104 674 perenni
3153 607 3222 661 ad
3254 625 3413 680 quam
3446 614 3780 682 prOperabat

2176 685 2498 754 invidentes,
2531 690 2628 743 sed
2656 706 2774 744 cum
2808 701 3052 762 paterna:
3081 695 3269 764 pietati
3295 714 3398 767 qua
3421 701 3782 769 privabantur

2173 774 2295 843 pios
2325 774 2545 831 affectus
2577 777 2972 848 impendentes,
3009 791 3115 837 tum
3174 800 3326 840 suam
3384 787 3778 847 desolationem

2175 879 2338 935 quam
2369 872 2514 920 tanto
2564 867 2718 922 Patre
2774 869 2946 923 orbati
3006 887 3064 926 se
3095 888 3356 942 passuros
3385 892 3492 932 non
3552 879 3780 936 dubita-

2177 951 2304 1041 bant
2336 967 2518 1008 amare
2549 954 2826 1010 deﬂentes.
2851 958 3129 1014 Exhibent
3159 970 3337 1016 tamen
3369 964 3446 1019 illi
3480 967 3624 1036 quod
3683 987 3778 1041 pe-

2173 1039 2358 1100 tebat;
2403 1053 2452 1097 et
2505 1044 2699 1114 grandi
2737 1061 2970 1102 maerore
3030 1052 3382 1120 consternati,
3446 1039 3776 1125 sequentem

2175 1138 2386 1184 noctem
2419 1147 2518 1201 per
2541 1133 2706 1188 multa
2751 1135 2969 1202 saecula,
3011 1137 3054 1190 si
3097 1137 3206 1192 ﬁeri
3263 1142 3454 1210 possit,
3514 1146 3781 1214 optabant

2175 1219 2451 1288 protelari.
2485 1222 2544 1273 In
2574 1237 2679 1291 qua
2710 1227 2866 1278 nocte
2895 1224 3010 1294 ipse
3057 1226 3234 1292 Pater,
3291 1244 3353 1282 ac
3401 1231 3443 1283 si
3497 1232 3780 1303 languoris

2176 1323 2282 1376 quo
2321 1307 2602 1364 tenebatur
2628 1309 2854 1378 oblitus,
2887 1314 3074 1368 horam
3106 1324 3384 1373 nocturna:
3416 1319 3599 1391 vigilas
3630 1340 3778 1392 prae-

2176 1395 2416 1464 veniens,
2442 1406 2597 1467 prout
2625 1415 2738 1454 suae
2767 1403 3172 1457 consuetudinis
3196 1405 3402 1477 jugiter
3429 1422 3551 1463 esse
3618 1411 3772 1466 sole-

2177 1483 2288 1550 bat,
2319 1485 2602 1540 ecclesiam
2633 1489 2799 1558 petit;
2835 1488 3015 1559 ibique
3047 1492 3218 1547 noctis
3247 1491 3479 1549 oﬁicium
3526 1498 3776 1568 explens,

2177 1573 2448 1628 residuum
2479 1575 2636 1645 spatii
2668 1576 2811 1646 quod
2840 1576 2982 1632 diem
3015 1595 3183 1649 usque
3215 1581 3535 1638 tendebatur
3580 1585 3777 1642 divinis

2173 1659 2425 1716 laudibus
2454 1679 2553 1734 pro
2583 1679 2735 1719 more
2765 1667 2997 1738 pervigil
3032 1668 3311 1738 expendit.
3351 1671 3419 1726 Et
3441 1673 3529 1727 tali
3554 1675 3774 1745 quidem

467 1763 570 1816 iter
601 1775 755 1815 suum
788 1757 950 1813 eundi
983 1757 1049 1811 ad
1093 1757 1262 1811 Deum
1314 1762 1425 1811 toto
1456 1755 1739 1810 conamine
1768 1770 1959 1826 purum
1991 1751 2060 1806 ab
2086 1769 2144 1832 Β
2177 1751 2342 1805 modo
2372 1761 2530 1807 nocte
2586 1753 2679 1806 illa
2701 1753 2809 1808 suis
2840 1755 3270 1812 dimensionibus
3297 1761 3600 1830 terminata,
3654 1763 3775 1817 fra-

469 1851 616 1906 omni
647 1845 923 1904 obstaculo
955 1845 1178 1900 faciens.
1225 1845 1310 1900 Ob
1341 1862 1459 1914 quae
1514 1844 1708 1899 labore
1746 1852 1799 1898 et
1837 1843 2057 1912 insuper

2169 1840 2337 1894 tribus
2365 1841 2540 1895 illuxit
2569 1841 2852 1898 metuenda
2884 1843 3017 1911 dies,
3055 1845 3106 1898 in
3175 1863 3279 1916 qua
3346 1856 3417 1917 te,
3470 1852 3770 1908 reverende

467 1940 620 1994 senio
652 1936 845 2005 fessus,
905 1937 1166 2006 languore
1203 1934 1494 2005 corripitur
1525 1933 1699 2005 gravi,
1760 1947 1858 2003 per
1894 1946 2054 2002 quem
2164 1929 2325 1982 Pater
2353 1927 2623 1998 Oswalde,
2659 1931 2956 2002 susciperet
2986 1932 3113 1988 felix
3144 1944 3196 1990 et
3246 1937 3395 1992 nullo
3459 1938 3766 1995 claudenda

465 2044 524 2084 se
555 2025 821 2081 intellexit
851 2025 983 2079 alias
1011 2023 1079 2078 de
1110 2024 1209 2077 ista
1242 2023 1354 2076 vita
1385 2023 1585 2077 vocari.
1619 2021 1861 2076 Aderant
1918 2019 2055 2074 sacri

465 2114 911 2187 Quadragesimaa
940 2113 1076 2181 dies,
1105 2112 1223 2168 dies
1248 2111 1452 2168 scilicet
1483 2111 1536 2165 in
1575 2110 1772 2183 quibus
1825 2108 2057 2164 diversis

462 2204 644 2261 modis
672 2202 895 2258 diluitur
921 2200 1066 2273 quod
1089 2201 1141 2255 in
1173 2201 1292 2255 aliis
1321 2200 1444 2254 anni
1493 2200 1683 2255 diebus
1741 2199 1882 2254 varia
1939 2197 2055 2252 dae-

460 2310 684 2350 monum
745 2291 994 2346 illusione
1041 2290 1372 2359 delinquitur
1426 2305 1518 2344 seu
1565 2288 1731 2356 bono,
1774 2286 1917 2358 quod
1950 2286 2058 2340 alio

463 2392 706 2453 tempore
737 2387 1039 2445 exercetur,
1095 2377 1426 2450 diligentiori
1482 2377 1658 2433 studio
1726 2376 2055 2448 invigilatur.

467 2476 528 2528 In
559 2488 660 2525 usu
687 2469 922 2524 habebat
953 2468 1098 2522 idem
1131 2469 1350 2522 antistes
1391 2466 1617 2538 singulis
1647 2465 1838 2520 diebus
1868 2473 2062 2535 prteter

471 2561 628 2626 alios,
663 2574 800 2629 quos
857 2557 1100 2629 quotidie
1155 2557 1471 2610 innumeros
1528 2554 1724 2623 alebat,
1772 2553 2060 2608 duodecim

465 2663 761 2718 pauperum
786 2645 956 2716 pedes
1012 2644 1252 2712 abluere,
1286 2643 1652 2699 deosculando
1683 2643 1832 2698 crine
1862 2657 1925 2696 ac
1952 2641 2059 2694 lin-

470 2745 556 2790 teo
588 2744 820 2806 tergere,
854 2733 1108 2787 manibus
1137 2749 1330 2802 aquam
1366 2733 1610 2799 fundere,
1644 2731 1890 2785 denarios
1914 2746 2060 2800 pras-

471 2825 619 2891 bere,
655 2831 706 2876 et
736 2823 867 2892 ipsis
899 2822 1148 2891 apposita
1176 2837 1365 2875 mensa
1393 2820 1572 2874 cibum
1605 2827 1657 2874 et
1694 2826 1878 2889 potum
1910 2817 2062 2872 suﬁi-

468 2913 677 2967 cienter
704 2911 1038 2977 ministrare,
1072 2925 1275 2977 eosque
1305 2909 1358 2962 in
1391 2909 1594 2963 Pascha
1626 2907 1865 2962 vestibus
1912 2908 2065 2962 novis

466 3000 683 3055 indutos
735 3016 833 3070 per
889 2998 1096 3067 aliquot
1145 2997 1263 3051 dies
1296 2998 1471 3068 ipsius
1503 2996 1807 3052 festivitatis
1835 2997 1885 3050 in
1920 2997 2065 3050 curia

469 3106 566 3144 sua
593 3087 888 3143 honoriﬁce
945 3103 1126 3141 secum
1156 3086 1374 3141 habere.
1409 3085 1573 3140 Nulla
1611 3102 1733 3141 eum
1785 3085 2066 3139 inﬁrmitas

471 3177 771 3248 corporalis
801 3176 869 3230 ab
899 3176 1014 3230 istis
1041 3175 1366 3241 retardabat,
1419 3176 1514 3229 sed
1563 3190 1670 3246 quo
1725 3191 1783 3228 se
1841 3189 2064 3245 corpore

467 3265 730 3321 sentiebat
787 3264 1133 3333 debiliorem,
1165 3281 1229 3319 eo
1260 3264 1366 3318 sibi
1390 3265 1457 3319 ad
1491 3263 1834 3318 serviendum
1867 3263 1945 3317 eis
1976 3265 2065 3317 in-

470 3356 640 3427 gessit
667 3357 778 3410 vim
809 3354 1154 3410 validiorem.
1188 3355 1253 3408 Et
1265 3355 1381 3424 jam
1405 3352 1503 3408 Dei
1525 3369 1748 3424 regnum
1773 3353 2064 3408 ascendere

468 3444 712 3515 cupidus,
749 3443 838 3499 die
867 3444 1098 3515 quodam
1157 3443 1475 3508 oratorium,
1536 3458 1641 3512 quo
1698 3441 1952 3497 continue
2011 3441 2064 3494 in

467 3533 566 3588 Dei
592 3533 814 3588 servitio
846 3532 1151 3600 tenebatur,
1185 3548 1306 3586 cum
1348 3531 1460 3585 suis
1501 3529 1792 3601 egreditur,
1853 3539 1906 3585 et
1963 3529 2064 3584 sub

460 3638 582 3676 aere
614 3629 763 3675 stans
794 3620 938 3674 acies
976 3619 1253 3674 oculorum
1313 3620 1453 3674 caelo
1509 3618 1870 3674 intentissime
1925 3618 2061 3686 ﬁxit,

467 3709 735 3763 Christum
768 3708 839 3762 ad
868 3723 1024 3776 quem
1057 3706 1348 3761 anhelabat
1379 3707 1470 3778 pio
1498 3707 1661 3763 corde
1691 3714 1743 3762 et
1773 3723 1870 3762 ore
1895 3708 2066 3761 inten-

468 3798 570 3850 tius
602 3811 788 3850 orans.
823 3796 938 3850 Nec
969 3803 1146 3850 erecta
1175 3794 1399 3863 lumina,
1441 3803 1497 3849 ut
1524 3795 1599 3862 ﬁt,
1658 3795 1768 3850 cito
1824 3794 2063 3862 deflexit,

467 3885 563 3941 sed
593 3884 747 3956 quasi
778 3883 998 3956 aliquod
1032 3884 1156 3939 novi
1182 3899 1245 3939 ac
1289 3883 1608 3940 delectabile
1665 3885 2065 3954 contemplare-

472 3983 572 4043 tur,
593 3973 682 4027 ubi
715 3989 779 4028 ea
809 3972 1066 4028 deﬁxerat
1095 3973 1400 4029 diutissime
1458 3971 1570 4027 ﬁxa
1626 3973 1855 4029 tenebat.
1917 3974 2069 4030 Unde

471 4069 776 4134 praesentes
811 4061 1106 4116 admodum
1135 4062 1410 4130 admirari,
1443 4062 1571 4132 quid
1595 4070 1743 4117 tanto
1773 4078 1935 4134 opere
1978 4063 2065 4116 in-

479 4160 736 4215 tueretur,
763 4151 1014 4207 sciscitati
1052 4151 1412 4219 sunt.Quibus
1451 4151 1565 4220 ipse
1608 4152 1685 4206 ait
1716 4171 1726 4205 :
1777 4152 2072 4210 Considera

477 4257 586 4312 quo
603 4239 790 4296 tendo.
805 4241 1174 4312 Quapropter,
1189 4240 1321 4307 ﬁlii,
1339 4242 1637 4308 sustinete,
1652 4257 1852 4312 quaso,
1869 4246 2067 4312 quate-

477 4344 609 4395 nus,
633 4331 811 4401 juxta
835 4327 1494 4399 quodmihiconceditur,
1511 4334 1849 4401 praegustem
1864 4329 2071 4400 gaudia

480 4435 602 4491 qua:
621 4422 882 4487 exspecto
895 4455 909 4469 .
929 4420 969 4468 Α
984 4421 1003 4471 ι
1012 4420 1068 4472 ta
1079 4433 1204 4472 men
1223 4416 1366 4488 quod
1377 4416 1921 4487 percunctmnini,si
1935 4417 2068 4488 quid

480 4507 585 4562 sibi
600 4507 733 4562 velit
748 4521 910 4561 nosse
921 4506 1114 4573 vultis,
1138 4522 1264 4561 cras
1281 4505 1429 4561 vobis
1441 4509 1497 4560 et
1511 4522 1598 4561 me
1611 4510 1835 4562 tacente
1848 4523 1935 4562 res
1947 4508 2069 4579 ipsa

482 4597 721 4653 notabit.
746 4593 920 4650 Salus
941 4596 1091 4651 enim
1114 4599 1352 4661 aeterna,
1369 4609 1470 4667 pro
1491 4611 1600 4664 qua
1617 4596 1900 4668 hucusque
1918 4598 2072 4653 labo-

481 4703 546 4742 ra
555 4686 605 4740 vi
631 4686 690 4739 in
717 4687 891 4747 terra,
907 4684 1110 4748 instat,
1129 4699 1237 4738 nec
1256 4688 1392 4738 ante
1409 4683 1676 4738 transibit
1689 4687 1942 4740 crastina
1957 4685 2074 4740 dies

483 4790 648 4846 quam
670 4775 832 4828 mein
856 4789 983 4827 eam
998 4774 1269 4828 Dominus
1292 4787 1470 4839 meus,
1494 4773 1736 4828 sicutest
1759 4772 2073 4843 pollicitus,

485 4862 836 4918 introducat.
862 4861 1035 4921 Dixit;
1062 4869 1111 4915 et
1141 4861 1284 4915 unde
1315 4860 1490 4916 fuerat
1518 4875 1787 4931 egressus,
1813 4863 1867 4915 in
1892 4869 2075 4917 orato-

486 4951 626 5005 rium
659 4965 910 5003 reversus
940 4957 1041 5003 est.

559 5035 885 5091 Convocatis
902 5035 1097 5091 deinde
1117 5035 1390 5105 fratribus,
1408 5039 1650 5092 hortatur
1660 5053 1754 5093 eos
1772 5038 2080 5108 impendere

489 5125 594 5180 sibi
625 5123 987 5177 ministerium
1017 5139 1190 5180 sacra:
1223 5125 1550 5179 inunctionis
1575 5141 1694 5179 cum
1727 5125 1923 5181 viatico
1964 5127 2080 5182 Do-

485 5212 670 5270 miuici
699 5211 962 5283 corporis,
1041 5213 1184 5281 quod
1254 5212 1401 5281 justa
1475 5212 1631 5266 ritum
1699 5213 2082 5270 ecclesiastica:

488 5382 558 5422 ex
604 5362 890 5436 Florentio;
918 5370 972 5416 et
1045 5363 1310 5417 monacho
1384 5363 1717 5436 Ramesiensi
1752 5363 2075 5436 colligitur.

488 5437 638 5495 Obiit
667 5434 1000 5491 Ethelwinus
1015 5436 1322 5506 _anno_992,
1355 5448 1451 5506 vttt
1482 5433 1602 5489 Kal.
1636 5435 1794 5496 Maii;
1839 5433 1985 5506 quod
2015 5451 2082 5489 ex

491 5509 698 5566 eisdem
726 5513 962 5577 constat.
1002 5503 1295 5577 Oswaldus
1323 5505 1518 5577 eodem
1548 5521 1691 5562 anno
1738 5503 1908 5577 pridie
1959 5507 2079 5577 Kal.

491 5579 669 5639 lanii
697 5575 982 5636 defunctus
1008 5582 1110 5635 est.
1139 5575 1198 5636 lu
1229 5576 1283 5633 id
1303 5576 1515 5650 utrique
1538 5575 1892 5634 consentiunt.
1953 5576 2083 5638 Flo-

2166 2018 2396 2073 termino
2427 2018 2598 2088 quies.
2630 2020 2743 2074 Hac
2771 2021 2972 2075 etenim
3005 2022 3093 2078 die
3115 2033 3428 2092 percantato
3484 2027 3770 2097 psalterio,

2167 2107 2309 2178 quod
2332 2107 2557 2178 singulis
2616 2107 2812 2164 diebus
2870 2125 2994 2165 cum
3053 2109 3278 2166 ﬂoribus
3335 2112 3462 2170 inde
3527 2117 3770 2185 acceptis

2168 2197 2456 2251 decantare
2474 2195 2659 2250 solitus
2687 2204 2822 2265 erat,
2857 2199 3074 2253 unicum
3134 2200 3520 2272 redemptionis
3572 2205 3773 2260 huma-

2167 2299 2251 2338 ni?
2307 2283 2629 2339 sacriﬁcium
2659 2301 2848 2340 coram
2882 2303 2940 2341 se
2980 2287 3096 2342 Deo
3164 2289 3301 2343 Patri
3363 2289 3490 2346 fecit
3545 2291 3761 2348 offerri.

2168 2372 2332 2442 Cujus
2362 2372 2484 2426 dein
2543 2373 2958 2444 participatione
3007 2376 3263 2443 refectus,
3321 2378 3526 2434 obitum
3587 2397 3770 2450 suum,

2168 2477 2328 2532 quem
2361 2462 2558 2516 instare
2614 2462 2834 2533 sciebat,
2893 2465 3021 2533 ejus
3052 2465 3250 2520 invicta
3284 2468 3481 2523 virtute
3515 2471 3769 2524 munivit.

2169 2551 2243 2604 Ac
2275 2551 2492 2603 demum
2549 2552 2718 2606 totius
2748 2552 2854 2606 diei
2885 2551 3062 2608 oﬁicio
3121 2555 3172 2608 in
3204 2555 3463 2611 honorem
3493 2558 3594 2612 Dei
3636 2576 3772 2630 per-

2169 2639 2466 2706 celebrato,
2499 2639 2652 2709 quasi
2683 2641 3044 2696 convaluisset
3071 2643 3140 2698 de
3190 2643 3516 2711 inﬁrmitate,
3576 2664 3771 2704 surre-

2171 2728 2282 2791 xit;
2317 2728 2666 2782 etmonachis
2696 2729 3052 2799 nequicquam
3111 2732 3486 2788 insistentibus
3544 2742 3602 2789 ut
3653 2753 3773 2792 suae

2171 2824 2421 2886 parceret
2449 2816 2825 2885 imbecillitati,
2858 2820 3019 2874 solito
3052 2837 3202 2876 more
3233 2821 3396 2877 linteo
3453 2825 3776 2892 preciae-tus

2173 2905 2338 2974 pedes
2359 2920 2655 2976 pauperum
2687 2906 2838 2975 lavit,
2871 2915 2925 2962 et
2953 2909 3199 2964 osculans
3227 2927 3320 2966 eos
3369 2913 3515 2968 crine
3562 2914 3770 2970 linteo-

2177 3009 2278 3063 que
2307 2993 2548 3048 detersit.
2614 2995 2823 3062 Quibus
2880 2997 3003 3052 lotis
3058 3003 3110 3052 et
3139 2999 3446 3068 quindecim
3499 3002 3771 3073 graduum

2176 3081 2417 3152 psalmis,
2475 3098 2612 3154 quos
2667 3083 2806 3138 inter
2874 3085 3051 3154 ipsum
3126 3087 3478 3143 ministerium
3536 3091 3776 3160 psallere

2170 3186 2387 3241 semper
2422 3172 2590 3225 moris
2618 3172 2870 3241 habebat,
2905 3176 3540 3245 percantatis,subjunxit
3573 3180 3774 3236 Gloria

2176 3258 2348 3313 Patri
2366 3263 2421 3314 et
2437 3260 2573 3316 Filio
2595 3265 2653 3316 et
2670 3260 2922 3330 Spiritui
2939 3269 3157 3320 sancto.
3179 3265 3255 3319 Ad
3271 3267 3415 3334 quod
3431 3283 3552 3321 cum
3566 3285 3774 3339 paupe-

2174 3363 2261 3402 res
2295 3349 2342 3402 ei
2374 3350 2818 3415 assurrexissent,
2855 3368 2917 3406 ac
2947 3353 3134 3407 solitas
3162 3358 3345 3424 grates
3393 3356 3773 3424 exsolvissent,

2173 3437 2290 3506 ipse
2322 3437 2554 3493 dicendo
2585 3438 2843 3510 Spiritui
2872 3445 3070 3497 sancto
3099 3451 3340 3497 sanctam
3373 3452 3449 3499 est
3505 3446 3778 3501 resolutus

2175 3525 2228 3579 in
2257 3534 2513 3593 mortem,
2547 3529 2795 3583 emittens
2815 3529 3058 3599 spiritum
3091 3548 3246 3586 suum
3297 3541 3425 3589 ante
3474 3549 3774 3604 pauperum

2172 3613 2341 3686 pedes
2371 3615 2424 3669 in
2456 3632 2648 3672 manus
2670 3617 2883 3682 Christi,
2919 3619 3002 3675 cui
3034 3621 3088 3674 in
3118 3621 3250 3690 ipsis
3279 3623 3606 3693 pauperibus
3653 3624 3777 3694 ipse

2174 3703 2514 3759 ministrant.
2549 3707 2674 3775 lpso
2699 3707 2842 3762 enim
2872 3715 3020 3774 teste,
3054 3708 3155 3762 sibi
3215 3709 3292 3776 ﬁt,
3351 3711 3495 3780 quod
3552 3711 3642 3766 uni
3705 3729 3775 3767 ex

2174 3791 2410 3847 minimis
2438 3793 2546 3847 suis
2575 3792 2632 3849 ﬁt
2662 3796 2886 3864 (Matth.
2913 3811 3046 3863 xxv,
3082 3799 3192 3866 40).
3244 3799 3534 3854 Transiens
3589 3801 3776 3872 itaque

2176 3898 2207 3937 a
2228 3883 2448 3937 Christo
2469 3891 2752 3953 susceptus
2783 3891 2883 3951 est,
2910 3894 3191 3954 quatenus,
3213 3887 3372 3958 juxta
3419 3889 3644 3943 verbum
3701 3888 3777 3943 il-

2176 3969 2299 4037 lius,
2347 3969 2458 4026 illic
2511 3980 2649 4026 esset
2680 3972 2771 4026 ubi
2803 3980 2853 4028 et
2882 3973 2972 4028 ille
3005 3973 3192 4041 (Joan.
3219 3991 3353 4042 xvn,
3376 3978 3487 4046 24).
3544 3976 3590 4033 Ο
3648 3993 3781 4032 vere

2176 4059 2533 4114 ministerium
2568 4060 2716 4129 felix,
2749 4061 2892 4131 quod
2949 4063 3038 4116 sui
3066 4073 3439 4119 exsecutorem
3490 4066 3589 4120 sub
3628 4073 3779 4120 tanta

2177 4147 2451 4202 celeritate
2481 4149 2632 4220 regni
2665 4149 2759 4204 Dei
2793 4150 2921 4204 fecit
2949 4151 3228 4208 hasredem
3265 4155 3276 4206 ἱ
3314 4153 3377 4207 Et
3407 4162 3480 4223 tu,
3505 4170 3537 4209 ο
3569 4154 3778 4209 beatis-

2178 4236 2310 4290 sime
2335 4236 2510 4302 Pater,
2543 4252 2651 4291 non
2681 4238 2876 4307 minus,
2911 4239 3022 4295 imo
3054 4240 3225 4296 multo
3284 4241 3635 4299 excellentius
3689 4245 3779 4298 fe-

2179 4325 2276 4392 lix,
2309 4324 2398 4394 qui
2443 4324 2651 4380 functus
2679 4327 3001 4395 ministerio,
3062 4329 3179 4398 ipso
3245 4331 3438 4386 eodem
3502 4342 3782 4389 momento

2180 4429 2286 4486 quo
2319 4414 2448 4469 illud
2470 4413 2706 4470 ﬁdeliter
2733 4417 3019 4488 peregisti,
3047 4417 3099 4471 in
3128 4420 3392 4489 gaudium
3425 4420 3639 4475 Domini
3679 4423 3779 4488 tui,

2181 4503 2262 4558 cui
2296 4502 2527 4569 servisti,
2563 4503 2705 4559 felici
2736 4506 2962 4574 praemio
3007 4517 3382 4562 remuneratus
3437 4508 3784 4566 felicissimus

2181 4591 2410 4646 introisti
2439 4591 2659 4662 (Matth.
2681 4608 2819 4660 xxv,
2854 4597 2966 4663 21).
2986 4593 3087 4648 Illa
3117 4595 3314 4667 gloria,
3348 4613 3452 4666 qua
3479 4599 3781 4667 coroneris,

2181 4680 2355 4735 innuit
2420 4680 2524 4735 tuis
2589 4689 2848 4750 quantum
2912 4683 3093 4753 possis
3167 4684 3273 4739 sibi
3338 4687 3598 4756 prodesse
3656 4697 3786 4744 ante

2183 4769 2440 4833 Deum,si
2470 4769 2728 4840 dignaris.
2762 4771 2829 4825 Et
2860 4772 3097 4843 quidem,
3160 4773 3359 4844 inclyte
3413 4776 3585 4842 Pater,
3645 4777 3787 4832 felix

2189 4857 2286 4912 fuit
2311 4857 2421 4912 vita
2450 4865 2559 4921 tua,
2595 4858 2721 4913 felix
2755 4858 2855 4914 fuit
2891 4868 2942 4914 et
2969 4877 3114 4916 mors
3171 4867 3284 4916 tua.
3347 4868 3525 4934 Atque
3577 4866 3787 4920 utinam

2186 4947 2419 5001 sentiant
2448 4946 2501 5000 in
2531 4963 2588 5000 se
2615 4947 2824 5002 alumni
2857 4949 2950 5017 tui,
3011 4949 3154 5021 quod
3211 4951 3279 5005 sit
3332 4952 3460 5006 felix
3519 4955 3791 5009 memoria

2187 5045 2298 5104 tua,
2331 5035 2546 5107 sibique
2588 5035 2820 5090 salubris
2865 5046 3028 5106 atque
3085 5037 3331 5096 beneﬁca
3389 5057 3550 5112 quam
3607 5043 3672 5097 ad
3739 5053 3793 5098 te

2191 5125 2394 5179 habent
2423 5123 2641 5178 humilis
2669 5124 2888 5180 devotio
2909 5142 3028 5180 sua.

2261 5212 2447 5282 Itaque
2477 5211 2682 5280 fratres,
2745 5214 2954 5269 Patrem
2984 5231 3137 5269 suum
3173 5217 3296 5287 jam
3329 5218 3639 5272 defunctum
3683 5234 3789 5274 cn-

2192 5365 2394 5419 rentius
2421 5371 2596 5418 autem
2627 5364 2682 5418 id
2712 5363 2846 5419 feria
2876 5365 3136 5433 secunda,
3169 5367 3539 5424 Ramesiensis
3595 5369 3798 5424 Domi-

2191 5435 2484 5562 gilcaterl'tia
2508 5435 2953 5509 Quadragesimte
2981 5438 3273 5512 contigisse
3327 5440 3510 5496 tradit.
3572 5439 3798 5502 (tectius

2254 5522 2512 5562 oremus.

2254 5522 2512 5564 oreuuus.
