4032 6078
217 321 321 379 785

1545 333 1702 390 VITA
1733 334 1796 392 S.
1825 335 2197 398 DUNSTANI.

3415 339 3519 401 786

217 472 555 538 gnoscenles,
579 479 868 528 accurrunt
895 479 948 529 et
991 475 1286 549 complosis
1306 475 1528 530 manibu
1551 477 1816 548 lugubres

1931 487 2175 557 suspiriis
2204 496 2363 560 atque
2416 485 2668 546 lamentis
2731 492 2980 563 permisti
3023 507 3151 548 aera
3216 488 3516 560 complent.

217 555 450 625 ejulatus
494 558 761 615 emittunt.
804 563 954 619 Inter
990 581 1126 634 quos
1168 575 1346 620 tamen
1378 565 1570 635 trepidi
1603 581 1667 622 ac
1715 584 1816 638 ge-

219 655 428 700 mentes
458 648 729 704 examime
751 666 952 721 corpus
990 654 1282 724 accipiunt,
1325 654 1506 710 cilicio
1544 663 1814 722 sternunt,

219 743 464 811 abluunt,
489 745 937 814 sacerdotalibus,
979 751 1055 803 uti
1100 751 1272 805 moris
1309 758 1407 814 est,
1453 751 1692 806 vestibus
1730 752 1816 806 in-

219 831 409 885 duunt.
437 833 746 904 Perciperes
783 837 853 890 ad
893 839 1010 893 haec
1048 838 1262 908 pietatis
1301 837 1499 906 ofﬁcia,
1539 856 1703 910 quain
1724 841 1818 910 pio

218 917 413 973 affectu
436 920 622 976 vivens
642 932 878 992 pastora
918 927 1032 980 suis
1072 927 1263 982 ovibus
1309 927 1653 999 diligebatur,
1695 945 1817 983 cum

218 1005 272 1060 in
303 1008 574 1064 exstincta
603 1013 920 1081 procederet
965 1023 1124 1070 tantae
1162 1015 1437 1072 charitatis
1473 1017 1706 1072 ostentio
1761 1026 1821 1072 ut

221 1095 402 1151 nullus
431 1096 510 1151 illi
532 1107 809 1169 putaretur
846 1102 980 1156 satis
1029 1104 1252 1158 honoris
1289 1105 1564 1170 detulisse,
1600 1105 1690 1177 qui
1711 1122 1820 1161 non

217 1182 630 1242 lacrimantibus
661 1190 831 1244 oculis
861 1192 1110 1246 manibus
1138 1193 1256 1262 ejus
1297 1209 1363 1248 ac
1419 1194 1649 1264 pedibus
1714 1196 1817 1251 de-

221 1281 350 1328 vota
379 1275 564 1331 oscula
593 1276 980 1348 impressisset.
1019 1281 1158 1335 Hinc
1207 1282 1581 1352 superpositus
1604 1282 1818 1352 feretro,

219 1361 402 1416 fertur
429 1363 497 1418 ad
529 1366 824 1422 ecclesiam
855 1368 1181 1425 beatissima;
1247 1370 1481 1441 Virginis
1526 1371 1816 1443 virginum,

218 1465 405 1520 quam,
437 1452 572 1507 sicut
601 1470 763 1525 supra
793 1457 1030 1522 memini,
1065 1475 1097 1512 a
1135 1458 1490 1515 fundamento
1536 1459 1653 1529 ipse
1682 1477 1819 1517 con-

217 1540 430 1594 struxit.
465 1541 533 1595 Et
557 1557 686 1598 ecce
717 1544 846 1598 dum
886 1546 940 1599 in
969 1546 1192 1600 sublimi
1224 1556 1544 1617 gestaretur,
1578 1564 1644 1603 ac
1675 1565 1818 1619 prae—

220 1627 540 1684 cedentibus
575 1631 660 1697 iis,
694 1633 784 1704 qui
815 1634 1025 1689 sonoris
1087 1636 1434 1690 concentibus
1472 1638 1585 1692 Deo
1632 1637 1824 1692 laudes

223 1725 275 1770 et
305 1733 495 1787 preces
525 1719 847 1787 offerebant,
875 1723 1238 1792 subsequente
1266 1733 1443 1780 autem
1475 1725 1697 1796 pepulo,
1731 1726 1820 1796 qui

1927 577 2040 631 Hos
2071 576 2210 633 inter
2235 578 2481 634 acerbior
2519 580 2673 635 ﬂetus
2729 585 3022 637 monachos
3077 589 3130 635 et
3177 580 3366 651 inopes
3394 595 3521 634 cru-

1925 664 2142 726 ciebat;
2178 667 2277 721 hos
2306 668 2432 736 quia
2460 678 2750 739 pastorem,
2784 675 2988 741 patrem
3049 678 3101 724 et
3157 670 3520 736 advocatum;

1927 752 2048 808 illos
2075 755 2202 824 quia
2231 772 2288 811 se
2317 757 2371 810 in
2403 773 2466 812 eo
2495 759 2795 827 perdidisse
2837 760 3187 827 adverterant
3215 757 3375 813 totius
3404 757 3526 812 vitae

1927 842 2244 910 subsidium,
2276 860 2428 914 spem
2461 855 2512 900 et
2541 849 2989 902 consolationem.
3051 848 3133 902 Fit
3160 848 3323 918 igitur
3348 845 3524 900 luctus

1927 931 2165 984 omnium
2197 933 2610 1000 inaestimabilis,
2646 944 2699 990 et
2728 937 2963 991 adunata
3019 935 3304 990 multitudo
3362 935 3526 988 innu-

1926 1019 2227 1074 merabilis.
2261 1019 2379 1089 Qua
2407 1023 2790 1078 circumstante
2818 1040 3041 1096 seseque
3070 1040 3236 1094 super
3290 1023 3525 1078 invicem

1928 1107 2337 1177 comprimente,
2431 1111 2770 1180 sepeliuntur
2853 1113 3204 1168 sacratissimi
3272 1110 3522 1180 praasulis

1927 1202 2072 1249 artus
2102 1195 2155 1250 in
2188 1198 2417 1266 praefata
2444 1199 2796 1255 nobilissimas
2847 1201 3082 1273 Virginis
3125 1201 3264 1266 aede,
3298 1200 3417 1254 loco
3446 1199 3522 1252 vi-

1928 1284 2112 1339 dilicet
2141 1285 2400 1342 divinitus
2427 1287 2639 1357 pridem
2669 1288 2976 1360 designato.
3010 1290 3136 1344 Post
3163 1291 3280 1344 haec
3310 1302 3526 1341 annun-

1933 1370 2093 1423 tiatur
2122 1371 2372 1439 deposito
2401 1372 2526 1442 ejus
2555 1372 2639 1426 his
2667 1382 2719 1428 et
2748 1373 2873 1439 illis,
2905 1373 2961 1428 id
2990 1381 3073 1428 est
3130 1372 3216 1428 vel
3273 1387 3409 1441 quos
3436 1387 3530 1425 re-

1928 1457 2140 1529 gendos
2170 1459 2274 1513 sub
2309 1461 2572 1530 pastorali
2641 1477 2768 1516 cura
2829 1468 3158 1531 susceperat,
3219 1459 3304 1515 vel
3336 1475 3470 1530 quos
3499 1475 3532 1512 a

1931 1545 2174 1600 saeculari
2204 1549 2613 1604 conversatione
2643 1549 2940 1604 abstractos
2996 1548 3224 1620 qualiter
3270 1548 3442 1601 Deum
3474 1546 3532 1598 in

1931 1635 2249 1689 monachico
2281 1635 2466 1690 habitu
2497 1641 2852 1706 sequerentur
2880 1639 3226 1691 instruxerat.
3281 1635 3435 1690 Unde
3467 1647 3533 1688 ex

1933 1720 2219 1777 dulcedine
2249 1724 2645 1779 recordationis
2694 1726 2833 1796 ejus,
2867 1725 3078 1781 cunctis
3134 1724 3228 1794 qui
3257 1721 3532 1793 intellige-

223 1804 476 1860 amissum
524 1817 796 1878 pastorem
846 1828 952 1866 una
1007 1829 1128 1867 cum
1179 1813 1457 1868 monachis
1519 1815 1826 1870 miseranda
1853 1819 1905 1879 Β
1935 1810 2068 1866 baut
2096 1827 2155 1865 se
2186 1811 2353 1867 fuisse
2383 1811 2522 1868 filios
2549 1814 2667 1882 ejus
2696 1814 2949 1869 indicitur
2977 1815 3150 1867 luctus
3194 1809 3524 1867 communis.

220 1909 356 1949 voce
388 1896 744 1968 plangebant,
778 1902 1030 1970 apparuit
1096 1902 1268 1973 gloria
1301 1903 1417 1967 Dei,
1462 1920 1586 1974 quae
1649 1903 1838 1959 doctas

227 1992 438 2038 mentes
468 1986 652 2041 docuit
681 1988 990 2060 intelligere
1021 1991 1272 2045 meritum
1301 1993 1524 2046 mortui.
1581 1993 1839 2048 Viderunt

224 2073 444 2140 etenim,
479 2076 570 2144 qui
598 2086 990 2146 convenerant,
1023 2079 1241 2134 niveam
1272 2080 1583 2135 columbam
1616 2081 1686 2135 de
1737 2098 1832 2134 su-

225 2162 371 2231 peris
401 2163 708 2218 venientem
742 2167 994 2236 expansis
1022 2167 1122 2222 alis
1151 2167 1297 2224 lento
1327 2169 1510 2224 volatu
1543 2176 1833 2240 protegere

225 2265 424 2320 corpus
452 2253 736 2308 antistitis.
779 2257 1003 2326 Igneam
1035 2272 1252 2327 quoque
1302 2257 1574 2327 sphaeram
1599 2259 1669 2312 ad
1694 2258 1830 2314 scuti

225 2340 406 2394 teretis
435 2341 606 2396 instar
634 2359 740 2397 una
783 2345 922 2399 crelo
987 2345 1276 2416 delapsam
1341 2362 1502 2416 super
1568 2347 1828 2402 feretrum

228 2428 590 2485 intuebantur.
624 2431 692 2486 Et
723 2432 1052 2488 admirantes
1082 2451 1248 2488 unum
1306 2443 1358 2489 et
1386 2435 1531 2489 aliud
1586 2436 1824 2507 signum,

227 2527 458 2589 rognant
488 2528 544 2573 ut
574 2521 664 2591 qui
695 2537 802 2575 non
834 2521 1173 2577 adverterent
1227 2523 1548 2579 intueantur.
1610 2524 1829 2579 Insonat

230 2606 438 2662 clamor
464 2608 588 2663 hinc
619 2609 832 2677 etinde,
866 2609 1029 2682 fitque
1061 2611 1293 2681 diruptio
1324 2627 1518 2668 vocum
1550 2613 1724 2667 laudat
1737 2613 1821 2667 io-

228 2695 311 2748 nis
341 2695 572 2758 divinse;
609 2697 727 2752 laus
757 2706 933 2754 autem
965 2699 1084 2768 ipsa
1113 2715 1218 2769 quo
1247 2701 1424 2772 magis
1473 2700 1820 2771 dirumpitur,

218 2784 397 2854 magis
428 2793 687 2856 augetur;
713 2788 982 2856 rumpitur
1002 2787 1054 2841 in
1075 2789 1295 2844 canoris
1324 2789 1564 2856 vocibus,
1591 2798 1821 2862 augetur

215 2871 269 2924 in
300 2871 470 2939 iubilo
501 2873 696 2929 cordis.
729 2875 964 2930 Juhilant
1029 2893 1264 2948 namque
1332 2878 1444 2932 Deo
1493 2893 1590 2949 pro
1617 2879 1814 2949 gratia,

215 2976 374 3030 quam
408 2962 461 3016 in
494 2971 636 3017 tanta
668 2964 1006 3020 multitudine
1036 2974 1339 3021 monstrare
1394 2967 1449 3020 in
1506 2969 1661 3021 Patre
1717 2983 1812 3022 suo

212 3048 466 3120 dig-natus
495 3059 576 3106 est
600 3066 613 3119 ;
646 3068 746 3117 per
767 3053 1076 3108 columbam
1097 3054 1352 3110 videlicet
1372 3056 1661 3110 ostendens
1683 3056 1810 3110 sim-

1944 1899 2048 1954 Ubi
2077 1909 2254 1955 autem
2286 1917 2436 1970 saepe
2465 1911 2798 1957 memoratus
2825 1901 3175 1958 Ethelwinus
3220 1900 3331 1954 dux
3361 1898 3536 1953 resci-

1943 1988 2019 2043 vit
2046 1989 2342 2059 gloriosum
2374 1989 2684 2045 Oswaldum
2739 1991 2863 2045 huic
2915 1990 3040 2045 vitae
3094 1989 3319 2043 modum
3351 1987 3534 2056 impo-

1941 2076 2132 2143 suisse,
2168 2094 2279 2148 praa
2335 2079 2504 2133 nimia
2551 2079 2803 2151 angustia
2844 2079 3023 2134 cordis
3068 2077 3352 2131 inﬁrmitas
3408 2090 3534 2130 cor-

1940 2166 2107 2234 poris,
2139 2183 2258 2236 quae
2288 2167 2441 2222 illum
2470 2175 2596 2223 tunc
2656 2169 2792 2223 forte
2850 2166 3154 2238 premebat,
3215 2165 3269 2219 in
3327 2172 3534 2218 tantum

1939 2254 2209 2309 convaluit
2237 2264 2294 2311 ut
2348 2263 2472 2327 post
2527 2257 2803 2311 modicum
2864 2255 3127 2326 temporis
3185 2260 3371 2308 sancto
3429 2250 3538 2306 fine

1939 2343 2224 2411 quiescens
2253 2345 2523 2401 universae
2549 2346 2729 2400 carnis
2758 2346 2903 2400 viam
2933 2344 3180 2409 intraret,
3210 2342 3452 2411 sepultus
3481 2341 3539 2394 in

1937 2433 2170 2486 ecclesia
2200 2449 2363 2504 quam
2394 2434 2448 2487 in
2479 2434 2767 2490 Rameseia
2813 2434 2932 2503 ipse
2963 2441 3015 2488 et
3048 2434 3204 2487 Pater
3251 2429 3538 2487 Oswaldus

1933 2519 2000 2574 de
2029 2537 2125 2574 suo
2157 2521 2515 2578 fabricarant.

2003 2610 2217 2663 Transit
2246 2619 2427 2665 autem
2485 2611 2822 2667 venerandus
2877 2612 3099 2684 Deoque
3159 2609 3394 2665 dilectus
3425 2627 3528 2664 an-

1929 2697 2076 2752 tistes
2107 2698 2393 2754 Oswaldus
2447 2701 2517 2756 ab
2573 2703 2676 2756 hac
2730 2702 2840 2756 vita
2870 2701 2940 2756 ad
2994 2701 3165 2754 vitam
3195 2706 3455 2753 aeternam
3486 2715 3526 2753 ιι

1929 2785 2298 2841 Kalendarum
2327 2789 2522 2855 Martii,
2552 2790 2862 2845 Transactis
2917 2789 2986 2843 ab
3043 2789 3382 2858 episcopatu,
3414 2802 3524 2857 quo

1922 2875 2100 2945 primo
2168 2876 2380 2932 functus
2443 2885 2578 2944 erat,
2640 2879 2865 2950 triginta
2929 2878 3015 2932 vel
3071 2875 3302 2947 amplius
3329 2874 3519 2936 annis;

1921 2963 2316 3034 Conditumque
2348 2970 2432 3021 est
2461 2967 2769 3022 venerabile
2798 2981 2993 3036 corpus
3047 2965 3208 3031 illius,
3264 2964 3340 3016 uti
3372 2978 3520 3034 prae-

1919 3053 2178 3122 diximus,
2213 3055 2518 3126 Wigornaa,
2562 3055 2617 3109 in
2674 3055 2900 3110 ecclesia
2957 3052 3366 3125 gloriosissimas
3423 3050 3522 3105 Dei

211 3137 510 3206 plicitatem
543 3147 600 3194 et
628 3139 989 3196 innocentiam
1021 3143 1255 3212 pectoris
1282 3143 1396 3211 ejus
1421 3163 1432 3206 ;
1464 3159 1562 3213 per
1591 3145 1807 3216 igneam
1838 3172 1887 3236 Ο
1918 3142 2196 3213 genitricis
2225 3152 2278 3197 et
2308 3151 2589 3214 perpetua:
2619 3143 2845 3215 virginis
2864 3143 3066 3197 Mariae.
3088 3143 3230 3198 Sane
3254 3147 3313 3236 ut
3343 3139 3525 3211 gratia

211 3228 507 3296 sphaeram,
541 3228 764 3284 fervens
793 3229 1029 3285 studium
1061 3247 1168 3302 quo
1196 3233 1461 3300 praeditus
1492 3240 1606 3287 erat
1635 3233 1689 3286 in
1722 3232 1809 3286 di-

207 3313 438 3371 lectione
469 3316 566 3371 Dei
597 3326 650 3372 et
678 3317 909 3388 proximi
942 3319 1156 3374 animus
1187 3321 1324 3390 ejus.
1380 3321 1600 3375 Interim
1644 3337 1816 3377 vene-

208 3403 379 3458 rabile
407 3419 605 3475 corpus
635 3407 877 3462 oratorio
907 3407 1153 3475 infertur,
1215 3416 1408 3478 emptae
1464 3409 1818 3478 protectionis

209 3491 416 3560 praefati
446 3492 590 3564 ignis
619 3501 782 3564 atque
822 3496 1089 3551 columbae
1145 3496 1551 3551 continuatione
1581 3497 1815 3551 comita-

209 3586 346 3633 tum.
379 3583 445 3634 At
477 3581 596 3651 ipso
628 3583 874 3653 deposito
905 3600 1090 3639 coram
1121 3585 1301 3652 altari,
1336 3584 1470 3640 visio
1500 3601 1621 3656 quae
1649 3601 1815 3655 appa-

215 3668 320 3722 ruit
349 3669 402 3722 in
435 3669 725 3725 australem
758 3671 998 3728 ecclesia:
1055 3674 1275 3746 plagam
1308 3690 1477 3744 prepe
1515 3675 1690 3728 altare
1728 3674 1814 3728 di-

211 3757 389 3823 vertit,
423 3758 575 3826 quasi
603 3759 780 3815 locum
847 3761 1141 3832 designans
1203 3763 1448 3832 corporis
1477 3762 1802 3832 sepeliendi.

209 3843 331 3912 Quo
362 3844 509 3900 facto
537 3847 854 3902 intuentium
884 3848 1056 3904 oculis
1094 3850 1291 3905 ccelum
1319 3865 1572 3904 rameans
1629 3850 1810 3920 elapsa

204 3941 283 3988 est
297 3974 310 3988 .

273 4023 441 4078 Fama
469 4022 634 4096 igitur
661 4024 840 4079 obitus
881 4026 998 4096 ejus
1027 4026 1426 4096 circunquaque
1492 4027 1808 4098 perlabitur»

197 4119 251 4165 et
278 4111 373 4167 illo
401 4112 494 4166 die
523 4128 586 4168 ac
616 4120 772 4168 nocte
801 4113 1163 4184 subsequente
1219 4115 1412 4186 quibus
1460 4130 1492 4168 a
1538 4115 1811 4184 sepultura

195 4215 394 4271 corpus
423 4201 784 4272 suspenditur,
819 4203 1056 4272 undique
1087 4203 1239 4274 parvi
1269 4220 1332 4258 ac
1376 4204 1560 4274 magni
1608 4203 1808 4258 utrius-

195 4304 300 4360 que
331 4305 498 4344 sexus
526 4289 772 4345 homines
838 4291 1124 4358 advolant,
1183 4308 1483 4363 eorumque
1539 4292 1804 4346 clamores

1928 3229 2130 3286 Christi
2158 3231 2409 3302 designet
2439 3231 2756 3286 mortalibus
2786 3230 3101 3286 Oswaldum
3125 3229 3326 3282 mundo
3365 3242 3518 3282 mor—

1926 3326 2074 3372 tuum
2106 3318 2212 3372 sibi
2243 3320 2450 3385 vivere,
2485 3320 2574 3390 qui
2605 3334 2729 3374 eum
2788 3334 2896 3373 non
2953 3318 3101 3387 quasi
3131 3317 3345 3386 penitus
3377 3331 3534 3369 mor-

1927 3411 2075 3461 tuum
2105 3407 2403 3478 requirunt,
2435 3422 2564 3462 vere
2620 3407 2851 3462 viventis
2908 3414 2962 3460 et
2989 3413 3111 3459 ante
3169 3419 3230 3459 se
3294 3403 3524 3456 multum

1925 3497 2153 3550 valentis
2183 3495 2384 3551 indicia
2413 3496 2468 3550 in
2499 3511 2563 3551 eo
2595 3495 2884 3565 reperiunt.
2911 3494 3071 3563 Quod
3090 3501 3147 3548 ut
3175 3491 3526 3547 evidentibus

1925 3585 2221 3655 probemus
2250 3584 2608 3657 argumentis,
2641 3601 2762 3656 quae
2794 3600 2892 3655 per
2919 3600 3042 3639 eum
3101 3591 3224 3653 post
3296 3589 3523 3636 mortem

1921 3689 2076 3727 suam
2109 3674 2249 3728 facta
2285 3682 2336 3727 et
2391 3674 2461 3727 ad
2517 3682 2756 3729 nostram
2813 3673 3056 3728 notitiam
3114 3679 3242 3725 sunt
3291 3669 3520 3740 perlata,

1920 3762 2107 3830 paucis
2136 3762 2448 3817 subnectere
2478 3763 2576 3816 rati
2609 3778 2816 3816 sumus:
2850 3762 2959 3818 Sed
3016 3776 3082 3816 ne
3108 3760 3418 3831 judicemur
3448 3758 3517 3812 de

1918 3850 2287 3922 percipiendis
2317 3851 2543 3924 indigni,
2604 3851 2648 3905 si
2691 3851 3000 3906 invenimur
3029 3849 3097 3904 de
3125 3847 3395 3919 perceptis
3424 3847 3520 3902 in-

1917 3939 2076 4010 grati,
2107 3956 2209 4008 pro
2238 3939 2306 3994 iis
2335 3940 2531 4011 quibus
2586 3939 2886 3994 scribendis
2942 3938 3182 3992 animum
3238 3935 3515 4001 dedimus,

1919 4032 1974 4082 et
1995 4027 2113 4096 jam
2142 4027 2412 4095 effectum,
2447 4036 2604 4098 prout
2633 4028 2778 4082 Deus
2807 4027 2978 4091 dedit,
3011 4025 3159 4079 nacti
3215 4039 3417 4090 sumus,
3451 4023 3520 4076 sit

1917 4117 2020 4185 ipsi
2050 4115 2406 4185 omnipotenti
2435 4117 2568 4181 Deo,
2605 4115 2768 4182 Patri,
2802 4115 2936 4169 Filio
2967 4119 3023 4168 et
3078 4111 3297 4184 Spiritui
3329 4117 3516 4164 sancto

1917 4203 2033 4257 laus
2061 4207 2114 4257 et
2143 4204 2437 4275 gratiarum
2466 4203 2605 4259 actio
2635 4220 2735 4274 per
2764 4200 3092 4257 immortalia
3121 4199 3318 4255 saecula
3345 4214 3510 4253 saecu-

1916 4290 2087 4346 lorum
2103 4332 2116 4345 .
2153 4295 2322 4348 Amen
2338 4333 2350 4346 .

1064 4432 1322 4504 Explicit
1350 4435 1469 4488 Vita
1495 4431 1733 4490 Oswaldi
1754 4433 2162 4506 archiepiscopi
2183 4439 2238 4491 et
2278 4435 2642 4506 confessoris.

988 4705 1433 4852 VITA
1496 4704 1594 4854 S
1634 4818 1664 4850 .
1763 4707 2703 4857 DUNSTANI

1273 4931 1803 4988 ARCHIEPISCOPI
1836 4933 2430 4991 CANTUARIENSIS.

747 5056 1398 5150 AUCTOIlE
1479 5059 2140 5152 EADMERO
2219 5062 2926 5155 MONACHO.

1241 5353 1709 5457 INCIPIT
1765 5356 2438 5465 PROLOGUS

267 5565 412 5634 Quia
445 5567 616 5621 Deum
647 5565 700 5620 in
730 5566 928 5620 sanctis
955 5564 1070 5620 suis
1119 5563 1420 5620 mirabilem
1479 5565 1798 5635 prophetica
1897 5565 2018 5620 (ωδε
2046 5555 2100 5610 in
2126 5563 2312 5612 sancto
2344 5555 2619 5611 Dunstano
2676 5557 2864 5626 primae
2935 5551 3248 5622 metropolis
3277 5550 3494 5620 Anglo-

195 5671 333 5712 voce
361 5655 587 5712 laudare
609 5655 869 5726 jubemur
920 5654 1100 5725 (Ρεαι.
1134 5669 1311 5724 van,
1343 5656 1456 5724 36),
1489 5669 1614 5710 eum
1643 5652 1699 5710 in
1729 5653 1797 5710 iis

1904 5663 2022 5705 rum
2056 5645 2308 5720 pontiﬁce
2337 5645 2663 5702 mirabiliter
2690 5643 2902 5717 operari
2931 5642 3185 5712 dignatus
3213 5647 3314 5710 est,
3348 5655 3494 5710 quae-
