4032 6078
495 311 598 374 .787

1527 306 1832 364 EADMERI
1851 304 2407 365 CANTUARIENSIS
2419 305 2737 365 MONACHI

3668 302 3775 358 788

498 455 743 517 rumdam
783 453 1108 528 simplicium
1137 451 1192 511 in
1247 452 1391 512 bono
1421 453 1651 510 fratrum
1681 469 1790 510 non
1830 458 2079 508 contem-
2109 432 2164 496 Α
2193 451 2581 508 commendare
2609 451 2913 523 cupiebam.
2947 452 3060 507 Nec
3088 451 3142 507 in
3171 450 3254 506 his
3301 463 3424 504 meo
3468 463 3630 504 sensu
3661 459 3794 500 usus

498 547 693 606 nendaa
727 545 988 602 voluntati
1035 544 1486 614 obtemperantes,
1545 543 1738 599 usitato
1794 558 1943 598 more
1998 543 2086 598 lo-

499 635 697 710 quendi
728 634 852 707 styli
881 633 1056 690 ofﬁcio
1087 633 1314 689 laudare
1341 632 1705 697 decrevimus,
1739 631 1953 701 scriptis
1967 646 2088 702 qua)

493 724 603 782 alio
633 723 863 795 quodam
895 721 1212 779 elocutionis
1239 737 1439 794 genere
1487 722 1607 793 ipsa
1660 728 1816 793 gesta
1845 736 2090 776 comme-

493 818 707 870 morant
756 811 1064 883 sapientum
1119 810 1537 867 considerationi
1593 810 1817 866 relictis.
1886 809 1983 864 Cui
2036 816 2093 864 ut

494 898 624 958 licet
651 898 909 970 insipiens
951 899 1372 969 acquiescerem,
1412 914 1498 954 me
1537 897 1779 954 nonnihil
1807 897 2095 953 illexerunt

493 989 682 1046 eadem
711 989 932 1058 scripta,
954 1004 1017 1044 eo
1049 987 1194 1058 quod
1225 987 1277 1042 in
1310 987 1639 1058 quibusdam
1668 987 1938 1042 nonnullis
1969 1001 2093 1040 mo-

495 1077 625 1136 dum
656 1081 866 1132 usitataa
893 1077 1214 1132 narrationis
1244 1076 1551 1132 excessisse
1596 1075 1866 1130 videntur.
1899 1075 2091 1130 Addu-

495 1174 612 1224 ctus
641 1165 802 1224 etiam
831 1165 886 1220 in
918 1167 1021 1222 hoc
1051 1181 1167 1239 sum
1227 1164 1582 1236 quorumdam
1639 1164 1942 1229 calumniis,
2004 1164 2094 1233 qui

497 1255 808 1326 frequenter
837 1253 1007 1324 questi
1038 1257 1162 1309 sunt
1190 1260 1244 1308 et
1271 1253 1533 1323 conqueri
1564 1269 1673 1308 non
1701 1252 1966 1308 desistunt
1994 1269 2096 1306 au-

498 1353 702 1400 ctorem
733 1343 843 1414 (30)
873 1343 1115 1414 ipsorum
1131 1342 1455 1413 scriptorum
1472 1343 1708 1413 vulgata
1724 1357 1902 1396 rerum
1933 1341 2096 1395 histo-

499 1433 598 1489 riae
629 1448 736 1488 non
767 1431 1094 1488 omnimodis
1122 1431 1508 1486 concordasse.
1546 1429 1705 1499 Quod
1728 1447 1838 1486 non
1878 1429 2097 1501 quidem

503 1522 558 1575 in
587 1520 880 1585 miraculis,
915 1536 1038 1590 quae
1070 1519 1136 1574 de
1167 1519 1287 1588 ipso
1320 1519 1473 1574 Patre
1501 1519 1700 1590 scripta
1730 1527 1869 1584 sunt,
1902 1517 1951 1573 ei
1979 1518 2100 1573 sub.

502 1610 735 1680 rapsisse
770 1607 1118 1664 confitemur.
1158 1609 1239 1662 De
1294 1608 1507 1678 quibus,
1566 1608 1717 1663 verbi
1769 1608 1962 1680 gratia,
2018 1614 2101 1662 est

504 1698 650 1769 quod
665 1697 844 1752 scribit
866 1697 1233 1768 episcopatum
1253 1697 1727 1766 Wirgornensem,
1755 1715 1874 1752 cum
1888 1697 1956 1752 ad
1975 1711 2094 1752 eum

2195 557 2335 610 sum,
2365 541 2460 596 sed
2489 541 2639 596 firma
2669 549 2721 596 et
2749 542 2834 597 cui
2889 558 2996 596 non
3051 541 3273 597 credere
3346 538 3612 595 nefarium
3668 549 3795 592 esse

2198 630 2489 687 credebam
2521 632 2736 685 Patrum
2776 633 3098 687 auctoritate
3148 628 3427 696 subnixus,
3487 641 3624 698 quos
3655 625 3790 680 mihi

2200 720 2473 786 quondam
2503 727 2781 775 attestatos
2827 720 2994 774 fuisse
3051 720 3314 775 recordor
3367 734 3424 772 se
3477 733 3566 772 res
3620 715 3791 787 ipsas,

2196 809 2345 879 juxta
2375 807 2520 880 quod
2551 825 2642 864 eas
2669 808 3048 872 describimus,
3079 816 3228 865 certo
3260 807 3428 863 relatu
3483 821 3674 862 eorum
3703 803 3797 875 qui

2201 898 2402 968 optime
2458 898 2579 952 illas
2634 906 2898 953 noverant
2954 898 3295 968 cognovisse.
3371 896 3573 950 Horum
3630 908 3799 947 unum

2200 987 2545 1058 zEgelredum
2578 987 2803 1054 scilicet,
2837 987 2926 1058 qui
2957 985 3264 1057 subprioris
3293 993 3344 1040 et
3400 983 3644 1040 cantoris
3674 979 3801 1037 ofﬁ-

2200 1075 2344 1130 cium
2375 1077 2429 1129 in
2457 1075 2688 1131 ecclesia
2714 1075 3088 1131 Cantuariensi
3118 1074 3488 1130 strenuissime
3526 1089 3624 1142 per
3651 1069 3804 1124 mul-

2205 1171 2315 1219 tnm
2349 1167 2608 1237 temporis
2637 1165 3066 1233 administrabat,
3102 1165 3300 1235 quique
3342 1163 3696 1233 postmodum
3729 1158 3801 1214 ob

2201 1255 2513 1327 religiosam
2544 1254 2884 1324 prudentiam
2943 1261 2996 1309 et
3024 1253 3344 1324 prudentem
3375 1249 3798 1322 religiositatem

2204 1358 2357 1397 suam
2389 1342 3002 1415 Wigornensiecclesiaa
3019 1342 3120 1396 sub
3134 1342 3306 1396 beatae
3334 1339 3606 1395 memoriae
3634 1336 3805 1393 Wul-

2205 1435 2360 1487 stano
2392 1432 2647 1503 episcopo
2678 1431 2931 1502 prmlatus
2960 1439 3091 1496 erat,
3152 1438 3204 1485 et
3261 1429 3449 1484 multis
3501 1429 3592 1499 qui
3621 1427 3809 1482 adhuc

2208 1527 2502 1590 supersunt
2531 1520 2842 1576 notissimus
2873 1521 3062 1583 fuerat,
3118 1536 3187 1574 ne
3243 1517 3400 1573 nudis
3453 1516 3808 1573 solummodo

2206 1609 2385 1666 verbis
2413 1625 2582 1681 agere
2605 1609 2834 1679 judicer,
2867 1609 3080 1663 omissis
3120 1609 3239 1663 aliis
3291 1621 3602 1678 proponere
3657 1604 3811 1662 cordi

2209 1697 2327 1753 fuit.
2361 1697 2462 1752 Hic
2487 1699 2753 1769 Egelrico
2783 1699 3083 1754 Cicestrens
3137 1697 3397 1767 episcopo
3441 1695 3650 1752 homini
3683 1711 3808 1748 ma-

507 1788 668 1841 Pater
696 1787 1006 1841 Dunstanus
1058 1786 1260 1841 electus
1290 1793 1342 1841 et
1396 1794 1740 1843 consecratus
1796 1795 1894 1853 est,
1931 1785 2099 1840 fuisse
2129 1788 2184 1851 Β
2213 1803 2438 1859 gnarum
2468 1804 2647 1843 rerum
2678 1787 2876 1857 peritia
2927 1787 3160 1857 praedito
3215 1789 3442 1841 antheac
3485 1785 3578 1839 diu
3608 1784 3804 1839 adhae-

507 1875 562 1930 in
594 1876 802 1930 honore
843 1875 1014 1930 beatae
1072 1875 1262 1929 matris
1319 1875 1416 1930 Dei
1473 1875 1673 1941 Mariae,
1731 1891 1854 1931 cum
1909 1889 2103 1929 revera

500 1964 666 2019 fuerit
718 1963 775 2018 in
803 1965 1062 2019 honorem
1104 1963 1329 2035 gloriosi
1395 1964 1760 2033 apostolorum
1840 1963 2101 2034 principis

497 2053 642 2107 Petri
667 2071 682 2118 ;
716 2061 769 2106 et
799 2053 942 2121 quod
973 2052 1158 2120 refert,
1191 2053 1489 2106 secundum
1525 2051 1880 2118 Edwardum,
1912 2059 2104 2122 marty-

508 2157 620 2196 rem
650 2157 721 2195 ex
752 2140 1155 2196 sanctimoniali
1211 2141 1413 2195 femina
1462 2150 1667 2208 natum,
1728 2158 1856 2196 cum
1912 2142 2102 2212 procul

504 2229 671 2285 dubio
701 2237 906 2284 constet
935 2245 1058 2284 eum
1089 2246 1156 2284 ex
1180 2230 1424 2301 legitima
1454 2231 1687 2302 conjuge
1717 2239 2058 2301 procreatum
2085 2249 2097 2294 ;

502 2326 556 2374 et
602 2319 705 2374 alia
753 2319 1005 2389 quaedam
1037 2319 1091 2372 in
1120 2319 1261 2374 hunc
1293 2319 1538 2374 modum.
1591 2320 1832 2388 Quorum
1861 2321 2100 2376 omnium

503 2423 696 2478 puram
730 2408 1006 2462 veritatem
1027 2417 1251 2478 rogatus
1282 2409 1353 2463 ab
1384 2410 1577 2464 amicis
1607 2412 1740 2464 meis
1789 2418 1899 2465 tant.
1926 2411 2102 2465 studio

501 2496 830 2568 investigare
860 2497 1125 2551 sollicitus
1161 2497 1235 2551 fui
1265 2507 1319 2552 ut
1349 2515 1558 2570 quaque
1587 2516 1684 2570 per
1702 2500 1972 2572 Angliam,
2011 2501 2101 2556 ubi

505 2586 692 2641 talium
723 2586 905 2640 studia
936 2586 1121 2656 vigere
1144 2587 1381 2642 sciebam
1413 2597 1465 2643 et
1495 2589 1727 2658 ipsemet
1758 2590 1833 2644 ire
1859 2606 1965 2644 non
1998 2606 2101 2660 po-

499 2682 689 2738 teram,
725 2689 820 2744 pro
850 2675 954 2730 hoc
975 2691 1092 2744 ipso
1125 2691 1209 2730 me
1241 2677 1455 2732 mittere
1488 2693 1596 2732 non
1627 2679 1857 2748 pigeret,
1879 2679 2101 2735 omnino

506 2761 761 2816 videlicet
798 2762 1173 2817 detestandum
1234 2765 1559 2819 existimans
1615 2783 1644 2819 a
1697 2783 1873 2822 rerum
1934 2769 2102 2824 limite

510 2849 868 2906 exorbitantia
897 2851 1174 2906 veritatem
1235 2868 1398 2908 nosse
1455 2853 1762 2909 volentibus
1817 2856 1961 2911 dicto
2019 2857 2103 2912 vel

507 2937 708 3008 scripto
739 2938 1170 2994 subministrare.
1209 2940 1360 2995 Unde
1391 2957 1461 2996 ne
1491 2943 1614 3013 quis
1645 2960 1730 2997 me
1761 2946 1955 3015 quavis
2011 2961 2102 3000 ar-

503 3026 752 3098 rOgantia
781 3026 867 3080 vel
897 3026 1099 3082 invidia
1131 3028 1350 3083 ductum
1405 3030 1609 3100 judicet
1659 3031 1774 3087 istis
1803 3034 2104 3090 scribendis

2211 1884 2373 1943 serat,
2403 1885 2456 1932 et
2484 1877 2552 1931 ab
2581 1892 2645 1932 eo
2676 1876 2845 1931 multa
2874 1877 2942 1930 de
2973 1877 3130 1931 beato
3187 1877 3492 1942 Dunstano,
3552 1873 3638 1928 cui
3669 1889 3811 1943 pene.

2210 1973 2692 2035 contemporaneus
2724 1965 2842 2030 fuit,
2885 1963 3182 2028 didicerat;
3245 1980 3366 2033 quae
3397 1962 3488 2016 ille
3518 1962 3587 2015 ab
3619 1962 3683 2015 iis
3715 1961 3808 2031 qui

2211 2053 2466 2108 interesse
2523 2061 2835 2108 meruerunt
2863 2069 2922 2108 se
2973 2052 3247 2122 accepisse
3312 2051 3598 2106 fatebatur.
3658 2051 3806 2104 Sunt.

2209 2159 2371 2213 super
2399 2144 2513 2197 haec
2537 2143 2738 2213 scripta
2770 2150 3012 2197 veterum
3043 2139 3351 2210 simpliciori
3396 2139 3532 2210 stle
3594 2139 3812 2212 digesta

2212 2239 2264 2286 et
2294 2233 2667 2286 chronicorum
2703 2231 3030 2286 abbreviataa
3060 2230 3382 2294 notationes,
3437 2228 3609 2297 iisque
3665 2227 3812 2280 scri-

2209 2320 2387 2374 bimus
2416 2325 2747 2376 altestantes.
2784 2322 2861 2374 De
2892 2320 2958 2374 iis
3018 2327 3194 2374 autem
3256 2333 3375 2390 qua:
3432 2325 3548 2387 post
3607 2332 3800 2370 sacra-

2213 2411 2475 2464 tissimum
2509 2411 2786 2464 transitum
2819 2409 2934 2478 ejus
2964 2425 3060 2479 per
3087 2423 3213 2462 eum
3243 2407 3382 2462 facta
3400 2404 3795 2478 significamus,

2212 2500 2465 2570 qumdam
2496 2515 2562 2553 ex
2592 2498 2889 2553 litterarum
2921 2496 3568 2564 monumentis,'—qua:dam
3583 2511 3652 2548 ex
3683 2509 3814 2564 pro-

2209 2587 2455 2657 priorum
2471 2603 2722 2642 sensuum
2735 2586 3233 2656 approbationibus,
3255 2584 3504 2656 quaedam
3519 2599 3586 2638 ex
3606 2582 3810 2638 veridi-

2210 2692 2394 2731 corum
2425 2676 2667 2732 virorum
2697 2675 3131 2746 allegationibus,
3164 2675 3255 2746 qui
3308 2690 3370 2727 ea
3425 2681 3638 2745 partem
3665 2672 3807 2739 visu,

2211 2766 2409 2834 partim
2467 2765 2675 2832 auditu,
2763 2767 2963 2835 partim
3021 2764 3389 2833 experimento
3464 2762 3656 2832 seipsis
3713 2760 3808 2815 di-

2211 2853 2472 2918 dicerunt,
2531 2855 2676 2909 omni
2760 2861 2968 2908 remota
3035 2853 3465 2922 scrupulositate,
3534 2849 3806 2922 cognovi-

2209 2957 2345 2996 mus.
2381 2943 2435 2998 Si
2468 2944 2586 3011 quis
2617 2943 2750 3016 igitu
2781 2944 2899 2998 hmc
2944 2941 3124 3013 legere
3181 2940 3493 3010 dignabitur
3549 2939 3636 2994 vel
3701 2954 3808 2992 au—

2210 3030 2342 3100 dire,
2401 3032 2492 3099 ita,
2569 3048 2755 3103 quaeso
2812 3031 2961 3104 fegat
3017 3030 3102 3085 vel
3155 3030 3314 3085 audia
3346 3037 3401 3082 ut
3449 3027 3807 3083 conscientia:

502 3131 724 3170 manum
757 3115 1100 3184 imposuisse,
1134 3117 1310 3172 fateor
1347 3120 1714 3174 testimonium
1763 3122 1893 3176 mihi
1925 3125 2104 3192 perhi'
2130 3141 2180 3204 ο
2213 3136 2348 3174 meae
2363 3121 2693 3190 simplicitati
2725 3137 2830 3175 non
2861 3121 3110 3192 deroget.
3147 3119 3287 3173 Nam
3305 3135 3364 3173 ea
3383 3133 3485 3171 non
3518 3117 3811 3171 detrahere

498 3203 658 3258 bente
688 3204 1018 3259 conscientia
1048 3221 1167 3260 mea
1197 3207 1250 3259 in
1282 3207 1399 3276 ipsa
1431 3209 1672 3275 veritate,
1707 3226 1738 3264 a
1797 3228 1902 3279 qua
1934 3212 2092 3265 Chri-

500 3293 738 3347 stianum
792 3294 1014 3348 deviare
1067 3311 1171 3348 non
1232 3296 1374 3362 licet,
1436 3296 1562 3368 quia
1591 3298 1696 3352 nisi
1729 3316 1814 3354 me
1846 3302 2094 3357 humanae

499 3383 694 3436 mentis
725 3383 932 3438 caecitas
962 3382 1128 3450 fallat,
1166 3384 1237 3437 :iil
1268 3385 1324 3438 in
1343 3385 1446 3440 hac
1476 3396 1631 3456 parte
1675 3405 1796 3458 quae
1839 3389 2095 3445 dixivitia

498 3473 733 3540 valuere,
767 3473 864 3526 sed
913 3472 1058 3527 solus
1087 3488 1241 3528 arnor
1268 3475 1400 3540 veri,
1433 3491 1541 3545 quo
1565 3484 1769 3530 tantum
1803 3479 2010 3533 Patrem
2044 3487 2095 3534 et

499 3560 860 3630 praesentibus
890 3569 941 3614 et
967 3562 1224 3616 secuturis
1253 3565 1397 3617 omni
1457 3565 1692 3632 seposita
1742 3567 2097 3639 ambiguitate

587 3712 696 3778 (30)
730 3711 931 3763 Auctor
960 3708 1005 3762 is
1040 3710 1170 3764 Viti!l
1199 3712 1476 3779 Dunstani,
1509 3713 1659 3778 cujus
1689 3730 1900 3770 errores
1943 3717 2096 3770 Ead-

503 3779 1044 3850 merusperstringit,
1072 3796 1170 3835 nec
1201 3782 1526 3836 Bridferthus
1580 3784 1679 3837 fuit
1734 3801 1834 3840 nec
1885 3786 2094 3840 O~ber—

501 3865 624 3927 nus.
646 3849 929 3927 .ll_le__enim
956 3849 1137 3927 neque
1168 3851 1240 3927 d_e_
1263 3853 1490 3927 ecclesia
1519 3853 1895 3927 V‘Vigorniensi
1926 3856 2098 3913 beata:

503 3920 713 3995 Virgini
745 3920 938 3995 dicata.
973 3920 1072 3976 nec
1103 3922 1170 3995 de
1201 3923 1456 3977 Edwardi
1490 3920 1648 3995 regis
1666 3933 1833 3980 matre
1865 3930 2103 3982 mentio-

497 3991 852 4067 nem__intul_it.
892 3993 998 4046 Iste
1046 3993 1263 4067 quidem
1319 3991 1602 4067 ecclesiam
1662 3996 2102 4067 Wigorniensem

500 4061 560 4116 B.
597 4062 801 4135 Virgini
830 4061 1094 4135 sacratam
1125 4064 1288 4118 fuisse
1317 4066 1477 4120 refert
1502 4082 1514 4133 ;
1547 4067 1615 4121 de
1646 4061 1896 4123 Edw'ardi
1919 4078 2098 4124 autem

501 4141 673 4188 matre
698 4133 776 4186 nil
809 4133 991 4188 habet.
1019 4135 1194 4188 Alium
1227 4135 1392 4205 igitur
1421 4137 1490 4191 ab
1523 4139 1794 4193 Eadmero
1844 4140 2096 4194 subinnui

505 4212 774 4259 auctorem
805 4214 971 4278 piuto:
1008 4222 1164 4278 quem
1198 4206 1481 4278 Osbernus
1510 4209 1567 4262 in
1624 4210 1940 4278 prtefatione
1995 4228 2090 4266 sua

504 4289 591 4330 res
617 4284 798 4347 gestas
826 4277 1094 4331 Dunstani
1125 4276 1262 4348 stle
1322 4278 1515 4334 festivo
1593 4276 1800 4351 pariter
1857 4291 1909 4337 et
1960 4281 2096 4338 bene

2209 3209 2485 3273 studiosis,
2520 3210 2618 3263 sed
2673 3209 2922 3280 parvitali
2981 3225 3084 3263 mae
3133 3222 3484 3276 meorumque
3541 3204 3804 3258 similium

2205 3299 2639 3353 condescendere
2670 3298 2964 3353 scientibus
3018 3305 3179 3367 atque
3230 3296 3450 3366 paratis,
3494 3310 3593 3363 pro
3645 3301 3812 3363 captu

2204 3402 2325 3441 meo
2355 3387 2623 3457 descripta
2651 3403 2769 3444 esse
2825 3386 3134 3456 pronuntio.
3194 3385 3314 3439 Non
3371 3384 3553 3454 itaque
3609 3397 3668 3437 se
3697 3381 3808 3435 illis

2206 3493 2325 3545 quae
2356 3476 2641 3530 scribimus
2671 3475 2901 3530 inaniter
2955 3482 3201 3544 occupet,
3255 3473 3339 3527 cui
3366 3472 3510 3543 quod
3565 3471 3806 3542 petimus

2204 3565 2261 3618 in
2291 3569 2470 3621 mente
2496 3581 2602 3621 non
2630 3567 2800 3620 sedet.

2206 3715 2452 3772 ordinato
2481 3717 2870 3788 conscripsisse
2927 3716 3103 3772 tradit.
3160 3715 3341 3788 Hujus
3397 3709 3804 3788 enimLscripta

2209 3787 2457 3856 quamvis
2487 3785 2733 3843 incendio
2764 3790 2919 3844 Cant.
2977 3787 3222 3842 ecclesiae
3282 3800 3423 3841 anno
3472 3785 3608 3837 10⁸10
3667 3796 3805 3856 con-

2207 3851 2570 3930 flagraverint,
2601 3861 2654 3912 in
2685 3860 2972 3930 Anglicum
3006 3867 3192 3930 tamen
3205 3870 3519 3930 sermonem
3549 3851 3814 3930 translata

2214 3922 2537 3998 superfuisse
2560 3922 2710 3985 idem
2735 3922 3014 3985 OEbernus
3040 3928 3308 3998 perhibet.
3331 3926 3562 3982 Osberni
3589 3922 3813 3998 quidem

2214 3997 2410 4053 librum
2435 4001 2713 4074 gEadmero
2744 4017 2922 4074 neque
2953 3994 3138 4074 toturn
3178 3999 3362 4074 fuisse
3401 4001 3671 4074 constat._
3688 3994 3814 4063 Ipse

2213 4078 2391 4126 autem
2419 4072 2698 4128 Osbernus
2727 4065 2910 4126 omnia
2941 4070 3300 4140 antiquiorum
3330 4068 3398 4140 de
3424 4065 3816 4140 rebus__Dum-

2208 4141 2345 4214 stani
2371 4144 2548 4214 gestis
2577 4145 2776 4210 scripta
2805 4137 3129 4214 perlegeret,
3183 4139 3548 4214 eumdemque
3577 4137 3814 4190 Tinmu-

2209 4209 2409 4285 thensis
2439 4217 2640 4284 passim
2674 4209 2983 4269 describere
3014 4213 3160 4285 solet
3180 4212 3236 4265 in
3292 4209 3527 4285 Historia
3558 4221 3660 4285 sua
3684 4221 3802 4285 nis.

2208 4279 2300 4334 lib.
2334 4276 2455 4355 XXI;
2481 4287 2533 4340 in
2565 4303 2667 4358 qua
2698 4285 2965 4356 prolixam
2996 4276 3401 4338 satisDunstani
3433 4279 3606 4334 Vitam
3629 4276 3815 4332 dedit.

1879 4454 2130 4526 Explicit
2166 4458 2444 4530 protagus.

1557 4778 2235 4930 INCIPIT
2292 4774 2736 4924 VITA

576 5072 771 5126 Beatus
801 5088 931 5144 ergo
968 5075 1294 5141 Dunstanus,
1327 5093 1394 5131 ex
1415 5077 1747 5133 nobilissima
1778 5079 1953 5148 gentis
1982 5079 2097 5132 An-
2127 5055 2186 5118 D
2218 5072 2307 5127 tris
2339 5073 2439 5128 Dei
2465 5074 2689 5128 festivus
2718 5073 2924 5127 illuxit.
2963 5071 3253 5127 Multitudo
3309 5070 3475 5142 igitur
3526 5069 3811 5138 utriusque

501 5159 713 5232 glorum
744 5163 998 5232 prosapia
1029 5164 1289 5233 originem
1347 5166 1568 5232 ducens,
1625 5183 1690 5222 eo
1746 5166 1985 5222 nobilius
2041 5168 2094 5220 in

500 5249 664 5319 hujus
697 5249 879 5304 mundi
914 5250 1249 5306 latitudinem
1309 5255 1505 5322 prodiit
1548 5270 1654 5326 quo
1712 5257 1812 5309 sub
1866 5257 2092 5311 materni

498 5337 647 5392 sinus
673 5335 789 5407 ipso
819 5338 997 5395 adhuc
1052 5341 1299 5411 angustia
1354 5343 1536 5398 clauso
1588 5344 1772 5402 divino
1830 5346 2092 5401 miraculo

494 5427 840 5497 designatum
874 5436 957 5481 est
987 5429 1311 5498 praeclarum
1371 5433 1576 5486 mundo
1630 5449 1731 5502 per
1758 5449 1879 5489 eum
1909 5435 2089 5490 lumen

494 5516 782 5572 oriturum.
819 5516 951 5572 Cum
999 5517 1197 5572 etenim
1237 5526 1412 5573 mater
1447 5521 1562 5587 ejus
1595 5537 1660 5576 eo
1699 5523 1925 5594 grav-ida
1988 5539 2088 5594 spe

492 5603 667 5673 prolis
697 5603 886 5662 futurae
914 5606 1744 5676 laetaretur,diesPurificationis
1761 5611 1932 5666 beatas
1966 5613 2084 5667 Ma-

2206 5178 2365 5217 sexus
2421 5162 2696 5218 hominum
2750 5179 2847 5232 pro
2905 5161 3218 5216 excellentia
3279 5163 3439 5215 tantae
3497 5158 3810 5213 festivitatis

2205 5252 2624 5322 circumquaque
2655 5259 2840 5305 coacta
2873 5249 3027 5304 ﬂuxit
3057 5250 3125 5304 ad
3157 5248 3466 5316 ecclesiam,
3499 5263 3616 5317 quae
3648 5248 3800 5301 anti-

2204 5341 2385 5411 quitus
2410 5339 2705 5396 Glastoniaa
2739 5340 2808 5394 de
2837 5338 3001 5410 lignis
3029 5337 3290 5393 aedificata
3319 5337 3373 5391 in
3403 5336 3660 5391 honorem
3674 5346 3799 5392 erat

2200 5429 2443 5497 ejusdem
2473 5429 2572 5482 Dei
2607 5427 2896 5483 Genitricis
2943 5434 3274 5482 consecrata.
3309 5425 3363 5480 in
3393 5440 3502 5494 qua
3545 5423 3806 5478 multitu-

2197 5517 2327 5574 dine
2357 5517 2553 5573 multos
2579 5516 2862 5572 nobilitate
2892 5517 3266 5590 dignitateque
3303 5512 3605 5585 precellens
3632 5517 3800 5582 pater

2195 5606 2364 5665 sancti
2394 5606 2683 5674 Dunstani,
2717 5607 3026 5663 Herstanus
3102 5604 3338 5671 nomine,
3395 5620 3517 5664 cum
3578 5604 3798 5675 Chyne—
