4032 6078
400 198 499 255 ’791

1432 183 1739 241 ΕᾹΟΜΕΒΙ
1767 179 2329 238 CANTUARIENSIS
2351 181 2670 240 MONACHI

3596 192 3707 247 792

402 335 735 399 excellentus
762 333 934 403 sedit,
967 333 1016 390 ei
1045 329 1414 404 praesignatus
1459 327 1544 384 sit.
1574 324 1839 384 Nimirum
1872 340 1999 396 per-
2027 305 2086 367 Α
2113 323 2267 395 cujus
2295 325 2556 383 momenti
2586 329 2861 400 reputans,
2919 329 2988 387 ad
3047 331 3151 389 hoc
3202 330 3376 391 solum
3432 349 3492 390 se
3533 340 3707 390 totum

412 430 639 487 verbum
670 426 789 495 Dei,
822 424 967 495 quod
992 420 1252 492 scriptum
1278 417 1514 488 suscepit
1567 417 1622 471 in
1649 415 1834 487 gladio
1863 415 2000 470 bea-

410 517 601 575 tissimi
638 514 798 582 Petri,
832 511 1125 568 secundum
1155 509 1305 582 quod
1336 507 1465 562 illud
1496 521 1592 562 rex
1619 504 1870 560 Edredus
1897 520 2000 559 ex-

405 607 604 681 posuit,
634 602 851 677 quando
881 601 928 656 ei
957 600 1221 655 visionem
1267 597 1437 668 ipsam
1496 595 1616 666 ipse
1670 595 1997 659 Dunstanus,

399 701 464 752 ut
494 692 858 768 praediximus,
891 687 1093 743 retulit.
1134 686 1335 759 Sicque
1389 685 1605 758 gladius
1648 683 1786 738 Petri
1818 682 1997 739 eccle-

403 784 541 840 siam
573 781 739 848 Petri,
772 786 825 834 et
853 778 1073 835 verbum
1107 775 1200 831 Dei
1233 774 1523 831 ecclesiam
1556 771 1709 827 verbi
1748 771 1846 826 Dei
1876 787 1998 842 qua:

400 869 699 927 Cantuariae
730 868 830 924 sita
860 875 960 935 est,
992 864 1340 937 signiﬁcavit.
1367 862 1509 917 Exin
1528 861 1745 916 videtur
1774 856 1997 915 rationis

398 960 577 1017 dicere
607 958 734 1029 quid
764 956 976 1030 gladius
1001 954 1142 1010 beati
1156 953 1392 1007 Andreae
1405 967 1530 1005 cum
1547 949 1756 1005 caeteris
1785 948 1998 1003 oblatus

395 1047 764 1121 praetenderit,
798 1042 1239 1117 quandoquidem
1287 1041 1405 1111 ipse
1462 1039 1515 1094 in
1564 1037 1711 1093 nulla
1767 1036 1998 1093 ecclesia

399 1154 519 1209 quae
576 1136 676 1191 sub
722 1134 943 1190 nomine
1000 1132 1168 1203 ipsius
1238 1128 1466 1201 apostoli
1535 1134 1853 1184 consecrata
1906 1126 1992 1190 sit,

397 1226 535 1282 sicut
563 1226 620 1279 in
676 1222 949 1295 przrdictis
1006 1220 1175 1275 tribus
1246 1218 1491 1274 ecclesiis
1545 1215 1769 1272 sederit.
1836 1213 1994 1283 Quod

400 1314 642 1386 quidem,
675 1320 933 1383 quantum
988 1309 1175 1365 attinet
1231 1308 1300 1363 ad
1358 1323 1458 1362 nos
1514 1306 1744 1379 Anglos,
1802 1302 1996 1374 quibus

394 1403 521 1475 quid
554 1403 661 1459 hoc
690 1402 758 1457 sit
785 1400 904 1456 luce
929 1398 1127 1454 clarius
1155 1396 1670 1469 patet,superﬂuum
1701 1410 1823 1450 reor
1848 1394 1993 1449 dicto

394 1505 830 1548 commemorare
861 1488 948 1544 vel
973 1488 1195 1558 scripto,
1228 1488 1456 1557 Propter
1483 1493 1735 1542 externos
1767 1492 1988 1548 tamem,

392 1581 438 1634 si
469 1580 609 1636 forte
638 1578 934 1649 aliquando
965 1577 1150 1647 aliquo
1180 1592 1309 1631 casu
1334 1576 1437 1630 ista
1467 1576 1607 1629 inter
1648 1590 1741 1629 eos
1768 1572 1991 1629 cecide-

2106 416 2360 471 studebat
2383 415 2703 487 impendere
2753 427 2811 474 ut
2866 420 3144 477 Dunstano
3176 423 3407 477 excitare
3464 423 3706 477 scanda-

2108 502 2240 572 lum,
2274 512 2327 559 ct
2354 505 2667 562 Christianae
2695 507 2834 579 legis
2858 508 3072 579 jugum,
3133 525 3240 580 quo
3268 526 3299 566 a
3350 527 3449 566 sua
3478 512 3708 568 libidine

2107 593 2471 658 coercebatur,
2506 594 2609 649 sibi
2656 596 2860 651 faceret
2915 598 3173 653 alienum.
3232 601 3469 671 Legatos
3524 600 3709 672 itaque

2108 696 2240 736 suos
2270 683 2496 739 Romam
2560 683 2813 751 destinat,
2846 692 2899 741 et
2955 686 3153 742 talibus
3196 696 3411 743 assueta
3440 704 3709 758 quorum-

2107 770 2234 824 dam
2266 773 2630 828 Romanorum
2659 774 2829 829 corda
2859 782 2910 829 et
2927 789 3026 830 ora
3056 775 3110 831 in
3141 792 3295 831 suam
3312 793 3528 832 causam
3548 778 3709 851 largo

2106 875 2328 915 munere
2359 860 2581 932 largiori
2611 862 2906 933 sponsione
2937 873 3224 934 permutat.
3253 865 3395 934 Quid
3445 866 3645 923 deinde
3673 869 3707 920 ?

2102 948 2305 1003 Praesul
2329 948 2642 1020 apostolica:
2671 951 2814 1006 sedis
2855 953 3137 1009 Dunstano
3193 955 3462 1024 peccatori
3494 955 3704 1010 homini

2103 1036 2543 1094 condescendere
2599 1039 2777 1095 verbis
2807 1057 2872 1096 ac
2927 1040 3119 1097 litteris
3166 1043 3406 1111 mandat,
3466 1051 3519 1099 et
3572 1058 3702 1100 cum

2105 1124 2365 1182 Ecclesia:
2392 1129 2601 1198 gremio
2630 1128 2842 1199 integre
2865 1130 3161 1186 conciliare
3190 1141 3393 1197 monet,
3425 1132 3699 1201 hortatur,

2102 1214 2350 1284 imperat.
2384 1216 2474 1270 Ad
2503 1232 2627 1286 qua)
2656 1217 2966 1273 Dunstanus
2996 1218 3070 1273 ita
3096 1219 3414 1290 respondit:
3462 1243 3486 1268 -
3520 1222 3699 1294 Equi-

2101 1302 2224 1357 dem
2251 1319 2375 1358 cum
2407 1304 2553 1358 illum
2583 1305 2652 1360 de
2681 1321 2788 1376 quo
2818 1307 2999 1378 agitur
3044 1308 3127 1362 sui
3180 1308 3362 1364 delicti
3393 1310 3698 1379 paenitudi-

2099 1407 2221 1445 nem
2254 1407 2442 1463 gerere
2473 1393 2682 1459 videro,
2740 1396 3028 1465 praeceptis
3085 1396 3289 1451 domini
3335 1414 3496 1470 papae
3526 1398 3701 1455 libens

2100 1480 2326 1550 parebo.
2360 1481 2467 1536 Sed
2499 1490 2557 1537 ut
2583 1482 2781 1552 ipsein
2826 1493 3053 1553 peccato
3101 1501 3200 1541 suo
3244 1486 3443 1556 jaceat,
3502 1494 3557 1542 et
3584 1488 3700 1542 im-

2100 1568 2276 1624 munis
2306 1570 2375 1624 ab
2421 1571 2809 1628 Ecclesiastica
2863 1573 3147 1644 disciplina
3176 1574 3335 1630 nobis
3388 1575 3605 1631 insultet
3647 1582 3703 1632 et

387 1670 516 1738 rint,
545 1668 790 1723 breviter
813 1666 935 1722 dico
964 1666 1115 1720 illum
1173 1665 1364 1720 merito
1421 1680 1545 1720 cum
1602 1662 1789 1736 gladio
1845 1662 1988 1717 Petri
2018 1656 2072 1716 Β
2104 1657 2300 1715 exinde
2328 1660 2589 1730 gaudeat,
2640 1660 2775 1715 nolit
2805 1662 2973 1717 Deus.
3042 1665 3269 1718 Avertat
3296 1664 3463 1718 etiam
3494 1665 3638 1719 Deus
3668 1681 3703 1720 a

390 1758 559 1813 verbo
587 1757 688 1811 Dei
744 1754 1003 1826 inscripto
1057 1753 1304 1826 gladium
1362 1754 1668 1824 suscepisse
1721 1753 1979 1809 Andreae.

391 1846 530 1900 Nam
565 1844 656 1916 qui
712 1843 967 1899 Ecclesiae
1026 1841 1398 1897 Cantuariensi
1452 1858 1547 1913 per
1619 1841 1989 1912 pontiﬁcatum

387 1933 661 2004 praesidet,
701 1931 926 1987 Rofensi
957 1930 1202 1987 ecclesiae
1234 1946 1353 2001 quae
1382 1930 1482 1985 sub
1514 1931 1814 2000 patrocinio
1844 1930 1989 1985 beati

383 2021 612 2077 Andreae
659 2020 903 2075 subsistit
959 2035 1057 2089 per
1116 2019 1356 2089 episcopi
1416 2019 1833 2087 institutionem,
1892 2034 1992 2088 per

383 2111 581 2165 horum
603 2117 654 2164 et
684 2111 877 2164 horum
903 2108 1044 2164 intus
1074 2117 1130 2163 et
1159 2116 1309 2163 extra
1339 2123 1461 2163 cum
1491 2124 1578 2163 res
1598 2108 1769 2180 exigit
1797 2107 1990 2178 dispo-

384 2199 661 2266 sitionem,
692 2205 879 2269 utpote
908 2212 1006 2252 suo
1034 2196 1278 2251 dominio
1308 2196 1578 2267 praesidet.

456 2287 589 2356 Quis
618 2287 789 2360 igitur
835 2286 889 2340 in
947 2286 1153 2341 cunctis
1183 2301 1303 2357 quae
1362 2284 1615 2357 religioni
1671 2293 1991 2355 competunt

290 2392 299 2401 '
384 2378 695 2431 Dunstanus
727 2374 902 2441 fuerit,
936 2374 1193 2430 videlicet
1246 2374 1398 2444 cujus
1456 2373 1671 2428 virtutis
1702 2374 1768 2429 ad
1799 2388 1988 2429 omnes

383 2464 630 2519 omnium
687 2478 1040 2534 personarum
1091 2462 1380 2533 injustitias
1452 2462 1857 2533 deprimendus,
1920 2462 1989 2517 ad

389 2552 536 2608 bona
562 2567 790 2622 quiaque
818 2566 986 2621 opera
1015 2550 1247 2607 fovenda
1277 2558 1331 2606 et
1358 2551 1648 2606 munienda
1703 2551 1986 2620 exstiterit,

390 2657 563 2712 usque
593 2639 755 2695 hodie
787 2648 898 2695 tota
926 2639 1119 2711 Anglia
1148 2640 1311 2707 canit,
1343 2654 1446 2695 nec
1499 2655 1637 2710 opus
1687 2656 1807 2695 esse
1837 2640 1989 2694 arbi-

401 2737 515 2782 tror
544 2737 601 2782 ut
631 2744 717 2782 me
750 2728 804 2781 in
824 2727 934 2782 illis
965 2728 1270 2782 scribendis
1302 2728 1493 2799 fatiget
1548 2729 1776 2798 grandis
1805 2729 1981 2783 labor.

395 2816 666 2871 Nonnulla
698 2823 898 2881 tamen,
929 2831 1054 2884 quae
1083 2815 1151 2869 ab
1180 2815 1288 2869 illis
1343 2816 1433 2887 qui
1488 2831 1555 2870 ex
1600 2817 1716 2887 ejus
1745 2824 1991 2887 tempore

390 2919 566 2975 usque
595 2903 664 2958 ad
692 2918 792 2957 nos
820 2918 920 2974 per
948 2919 1232 2959 successus
1260 2911 1481 2959 aetatum
1528 2905 1735 2959 ﬂuxere
1766 2906 1988 2975 accepi-

2099 1762 2186 1801 me
2216 1756 2275 1802 ut
2302 1763 2406 1819 ego
2436 1764 2599 1803 causa
2627 1748 2858 1820 alicujus
2913 1751 3161 1806 mortalis
3217 1751 3457 1807 hominis
3484 1753 3571 1809 vel
3597 1769 3702 1823 pro

2099 1836 2476 1907 redemptione
2505 1836 2699 1907 capitis
2757 1838 2862 1892 mei
2918 1847 3244 1910 postponam
3302 1839 3485 1906 legem
3536 1856 3706 1912 quam

2099 1923 2422 1978 servandam
2454 1925 2643 1979 statuit
2692 1926 2745 1980 in
2798 1942 2895 1981 sua
2943 1926 3181 1982 Ecclesia
3240 1927 3382 1982 idem
3441 1929 3707 1986 Dominus

2100 2028 2251 2067 meus
2280 2012 2545 2068 Christius
2574 2013 2738 2069 Filius
2768 2016 2865 2070 Dei
2918 2018 2928 2069 !
2968 2039 2989 2063 η
3027 2016 3157 2072 Haec
3213 2017 3317 2071 sibi
3377 2019 3552 2072 relata
3608 2018 3704 2074 ille

2099 2100 2344 2169 audiens,
2379 2109 2432 2156 et
2459 2102 2793 2157 Dunstanum
2826 2104 2893 2159 ab
2923 2104 2988 2158 iis
3026 2121 3146 2175 quae
3189 2114 3338 2160 certo
3368 2106 3577 2161 diceret
3605 2106 3703 2160 in-

2099 2189 2387 2245 flexibilem
2418 2206 2544 2247 esse
2574 2192 2871 2247 certissime
2926 2194 3127 2261 sciens,
3176 2194 3704 2251 excommunicatio-

2099 2280 2182 2333 nis
2210 2296 2322 2334 suae
2352 2295 2515 2350 paena
2544 2296 2665 2336 cum
2697 2281 2974 2336 hominum
3004 2282 3211 2351 pudore
3229 2284 3565 2350 constrictus,
3585 2291 3703 2338 tum

2100 2368 2292 2424 timore
2321 2369 2691 2439 periculorum
2719 2387 2841 2441 quae
2901 2371 3099 2425 talibus
3128 2387 3518 2442 nonnunquam
3556 2371 3705 2427 acci-

2098 2454 2233 2512 dere
2260 2458 2431 2512 solent
2458 2458 2797 2527 perterritus,
2829 2459 3183 2515 obstinaciam
3227 2476 3336 2515 suae
3367 2460 3561 2516 mentis
3592 2460 3700 2515 de-

2099 2545 2296 2615 posuit,
2330 2554 2402 2611 et,
2433 2547 2685 2602 abdicato
2711 2546 2897 2602 illicito
2926 2548 3203 2619 conjugio,
3235 2548 3565 2619 poenitentiae
3592 2549 3703 2604 sibi

2099 2634 2302 2689 cultum
2335 2634 2615 2705 imposuit.
2661 2636 2942 2691 Dunstano
2969 2652 3207 2707 namque
3252 2637 3508 2709 generale
3536 2638 3707 2694 totius

2098 2722 2252 2793 regni
2282 2722 2572 2778 concilium
2602 2724 2670 2778 de
2702 2723 3048 2779 observantia
3103 2724 3519 2780 Christianitatis
3545 2725 3702 2780 cele-

2096 2810 2306 2877 brante,
2339 2811 2453 2883 ipse
2483 2811 2679 2867 suimet
2733 2813 2953 2882 oblitus,
3013 2813 3188 2880 nudis,
3238 2813 3490 2884 pedibus,
3520 2814 3704 2870 laneis

2097 2898 2426 2954 indumentis
2454 2915 2650 2970 corpus
2678 2901 2927 2969 amictus,
2952 2902 3139 2974 virgas
3161 2919 3322 2956 manu
3340 2902 3541 2969 ferens,
3568 2918 3699 2958 con-

401 3009 543 3061 mus,
576 2991 968 3061 compendiose
996 2991 1168 3047 relatu
1196 2992 1507 3061 subjiciam,
1568 2998 1834 3065 quatenus
1860 2995 1989 3051 inde
2017 3006 2068 3068 α
2099 2987 2223 3044 cilio
2253 3003 2372 3043 sese
2403 2989 2640 3043 medium
2674 2990 2925 3062 ingessit,
2954 2998 3005 3045 et
3057 2999 3180 3046 ante
3235 2991 3409 3061 pedes
3437 2991 3703 3046 Dunstani

399 3080 728 3152 percipiatur
786 3080 983 3136 veritas
1031 3080 1320 3136 verborum
1384 3098 1505 3152 quae
1566 3083 1980 3152 praposuimus.
2033 3077 2476 3146 Ugemebundus
2505 3085 2560 3132 et
2588 3078 2801 3149 ejulans
2831 3079 3059 3134 corruit.
3122 3080 3243 3147 Quo
3272 3079 3387 3135 viso
3416 3080 3548 3135 moti
3578 3088 3708 3135 sunt

394 3171 587 3226 Comes
615 3169 838 3240 quidam
877 3177 1186 3240 praepotens
1250 3178 1539 3240 cognatam
1605 3188 1754 3226 suam
1803 3172 1989 3231 illicito

388 3257 495 3313 sibi
521 3258 867 3314 matrimonio
897 3259 1286 3328 copulaverat;
1320 3265 1373 3313 et
1401 3274 1434 3313 a
1462 3259 1750 3316 Dunstano
1796 3262 1987 3328 semel,

395 3346 634 3402 secundo
664 3354 716 3400 et
742 3346 901 3402 tertio
934 3346 1278 3415 redargutus,
1346 3346 1612 3404 incestum
1678 3365 1838 3405 suum
1899 3351 1992 3406 di-

398 3437 573 3491 vortio
602 3434 824 3504 expiare
872 3435 1115 3492 nolebat.
1156 3434 1499 3506 Quapropter
1544 3436 1728 3509 gladio
1759 3439 1992 3509 Spiritus

397 3524 571 3579 sancti
601 3538 634 3577 a
666 3524 779 3579 viro
808 3523 910 3579 Dei
937 3539 1248 3593 percussus,
1278 3540 1310 3578 a
1372 3524 1650 3579 liminibus
1679 3534 1763 3580 est
1790 3535 1993 3584 sancta:

398 3611 658 3667 Ecclesiae
686 3615 992 3681 separatus.
1031 3611 1136 3679 Qui
1166 3618 1292 3681 typo
1347 3619 1581 3668 attactus
1606 3614 1880 3683 superbiae
1899 3632 1993 3670 re-

399 3715 525 3771 gem
555 3699 691 3763 adit,
724 3699 1063 3753 Dunstanum
1090 3698 1458 3755 immoderatae
1485 3709 1539 3755 et
1569 3701 1753 3772 impiae
1782 3703 1991 3758 severi-

402 3786 522 3841 tatis
551 3794 771 3841 accusat
823 3786 974 3857 regia
1038 3786 1318 3843 sanctione
1346 3804 1404 3842 se
1470 3789 1540 3843 ab
1564 3790 1682 3859 ejus
1713 3792 1994 3861 tyrannide

399 3869 631 3925 liberum
659 3869 905 3926 constitui
937 3871 1221 3941 querelosa
1249 3886 1380 3927 voce
1443 3880 1698 3943 precatur
1749 3883 1799 3930 et
1829 3875 1992 3932 obse-

401 3968 534 4016 crat.
568 3959 733 4029 Cujus
762 3958 943 4035 verbis
970 3976 1065 4016 rex
1092 3960 1466 4032 acquiescens,
1524 3964 1803 4020 Dunstano
1832 3980 1991 4020 man-

399 4049 493 4103 dat
520 4054 578 4102 ut
608 4048 878 4105 hominem
910 4065 1031 4104 cum
1063 4066 1129 4104 ea
1158 4066 1320 4119 quam
1352 4050 1581 4107 duxerat
1608 4051 1663 4107 in
1704 4068 1841 4122 pace
1870 4070 1990 4109 ma-

399 4152 526 4191 nere
555 4135 719 4201 sinat,
752 4144 805 4193 et
827 4152 863 4192 a
893 4137 1088 4208 quibus
1115 4140 1469 4209 suspenderat
1513 4139 1792 4196 liminibus
1821 4142 1992 4199 sacris

397 4225 577 4294 ipsum
607 4226 874 4281 restituat.
905 4226 1132 4282 Miratur
1148 4227 1243 4283 ille
1271 4227 1340 4281 ad
1367 4228 1569 4295 audita,
1601 4234 1658 4284 et
1683 4230 1831 4286 dolet
1856 4231 1991 4286 reli-

398 4313 610 4385 giosum
642 4330 830 4386 regem
863 4330 959 4386 per
987 4315 1302 4370 mendacem
1333 4316 1566 4371 hominis
1599 4317 1837 4390 linguam
1867 4328 1991 4375 ante

396 4403 475 4458 rei
504 4402 903 4473 inquisitionem
934 4411 987 4459 et
1042 4403 1499 4460 examinatioucm
1528 4420 1645 4462 esse
1674 4408 1985 4462 seductum.

400 4491 555 4547 Ponit
582 4500 761 4547 tamen
790 4493 1064 4547 hominem
1121 4492 1191 4548 ad
1257 4493 1541 4561 rationem,
1609 4503 1661 4549 et
1725 4502 1833 4550 tam
1898 4512 1995 4567 pro

400 4582 693 4636 commisso
723 4581 954 4639 crimine
983 4597 1149 4654 quam
1197 4589 1250 4637 et
1305 4589 1527 4652 propter
1583 4583 1839 4651 injustam
1904 4588 1993 4642 sui

397 4668 828 4725 criminationem
857 4671 1002 4741 apud
1032 4670 1330 4741 principem
1388 4678 1544 4726 teme
1601 4672 1800 4726 factam
1830 4675 1995 4743 paulo

397 4756 582 4812 durius
609 4757 870 4829 increpat,
929 4759 1155 4830 cupiens
1208 4775 1273 4815 eo
1333 4760 1494 4815 modo
1519 4760 1586 4815 ad
1618 4761 1992 4831 pmnitentiam

400 4852 453 4901 et
508 4847 908 4903 correctionem
965 4863 1062 4903 cor
1126 4848 1269 4904 illius
1330 4850 1594 4904 emollire.
1643 4853 1709 4904 At
1739 4850 1829 4906 ubi
1859 4850 1994 4907 vidit

402 4933 577 5002 ipsum
622 4949 731 4989 non
788 4936 963 4991 solum
993 4936 1176 4993 verbis
1204 4937 1313 4993 suis
1350 4954 1459 4993 non
1510 4940 1836 5010 consentire,
1894 4942 1990 4995 sed

394 5022 614 5091 insuper
642 5024 943 5079 contumaci
973 5025 1166 5095 spiritu
1197 5034 1383 5082 contra
1411 5043 1468 5081 se
1526 5026 1706 5084 furere
1764 5028 1990 5083 minari-

391 5125 517 5181 que,
549 5125 710 5180 supra
741 5110 793 5163 id
838 5115 983 5183 quod
1042 5130 1165 5168 eum
1214 5114 1283 5169 ab
1335 5114 1586 5186 ingressu
1639 5117 1831 5172 domus
1883 5116 1986 5173 Dei

388 5199 760 5268 suspenderat,
796 5207 851 5254 ut
879 5200 1010 5267 dixi,
1071 5218 1285 5257 omnem
1302 5203 1351 5258 ei
1381 5205 1817 5260 communionem
1842 5204 1983 5262 ﬁde-

389 5286 519 5341 lium
551 5288 726 5344 donec
755 5303 788 5342 a
846 5304 945 5344 sua
999 5290 1262 5360 pravitate
1317 5291 1621 5349 discederet
1672 5293 1975 5349 interdixit.

385 5377 534 5432 Tunc
562 5377 672 5443 ille,
707 5376 887 5449 seipse
918 5379 1154 5435 deterior
1210 5379 1452 5447 effectus,
1513 5382 1734 5437 immani
1781 5391 1860 5439 est
1888 5384 1979 5439 fu-

376 5480 502 5522 rore
528 5475 823 5539 correptus,
856 5476 911 5525 et
930 5468 1073 5551 nihil
1103 5485 1298 5526 eorum
1332 5487 1452 5553 quae
1507 5469 1833 5550 possidebat
1859 5471 1966 5529 ali-

2090 5384 2265 5439 autin
2295 5386 2617 5455 egestatem,
2650 5387 2743 5435 aut
2780 5378 2835 5434 in
2882 5378 3110 5433 nihilum
3161 5379 3449 5451 redigunt.

2087 5479 2309 5549 propter
2332 5469 2589 5530 noveritis
2617 5468 2741 5546 quia
2768 5482 2875 5544 ego
2926 5467 3091 5527 hodie
3143 5466 3215 5525 ad
3271 5465 3695 5525 sacriﬁcandum

2098 3180 2292 3221 omnes
2318 3166 2410 3236 qui
2439 3166 2672 3221 aderant
2700 3166 2765 3221 ad
2797 3166 3077 3238 pietatem,
3136 3171 3190 3222 et
3219 3167 3335 3239 ipse
3394 3169 3549 3223 Pater
3577 3184 3709 3224 om-

2097 3254 2247 3308 nium
2276 3254 2468 3324 majori
2499 3270 2609 3326 prae
2629 3256 2839 3311 caeteris
2866 3256 3068 3326 pietate
3099 3265 3278 3312 motus
3316 3264 3423 3312 est.
3463 3260 3525 3312 In
3548 3256 3705 3312 vultu

2102 3350 2277 3398 tamen
2305 3350 2521 3398 servato
2570 3344 2870 3415 disciplinae
2925 3344 3126 3417 rigore,
3184 3352 3370 3416 utpote
3427 3345 3708 3400 hominem

2102 3430 2334 3501 pleniter
2362 3433 2477 3487 Deo
2506 3432 2856 3489 reconciliare
2910 3433 3247 3498 desiderans.
3293 3434 3557 3504 lacrymas
3586 3436 3713 3503 ejus

2105 3520 2179 3573 ad
2211 3520 2398 3574 horam
2444 3536 2667 3576 severus
2710 3522 2980 3590 sustinuit,
3012 3538 3074 3577 ac
3104 3522 3323 3577 demum
3364 3537 3397 3578 a
3428 3529 3539 3578 toto
3566 3538 3708 3577 con-

2103 3607 2227 3662 cilio
2256 3602 2575 3677 pbstulatus,
2610 3609 2912 3679 lacrymans
2937 3617 2989 3664 et
3017 3610 3135 3680 ipse
3193 3611 3412 3681 culpam
3444 3610 3697 3665 indulsit.

2102 3696 2290 3766 Itaque
2336 3697 2403 3750 ab
2470 3697 3042 3753 excommunicationis
3107 3699 3327 3755 vinculo
3395 3698 3711 3754 absolutum

2105 3784 2475 3839 communioni
2506 3785 2743 3842 ﬁdelium
2802 3786 3166 3858 gaudentibus
3194 3788 3401 3843 cunctis
3457 3804 3577 3842 cum
3608 3804 3705 3843 re-

2104 3873 2292 3927 stituit.

2172 3961 2291 4017 ΛΙίο
2321 3968 2565 4033 tempore
2613 3964 2898 4019 monetarii
2967 3968 3095 4031 tres,
3183 3964 3275 4036 qui
3342 3964 3396 4018 in
3443 3970 3735 4034 potestate.

2102 4051 2202 4106 viri
2233 4059 2402 4115 erant,
2435 4066 2560 4107 cum
2591 4051 2723 4107 falsa
2779 4060 2993 4108 moneta
3044 4053 3190 4123 capti
3258 4053 3329 4108 ad
3361 4052 3713 4108 subeundam

2097 4156 2316 4210 poenam
2369 4140 2675 4210 hujusmodi
2730 4142 3041 4196 hominibus
3084 4158 3184 4212 per
3237 4150 3407 4196 totum
3477 4158 3712 4213 regnum

2098 4229 2501 4301 promulgatam
2541 4236 2663 4284 sunt
2685 4230 2935 4299 judicati.
2970 4230 3103 4299 Quae
3132 4246 3219 4285 res
3250 4230 3535 4285 Dunstano
3565 4230 3710 4286 abs-

2023 4358 2077 4420 D
2106 4317 2279 4373 condi
2326 4334 2433 4373 non
2494 4318 2686 4388 potuit.
2745 4318 2843 4374 Die
2904 4334 3040 4390 ergo
3121 4317 3472 4373 Pentecostes
3552 4317 3700 4373 idem

2094 4408 2265 4462 .Pater
2328 4405 2615 4461 missarum
2691 4406 2960 4461 solemnia
3021 4405 3392 4461 celebraturtis
3466 4422 3707 4476 percun-

2104 4504 2279 4551 ctatur
2307 4500 2482 4550 utrum
2511 4495 2606 4550 Dei
2675 4496 2873 4565 populo
2935 4501 3134 4549 statuta
3183 4494 3390 4563 justitia
3458 4496 3526 4550 de
3558 4495 3694 4565 ipsis

2105 4583 2419 4640 monetariis
2471 4583 2611 4637 facta
2642 4581 2802 4637 fuerit
2830 4599 2898 4637 an
2929 4598 3037 4637 non
3065 4584 3095 4635 ‘l
3151 4583 3528 4654 Respondetur
3582 4598 3704 4638 eam

2100 4673 2172 4729 ob
2203 4672 2565 4728 reverentiam
2629 4670 2759 4725 tanti
2814 4670 2920 4725 diei
2987 4671 3044 4726 in
3109 4671 3275 4726 alium
3368 4671 3520 4726 diem
3583 4685 3707 4727 esse

2102 4762 2345 4816 dilatam.
2385 4781 2406 4807 ι
2437 4761 2816 4831 Nequaquam,
2865 4759 3061 4833 inquit,
3117 4758 3189 4813 ita
3237 4758 3352 4815 ﬁet.
3421 4760 3703 4815 Monetarii

2103 4865 2316 4920 nempe,
2348 4849 2438 4922 qui
2470 4849 2632 4904 ialsos
2708 4864 2774 4903 ex
2836 4847 3102 4903 industria
3169 4847 3425 4904 denarios
3476 4848 3700 4919 faciunt,

2102 4941 2245 4995 fures
2274 4946 2415 5006 sunt,
2450 4945 2503 4992 et
2532 4952 2720 4992 eorum
2779 4936 2923 4992 furto
2982 4936 3190 4991 nullum
3244 4935 3525 4991 nocentius
3579 4952 3705 4991 esse

2097 5042 2389 5101 cognosco.
2421 5027 2559 5081 Nam
2593 5025 2647 5079 in
2676 5025 2817 5080 falsa
2845 5033 3062 5081 moneta
3104 5039 3271 5095 quam
3295 5025 3501 5080 faciunt
3529 5032 3700 5080 totam

2099 5126 2296 5173 terram
2327 5115 2582 5186 spoliant,
2617 5114 2905 5180 seducunt,
2948 5113 3281 5183 perturbant.
3332 5111 3448 5183 Ipsi
3472 5113 3693 5183 divites,

2094 5206 2197 5277 ipsi
2224 5205 2545 5268 mediocres,
2579 5204 2684 5274 ipsi
2710 5217 2980 5272 pauperes
3010 5203 3063 5255 in
3122 5217 3412 5257 commune
3440 5201 3644 5257 laedunt
3678 5219 3690 5255 :

2093 5303 2146 5350 et
2169 5310 2377 5360 omnes,
2410 5300 2670 5365 quantum
2704 5306 2797 5346 sua
2827 5289 3069 5359 interest,
3102 5297 3193 5344 aut
3222 5290 3276 5344 in
3311 5290 3692 5362 approbrium,

3537 5377 3695 5446 Qua-
