4032 6078
288 265 392 321 793

1592 264 1753 321 νηΑ
1790 263 1846 320 S.
1887 263 2275 324 DUNSTANI.

3448 230 3590 329 ’794

288 410 401 466 Deo
428 423 535 466 non
586 411 865 480 accedam,
921 410 1025 467 nisi
1071 409 1249 483 primo
1303 411 1377 466 illi
1424 409 1517 482 qui
1559 407 1885 480 deprehensi
1910 388 1967 451 Α
2069 410 2171 466 Per
2199 409 2252 466 id
2282 410 2451 468 ferme
2482 411 2740 484 temporis
2766 418 2992 487 rogatus
3019 430 3050 470 a
3077 412 3312 485 quodam
3344 412 3464 470 viro
3486 429 3589 469 no-

287 506 430 567 sunt,
462 514 585 555 eam
614 516 776 571 quam
805 501 861 556 in
889 502 1202 558 seductione
1233 500 1392 557 totius
1421 499 1607 571 populi
1662 513 1890 569 prome-

288 597 508 644 ruerunt
537 588 801 645 subierint
828 606 1067 661 poenam.
1102 590 1159 646 Si
1187 590 1330 645 enim
1378 589 1435 643 in
1488 588 1693 643 ultione
1753 586 1889 641 tanti

286 677 415 732 mali
440 694 567 733 cum
596 679 875 751 negotium
908 696 998 735 me
1026 680 1279 749 respiciat
1329 680 1503 733 Deum
1533 675 1747 748 placare
1792 692 1889 729 su-

286 766 578 837 persedeo,
612 767 886 837 quomodo
917 767 1067 822 illum
1097 768 1167 823 de
1189 767 1440 822 manibus
1484 765 1621 821 meis
1674 762 1856 819 sacrifi
1876 794 1890 804 ο

288 855 433 911 cium
463 864 837 925 suscepturum
869 872 1091 926 sperare
1120 872 1262 927 queo
1282 858 1310 909 ‘2
1330 856 1437 911 Sed
1469 856 1585 910 haec
1613 854 1742 908 licet
1759 868 1889 907 cru-

291 943 497 1000 delitati
541 945 748 1014 possint
801 945 1019 1014 ascribi,
1078 946 1193 1000 Deo
1242 953 1421 1000 tamen
1479 950 1626 1014 patet
1665 939 1890 995 intentio

291 1047 441 1088 mea.
488 1034 793 1105 Lacrymaa,
851 1036 1087 1106 gemitus
1127 1042 1289 1104 atque
1335 1032 1565 1104 suspiria
1606 1031 1891 1086 viduarum

294 1137 360 1175 ac
384 1120 734 1192 pupillorum,
759 1122 967 1178 clamor
987 1139 1201 1193 quoque
1222 1124 1371 1195 vulgi
1399 1122 1567 1177 totius
1607 1118 1741 1174 mihi
1798 1118 1890 1171 in-

292 1209 518 1275 cumbit,
551 1218 603 1265 et
631 1211 1021 1268 correctionem
1054 1212 1215 1284 hujus
1246 1213 1374 1267 mali
1418 1210 1686 1281 deposcit.
1735 1207 1889 1276 Quo-

294 1313 417 1351 rum
447 1298 794 1355 afflictionem
844 1300 908 1369 si,
970 1309 1224 1371 quantum
1256 1301 1311 1355 in
1367 1316 1455 1356 me
1509 1308 1589 1355 est
1642 1296 1891 1368 mitigare

294 1401 401 1441 non
426 1387 668 1457 intendo,
701 1396 754 1444 et
782 1390 953 1445 Deum
986 1390 1073 1460 qui
1105 1390 1400 1462 gemitibus
1423 1404 1611 1445 eorum
1634 1385 1892 1457 compati-

295 1482 385 1528 tur
414 1475 571 1530 nimis
599 1475 831 1539 offendo.
866 1486 916 1533 et
938 1478 1076 1534 alios
1103 1479 1172 1534 ad
1201 1479 1346 1534 idem
1387 1478 1592 1533 malum
1648 1489 1890 1530 exercen~

290 1562 421 1619 dum
448 1565 813 1635 promptiores
842 1574 896 1622 et
925 1568 1241 1624 audaciores
1271 1568 1431 1623 facio.
1472 1590 1494 1616 ιι
1556 1565 1803 1632 Dixerat,
1837 1570 1890 1617 et

289 1667 390 1720 pro
419 1669 582 1722 pmna
601 1654 816 1711 illorum
839 1655 933 1729 qui
964 1672 1155 1711 manus
1176 1664 1329 1712 erant
1359 1655 1624 1727 perdituri
1687 1653 1887 1724 pietate

1998 498 2092 553 bili
2133 498 2411 572 religioso,
2479 502 2750 558 dedicavit
2805 504 2856 558 ei
2903 504 3205 569 ecclesiam,
3264 519 3426 574 quam
3472 504 3594 573 ipse

1997 587 2053 641 in
2081 603 2179 643 suo
2210 589 2379 645 fundo
2404 598 2792 646 construxerat.
2826 591 2931 647 Ubi
2955 592 3025 647 ad
3056 592 3415 650 ministerium
3454 606 3597 660 aqua

1996 674 2301 745 deficiente,
2341 686 2394 733 et
2422 678 2493 733 ob
2514 679 2616 735 hoc
2637 680 2912 735 hominem
2949 681 3210 736 nonnulla
3231 679 3597 736 moestitudine

1996 764 2346 835 corripiente,
2368 767 2601 822 famulus
2630 769 2727 823 Dei
2752 769 3038 839 praemissa
3078 785 3239 840 prece
3279 776 3476 824 terram
3495 770 3596 822 ba—

1997 851 2118 908 culo
2147 853 2437 923 percussit,
2469 855 2720 928 illicoque
2742 857 3291 927 fonslimpidissimus
3307 871 3597 926 erumpens

1998 958 2199 997 omnes
2230 942 2320 1014 qui
2340 952 2632 1013 praesentes
2661 954 2813 1000 erant
2843 962 2950 1001 non
2980 948 3256 1003 modicum
3290 944 3595 1002 laatificavit.

1998 1029 2103 1099 Qui
2130 1031 2252 1087 fons
2284 1048 2453 1102 usque
2474 1032 2636 1088 hodie
2692 1050 2918 1089 manans
2973 1035 3232 1090 Dunstani
3292 1050 3488 1091 nomen
3534 1042 3589 1089 et

1997 1122 2247 1173 meritum
2278 1119 2491 1174 celebre
2524 1119 2669 1175 facit.
2707 1121 2855 1176 Idem
2886 1123 3059 1192 Pater,
3107 1139 3140 1178 a
3198 1122 3489 1176 Cantuaria
3542 1121 3598 1174 in

1998 1208 2317 1262 remotiores
2371 1207 2525 1263 villas
2577 1226 2703 1263 suas
2759 1211 3077 1279 opportunis
3123 1210 3313 1281 spatiis
3368 1208 3602 1280 hospitia

2000 1310 2099 1350 sua
2128 1296 2443 1366 disponens,
2486 1298 2632 1367 apud
2662 1298 3055 1371 Magaveldam,
3090 1299 3231 1355 sicut
3257 1308 3311 1354 et
3365 1299 3418 1354 in
3475 1298 3598 1353 aliis

1998 1385 2353 1455 hospitiorum
2393 1401 2611 1440 suorum
2644 1386 2794 1449 locis,
2826 1387 3063 1459 ligneam
3093 1388 3378 1444 ecclesiam
3418 1386 3595 1441 fabri-

1997 1475 2155 1529 cavit.
2189 1472 2363 1543 Quam
2394 1473 2621 1544 ipsemet
2645 1476 2924 1545 dedicans,
2944 1478 3070 1531 dum
3093 1492 3161 1532 ex
3183 1491 3333 1532 more
3368 1476 3597 1532 circum-

1998 1563 2099 1616 iret
2126 1570 2178 1619 et
2214 1579 2330 1618 eam
2363 1564 2431 1617 ad
2463 1564 2900 1633 aequinoctialem
2947 1565 3077 1619 solis
3134 1573 3305 1620 ortum
3372 1564 3597 1618 minime

1998 1666 2211 1706 versam
2245 1651 2568 1722 perciperet,
2625 1654 2795 1708 fertur
2851 1654 2997 1726 quod
3052 1655 3319 1709 transiens
3371 1654 3597 1708 humero

289 1748 485 1805 motus,
518 1742 767 1814 lacrymis
795 1752 998 1813 manat,
1028 1752 1085 1800 ut
1111 1746 1247 1800 satis
1275 1754 1413 1800 esset
1435 1744 1617 1801 videre
1662 1742 1729 1797 de
1771 1755 1879 1811 quo
1907 1749 1961 1811 Β
1994 1756 2091 1795 suo
2113 1741 2260 1796 illam
2291 1740 2683 1814 aliquantulum
2712 1744 2935 1813 pressit,
2970 1759 3205 1814 moxque
3248 1750 3508 1798 mutatam
3562 1758 3596 1796 a

292 1828 438 1884 fonte
466 1832 801 1900 procedebat
821 1834 1053 1889 edictum
1084 1834 1230 1905 quod
1272 1833 1548 1890 nonnullis
1602 1830 1891 1889 videbatur

290 1917 530 1974 crudele.
588 1920 690 1975 Ubi
749 1938 879 1978 vero
945 1922 1150 1979 audivit
1205 1923 1559 1994 praestitutam
1624 1920 1887 1990 justitiam

289 2005 513 2075 factam,
544 2010 795 2075 surrexit,
828 2024 891 2065 ac
912 2010 1021 2066 lota
1069 2011 1213 2068 facie
1270 2012 1338 2066 ad
1391 2010 1681 2067 oratorium
1729 2008 1889 2062 exhi-

289 2089 465 2151 Iarato
488 2098 637 2153 vultu
667 2098 862 2154 abiens
890 2099 1005 2155 ait:
1074 2123 1095 2149 α
1161 2100 1301 2169 Quia
1357 2101 1529 2155 Deum
1583 2096 1889 2154 obediendo

289 2185 502 2240 statutis
526 2186 751 2257 justitiaa
780 2187 994 2260 legibus
1025 2188 1211 2245 audivi
1241 2189 1427 2253 hodie,
1471 2186 1687 2244 confido
1745 2186 1890 2255 quod

290 2282 342 2327 et
397 2274 513 2343 ipse
557 2291 659 2346 per
713 2276 1145 2332 misericordiam
1205 2294 1360 2353 suam
1409 2276 1737 2332 sacriﬁcium
1822 2273 1892 2327 de

291 2377 457 2417 manu
487 2380 607 2420 mea
628 2365 890 2437 suscipiet
919 2366 1101 2421 hodie.
1132 2390 1153 2414 υ
1202 2366 1366 2437 Cujus
1412 2365 1753 2421 confidentiae
1802 2363 1889 2419 ef-

292 2450 432 2508 fectu
462 2455 705 2524 privatus
725 2471 832 2510 non
854 2462 953 2510 est.
982 2454 1065 2510 Eo
1096 2455 1299 2527 quippe
1354 2455 1494 2509 inter
1542 2459 1890 2507 sacrosancta

293 2542 582 2597 missarum
648 2544 916 2599 solemnia
966 2559 1155 2600 sacras
1206 2559 1397 2598 manus
1436 2541 1779 2608 extendente,
1839 2549 1890 2595 et

294 2632 463 2686 Deum
520 2633 734 2687 Patrem
790 2633 1216 2704 omnipotentem
1265 2640 1321 2687 ut
1366 2630 1665 2687 Ecclesiam
1734 2644 1889 2685 suam

293 2721 616 2776 catholicam
651 2741 674 2772 ι
707 2720 1014 2791 paciﬁcare,
1050 2722 1339 2786 custodire,
1399 2721 1645 2775 adunare
1704 2723 1758 2774 et
1796 2734 1889 2774 re-

292 2825 423 2881 gere
456 2810 778 2881 dignaretur
841 2818 951 2865 toto
992 2810 1123 2866 orbe
1168 2818 1432 2864 terrarum
1489 2808 1886 2879 interpellante,

293 2897 452 2953 nivea
479 2898 733 2953 columba
763 2899 944 2953 multis
973 2898 1299 2954 intuentibus
1327 2899 1395 2954 de
1416 2898 1554 2954 cmlo
1588 2897 1885 2961 descendit,

296 2992 350 3040 et
376 2985 549 3041 donec
578 2986 900 3042 sacrificium
930 2995 1312 3058 consumptum
1343 2995 1504 3053 esset,
1562 3001 1727 3057 super
1785 3000 1887 3041 ca-

296 3083 391 3146 put
428 3074 545 3144 ejus
573 3076 826 3145 expansis
843 3083 896 3131 et
925 3075 1078 3147 quasi
1108 3075 1348 3131 immotis
1377 3076 1477 3131 alis
1518 3076 1619 3130 sub
1671 3074 1885 3129 silentio
1918 3094 1968 3157 α

295 3162 519 3217 mansit.
557 3164 701 3218 Inter
729 3164 845 3219 haec
874 3164 1004 3234 quid
1034 3164 1202 3219 animi
1232 3172 1451 3235 gereret
1480 3181 1665 3219 servus
1723 3163 1822 3218 Dei
1861 3163 1889 3215 εἰ

296 3248 415 3319 Quo
446 3266 652 3320 amore,
680 3267 785 3323 qua
820 3252 1126 3319 dulcedine,
1160 3268 1269 3324 quo
1302 3252 1583 3308 desiderio
1625 3260 1783 3323 putas
1842 3253 1897 3305 in

294 3339 413 3394 Deo
444 3340 779 3409 pascebatur,
812 3340 906 3412 qui
961 3356 1029 3396 ex
1080 3342 1335 3412 praesenti
1390 3340 1563 3413 gratia
1639 3340 1738 3394 Dei
1802 3339 1896 3393 tali

297 3427 603 3484 visitatione
670 3430 1003 3485 fovebatur?
1059 3430 1391 3501 Consumpto
1454 3428 1743 3491 sacrificio.
1799 3443 1899 3483 co-

299 3516 486 3571 lumba
521 3518 713 3573 eadem
744 3518 798 3573 in
820 3518 1115 3574 australem
1137 3519 1325 3573 altaris
1340 3527 1553 3589 partem
1577 3517 1896 3585 declinavit,

296 3613 352 3660 et
378 3607 802 3675 supertumbam
827 3607 969 3661 beati
1001 3606 1231 3673 Odonis,
1291 3608 1449 3678 cujus
1514 3621 1681 3677 supra
1738 3621 1896 3661 men-

300 3694 499 3748 tionem
531 3694 781 3761 fecimus,
815 3711 876 3750 se
906 3695 1212 3760 reclinavit,
1244 3697 1346 3752 alis
1402 3695 1513 3750 suis
1571 3695 1721 3749 illam
1776 3696 1903 3748 hinc

296 3782 423 3836 inde
443 3783 818 3854 complexans,
851 3792 904 3839 et
935 3784 1090 3857 quasi
1121 3792 1299 3840 rostro
1331 3785 1682 3840 deosculans.
1743 3782 1902 3852 Quod

298 3870 490 3925 beatus
525 3872 844 3927 Dunstanus
874 3873 1108 3940 intuens,
1150 3880 1202 3927 et
1230 3872 1431 3928 exinde
1453 3872 1709 3927 meritum
1724 3871 1905 3941 jacen-

302 3959 367 4013 tis
395 3962 735 4031 appendens,
795 3961 849 4015 in
902 3970 1046 4015 tanta
1101 3977 1222 4016 eum
1282 3961 1541 4031 deinceps
1599 3960 1906 4015 reverentia

300 4047 489 4103 habuit
517 4057 572 4103 ut
601 4050 814 4120 quoties
871 4065 1052 4106 coram
1110 4048 1359 4120 sepulcro
1424 4049 1570 4103 illius
1620 4048 1901 4113 transibat,

298 4151 481 4206 genua
506 4137 767 4194 flecteret.
815 4137 1152 4209 Cognomine
1218 4153 1433 4207 quoque
1472 4136 1613 4191 Boni
1690 4136 1745 4190 in
1784 4151 1903 4189 ma-

300 4232 451 4278 terna
478 4224 665 4296 lingua
711 4234 834 4294 post
859 4227 976 4281 hac
1004 4241 1129 4281 eum
1162 4241 1381 4296 semper
1434 4225 1711 4280 nominare
1770 4239 1904 4277 con-

300 4312 495 4379 suevit,
529 4312 781 4368 videlicet
809 4312 930 4369 Odo
951 4314 1193 4386 Segode,
1218 4315 1363 4385 quod
1383 4313 1571 4370 Latine
1593 4321 1750 4368 sonat
1784 4312 1905 4369 Odo

300 4400 499 4455 Bonus.
538 4399 657 4469 Quo
704 4402 1032 4475 cognomine
1085 4419 1153 4457 ex
1188 4418 1254 4458 eo
1301 4409 1550 4471 tempore
1606 4417 1776 4472 usque
1834 4400 1902 4455 ad

302 4488 443 4543 hanc
470 4497 706 4544 nostram
739 4498 951 4546 aetatem
982 4491 1119 4547 solet
1149 4491 1222 4546 ab
1271 4491 1483 4563 Anglis,
1546 4491 1785 4545 maxime
1818 4498 1902 4545 ta-

302 4591 430 4632 men
474 4592 507 4631 a
562 4577 912 4645 Cantuaritis,
971 4580 1294 4651 nuncupari.
1376 4577 1895 4645 Percantatamissa,

300 4665 613 4719 Dunstanus
641 4666 713 4721 ab
744 4667 899 4723 altari
927 4668 1254 4739 digreditur.
1293 4666 1555 4721 Ministris
1577 4674 1756 4721 autem
1783 4667 1899 4735 ejus

301 4768 402 4822 pro
430 4752 612 4825 signo,
643 4756 789 4824 quod
818 4756 1111 4823 acciderat,
1166 4755 1250 4810 his
1270 4762 1322 4810 et
1377 4754 1483 4809 illis
1530 4754 1898 4821 innuentibus,

302 4848 358 4896 et
384 4841 521 4897 alios
549 4858 618 4897 ex
650 4844 907 4899 fratribus
958 4844 1258 4900 ministerio
1324 4842 1596 4915 pontiﬁcis
1645 4843 1905 4899 aﬁuturos

301 4930 722 4999 suspicantibus,
754 4932 857 5003 ipsi
898 4949 959 4989 se
990 4933 1043 4987 in
1073 4933 1287 4989 diversa
1336 4932 1548 4997 tollunt,
1609 4948 1672 4987 ac
1729 4931 1905 4985 virum

300 5017 478 5073 adhuc
506 5018 787 5075 immensis
816 5037 881 5075 ex
913 5022 1203 5092 praesentia
1229 5021 1424 5094 gratias
1490 5020 1587 5075 Dei
1645 5021 1906 5090 lacryma-

302 5121 426 5161 rum
459 5106 726 5163 imbribus
754 5110 1061 5166 madentem
1080 5112 1252 5167 solum
1282 5110 1611 5181 relinquunt.
1664 5108 1733 5163 Et
1779 5123 1906 5164 ecce

302 5195 432 5250 dum
462 5197 720 5264 casulam,
756 5213 860 5269 qua
890 5198 1031 5254 inter
1056 5213 1210 5254 sacra
1246 5199 1599 5264 vestiebatur,
1658 5197 1907 5269 depone-

304 5293 405 5351 ret,
475 5301 576 5342 nec
630 5287 774 5341 ullus
828 5286 1045 5342 adesset
1093 5287 1184 5357 qui
1240 5302 1359 5342 eam
1414 5285 1731 5356 susciperet,
1791 5285 1907 5339 dis-

303 5383 544 5443 ponente
573 5376 689 5431 Deo
745 5391 1010 5448 suspensa
1078 5375 1338 5446 pependit
1392 5375 1446 5429 in
1504 5390 1647 5441 aere,
1700 5390 1765 5428 ne
1809 5388 1910 5430 ca—

303 5461 442 5518 dens
460 5462 517 5518 in
546 5471 741 5520 terram
771 5481 990 5522 servum
1038 5464 1138 5522 Dei
1186 5479 1220 5519 a
1274 5480 1373 5519 sua
1430 5463 1675 5520 turbaret
1728 5463 1909 5519 inten-

304 5551 455 5608 tione
465 5590 480 5606 .

1932 4446 1983 4509 D

1998 1830 2218 1900 prOprio
2236 1837 2376 1884 statu
2416 1830 2471 1884 in
2498 1830 2736 1885 medium
2792 1831 3016 1886 orientis
3043 1830 3309 1887 tramitem
3340 1846 3439 1902 pro
3472 1837 3598 1886 voto

1998 1918 2278 1975 convertit.
2312 1918 2468 1987 Quod
2500 1919 2679 1989 ipsum
2710 1920 2865 1975 facile
2895 1920 3130 1990 potuisse
3163 1919 3381 1975 efficere
3437 1932 3598 1973 nemo

1997 2007 2247 2079 ambigit,
2272 2007 2376 2061 nisi
2415 2007 2505 2079 qui
2541 2007 2723 2062 verbis
2741 2008 2955 2062 Domini
2978 2008 3195 2075 Christi,
3220 2008 3414 2079 quibus
3439 2006 3601 2062 fidem

1999 2095 2134 2151 sicut
2162 2112 2392 2168 granum
2407 2096 2610 2166 sinapis
2634 2097 2959 2151 habentibus
2979 2096 3241 2167 promittit
3270 2096 3414 2165 quod
3434 2095 3597 2150 etiam

1999 2192 2239 2239 montem
2268 2183 2413 2239 dicto
2431 2184 2752 2239 transferant
2783 2186 2939 2254 (Luc.
2974 2201 3109 2252 xvn,
3157 2186 3233 2254 6),
3291 2183 3598 2239 incredulus

1999 2273 2199 2327 existit.
2258 2274 2409 2328 Inter
2477 2273 2793 2342 hujusmodi
2848 2289 3014 2345 opera
3068 2275 3373 2329 Dunstanus
3425 2274 3602 2328 Deum

1998 2377 2214 2431 semper
2241 2360 2295 2415 in
2326 2369 2502 2416 mente
2524 2362 2740 2427 habere,
2774 2363 2890 2417 Deo
2929 2361 3190 2434 quidquid
3236 2362 3365 2417 boni
3430 2361 3596 2417 facie-

1998 2448 2093 2503 bat
2122 2465 2228 2503 non
2257 2449 2359 2503 sibi
2388 2449 2679 2518 ascribere,
2712 2466 2974 2523 magnum
3034 2450 3369 2515 humilitatis,
3430 2449 3596 2504 mini-

1999 2552 2147 2591 mum
2176 2536 2428 2591 elationis
2457 2552 2551 2593 cor
2580 2554 2675 2608 per
2702 2540 2881 2593 omnia
2912 2546 2965 2593 et
3000 2540 3057 2593 in
3105 2538 3357 2594 omnibus
3412 2537 3599 2609 possi-

2000 2625 2149 2679 dere.

2068 2714 2202 2769 Cum
2232 2722 2412 2770 autem
2442 2730 2474 2769 a
2503 2716 2845 2771 saecularium
2895 2718 3235 2789 negotiorum
3275 2719 3595 2788 occupatio-

1997 2803 2155 2857 nibus
2175 2812 2228 2857 et
2242 2804 2396 2873 quies
2412 2803 2700 2872 arridebat,
2728 2805 2891 2860 modo
2910 2805 3353 2876 contemplationi
3393 2806 3593 2861 divinas

1996 2899 2052 2945 et
2078 2891 2414 2946 orationibus
2454 2892 2828 2960 incumbebat,
2862 2894 3027 2949 modo
3064 2909 3343 2949 sacrarum
3357 2893 3597 2963 Scriptu-

1996 2994 2182 3033 rarum
2212 2980 2431 3035 lectioni
2487 2989 2539 3036 et
2565 2996 2759 3036 earum
2791 2982 3219 3052 expositionibus
3268 2981 3598 3049 intendebat,

1997 3068 2158 3123 modo
2189 3067 2411 3124 fratrum
2443 3070 2800 3124 exhortationi
2823 3086 2919 3125 seu
2950 3070 3207 3125 librorum
3225 3070 3593 3125 emendationi

1997 3157 2215 3211 sedulus
2234 3172 2458 3226 operam
2487 3157 2854 3227 impendebat.
2889 3159 2949 3211 In
2995 3158 3413 3227 compunctione
3463 3173 3593 3213 vero

2002 3245 2359 3315 lacrymarum
2391 3252 2538 3299 tanta
2574 3246 2751 3316 gratia
2793 3245 3054 3316 praeditus
3110 3253 3225 3300 erat
3273 3253 3330 3300 ut
3387 3247 3601 3317 quoties

2003 3348 2123 3387 eum
2154 3333 2326 3387 sacris
2356 3331 2617 3387 altaribus
2636 3333 2750 3387 sisti
2778 3333 2863 3387 vel
2917 3332 3100 3402 aliquo
3148 3332 3330 3388 officio
3373 3332 3598 3403 pontifi-

2005 3420 2109 3476 cali
2137 3419 2287 3492 fungi
2318 3420 2681 3490 conspiceres,
2715 3420 2948 3491 Spiritus
2976 3422 3147 3475 sancti
3173 3420 3389 3476 fervore
3434 3437 3599 3476 men-

2008 3518 2117 3564 tem
2151 3510 2266 3576 ejus
2291 3509 2536 3574 accendi,
2559 3516 2613 3563 et
2642 3525 2764 3580 quae
2788 3508 2879 3564 ille
2907 3507 3144 3564 exterius
3178 3508 3599 3565 administrabat

2006 3598 2185 3668 ipsum
2214 3597 2440 3653 interius
2469 3597 2683 3668 operari
2707 3614 2803 3668 per
2847 3597 3052 3652 indices
3096 3614 3163 3653 ex
3228 3597 3400 3654 oculis
3454 3597 3601 3653 illius

2007 3687 2356 3741 decurrentes
2386 3685 2655 3756 lacrymas
2686 3700 2792 3740 non
2824 3684 3091 3741 dubitare.
3123 3686 3252 3741 Haec
3303 3686 3443 3742 inter
3497 3686 3604 3741 sibi

2009 3782 2063 3830 et
2099 3773 2506 3830 successoribus
2535 3774 2649 3829 suis
2679 3774 3039 3844 competentia
3068 3782 3175 3830 tam
3233 3774 3370 3829 infra
3427 3790 3608 3831 muros

1958 3854 1959 3857 “
1990 3863 2157 3947 ὐὼὶδ
2182 3879 2343 3933 quam
2375 3871 2428 3917 et
2455 3863 2509 3917 in
2538 3862 2844 3935 quibusque
2876 3862 3022 3917 villis
3043 3863 3112 3918 ad
3162 3863 3603 3935 archiepiscopa—

2012 3960 2123 4006 tum
2155 3951 2547 4023 pertinentibus
2576 3950 2805 4006 aadificia
2848 3952 3119 4017 constitui,
3166 3951 3251 4007 vel
3289 3953 3604 4021 constituta,

2010 4040 2054 4094 si
2088 4056 2194 4109 qua
2222 4056 2287 4095 ex
2316 4047 2468 4109 parte
2498 4038 2676 4093 diruta
2705 4046 2904 4105 essent,
2937 4039 3187 4093 renovari
3237 4040 3493 4108 faciebat,
3553 4058 3611 4096 se

2011 4128 2218 4183 scilicet
2245 4128 2298 4181 in
2328 4127 2443 4181 istis
2470 4142 2579 4181 non
2609 4125 2772 4181 modo
2804 4125 2930 4189 sibi,
2962 4126 3056 4180 sed
3088 4135 3141 4182 et
3181 4126 3476 4183 multorum
3507 4128 3604 4182 uti-

2011 4211 2145 4272 ltTati
2168 4221 2351 4271 natum
2384 4215 2673 4286 vivereque
2697 4213 3059 4285 perpendens.
3096 4216 3354 4271 Praeterea
3383 4223 3610 4272 cuncta-

2010 4321 2129 4360 rum
2159 4304 2523 4360 Ecclesiarum
2575 4305 2738 4359 totius
2794 4302 3082 4358 Britanniae
3136 4303 3611 4375 adjacentiumque

2011 4394 2309 4449 insularum
2359 4392 2783 4448 sollicitudinem
2806 4401 3055 4446 strenuus
3094 4391 3341 4464 gerebat,
3425 4408 3612 4448 earum

2013 4497 2225 4551 causas,
2259 4497 2377 4552 quae
2406 4480 2473 4535 ad
2505 4497 2629 4536 eum
2668 4480 2806 4535 sicut
2840 4479 2907 4533 ad
2937 4480 3228 4550 primatem
3280 4487 3333 4535 et
3389 4481 3613 4552 patriar-

2007 4574 2168 4629 cbam
2190 4571 2372 4645 quotie
2389 4569 2724 4637 ferebantur,
2749 4568 3090 4639 disponebat.
3115 4569 3184 4623 Et
3204 4569 3333 4639 quia
3363 4569 3608 4641 vigilanti

2009 4661 2190 4715 studio
2222 4659 2451 4715 Domino
2476 4659 2693 4714 Christo
2714 4673 2811 4729 per
2838 4656 3021 4712 omnia
3045 4656 3419 4723 famulabatur,
3463 4673 3612 4729 saepe

2012 4764 2370 4819 supernorum
2402 4747 2599 4802 civium
2638 4745 2854 4817 gaudiis
2908 4754 3068 4816 atque
3122 4746 3496 4815 concentibus,
3541 4749 3613 4803 ad

2011 4852 2145 4908 quos
2172 4835 2329 4890 anxie
2358 4834 2685 4904 suspirabat,
2718 4832 3065 4898 miscebatur,
3126 4832 3428 4905 aliquando
3483 4850 3609 4892 cor-

2016 4941 2144 4994 pore
2163 4925 2418 4996 vigilans,
2449 4922 2739 4993 aliquando
2814 4930 3003 4977 sancto
3054 4937 3252 4992 sopore
3307 4925 3611 4995 quiescens.

2015 5014 2280 5084 Quodque
2317 5012 2561 5069 fortassis
2612 5027 2721 5067 non
2782 5010 2957 5064 minus
3000 5018 3238 5082 stupeas,
3304 5029 3403 5083 per
3444 5014 3615 5069 visum

2016 5104 2269 5176 quaedam
2299 5118 2330 5157 a
2359 5101 2528 5157 beatis
2556 5098 2833 5172 spiritibus
2858 5098 3024 5154 didici
3047 5116 3168 5170 qua:
3198 5101 3317 5173 ipse
3347 5111 3534 5174 postea
3562 5103 3617 5158 in

2017 5192 2235 5247 servitio
2275 5191 2373 5246 Dei
2404 5188 2785 5245 canendasuos
2814 5188 3049 5243 edocuit.

2086 5298 2388 5371 (Sequitur
2419 5296 2676 5371 Historia
2709 5296 2940 5371 visionis
2962 5294 3030 5351 de
3058 5299 3244 5371 matre
3261 5314 3366 5371 sua
3387 5297 3618 5371 cuidam

2017 5367 2135 5496 gregi
2151 5367 2544 5509 pofentissimo
2561 5368 2899 5440 desponsata
2922 5385 2940 5431 ;
2960 5382 3133 5439 quam
3182 5367 3347 5424 habes
3412 5370 3477 5424 in
3525 5368 3619 5424 0:-

2051 5455 2207 5499 emo.

2051 5455 2207 5499 emo.

2088 5547 2209 5625 Alio
2238 5545 2472 5622 quodam
2501 5552 2753 5619 tempore
2780 5559 2875 5601 rex
2899 5544 2955 5599 in
2985 5543 3076 5599 die
3112 5543 3402 5601 Dominica
3463 5559 3625 5602 mane
