4032 6078
385 279 488 337 798

1389 275 1702 338 EADMERI
1731 273 2286 334 CANTUARIENSIS
2315 274 2642 336 MONACHI

3585 277 3696 336 796

385 411 646 461 venatum
666 404 788 471 ivit,
818 406 865 461 ei
897 403 1252 475 Dunstanum,
1286 405 1376 478 qui
1416 412 1540 462 tunc
1596 404 1733 460 forte
1793 416 1979 458 secum
2006 401 2063 463 Α
2093 399 2243 467 Quos
2273 418 2463 458 versus
2491 404 2690 460 chorus
2706 401 2976 476 virginum
2995 403 3317 461 resumendo
3337 410 3689 477 percantans,

382 501 514 560 erat,
548 495 770 549 missam
796 511 945 550 suam
1015 496 1189 550 donec
1254 494 1457 550 rediret
1485 493 1701 548 differre
1766 491 1972 563 petivit.

385 583 869 654 Appropinquante
899 583 1066 656 igitur
1092 584 1223 638 hora
1255 585 1431 650 tertia,
1465 582 1548 638 vir
1577 582 1674 638 Dei
1706 582 1776 637 ad
1807 581 1978 635 eccle-

386 671 526 726 siam
558 671 820 741 procedit,
855 680 907 726 et
945 673 1163 727 indutus
1219 672 1388 728 sacris
1445 671 1706 738 vestibus,
1767 685 1976 742 regem,

386 759 523 814 sicut
548 760 597 813 ei
629 760 967 828 promiserat,
1029 762 1398 831 exspectabat.
1459 760 1644 816 Stabat
1693 775 1823 832 ergo
1879 775 1980 812 cu-

383 846 511 902 bitis
539 847 753 902 innixus
791 849 968 916 altari,
1027 849 1259 905 orationi
1318 865 1383 905 ac
1435 849 1688 920 lacrymis
1744 847 1976 902 deditus.

382 936 517 990 Tum
547 935 724 990 subito
755 952 947 1007 sopore
978 937 1168 993 leniter
1198 954 1438 1008 pressus,
1474 937 1526 992 in
1565 937 1762 991 cadum
1825 936 1980 1006 rapi-

385 1029 484 1088 tur,
517 1031 570 1078 et
594 1024 764 1079 beatis
801 1027 1119 1098 angelorum
1151 1027 1463 1097 agminibus
1485 1025 1801 1093 associatus,
1836 1024 1984 1079 audit

381 1125 477 1167 eos
507 1128 734 1167 summae
763 1115 1089 1169 Trinitatiin
1140 1114 1355 1170 laudem
1413 1113 1703 1169 modulatis
1759 1114 1986 1168 vocibus

382 1201 727 1257 decantantes
739 1211 900 1274 atque
913 1205 1150 1259 dicentes
1162 1204 1738 1276 Kyrieeleison,Kyrie
1750 1203 1983 1266 eleison,

384 1291 546 1362 Kyrie
562 1291 1050 1360 eleison.Quorum
1081 1293 1375 1347 melodiam
1407 1292 1706 1347 caelestium
1735 1297 1985 1346 contem-

385 1378 560 1448 platur
587 1379 829 1447 edoctus,
863 1381 931 1435 ad
964 1397 1022 1436 se
1053 1397 1308 1436 reversus
1331 1389 1433 1437 est.
1457 1382 1524 1435 Et
1571 1395 1866 1436 conversus
1917 1380 1985 1434 ad

385 1482 510 1521 suos
539 1467 832 1540 interrogat
865 1470 1052 1526 Rexne
1083 1470 1306 1535 venerit,
1343 1486 1412 1524 an
1443 1485 1569 1524 non.
1610 1472 1675 1524 At
1715 1469 1806 1524 ubi
1867 1484 1986 1523 eum

385 1555 623 1610 nondum
654 1559 868 1613 venisse
898 1561 1127 1630 accepit,
1161 1561 1231 1614 ad
1270 1575 1393 1614 suas
1448 1573 1638 1629 preces
1679 1574 1798 1613 sese
1852 1573 1987 1614 con-

387 1644 568 1698 vertit.
611 1645 884 1718 Factoque
915 1663 1020 1703 non
1051 1649 1250 1719 grandi
1281 1648 1586 1710 intervallo,
1610 1648 1800 1702 iterum
1832 1656 1987 1702 extra

2086 491 2365 561 praedictas
2397 492 2535 548 binae
2590 504 2862 548 cantrices
2920 493 3075 549 binos
3137 493 3228 565 qui
3277 499 3573 564 sequuntur
3632 489 3688 546 in

2086 579 2276 636 ordine
2305 597 2492 636 versus
2523 591 2826 652 prosecutae
2845 591 2969 638 sunt
2995 601 3006 636 :

2171 670 2400 724 Primus
2420 671 2491 726 ad
2521 672 2636 726 ima
2666 673 2785 727 ruit
2815 689 3025 744 magna
3041 671 3108 728 de
3147 671 3270 727 luce
3300 669 3590 742 superbus.

2265 757 2355 814 Sic
2374 759 2534 814 homo
2565 777 2696 816 cum
2729 763 2962 827 tumuit,
2991 762 3211 832 primus
3241 760 3313 815 ad
3347 759 3467 814 ima
3513 758 3651 813 ruit.

2090 848 2288 920 Sicque
2316 850 2492 905 donec
2526 850 2612 905 vir
2650 850 2744 905 Dei
2787 851 3078 920 perductus
3107 851 3159 904 in
3185 848 3474 904 oratorium
3522 854 3689 912 esset,

2090 937 2365 1010 virgineus
2399 939 2595 994 chorus
2652 939 2855 1010 primas
2911 947 2964 993 et
3020 938 3262 1012 virgines
3318 936 3460 991 binae
3508 934 3690 1001 binos,

2087 1027 2241 1096 juxta
2269 1027 2416 1099 quod
2445 1029 2614 1083 series
2644 1028 2828 1099 hymni
2859 1043 2977 1082 sese
2999 1026 3184 1095 habet,
3236 1041 3424 1079 versus
3487 1023 3692 1078 modu-

2092 1113 2218 1172 lata
2243 1123 2387 1171 sunt.
2421 1117 2645 1186 Pr0pter
2670 1117 2786 1173 haec
2814 1123 2865 1171 et
2895 1116 3084 1172 horum
3114 1115 3315 1170 similia
3362 1113 3506 1167 facta
3557 1110 3698 1165 insi-

2095 1206 2218 1278 gnis
2251 1205 2406 1260 Pater
2435 1207 2745 1260 Dunstanns
2773 1205 2959 1277 quanti
2991 1205 3231 1270 honoris,
3283 1209 3498 1273 quantae
3545 1215 3700 1255 reve-

2097 1294 2304 1359 rentiae,
2338 1304 2606 1365 quantave
2637 1292 3052 1366 magnificentia
3081 1292 3225 1362 apud
3282 1305 3472 1346 omnes
3527 1287 3704 1342 bonos

2097 1383 2376 1448 exstiterit,
2409 1382 2636 1450 aestimo,
2669 1384 2812 1454 quod
2843 1383 2935 1454 qui
2962 1382 3088 1438 talia
3124 1381 3216 1436 Dei
3247 1380 3389 1434 dona
3445 1375 3704 1448 amplecti

2096 1472 2265 1537 novit,
2298 1488 2365 1526 ex
2398 1488 2604 1544 magna
2636 1480 2785 1543 parte
2807 1480 2860 1528 et
2890 1487 2976 1528 me
3005 1470 3197 1525 silente
3238 1466 3460 1523 videbit.
3519 1469 3587 1519 At
3633 1464 3706 1518 iis

2098 1561 2190 1629 qui
2219 1561 2400 1629 potius
2429 1561 2485 1616 in
2504 1543 2727 1615 imalitia
2758 1577 2918 1632 quam
2949 1561 3003 1614 in
3033 1559 3272 1615 bonitate
3319 1557 3484 1610 vitam
3540 1568 3709 1625 agere
3735 1543 3741 1547 ’

2097 1649 2434 1718 satagebant,
2467 1649 2753 1704 horrorem
2812 1657 2974 1719 atque
3029 1655 3288 1703 terrorem
3347 1645 3526 1700 vultus
3582 1642 3705 1712 ejus

386 1745 448 1788 se
473 1731 669 1787 ductus
692 1735 900 1790 audivit
955 1736 1007 1790 in
1038 1738 1188 1792 caelis
1237 1739 1464 1792 altisona
1489 1752 1624 1792 voce
1674 1736 1779 1791 dici
1807 1754 1818 1795 ;
1879 1737 1977 1803 (te,
2009 1761 2064 1821 Β
2093 1737 2413 1806 ίυουὶὶεῠᾶῐ,
2446 1746 2502 1791 ut
2531 1738 2602 1792 ab
2631 1753 2696 1793 eo
2725 1739 2914 1810 fugere
2943 1753 3111 1808 quam
3141 1737 3209 1791 ad
3260 1751 3382 1790 eum
3440 1731 3707 1787 accedere

377 1822 551 1876 missa
581 1827 681 1878 est.
712 1824 794 1878 Ad
825 1825 972 1897 quod
1003 1842 1123 1882 cum
1152 1829 1258 1884 Deo
1287 1829 1506 1899 gratias
1538 1825 1978 1895 responderetur,

384 1919 723 1966 accurrentes
743 1913 920 1969 clerici
941 1915 1087 1987 regis
1116 1931 1302 1987 regem
1360 1916 1548 1970 adesse
1605 1913 1987 1982 vociferantur,

391 2000 732 2055 sacerdotem
763 2009 821 2056 ut
844 2003 1174 2059 festinantius
1190 2006 1413 2059 Missam
1431 2002 1667 2058 celebret
1687 2001 1989 2056 obsecrant.

390 2085 458 2139 At
486 2086 576 2141 ille
608 2103 798 2145 versus
827 2092 895 2146 ab
926 2094 1097 2162 altari,
1133 2096 1352 2151 Missam
1372 2112 1430 2150 se
1453 2093 1651 2147 habere
1683 2093 1996 2170 pronuntiat

393 2180 445 2228 et
473 2174 630 2230 aliam
661 2194 722 2232 se
753 2196 818 2235 ea
843 2181 932 2236 die
953 2183 1350 2240 celebraturum
1381 2186 1638 2259 abnegat.
1693 2188 1994 2258 Depositis—

402 2277 505 2331 que
539 2267 774 2323 vestibus
805 2272 989 2338 sacris,
1025 2290 1055 2328 a
1094 2274 1205 2329 suis
1250 2275 1317 2330 de
1348 2292 1408 2330 re
1465 2275 1788 2348 inquiritur;
1851 2277 1996 2346 quod

402 2349 603 2408 latebat
635 2358 890 2425 aperitur.
942 2361 1025 2414 Ex
1092 2363 1193 2418 hoc
1244 2363 1422 2435 itaque
1479 2374 1694 2436 sumpto
1750 2381 1997 2420 sermone

402 2455 591 2512 regem
625 2443 676 2497 in
709 2446 898 2502 diebus
931 2450 1222 2506 Dominicis
1251 2453 1510 2524 deinceps
1539 2470 1571 2509 a
1614 2463 1811 2510 venatu
1867 2470 1998 2524 pro-

405 2529 596 2588 hibuit.
628 2535 811 2605 Kyrie,
843 2539 1076 2607 eleison,
1107 2557 1238 2596 vero
1269 2543 1412 2612 quod
1443 2543 1496 2597 in
1562 2543 1872 2598 caelestibus
1920 2543 2000 2596 di-

399 2615 547 2687 dicit,
579 2636 708 2676 suos
738 2625 939 2692 docuit,
974 2627 1133 2697 idque
1165 2629 1344 2686 multis
1376 2630 1429 2684 in
1461 2630 1594 2685 locis
1626 2630 1787 2686 hodie
1815 2639 2002 2685 sancta

404 2704 639 2762 Ecclesia
669 2709 806 2766 inter
831 2713 1116 2770 missarum
1145 2718 1404 2772 solemnia
1434 2720 1596 2775 canit.

476 2793 641 2850 Moris
670 2808 785 2853 erat
815 2801 928 2855 viro
989 2803 1107 2858 loca
1160 2814 1371 2874 sancta,
1425 2807 1640 2878 quando
1699 2805 2001 2862 Cantuarim

403 2882 733 2951 morabatur,
766 2903 871 2943 uno
903 2897 1104 2945 tantum
1144 2891 1289 2947 ﬁdeli
1310 2894 1457 2948 socio
1509 2895 1790 2950 comitatus
1843 2902 2004 2949 noctu

404 2985 717 3043 peragrare,
751 2984 802 3029 et
832 2993 890 3031 se
918 2977 1050 3032 inibi
1075 2996 1171 3049 per
1200 2983 1668 3051 compunctionem
1717 2992 1768 3037 et
1798 2982 2002 3038 contri-

408 3058 606 3114 tionem
639 3063 948 3121 cordisDeo
979 3078 1235 3124 mactare.
1271 3069 1516 3139 Quadam
1546 3071 1708 3143 igitur
1759 3071 1878 3126 vice
1934 3070 2003 3125 ad

411 3151 796 3206 monasterium
854 3155 1286 3214 beatissimorum
1329 3159 1702 3230 apostolorum
1756 3159 1898 3214 Petri
1953 3168 2006 3213 et

410 3235 583 3305 Pauli,
616 3238 670 3295 in
699 3257 804 3311 quo
836 3244 1026 3299 beatus
1046 3248 1371 3317 Augustinus
1391 3256 1444 3302 et
1491 3248 1584 3303 alii
1640 3249 1884 3304 nonnulli
1939 3248 2007 3303 de

408 3323 654 3382 Patribus
711 3330 968 3389 Ecclesiae
1025 3335 1223 3390 Christi
1272 3336 1676 3392 Cantuariensis
1759 3336 2008 3394 tumulati

403 3424 542 3483 sunt,
576 3433 645 3472 ex
676 3434 824 3474 more
852 3423 994 3477 circa
1025 3424 1217 3479 mediae
1249 3427 1425 3480 noctis
1473 3426 1688 3480 silentia
1742 3425 2006 3497 perrexit,

405 3501 588 3575 ibique
618 3507 732 3563 Deo
761 3524 818 3564 se
851 3510 1048 3566 diutius
1073 3511 1127 3566 in
1152 3514 1398 3568 oratione
1427 3514 1738 3584 prostravit.
1799 3515 2005 3586 Egres-

409 3608 501 3646 sus
535 3609 660 3648 vero
689 3596 760 3650 ad
790 3599 1082 3653 oratorium
1112 3601 1285 3656 beatae
1317 3602 1413 3656 Dei
1443 3602 1720 3673 genitricis
1758 3607 1813 3656 et
1877 3618 2008 3672 per-

408 3687 586 3749 petuae
616 3681 850 3753 Virginis
866 3685 1071 3751 Mariae,
1090 3689 1237 3757 quod
1265 3689 1318 3742 in
1356 3689 1606 3744 orientali
1628 3690 1798 3760 ipsius
1814 3705 2007 3746 mona-

406 3767 557 3822 sterii
590 3778 738 3836 parte
768 3772 927 3826 situm
959 3775 1154 3843 fuerat,
1213 3777 1405 3832 eadem
1463 3777 1707 3832 facturus
1759 3778 2003 3833 divertit.

409 3853 505 3909 Cui
527 3858 986 3929 appropinquans,
1019 3863 1223 3918 audivit
1253 3865 1396 3919 intus
1435 3881 1595 3922 voces
1660 3866 2008 3935 psallentium

410 3949 572 4014 atque
588 3944 878 4001 dicentium
901 3967 912 4002 :
933 3950 1189 4008 Gaudent
1209 3955 1269 4008 in
1280 3955 1434 4009 caelis
1449 3956 1658 4010 animae
1675 3963 2008 4011 sanctorum

407 4035 503 4104 qui
526 4035 736 4091 Christi
749 4041 981 4108 vestigia
998 4045 1137 4097 sunt
1148 4044 1346 4110 seculi,
1362 4048 1416 4098 et
1430 4045 1563 4115 quia
1575 4061 1672 4114 pro
1686 4045 1807 4115 ejus
1818 4060 1964 4100 ante:
1980 4059 2010 4101 θ

407 4124 744 4193 sanguinem
756 4142 922 4182 suum
941 4129 1240 4199 fuderunt,
1261 4131 1381 4188 ideo
1411 4148 1538 4188 cum
1559 4132 1776 4190 Christo
1793 4131 2011 4204 gaude-

409 4211 548 4266 bunt
581 4212 641 4266 in
679 4218 981 4272 aeternum.
1024 4219 1104 4273 Ad
1132 4221 1252 4274 haec
1292 4219 1382 4275 ille
1435 4222 1783 4290 stupefactus,
1843 4221 2013 4276 astitit

407 4299 567 4368 ostio,
601 4318 661 4356 ac
690 4319 788 4373 per
815 4304 976 4360 rimas
1031 4308 1179 4362 illius
1237 4308 1614 4380 introspiciens
1671 4311 1809 4380 (erat
1865 4310 2007 4366 enim

411 4389 765 4464 obseratum),
801 4394 1040 4450 intuetur
1069 4397 1363 4452 oratorium
1397 4406 1561 4453 totum
1597 4398 1859 4455 immensa
1892 4398 2009 4453 luce

2098 1826 2338 1880 mallent.
2370 1825 2573 1880 Omnes
2601 1842 2750 1888 vero,
2785 1826 2873 1897 qui
2907 1841 3158 1897 perversa
3185 1833 3302 1879 acta
3334 1839 3431 1878 sua
3461 1822 3712 1877 deserere

2100 1924 2153 1970 et
2207 1916 2277 1970 ad
2335 1923 2474 1969 recta
2523 1931 2685 1984 Opera
2742 1914 3054 1986 cupiebant,
3115 1913 3517 1984 transmigrare,
3579 1925 3712 1965 vera

2101 2005 2302 2074 pietate
2331 2018 2394 2058 ac
2434 2003 2811 2059 misericordia
2867 2002 3167 2058 Visceribus
3222 2017 3345 2056 eum
3400 1999 3710 2054 redundare

2103 2093 2428 2160 sentiebant,
2461 2101 2513 2146 et
2543 2093 2680 2146 ultra
2701 2093 2990 2146 humanam
3048 2091 3462 2145 aestimationem
3515 2088 3709 2143 consi-

2104 2182 2235 2236 lium
2265 2182 2424 2236 simul
2453 2190 2505 2237 et
2532 2182 2794 2236 auxilium
2833 2197 2942 2235 suae
3000 2180 3184 2235 salutis
3238 2179 3292 2232 in
3337 2194 3402 2233 eo
3456 2177 3710 2248 reperie-

2103 2271 2252 2326 bant.
2290 2273 2335 2325 A
2367 2271 2592 2325 remotis
2621 2270 2804 2341 itaque
2833 2277 3093 2324 terrarum
3139 2268 3388 2339 partibus
3443 2264 3514 2320 ad
3581 2281 3707 2320 eum

2105 2360 2307 2430 passim
2339 2359 2668 2424 currebatur,
2700 2367 2753 2413 et
2778 2373 2885 2430 quo
2915 2358 3066 2412 illum
3115 2356 3466 2427 praeeminere
3523 2362 3713 2409 notum

2109 2460 2240 2515 erat,
2273 2451 2502 2521 Spiritus
2527 2448 2703 2503 sancti
2725 2447 3010 2502 consilium
3041 2445 3109 2500 ab
3144 2447 3264 2514 ipso
3296 2443 3594 2516 petebatur.

2181 2539 2237 2595 Si
2295 2539 2365 2593 ad
2420 2538 2521 2592 ista
2576 2535 2777 2591 diaboli
2826 2535 3011 2590 odium
3069 2543 3122 2588 et
3173 2533 3380 2588 invidia
3435 2531 3714 2599 saeviebat,

2110 2627 2243 2683 nulli
2272 2627 2596 2682 mirandum.
2633 2625 2744 2680 Sed
2774 2623 2902 2695 quia
2921 2639 2982 2677 se
3037 2623 3094 2678 in
3146 2621 3554 2693 perturbatione
3610 2619 3718 2681 viri

2110 2717 2245 2780 nihil
2266 2732 2446 2787 posse,
2467 2714 2568 2769 nisi
2598 2714 2744 2786 quod
2774 2711 3146 2768 verecundiam
3177 2712 3260 2765 sui
3304 2716 3358 2764 et
3410 2709 3532 2779 ejus
3585 2707 3716 2780 glo-

2110 2806 2246 2861 riam
2289 2802 2675 2876 magniﬁcaret,
2721 2802 2836 2871 jam
2890 2809 3039 2856 certo
3087 2799 3310 2868 sciebat,
3368 2798 3441 2852 ab
3496 2813 3556 2852 ea
3605 2811 3719 2868 qua

2112 2895 2264 2948 illum
2281 2908 2426 2962 saepe
2443 2892 2674 2963 fatigare
2705 2889 2935 2954 solebat,
2977 2889 3391 2962 impugnatione
3414 2903 3534 2943 sese
3553 2886 3712 2943 cohi-

2113 2983 2249 3037 buit.
2280 2983 2474 3036 Verum
2507 2987 2564 3034 ut
2599 2995 2723 3035 eum
2752 2979 3005 3034 redderet
3033 2978 3429 3045 conturbatum,
3455 2977 3714 3047 Eadgaro

2113 3071 2249 3142 regi,
2283 3069 2695 3142 quemmultum
2754 3084 2856 3138 pro
2913 3083 3010 3121 sua
3066 3066 3362 3122 reverentia
3424 3065 3712 3136 diligebat,

2116 3160 2372 3230 laqueum
2405 3157 2765 3230 gemebundae
2811 3155 3144 3228 deceptionis
3173 3153 3415 3218 tetendit,
3466 3163 3518 3209 et
3567 3154 3716 3208 irre-

2118 3248 2268 3304 titum
2288 3247 2474 3320 gravis
2517 3245 2721 3317 peccati
2773 3260 2929 3301 naevo
2985 3244 3229 3301 involvit.
3282 3242 3530 3312 Quadam
3568 3242 3714 3296 enim

2115 3336 2235 3394 vice
2261 3337 2407 3392 idem
2435 3351 2527 3393 rex
2559 3335 2612 3389 in
2637 3333 3021 3399 monasterium
3051 3332 3349 3404 virginum,
3372 3330 3515 3402 quod
3564 3330 3715 3385 Wil-

2118 3427 2278 3482 tunim
2306 3427 2466 3481 situm
2524 3425 2772 3494 habetur,
2832 3423 2996 3489 venit,
3054 3421 3238 3492 ibique
3293 3428 3483 3492 captus
3533 3420 3718 3490 specie

2115 3515 2395 3586 cujusdam
2423 3513 2640 3586 puellae,
2674 3528 2798 3584 quae
2827 3512 2895 3566 de
2926 3511 3198 3566 nobilibus
3231 3510 3532 3582 Anglorum
3587 3514 3716 3563 nata

2115 3604 2259 3660 inter
2286 3603 2724 3659 sanctimoniales
2759 3617 2866 3656 non
2898 3601 3075 3656 velata
3119 3599 3472 3664 nutriebatur,
3530 3604 3716 3660 custo—

2117 3692 2388 3760 diebatur,
2421 3707 2540 3746 eam
2572 3706 2672 3746 suo
2702 3689 2976 3764 colloquio
3003 3689 3201 3745 adduci
3230 3687 3489 3744 secretius
3523 3685 3706 3755 jussit.

2117 3781 2213 3835 Illa
2242 3796 2364 3836 cum
2395 3779 2702 3847 duceretur,
2734 3779 2934 3842 timens
2977 3778 3170 3851 pudori
3201 3794 3320 3847 suo,
3377 3785 3590 3848 raptum
3647 3774 3718 3831 ab

2117 3885 2224 3924 una
2251 3870 2742 3924 sanctimonialium
2774 3867 2936 3940 capiti
2967 3883 3066 3922 suo
3096 3866 3274 3924 velum
3317 3865 3592 3938 imposuit,
3651 3878 3721 3918 eo

2118 3958 2280 4013 modo
2311 3974 2368 4013 se
2396 3959 2605 4030 protegi
2637 3973 2877 4029 sperans,
2909 3957 2954 4013 si
2985 3957 3130 4013 forte
3160 3974 3256 4012 rex
3285 3956 3414 4028 quid
3445 3951 3720 4013 inhonesti

2119 4057 2151 4097 α
2206 4063 2266 4102 se
2322 4048 2542 4118 exigere
2591 4047 2768 4102 vellet.
2818 4046 2992 4115 Quam
3040 4046 3159 4117 ipse
3198 4045 3427 4100 velatam
3484 4044 3717 4110 intuens,

2123 4159 2144 4183 α
2179 4154 2345 4211 quam
2376 4137 2574 4205 subito,
2605 4136 2799 4208 inquit,
2819 4134 3243 4190 sanctimonialis
3301 4133 3493 4189 eﬂ‘ecta
3549 4148 3626 4188 es.
3695 4153 3715 4180 ι

2121 4231 2510 4298 Arreptumque
2533 4225 2710 4280 velum
2741 4225 2975 4279 detraxit
3002 4224 3169 4294 capiti
3207 4223 3346 4293 ejus,
3378 4223 3473 4278 illa
3525 4223 3723 4278 conatu

2118 4331 2226 4387 quo
2257 4323 2466 4386 poterat
2498 4315 2702 4370 frustra
2738 4313 3036 4369 obnitente.
3066 4311 3284 4367 Abusus
3329 4311 3598 4384 siquidem
3655 4324 3722 4365 es

2118 4412 2221 4473 est,
2253 4412 2304 4459 et
2331 4403 2482 4476 gravi
2512 4403 2770 4457 seandalo
2800 4401 3000 4474 quique
3031 4417 3130 4472 per
3171 4400 3424 4473 Angliam
3479 4397 3722 4471 religiosi

408 4479 713 4549 splendere,
746 4490 798 4537 et
827 4485 1119 4553 quemdam
1150 4500 1380 4541 cuneum
1403 4486 1813 4543 candidatarum
1870 4503 2005 4556 per-
2037 4465 2090 4525 D
2121 4509 2185 4548 ex
2208 4465 2313 4547 hoc
2332 4465 2522 4547 incute
2559 4465 2834 4546 vulnerati
2866 4465 3007 4546 sunt.
3031 4465 3049 4472 ’
3069 4490 3228 4559 Quod
3258 4465 3611 4546 'scandalum—
3654 4502 3721 4544 eo

407 4581 661 4622 sonarum
701 4569 874 4640 ipsam
905 4571 1252 4642 antiphonam
1275 4574 1428 4630 daetis
1456 4576 1812 4631 concentibus
1850 4590 2006 4630 reso-

405 4670 556 4712 nare.
590 4657 707 4713 Alio
747 4659 876 4714 item
908 4668 1148 4731 tempore
1177 4663 1410 4733 praefata
1436 4672 1714 4733 pastorum
1771 4663 2011 4720 ecclesia:

410 4741 597 4798 limina
627 4745 793 4800 simili
838 4749 971 4802 hora
1029 4750 1140 4819 pari
1201 4760 1324 4807 voto
1382 4751 1675 4822 requirens.
1735 4751 1826 4806 ubi
1883 4751 2010 4807 inde

411 4831 682 4899 discessit,
715 4844 1077 4892 memoratam
1121 4840 1504 4895 sacratissima
1550 4839 1790 4909 Virginis
1835 4839 2012 4895 aedem

407 4935 599 4990 preces
627 4921 741 4978 illic
774 4924 887 4979 Deo
917 4925 1137 4982 fusurus
1182 4928 1333 4984 adire
1389 4929 1571 4998 coepit.
1633 4928 1775 4983 Ecce
1832 4936 2012 4982 autem

409 5008 525 5080 ipsa
556 5009 862 5068 beatissima
893 5014 1160 5086 virginum
1197 5017 1379 5088 Virgo,
1414 5015 1669 5070 comitata
1723 5031 2013 5070 numeroso

409 5098 680 5170 virginum
711 5102 896 5169 choro,
926 5104 1158 5159 venienti
1209 5105 1331 5158 viro
1387 5104 1635 5170 occurrit,
1691 5112 1743 5159 et
1797 5119 2012 5159 summo

407 5203 532 5245 cum
565 5190 770 5245 honore
803 5205 1116 5261 susceptum
1158 5192 1226 5246 ad
1258 5209 1412 5246 suam
1442 5193 1724 5248 ecclesiam
1753 5209 1858 5264 quo
1890 5202 2012 5248 ten-

405 5278 570 5336 debat
602 5278 802 5335 ducere
831 5281 1012 5349 coepit.
1045 5281 1472 5351 praecinentibus
1503 5281 1713 5336 duabus
1737 5283 1805 5336 de
1849 5283 2014 5337 choro

402 5368 604 5442 puellis
632 5368 763 5423 illud
783 5368 987 5423 Sedulii
1016 5383 1234 5424 carmen
1265 5369 1446 5441 itaque
1474 5370 1786 5426 dicentibus
1817 5388 1829 5423 :

478 5479 802 5541 Cantemus,
838 5475 1018 5539 socia,
1051 5476 1308 5543 Domino,
1367 5481 1664 5534 cantemus
1719 5476 2011 5539 honorem.

544 5563 736 5628 Dulcis
767 5579 926 5622 amor
969 5565 1182 5624 Christi
1201 5571 1464 5644 personet
1494 5582 1586 5628 ore
1613 5565 1725 5641 pio.

2118 4581 2489 4638 vehementius
2519 4579 2616 4634 fuit
2647 4595 2754 4650 quo
2809 4596 2910 4646 rex
2965 4578 3110 4634 idem
3162 4578 3458 4650 legitimam
3498 4591 3720 4633 uxorem

2119 4670 2358 4725 habebat
2386 4669 2667 4725 jEltledam
2698 4669 2980 4737 videlicet,
3011 4669 3336 4740 cognomine
3392 4666 3720 4731 Candidam,

2121 4758 2397 4815 Ordinaeri
2427 4759 2777 4831 prapotentis
2815 4757 3163 4813 orientalium
3218 4756 3514 4828 Anglorum
3571 4753 3724 4810 ducis

2120 4847 2307 4914 ﬁliam,
2358 4848 2425 4903 de
2482 4864 2590 4921 qua
2637 4855 2690 4902 et
2725 4856 2967 4902 sanctum
3016 4844 3379 4902 Eadwardum
3436 4852 3722 4917 genuerat.

2120 4937 2222 4994 Ubi
2254 4953 2385 4994 vero
2415 4954 2501 4992 res
2519 4939 2802 4993 Dunstano
2856 4935 3104 5004 innotuit,
3128 4943 3230 4991 etc.

2191 5027 2489 5100 (Sequitur
2518 5028 2583 5082 de
2612 5027 2965 5099 correptione
2997 5024 3279 5082 Παπειαηὶ
3299 5028 3358 5081 et
3379 5025 3726 5098 pauitantia

2124 5119 2307 5189 regis;
2331 5117 2398 5172 de
2420 5117 2615 5189 quibus
2640 5116 2760 5170 vide
2793 5115 3150 5173 Osbernumd

2195 5205 2342 5261 Ordo
2369 5205 2628 5260 clericalis
2653 5221 2718 5259 ea
2740 5213 3060 5275 tempestate
3089 5205 3386 5276 plurimum
3424 5211 3540 5261 erat
3595 5218 3722 5258 cor-

2122 5302 2328 5367 ruptus,
2361 5303 2409 5349 et
2440 5293 2684 5349 canonici
2716 5310 2837 5349 cum
2866 5293 3195 5365 presbyteris
3215 5292 3455 5364 plebium
3476 5291 3723 5363 valupta-

2123 5385 2273 5441 tibus
2303 5384 2476 5440 carnis
2499 5385 2622 5457 plus
2651 5399 2808 5456 aequo
2865 5383 3252 5439 inserviebam.
3309 5381 3470 5451 Quod
3524 5381 3728 5436 malum

2122 5476 2432 5531 Duustanus
2497 5473 2774 5546 corrigere
2855 5473 3079 5547 cupiens
3159 5473 3330 5528 fretus
3410 5470 3727 5528 auctoritate

2120 5563 2344 5624 Joannis
2395 5563 2708 5638 apostolicae
2755 5563 2898 5622 sedis
2967 5561 3239 5634 antistitis,
3324 5560 3471 5634 apud
3540 5573 3725 5634 regem
