3956 6084
371 265 475 322 799

1379 276 1696 335 EADMERI
1736 273 2298 333 CANTUARIENSIS
2335 271 2659 330 MONACHI

3575 275 3682 327 800

367 387 506 444 crari
547 388 799 461 deberet,
845 397 1083 455 nonnulli
1132 399 1198 456 de
1244 401 1580 473 principibus
1627 411 1780 458 terrae
1823 418 1960 458 con-
1993 401 2040 463 A
2075 399 2344 456 nonnullis
2386 399 2526 465 aliis,
2581 414 2704 471 qua:
2759 404 2972 455 constat
3025 412 3147 454 eum
3205 395 3472 453 veraciter
3525 412 3680 467 pras-

365 476 526 532 traire
555 495 622 535 ne
650 499 748 537 rex
777 483 926 541 fieret
955 487 1058 542 nisi
1087 494 1235 558 sunt,
1286 507 1409 546 cum
1457 493 1582 562 quia
1632 507 1845 546 morum
1891 491 1963 545 il-

368 564 471 620 lius
517 571 887 638 severitatem,
938 592 1043 646 qua
1094 578 1148 631 in
1197 595 1421 634 suorum
1467 597 1726 636 excessus
1773 582 1967 636 acriter

370 657 566 711 saavire
595 671 965 731 consueverat,
995 674 1301 736 suspectam
1348 669 1642 737 habebant,
1683 679 1795 724 tum
1843 670 1964 741 quia

365 751 585 798 matrem
616 748 750 816 ejus,
778 748 905 806 licet
936 752 1186 824 legaliter
1218 765 1461 826 nuptam,
1513 758 1568 811 in
1615 774 1844 830 regnum
1875 766 1964 813 ta-

369 845 489 884 men
521 848 629 888 non
659 839 834 908 magis
865 857 1027 909 quam
1059 852 1272 911 patrem
1305 848 1443 915 ejus,
1468 847 1594 900 dum
1624 863 1746 902 eum
1778 847 1966 919 genuit

365 930 630 976 sacratam
663 924 826 980 fuisse
856 929 1122 986 sciebant.
1158 933 1266 988 Sed
1298 935 1609 990 Dunstanus
1637 936 1962 992 discretione

365 1015 416 1060 et
466 1008 729 1067 industria
773 1015 1005 1071 confisus
1050 1020 1432 1091 adolescentis,
1467 1040 1632 1078 unum
1681 1040 1789 1079 non
1835 1041 1958 1080 me-

352 1101 545 1162 tuens,
593 1107 645 1154 et
688 1102 980 1160 observato
1029 1118 1275 1176 paternae
1321 1111 1652 1167 haereditatis
1699 1122 1756 1166 et
1802 1120 1958 1168 testa-

360 1186 666 1254 mentijure
696 1191 845 1245 aliud
874 1203 1248 1266 contemnens,
1283 1209 1498 1269 arrepto
1538 1210 1741 1257 sancta:
1781 1203 1958 1257 crucis

359 1274 558 1362 vexillo
589 1277 799 1334 medius
827 1284 1085 1348 constitit,
1111 1291 1162 1339 et
1195 1303 1290 1357 per
1313 1289 1575 1344 rationem
1599 1291 1805 1344 cunctis
1836 1308 1957 1362 quas

361 1361 763 1429 objiciebantur
801 1370 971 1438 elisis,
1001 1374 1328 1430 Edwardum
1358 1393 1545 1450 regem
1577 1361 1869 1446 constituit,
1902 1388 1956 1436 et

363 1451 652 1508 constituto
685 1463 968 1525 paternum
1001 1461 1270 1531 affectum,
1299 1467 1586 1521 consilium
1612 1475 1666 1522 et
1695 1469 1955 1522 auxilium

361 1537 418 1590 in
449 1543 600 1594 omni
631 1546 870 1615 negotio,
903 1549 1031 1603 dum
1064 1551 1218 1618 vixit,
1253 1555 1513 1610 exhibere
1559 1557 1789 1612 curavit.
1842 1558 1956 1612 Rex

365 1643 582 1699 quoque
626 1632 702 1686 ita
747 1649 926 1690 mores
954 1654 1079 1693 suos
1125 1641 1178 1694 in
1226 1644 1478 1698 omnibus
1525 1653 1578 1700 et
1623 1662 1730 1715 per
1772 1648 1957 1701 omnia

362 1720 744 1814 componebat,
769 1722 838 1777 ita
870 1733 1035 1781 totum
1060 1745 1286 1800 regnum
1309 1735 1516 1788 sanctis
1544 1735 1752 1806 legibus
1777 1736 1956 1806 dispo-
1985 1757 2038 1814 Β

365 1804 527 1858 nebat
559 1815 615 1861 ut
641 1817 692 1862 et
721 1819 872 1867 actus
903 1817 1020 1884 ejus
1050 1819 1168 1873 Deo
1196 1821 1489 1889 placerent,
1524 1804 1694 1890 et,—eo
1728 1804 1875 1894 quod
1903 1826 1959 1879 in

363 1895 710 1984 suscipiendo
749 1916 918 1972 regno
947 1905 996 1958 ei
1026 1909 1479 1980 contradixerant,
1513 1913 1710 1984 quique
1740 1915 1959 1968 sibimet

365 1981 890 2074 ipsis—displicerent.
934 1994 1042 2048 Sed
1091 1996 1186 2051 ilio
1236 2008 1355 2068 post
1399 1981 1820 2069 aliquot—annos
1866 2020 1961 2074 per

365 2070 603 2166 fraudem
650 2091 901 2135 novercae
950 2099 1064 2139 suae
1111 2085 1416 2154 interfecto,
1454 2092 1792 2147 Ethelredus
1819 2070 1960 2146 filius

365 2159 534 2227 ipsius
591 2166 750 2220 malae
808 2169 1046 2226 mulieris
1104 2174 1159 2228 in
1217 2193 1447 2246 regnum
1497 2181 1813 2235 substitutus
1857 2190 1954 2246 est,

367 2249 553 2338 matris
604 2251 903 2323 ignominia
960 2261 1138 2332 magis
1192 2280 1352 2333 quam
1391 2267 1595 2338 Edgari
1657 2271 1826 2338 patris
1879 2270 1956 2322 sui

367 2337 593 2428 solertia
624 2345 901 2411 praeditus.
937 2350 1105 2415 Cujus
1135 2355 1411 2421 provectio
1441 2337 1546 2411 non
1577 2374 1960 2428 usquequaque

363 2427 502 2517 sedit
549 2430 848 2489 Dunstano.
894 2437 1021 2492 Ideo
1070 2448 1248 2495 tamen
1291 2445 1441 2514 quod
1491 2427 1766 2516 proximus
1805 2449 1959 2517 regni

363 2514 536 2605 haeres
561 2520 849 2591 existebat,
881 2528 1172 2597 complent
1204 2531 1250 2585 ei
1276 2533 1372 2601 jus
1403 2514 1635 2605 regium,
1669 2537 1851 2590 sciens
1867 2514 1960 2591 ἐξ

363 2603 642 2661 inoﬂ'ensis
680 2610 893 2681 legibus
931 2620 1095 2671 terrae
1133 2627 1292 2688 atque
1341 2603 1682 2691 principibus
1739 2625 1792 2678 id
1847 2640 1958 2679 non

363 2707 529 2759 posse
557 2698 847 2755 transferre
895 2701 948 2756 in
999 2720 1324 2775 quemquam
1372 2710 1562 2764 alium.
1610 2715 1855 2767 Attamen
1887 2714 1958 2766 il-

365 2778 474 2833 lum
508 2783 648 2837 solio
679 2787 844 2856 regali
894 2792 1120 2858 potitum
1169 2811 1358 2850 severo
1408 2799 1644 2868 quodam
1675 2801 1960 2856 verborum

364 2868 619 2939 tonitruo,
654 2875 779 2943 quia
818 2893 916 2944 per
945 2881 1264 2951 sanguinem
1315 2885 1492 2939 fratris
1540 2903 1764 2958 regnum
1814 2889 1960 2943 obti-

364 2966 571 3025 nuerat,
604 2960 937 3035 increpavit;
990 2979 1042 3022 et
1088 2973 1234 3040 quod
1282 2973 1333 3026 in
1385 2976 1652 3047 sanguine
1698 2978 1956 3046 victurus,

358 3060 422 3097 ac
450 3050 661 3116 posteri
692 3050 838 3106 illius
868 3057 1069 3112 crudeli
1117 3059 1472 3116 barbarorum
1522 3065 1734 3120 incursu
1784 3068 1957 3122 deva-

357 3136 557 3204 standi,
592 3146 703 3194 tota
749 3143 907 3198 etiam
953 3150 1101 3202 terra
1147 3166 1241 3217 per
1288 3151 1520 3220 plurima
1561 3155 1756 3209 smonla
1805 3173 1950 3212 saevo

356 3222 568 3279 illorum
598 3227 878 3287 dominatu
915 3235 1048 3290 foret
1079 3237 1483 3308 depopulanda,
1516 3243 1785 3311 pmdixit.
1819 3244 1951 3312 Quae

353 3311 478 3368 licet
521 3332 581 3370 se
628 3319 840 3376 vivente
887 3333 1144 3380 eventura
1191 3329 1428 3399 negarit,
1458 3339 1720 3386 eventura
1770 3311 1952 3388 tamen

353 3403 666 3462 omnimodo
714 3425 836 3464 esse
883 3413 1046 3467 nimis
1094 3418 1299 3484 veraci,
1329 3422 1387 3470 ut
1415 3418 1469 3472 in
1495 3420 1775 3475 Chronicis
1806 3423 1949 3492 legi-

355 3507 475 3545 mus
507 3503 556 3548 et
587 3496 748 3551 hodie
785 3500 1051 3568 videmus,
1104 3507 1388 3574 prophetia
1433 3510 1679 3564 asseruit.
1723 3511 1950 3567 Accele-

353 3579 508 3646 rabit,
542 3598 664 3637 cum
714 3587 816 3640 sibi
867 3589 1148 3658 placuerit,
1182 3595 1530 3663 omnipotens
1574 3599 1739 3663 Deus,
1786 3615 1951 3669 quam

354 3669 759 3726 subsecuturam
791 3677 1040 3742 promisit
1083 3679 1454 3737 liberationem
1503 3701 1602 3754 per
1642 3688 1770 3741 tanti
1819 3689 1953 3744 vatis

353 3756 433 3846 sui
460 3758 648 3813 merita
679 3769 731 3814 et
755 3761 1220 3821 intercessionem.
1265 3770 1329 3823 Et
1367 3772 1585 3842 quidem
1634 3775 1782 3830 illum
1835 3778 1950 3846 spi-

353 3843 457 3897 ritu
487 3847 792 3917 propbetiae
836 3851 1095 3909 claruisse
1126 3872 1233 3911 non
1263 3866 1467 3914 tantum
1502 3862 1645 3929 hinc,
1677 3865 1771 3919 sed
1804 3843 1952 3920 etex

381 3977 446 3985 οη.

447 3979 704 3990 —-—————_

1687 4001 1692 4004 .
1705 4001 1870 4005 -γγκ-
1891 4001 2046 4007 __.—___
2071 4003 2336 4010 _—_~-..—
2351 4005 2466 4011 φ...-

2072 490 2295 556 dixisse,
2327 489 2729 555 conﬁrmamus,
2762 495 2815 544 et
2842 487 2897 540 id
2937 486 3186 555 subjecto
3235 484 3493 557 exemplo
3540 501 3675 556 pro-

2072 578 2287 632 bamus.

2145 666 2422 738 Sequitur
2438 666 2735 738 prophetia
2753 665 3042 738 Dunstani
3056 665 3123 738 de
3142 667 3321 719 morte
3346 662 3679 738 Ethelwaldi

2084 734 2502 808 lVintbnwnsis,
2542 734 2609 792 ἐι
2659 736 2942 806 lio/femi:
2985 737 3406 808 episcoporum;
3451 734 3517 789 de
3565 749 3676 803 qua

2072 809 2300 864 consule
2331 807 2656 863 Osbernum.

2142 908 2225 962 Ex
2273 907 2598 963 Atbelwoldi
2646 907 2800 963 obitu
2847 908 3036 980 gravis
3082 923 3286 962 IIILBI‘OI'
3331 908 3672 962 Dunstanum

2069 996 2344 1067 corripuit,
2378 1012 2500 1052 cum
2532 997 2660 1068 quia
2686 998 2815 1050 tanti
2847 997 2950 1052 viri
2979 997 3176 1069 ingens
3222 995 3475 1050 solatium
3521 997 3670 1049 ami-

2067 1092 2230 1152 serat,
2255 1094 2364 1138 tum
2397 1085 2524 1156 quia
2551 1085 2634 1140 cui
2663 1087 3010 1156 potissimum
3034 1094 3232 1141 teneras
3263 1085 3442 1141 adhuc
3469 1092 3668 1138 statum

2066 1173 2328 1230 Ecclesiae
2359 1175 2658 1245 regendum
2703 1175 3063 1230 committeret
3106 1175 3302 1229 dubius
3349 1173 3664 1228 tluctuabat.

2066 1261 2214 1330 Quos
2259 1263 2450 1317 fluctus
2499 1264 2822 1335 ingerebant
2851 1264 3032 1318 animo
3076 1265 3192 1333 ejus
3239 1264 3369 1318 hinc
3416 1262 3667 1318 monachi

2065 1367 2226 1420 super
2254 1351 2568 1418 intromissi,
2603 1353 2728 1407 hinc
2771 1352 2953 1408 clerici
2984 1353 3054 1408 ab
3083 1352 3320 1408 ecclesia
3350 1351 3445 1405 illa
3475 1350 3659 1420 ejecti.

2067 1440 2310 1494 Monachi
2343 1440 2545 1510 quippe
2575 1457 2683 1496 suae
2708 1441 3060 1512 professionis
3088 1441 3263 1495 virum
3309 1440 3515 1494 habere
3551 1438 3667 1508 epi-

2065 1543 2286 1598 scopum
2317 1529 2706 1598 przeoptabant.
2750 1529 2948 1585 Clerici
2979 1545 3108 1585 vero
3138 1529 3220 1583 sui
3249 1528 3458 1583 ordinis
3484 1527 3668 1582 homi-

2066 1632 2190 1670 nem
2224 1616 2327 1670 sibi
2353 1618 2553 1688 praeiici
2583 1619 2986 1674 desiderabant.
3029 1619 3110 1673 Illi
3144 1616 3399 1672 videlicet
3428 1632 3525 1687 per
3554 1632 3664 1671 mo-

2067 1707 2300 1760 nachum
2334 1707 2387 1760 in
2418 1707 2650 1762 ecclesia
2689 1708 2794 1761 sibi
2833 1709 3029 1763 collata
3083 1707 3362 1778 cupientes
3408 1706 3659 1767 solidari;

2068 1793 2151 1847 isti
2181 1811 2277 1866 per
2305 1796 2560 1850 clericum
2592 1797 2838 1852 ecclesia“:
2869 1796 2974 1850 sibi
3002 1797 3198 1851 ablatae
3246 1803 3536 1867 sperantes
3573 1811 3664 1849 re-

2069 1883 2308 1937 formari.
2370 1886 2476 1939 Sed
2526 1888 2641 1940 haec
2685 1885 2978 1954 providens
3023 1884 3292 1955 sapientia
3341 1891 3392 1938 et
3451 1883 3665 1954 sapiens

2067 1973 2406 2041 providentia
2435 1974 2536 2028 Dei
2566 1973 2722 2028 citius
2755 1974 3152 2028 determinavit.
3190 1974 3330 2028 Nam
3379 1989 3479 2043 per
3525 1973 3663 2027 bea-

2067 2069 2176 2114 tum
2211 2063 2502 2116 Andr-mam
2535 2065 2861 2132 apostolum,
2910 2063 2992 2117 cui
3043 2062 3267 2133 speciali
3313 2062 3548 2131 quodam
3579 2061 3666 2114 di-

2069 2149 2311 2204 lectionis
2341 2149 2535 2206 affectu
2565 2153 2897 2206 Dunstanum
2929 2153 3208 2206 adhaerere
3253 2151 3397 2205 Deus
3438 2165 3666 2204 conces-

2069 2247 2231 2306 scrut,
2275 2239 2554 2294 Dunstano
2605 2240 2881 2294 mandavit
2925 2248 3186 2310 quatenus
3229 2239 3365 2292 nihil
3416 2239 3668 2293 haesitans

2068 2329 2336 2399 zlﬁlfegum
2369 2329 2622 2383 abbatem
2655 2329 3068 2384 Bathoniensem
3102 2329 3463 2383 constitueret
3489 2329 3668 2382 Wen-

2070 2425 2212 2470 tanae
2268 2416 2527 2472 Ecclesiae
2583 2435 2851 2472 summum
2909 2418 3266 2472 sacerdotem.
3309 2418 3543 2471 Laetatus
3585 2421 3673 2470 est

2067 2506 2377 2559 Dunstanus
2407 2507 2459 2559 in
2486 2505 2622 2574 istis,
2656 2515 2708 2561 et
2737 2508 2946 2561 reddita
2974 2508 3089 2561 Deo
3126 2506 3426 2578 gratiarum
3458 2505 3671 2560 actione

2066 2609 2166 2662 pro
2196 2593 2477 2649 beneficiis
2508 2595 2638 2663 suis,
2672 2594 2726 2649 in
2754 2596 2965 2667 Elfego
3009 2595 3237 2665 perfecit
3285 2592 3432 2664 quod
3481 2592 3530 2648 ei
3573 2608 3672 2664 per

2067 2685 2374 2751 apostolum
2409 2698 2571 2737 suum
2603 2684 2749 2738 Deus
2779 2683 2897 2753 ipse
2921 2683 3206 2754 praecepit.

2141 2770 2305 2825 Multa
2352 2771 2418 2826 de
2466 2773 2570 2826 hoc
2615 2773 2751 2836 viro,
2801 2771 2959 2841 juxta
3015 2773 3162 2844 quod
3219 2772 3509 2827 multorum
3559 2785 3671 2825 non

2068 2860 2375 2927 spernenda
2414 2860 2720 2916 testimonia
2754 2860 2958 2926 ferunt,
2991 2861 3166 2915 adhuc
3207 2860 3508 2915 litterarum
3556 2875 3669 2914 me-

2067 2947 2251 3002 moriae
2285 2948 2469 3003 veraci
2517 2947 2655 3019 stylo
2701 2949 3083 3004 commendare
3116 2964 3425 3019 possemus.
3468 2948 3670 3002 Verum

2066 3051 2134 3090 ne
2164 3035 2379 3091 incultae
2407 3037 2734 3091 narrationis
2764 3038 3076 3107 prolixitate
3115 3036 3412 3108 quemlibet
3456 3051 3669 3108 grave-

1987 3109 2036 3172 C
2068 3140 2202 3192 mus,
2250 3126 2628 3196 praetermissis
2684 3126 2794 3180 illis
2851 3127 2920 3182 ad
2976 3141 3188 3181 sacrum
3231 3125 3509 3180 transitum
3555 3125 3671 3193 ejus

2060 3215 2424 3269 enarrandum
2456 3231 2548 3271 cor
2577 3224 2629 3270 et
2660 3216 2898 3287 linguam
2927 3231 3310 3286 praeparemus.
3337 3213 3495 3284 Quod
3525 3230 3667 3284 prte-

2061 3319 2255 3374 parare
2285 3305 2412 3375 quia
2439 3312 2635 3360 nostrae
2667 3306 2786 3375 Opis
2814 3321 2920 3360 non
2951 3312 3050 3373 est,
3083 3319 3304 3359 oremus
3335 3311 3390 3358 ut
3421 3305 3562 3374 ipso,
3597 3303 3668 3359 de

2063 3409 2170 3464 quo
2203 3394 2436 3466 agimus,
2469 3395 2859 3451 interveniente
2903 3394 3221 3465 perﬁciatur
3266 3393 3335 3448 ab
3378 3408 3466 3462 eo,
3516 3392 3668 3462 cujus

2064 3486 2162 3538 hoc
2194 3484 2396 3538 donum
2427 3492 2481 3539 et
2509 3485 2740 3556 gratiam
2771 3485 2967 3541 scimus
2996 3500 3137 3539 esse.

2132 3581 2413 3654 \Succedit
2439 3584 2697 3638 narratio
2735 3582 2802 3637 de
2832 3583 3124 3638 Dunstani
3160 3582 3420 3654 οἰήιαιί
3457 3585 3665 3654 sepul-

2063 3657 2213 3717 tura,
2247 3653 2490 3709 Osberno
2531 3655 2703 3723 plane
2747 3669 3016 3714 consona.
3048 3654 3166 3708 nisi
3195 3653 3343 3723 quod
3378 3653 3661 3710 Osbernus

2057 3740 2258 3796 corpus
2305 3725 2424 3784 eius
2476 3723 2542 3778 de
2592 3727 2744 3778 terra
2801 3726 3143 3796 miraoutose
3201 3723 3452 3779 levatum
3507 3727 3662 3796 feria

2058 3795 2482 3866 quinta/uisse
2523 3795 2767 3854 scribat;
2821 3793 2968 3865 quod
2999 3796 3307 3851 Eadmerus
3356 3793 3515 3865 ipso,
3546 3813 3654 3866 quo

2058 3866 2215 3928 obiit,
2251 3865 2494 3920 Sabhato
2523 3866 2822 3936 contigisse
2848 3867 3055 3937 ponit.)

2491 3998 2686 4012 ,._.———.

953 4115 1418 4256 VITA
1528 4121 1742 4260 SA
1764 4121 2203 4264 NCT]
2310 4124 3028 4269 ODONIS

1403 4340 1982 4398 CANTUARIENSIS
2019 4343 2567 4401 ARCHIEPISCOPI.

764 4487 969 4547 (Exstat
997 4489 1096 4543 sub
1127 4487 1356 4545 Osberni
1388 4493 1608 4548 nomine
1637 4493 1986 4566 Patrologiaa,
2020 4503 2148 4551 tom.
2185 4497 2486 4564 CXXXIII,
2518 4499 2624 4553 col.
2658 4499 2782 4567 931,
2816 4500 2870 4554 in
2901 4501 2957 4556 S.
2991 4500 3228 4570 Odone.)

339 4668 1927 4696 —_______________

666 4806 1225 4912 EADMERI
1306 4814 1931 4920 EPISTOLA
2006 4818 2184 4919 AD
2245 4819 3287 4926 GLASTONIENSES

333 4994 466 5066 Quo
526 5001 805 5073 tempore
844 4997 1321 5064 Glastonienses
1376 5006 1742 5068 asserebant
1800 5027 1869 5070 se
1925 5029 2154 5089 corpus
2211 5015 2454 5090 patroni
2514 5014 2715 5076 nostri
2772 5013 2978 5077 sancti
3008 5014 3314 5076 Dunstani
3361 5013 3626 5076 habere.

1865 5205 2110 5214 *ρο-ς...

2113 5207 2216 5216 ‘—

398 5316 646 5372 Glorioso
690 5320 980 5374 conventui
1021 5324 1407 5379 monachorum
1438 5327 1670 5382 ccenobii
1703 5328 1920 5386 Glasto-
1953 5330 2004 5390 D
2035 5333 2305 5403 fratribus,
2340 5335 2559 5392 ﬁdelem
2590 5335 2884 5392 amicitiam
2934 5344 2987 5393 et
3031 5337 3407 5394 charitativum
3451 5341 3630 5396 servi—

332 5404 556 5471 niensis,
592 5406 758 5461 frater
771 5407 1094 5476 Esnmnaus,
1119 5426 1256 5465 unus
1276 5429 1340 5467 ex
1364 5413 1656 5472 minoribus
1685 5418 1924 5475 bonitate

322 5499 374 5543 et
419 5492 664 5563 scientia,
713 5495 975 5553 Ecclesiae
1025 5498 1218 5554 Christi
1262 5500 1659 5561 Cantuariensis
1700 5506 1822 5565 ﬁliis
1869 5523 1922 5573 et

2032 5422 2162 5478 tium
2193 5423 2245 5479 in
2277 5425 2484 5482 Christo
2514 5426 2644 5482 Jesu
2676 5426 2911 5483 Domino
2941 5430 3147 5483 nostro.

2099 5513 2374 5573 Recordor
2417 5531 2504 5570 me
2543 5515 2661 5585 jam
2710 5515 2839 5571 olim
2885 5517 3116 5591 quadam
3148 5517 3267 5574 vice
3298 5518 3365 5574 ad
3398 5535 3496 5574 vos
3525 5536 3632 5576 ve-
