4032 6078
346 292 445 359 soi
1427 305 1642 361 msr.
1676 305 1769 360 AD
1802 280 2405 365 GLASTONIENSES.
2577 272 2581 276 ’
3534 311 3641 384 sos

330 430 566 486 nientem
593 445 800 504 magno
829 432 1036 503 gaudio
1064 439 1118 487 et
1146 434 1350 487 honore
1378 435 1710 501 susceptum,
1733 439 1785 486 et
1803 446 1926 485 cum
1955 431 2014 491 Α
2053 433 2342 504 Augustini
2371 433 2684 507 Scotlando,
2718 440 3013 511 Gundulfo,
3035 455 3154 515 post
3209 448 3354 505 facto
3411 451 3633 509 Rofensi

327 522 541 592 majore
572 520 813 591 tripudio
841 529 895 576 et
923 520 1300 603 exsultatione,
1324 520 1500 574 donec
1513 519 1640 573 mihi
1657 519 1799 575 velle
1813 520 1918 575 fuit
2026 520 2305 612 episcopo,
2336 539 2459 578 cum
2490 532 2600 581 toto
2626 531 3015 585 monachorum
3071 535 3291 604 agmine
3345 539 3624 612 utriusque

326 610 616 666 vobiscum
646 609 912 678 morandi,
954 609 1195 664 habitum
1223 623 1286 663 ac
1312 608 1608 665 detentum.
1651 609 1804 664 Unde
1833 624 1924 664 vo-
2029 609 2303 676 Ecclesia),
2338 622 2535 669 nostrae
2565 616 2771 672 scilicet
2826 635 2948 689 quae
2984 628 3065 675 est
3122 623 3320 680 Christi
3375 608 3619 686 Cantua-

326 699 412 755 bis
450 699 731 769 hucusque
761 698 1036 770 gratiosus
1063 697 1258 765 existo,
1308 705 1362 752 et
1417 697 1596 752 minus
1651 697 1920 767 gratiosus
2027 696 2236 766 riensis,
2273 708 2326 755 et
2361 702 2556 759 vicinae
2578 704 2734 759 nobis
2771 706 3052 764 beatorum
3074 715 3447 781 apostolorum
3488 721 3628 776 Petri

324 803 418 844 cro
448 788 577 842 dum
608 787 662 842 in
702 787 812 841 vita
842 787 1101 857 praesenti
1132 786 1389 842 subsisto.
1421 787 1556 841 Dum
1587 786 1753 858 igitur
1802 786 1921 841 talis
2028 792 2081 840 et
2121 786 2291 855 Pauli,
2338 805 2460 858 quae
2490 792 2703 847 usitatio
2744 796 2961 852 nomine
3000 800 3102 855 hoc
3138 809 3384 873 tempore
3431 807 3629 864 dicitur

325 877 426 932 sim
456 885 507 933 et
536 876 604 930 de
628 876 750 945 jure
779 890 895 930 esse
923 876 1154 932 debeam
1186 890 1321 946 ergo.
1351 890 1471 944 vos,
1531 875 1666 930 nulli
1711 875 1917 929 miran-
2027 873 2173 928 beati
2207 877 2518 948 Augustini,
2557 882 2863 939 conﬂuente
2916 886 2984 941 ad
3024 887 3128 944 hoc
3167 890 3450 949 innumera
3486 899 3630 955 viro-

326 965 454 1021 dum
482 965 751 1034 existimo,
782 964 825 1020 si
851 972 1090 1020 vestrum
1121 966 1383 1020 honorem
1406 963 1596 1036 diligo,
1612 963 1658 1018 si
1674 979 1740 1018 ea
1796 980 1918 1034 quas

2035 978 2147 1017 rum
2191 979 2258 1019 ac
2310 964 2599 1023 mulierum
2654 971 3016 1041 multitudine,
3070 980 3159 1047 qui
3211 996 3412 1039 omnes
3474 985 3627 1042 illum

326 1055 484 1111 vobis
512 1053 820 1109 conducunt
849 1052 1117 1124 approbo,
1140 1052 1183 1106 si
1213 1052 1449 1124 denique
1472 1066 1536 1106 ea
1588 1067 1707 1120 qum
1760 1052 1921 1107 vobis
2030 1051 2305 1107 caelestem
2395 1056 2706 1112 thesaurum
2772 1075 2895 1116 cum
2980 1063 3185 1137 ingenti
3258 1072 3627 1133 modulamine

327 1143 678 1216 opprobrium
707 1150 974 1214 generant
1001 1142 1241 1197 detestor
1258 1140 1608 1212 etimprobo.
1634 1141 1751 1196 Nec
1778 1141 1921 1196 enim
2029 1142 2179 1196 vocis
2199 1142 2450 1212 acjubilo
2478 1146 2659 1201 cordis
2679 1165 2848 1221 usque
2867 1151 3137 1209 adlocum
3175 1174 3282 1227 quo
3320 1164 3629 1222 reconden-

326 1233 488 1288 aliter
516 1231 658 1287 ﬁdus
680 1235 886 1286 amicus
914 1245 1110 1297 essem,
1157 1246 1256 1285 nec
1312 1229 1566 1285 fraternae
1615 1229 1923 1285 dilectionis
2029 1227 2132 1283 dus
2153 1238 2267 1284 erat
2286 1235 2555 1301 prosecuti
2590 1243 2732 1304 sunt,
2757 1245 2810 1291 et
2828 1238 2975 1294 diem
3020 1240 3169 1297 illum
3215 1245 3420 1303 divinis
3454 1252 3622 1307 mira-

326 1321 507 1393 legem
536 1334 759 1376 servare
787 1319 895 1375 dici
939 1318 1212 1375 veraciter
1268 1333 1505 1389 possem.
1554 1316 1713 1387 Quod
1761 1334 1919 1389 quam
2030 1318 2167 1409 culis
2187 1318 2514 1409 illustratum
2554 1321 2735 1377 laetum
2758 1332 2919 1396 atque
2939 1328 3241 1387 solemnem
3276 1351 3622 1409 peregerunt.

324 1426 493 1483 grave
523 1409 699 1464 videri
728 1408 927 1464 debeat
947 1407 1257 1463 Christiano
1274 1408 1345 1461 ad
1375 1424 1605 1479 regnum
1648 1407 1746 1463 Dei
1795 1423 1923 1499 pet'f
2029 1408 2317 1499 δυηοχθθ)
2341 1408 2522 1465 autem
2539 1409 2750 1466 είῖῙυΧίε
2772 1414 3165 1488 (ιυίηαυαείηια
3183 1426 3362 1490 annis,
3404 1407 3475 1481 ἐκ
3514 1445 3621 1499 (Ιυο

323 1501 509 1556 venire
536 1498 761 1565 volenti,
794 1498 1024 1552 advertit
1073 1495 1163 1567 qui
1220 1495 1384 1551 beato
1441 1496 1693 1566 apostolo
1749 1495 1925 1551 credit
2030 1494 2165 1551 illud
2184 1496 2384 1553 factum
2429 1507 2533 1567 est,
2573 1499 2793 1569 quidam
2832 1509 3008 1560 tamen
3050 1522 3114 1561 ex
3151 1511 3344 1566 vestris
3382 1494 3630 1573 surrexe-

326 1589 548 1655 dicenti,
579 1587 857 1644 hominem
883 1602 990 1642 non
1017 1594 1291 1640 amantem
1342 1585 1566 1641 fratrem
1597 1599 1756 1639 suum
1812 1586 1916 1640 ho-
2033 1593 2172 1650 runt,
2218 1594 2271 1640 et
2308 1587 2400 1640 ubi
2438 1587 2517 1641 eis
2547 1587 2679 1642 libet
2711 1590 3027 1662 praedicant,
3076 1596 3192 1663 jam
3237 1607 3362 1655 ante
3410 1613 3625 1661 centum

327 1677 584 1733 micidam
615 1692 733 1732 esse
760 1674 811 1745 (ι
836 1676 1003 1731 Joan.
1034 1688 1117 1742 in,
1147 1676 1260 1744 15),
1291 1681 1345 1729 et
1373 1673 1642 1743 ejusmodi
1673 1673 1727 1727 in
1751 1688 1925 1745 regno
2033 1688 2206 1730 annos
2246 1675 2495 1731 ecclesia
2532 1685 2727 1733 vestrae
2780 1682 3077 1737 monachos
3135 1686 3382 1746 ecclesia
3433 1703 3631 1751 nostraa

324 1767 523 1822 Christi
545 1774 598 1821 et
634 1765 730 1821 Dei
762 1764 1135 1820 liaereditatem
1166 1779 1275 1818 non
1305 1762 1743 1835 habere(Ephes.
1775 1779 1826 1827 ν,
1845 1764 1929 1831 ὅ),
1966 1780 2018 1841 Β
2043 1764 2296 1821 custodes
2322 1765 2626 1836 deputatas,
2645 1782 2768 1838 qum
2787 1769 2859 1822 ob
2898 1774 3217 1842 martyrium
3252 1776 3477 1846 gloriosi
3525 1785 3630 1840 Pa-

327 1856 435 1911 Cur
460 1855 579 1910 haec
598 1852 1016 1925 praelibaverim,
1050 1852 1304 1922 accipite.
1335 1849 1573 1918 Quidam
1613 1867 1681 1905 ex
1736 1852 1928 1906 vestris
2037 1855 2133 1913 tris
2152 1855 2318 1911 nostri
2341 1854 2569 1926 Elphegi
2586 1856 2641 1910 in
2663 1871 2937 1928 magnam,
2964 1867 3025 1914 ut
3046 1862 3213 1930 aiunt,
3236 1865 3629 1929 desolationem

329 1944 562 2012 naviter,
595 1950 653 1997 ιιι
679 1949 950 2011 putamus,
982 1941 1124 1995 inter
1166 1955 1264 1996 vos
1321 1940 1571 1996 conversi
1628 1939 1929 2009 praedicant
2035 1951 2276 2009 venerat,
2333 1952 2387 1999 et
2442 1942 2516 1997 ibi
2582 1944 2725 2014 quod
2796 1947 3255 2015 pretiosissimum.
3323 1957 3627 2018 habebatur

328 2028 577 2100 antiquos
606 2027 792 2082 Patres
819 2034 1027 2081 vestros
1058 2024 1204 2079 fures
1234 2023 1401 2079 fuisse
1428 2031 1480 2079 et
1532 2024 1790 2090 latrones,
1850 2031 1922 2093 et,
2035 2032 2377 2089 fraudulenta
2396 2031 2691 2089 calliditate
2719 2032 2863 2091 furto
2910 2038 3273 2110 subripuisse.
3317 2044 3413 2103 Vae
3445 2049 3625 2105 homi-

278 2172 283 2179 ,
328 2116 472 2189 quod
508 2115 736 2187 nequius
760 2123 859 2183 est,
889 2114 1053 2169 etiam
1078 2112 1433 2185 sacrilegios;
1492 2110 1657 2183 idque
1710 2111 1922 2166 illorum
2035 2138 2132 2177 nes
2159 2121 2412 2178 omnibus
2456 2120 2765 2177 hominibus
2806 2127 3132 2195 nequiores!
3165 2131 3424 2190 Ecclesia
3469 2139 3627 2194 totius

332 2204 667 2277 pmdicandi
697 2203 844 2258 laudi
874 2202 1166 2269 ascribunt,
1189 2202 1337 2272 quod
1368 2201 1504 2256 tales
1534 2200 1771 2265 fuerunt,
1805 2199 1923 2255 for-
2034 2209 2340 2265 Britanniae
2387 2209 2579 2265 insulse
2613 2221 2785 2268 mater
2828 2214 2884 2268 in
2928 2215 3205 2275 occisione
3234 2222 3315 2276 sui
3348 2224 3518 2282 Patris
3565 2245 3629 2284 ac

325 2295 487 2352 tassis
514 2301 568 2349 et
588 2293 779 2348 eadam
808 2291 1084 2347 voluntate
1112 2290 1360 2357 debriati,
1413 2305 1520 2345 non
1574 2288 1924 2359 perpenden-
2030 2296 2265 2354 ﬁliorum
2295 2296 2492 2354 aﬁlicta
2522 2300 2767 2373 confugit
2796 2302 2865 2356 ad
2896 2301 3059 2359 ﬁliam
3091 2321 3247 2363 suam
3278 2312 3436 2369 unice
3472 2316 3539 2370 ab
3565 2334 3629 2373 ea

325 2386 413 2440 tes'
434 2383 577 2455 quod
603 2382 786 2437 divina
816 2381 1019 2436 intonat
1049 2379 1267 2451 pagina,
1302 2377 1461 2473 fures
1487 2378 1691 2473 scilicet
1740 2385 1793 2433 et
1816 2378 1924 2473 la-
2032 2387 2308 2453 dilectam,
2340 2396 2393 2442 et
2421 2387 2542 2458 ipsa
2569 2404 2647 2455 re,
2681 2391 2825 2459 quod
2856 2393 3008 2461 quasi
3048 2394 3253 2451 factum
3282 2401 3348 2455 sit
3379 2403 3449 2458 ad
3480 2419 3628 2473 pras-

325 2473 503 2528 ῐίοηθε
523 2486 753 2543 regnum
776 2469 874 2565 123i
906 2484 1014 2565 ξιοη
1041 2482 1391 2565 Ιξοεδθεξυτοδ
1413 2468 1461 2565 (ξ
1515 2466 1637 2521 σὺν·
1682 2470 1918 2565 νῖν-1(ξ)-
2030 2491 2156 2531 sens
2191 2476 2511 2565 accipiatur,
2546 2477 2721 2548 magis
2765 2478 2819 2532 in
2866 2484 3201 2549 protectione
3230 2486 3376 2543 illius
3406 2466 3627 2565 conﬁsa,

327 2563 506 2632 Super
533 2563 676 2626 haec,
700 2568 759 2615 ut
787 2557 995 2612 ﬁrmius
1025 2558 1105 2611 eis
1134 2557 1386 2648 credatur
1439 2555 1514 2610 ita
1554 2569 1711 2648 esse,
1747 2554 1923 2648 ‘Judae
2028 2573 2087 2619 ut
2115 2580 2175 2619 se
2205 2572 2253 2619 et
2285 2564 2540 2634 reliquias
2569 2582 2699 2621 suas
2728 2578 2986 2624 servaret.
3045 2573 3111 2628 Et
3157 2575 3275 2644 ipsa
3322 2579 3481 2648 (sicut
3527 2554 3627 2639 vos,

325 2650 567 2706 traditori
599 2665 694 2704 eos
726 2647 934 2702 similes
963 2645 1131 2700 fuisse
1153 2642 1443 2741 aﬂirmant,
1476 2643 1568 2713 qui
1619 2643 1921 2741 loculorum
2034 2652 2374 2724 pradicatis)
2423 2653 2675 2710 meliores
2724 2654 2957 2712 ﬁliorum
3006 2642 3221 2717 suorum
3270 2642 3431 2720 ei‘ad
3478 2673 3626 2741 quod

326 2738 545 2795 Domini
566 2745 743 2793 custos
772 2752 834 2792 ea
865 2751 986 2805 quae
1030 2735 1300 2789 custodire
1348 2732 1570 2789 deberet
1621 2731 1923 2786 sceleratis‘
2028 2740 2351 2810 petebantur
2371 2741 2684 2813 destinavit,
2708 2750 2765 2800 et
2793 2746 2896 2815 ipsi
2927 2746 3043 2803 illic
3071 2752 3323 2808 custodes
3343 2731 3627 2815 sacrorum

326 2828 465 2883 sime
524 2827 814 2881 iurabatur.
875 2823 922 2879 Ο
980 2824 1270 2879 homines!
1322 2822 1369 2878 Ο
1426 2822 1649 2876 fratrum
1696 2821 1920 2876 honora-
2027 2828 2226 2898 eﬁ'ecti,
2259 2836 2476 2885 uterum
2506 2832 2694 2887 matris
2732 2848 2847 2889 sua:
2894 2834 3080 2907 (quam
3127 2842 3382 2898 tuendam
3431 2862 3623 2902 susce-

327 2925 473 2973 tores
507 2914 591 2971 lO
622 2914 912 2970 verborum
933 2912 1150 2967 Domini
1178 2911 1571 2966 intentissimos
1600 2909 1912 2965 auditores!
2026 2919 2241 2988 perant)
2283 2918 2629 2990 invaserunt,
2680 2921 3047 2996 diripuerunt,
3099 2942 3196 2984 cor
3254 2946 3317 2987 ac
3375 2933 3622 2992 intestina

322 3007 543 3062 Centum
568 3012 705 3059 eteo
741 3002 972 3071 amplius
995 3001 1121 3055 anni
1151 2998 1351 3055 evoluti
1380 3007 1519 3065 sunt,
1561 3015 1624 3053 ex
1658 3013 1768 3069 quo
1812 2998 1917 3089 ipsi
2026 3004 2196 3076 ipsius
2248 3007 2544 3077 deprmdati
2599 3019 2760 3079 sunt,
2811 3024 3134 3083 rapuerunt,
3185 3030 3617 3089 asportaverunt.

321 3111 460 3167 quos
489 3094 633 3149 fures
654 3099 709 3147 et
737 3092 975 3145 latrones
1028 3089 1353 3160 praedicant,
1412 3104 1443 3142 a
1488 3087 1598 3143 vita
1652 3087 1913 3156 praesenti
1944 3134 1995 3198 Ο
2025 3094 2201 3151 Judaei
2233 3112 2354 3150 cum
2390 3105 2662 3152 mortuum
2692 3099 2984 3156 Dominum
3032 3119 3096 3159 ac
3134 3087 3425 3177 sepultum,
3460 3128 3526 3167 ne
3554 3115 3621 3168 ab

427 3192 436 3198 .
510 3182 521 3198 |
654 3182 711 3198 ξ.-
778 3188 814 3198 ,ι
852 3178 1008 3198 _--J_
1067 3178 1274 3198 _-A_!.-_
1322 3185 1521 3198 s__.n-_-_-
1583 3175 1647 3198 ιε-
1710 3190 1875 3198 ,μ-..ιι
2165 3191 2174 3198 .
2218 3183 2251 3198 ιο
2390 3185 2411 3198 n
2534 3194 2542 3198 Α
2676 3186 2687 3198 ο
2844 3188 2855 3198 ο
3078 3192 3112 3198 --

317 3192 443 3238 sunt
474 3182 736 3255 elongati,
769 3188 820 3236 et
850 3178 1014 3233 modo
1065 3178 1276 3232 noviter
1322 3185 1525 3232 tantum
1583 3175 1650 3230 iis
1705 3190 1913 3245 oppro-
1946 3175 1995 3198 υ
2026 3183 2283 3252 apostolis
2311 3185 2632 3249 auferretur,
2672 3186 2726 3241 in
2777 3188 2857 3241 sui
2907 3175 3212 3247 custodiam
3257 3175 3619 3273 accepissent,

315 3274 499 3328 brium
530 3271 822 3336 invehitur,
857 3275 1141 3324 etaeterna
1170 3282 1351 3336 poena,
1413 3282 1520 3336 qua
1567 3268 1722 3336 juxta
1787 3285 1917 3323 sen-
2025 3270 2263 3342 quandiu
2309 3281 2596 3342 potuerunt
2653 3291 2685 3329 a
2739 3277 3098 3335 custodiendo
3154 3299 3261 3338 non
3313 3268 3619 3357 defuerunt,

315 3361 542 3418 tentiam
585 3361 809 3414 istorum
860 3355 1161 3410 miserrime
1205 3354 1527 3420 cruciantur,
1561 3355 1917 3412 infelicissme
2026 3374 2126 3413 nec
2152 3358 2258 3412 sibi
2287 3361 2729 3417 commendatum
2758 3363 2898 3420 furto
2926 3366 3204 3438 subripere
3232 3382 3323 3427 aut
3351 3375 3486 3431 alias
3516 3354 3620 3432 au;

316 3450 430 3505 illis
451 3452 756 3505 innovatur.
786 3446 1138 3516 Veremagna
1172 3442 1440 3514 impietas.
1473 3444 1613 3497 Nam
1634 3452 1687 3498 et
1730 3444 1776 3499 si
1806 3444 1918 3515 ipsi
2026 3446 2167 3502 ferre
2199 3448 2377 3503 conati
2408 3457 2549 3518 sunt,
2598 3451 2693 3505 sed
2739 3454 2923 3522 potius
2970 3455 3095 3511 furti
3143 3459 3346 3515 crimen
3395 3464 3517 3520 aliis
3566 3483 3625 3524 se

317 3556 428 3597 non
454 3539 671 3593 fuerunt
699 3535 834 3591 tales
863 3533 1049 3604 quales
1096 3532 1183 3586 isti
1230 3546 1324 3587 eos
1380 3548 1499 3587 esse
1553 3531 1758 3602 volunt,
1809 3548 1917 3588 non
2027 3535 2422 3592 dormientibus
2451 3538 2848 3608 imposuerunt.
2897 3542 2954 3597 Si
2984 3542 3145 3601 simili
3175 3549 3340 3606 modo
3368 3555 3622 3611 custodes

318 3636 399 3685 est
439 3634 661 3698 pr0pter
716 3626 820 3679 hoc
872 3623 1071 3677 horum
1113 3619 1362 3690 impietas
1407 3620 1605 3687 minor,
1657 3621 1786 3690 imo,
1824 3637 1915 3678 re-
2027 3623 2436 3681 Glastonienses
2491 3625 2772 3696 fecissent,
2833 3630 2944 3688 hoc
2993 3642 3092 3703 est,
3151 3637 3194 3692 si
3253 3641 3618 3715 sacrilegium,

318 3725 466 3775 moto
496 3713 643 3771 omni
665 3712 950 3783 ambiguo,
979 3709 1176 3780 major,
1208 3709 1298 3781 qui
1328 3709 1592 3766 infamant
1649 3710 1915 3767 innocen-
2026 3713 2171 3784 quod
2194 3714 2485 3770 laudantur
2503 3718 2860 3791 commisisse,
2881 3721 2951 3776 ab
2968 3722 3088 3778 aliis
3104 3741 3163 3780 se
3177 3741 3373 3785 somno
3396 3709 3621 3803 deprcs;

322 3813 425 3871 teS,
457 3803 623 3875 quise
655 3800 907 3858 omnibus
953 3797 1303 3853 manifestant
1351 3814 1469 3854 esse
1515 3799 1808 3856 mendaces
1853 3816 1917 3856 ac
2026 3803 2101 3856 sis
2151 3802 2389 3859 dicerent
2443 3806 2789 3862 commissum
2844 3808 3043 3883 fuisse,
3106 3813 3249 3872 forte
3304 3797 3617 3892 aliquantu-

319 3893 688 3966 impudentes.
712 3888 886 3944 Testis
914 3886 1058 3942 enim
1100 3895 1180 3942 est
1217 3886 1347 3942 mihi
1404 3888 1589 3943 omnia
1639 3888 1818 3944 sciens
1865 3896 1920 3944 et
2023 3889 2138 3946 lum
2182 3891 2340 3948 famas
2387 3909 2496 3951 sua:
2544 3897 2956 3964 consuluissent,
3003 3917 3105 3959 nec
3152 3911 3261 3960 tam
3312 3886 3620 3969 detestabili

320 3983 620 4054 disponens
650 3978 848 4036 veritas
875 3977 1038 4045 Deus,
1072 3975 1199 4047 quia
1251 3991 1373 4031 cum
1430 3975 1605 4034 adhuc
1633 3975 1688 4031 in
1717 3978 1919 4034 scholis
2026 3981 2192 4036 modo
2241 3982 2621 4053 deliquissent.
2666 3986 2828 4041 Nunc
2867 3995 3045 4044 autem
3077 3992 3205 4060 quid
3235 3994 3519 4054 dicemus?
3549 4002 3619 4057 Ut

321 4070 585 4141 querulus
616 4080 900 4134 essem,ex
923 4063 1396 4155 praeceptobeatas
1442 4064 1718 4155 memoriae
1770 4065 1915 4121 Lan-
2023 4068 2449 4139 pmlibavimus,
2479 4072 2634 4127 Iuda
2675 4073 2879 4129 similes
2921 4092 3016 4131 eos
3061 4079 3117 4133 in
3158 4080 3300 4137 furto
3336 4088 3616 4155 approba-

320 4158 493 4213 tranci
528 4153 934 4213 Cantuariensis
982 4150 1398 4222 archiepiscopi,
1439 4151 1687 4223 primatis
1734 4154 1921 4209 videli-
1968 4192 1971 4193 ν
2026 4172 2166 4224 mus,
2197 4172 2305 4212 non
2337 4164 2517 4213 tamen
2545 4175 2667 4229 nos,
2699 4161 2794 4216 sed
2826 4177 2921 4218 eos
2962 4176 3245 4236 sequentes
3292 4150 3491 4228 fratres
3538 4176 3620 4230 sui

315 4255 400 4303 cet
447 4247 608 4302 totius
666 4241 975 4306 Britanniae,
1035 4239 1255 4294 inducto
1287 4238 1501 4310 jejunio
1561 4242 1657 4295 toti
1713 4242 1916 4314 populo
2026 4243 2454 4301 Glastonienses.
2511 4249 2624 4304 Nos
2651 4250 2793 4305 enim
2826 4266 3016 4309 revera
3044 4256 3247 4313 scimus
3276 4274 3370 4314 eos
3398 4263 3618 4321 omnino

326 4335 558 4402 Kantise,
584 4334 819 4388 levatum
859 4337 938 4387 est
989 4343 1188 4422 corpus
1230 4327 1536 4422 beatissimi.
1560 4330 1832 4422 Dunstani
1883 4345 1917 4387 a
2026 4334 2294 4422 immunes
2340 4351 2459 4391 esse
2487 4336 2559 4392 ab
2596 4338 2700 4394 hoc
2742 4349 2991 4410 peccato.
3036 4342 3178 4413 Quid
3227 4346 3331 4402 illis
3379 4351 3479 4405 erit
3525 4354 3615 4422 qui

315 4424 492 4499 primo
529 4422 817 4494 sepulturas
862 4435 973 4475 sum
1030 4417 1171 4487 loco,
1231 4425 1443 4474 astante
1487 4416 1686 4475 abbate
1748 4420 1992 4509 sancti“
2026 4420 2255 4479 conﬁcto
2302 4431 2409 4479 tam
2457 4425 2720 4483 infrunito
2750 4429 3035 4488 mendacio
3084 4432 3278 4491 fratres
3322 4453 3467 4509 suos,
3502 4416 3616 4497 imo

1942 4492 1995 4553 D

391 4607 503 4679 (33)
534 4600 979 4679 peril-gustatione
995 4594 1526 4679 corporispunstani
1548 4614 1581 4655 a
1598 4598 1916 4679 _Laufra_n_co
2024 4612 2108 4679 ua:
2126 4598 2376 4655 ecclesia
2386 4615 2590 4679 ponere
2606 4602 2778 4679 vellet
2798 4619 2977 4679 neque
3008 4604 3122 4679 hoc,
3135 4606 3336 4679 absque
3367 4613 3617 4668 transla-

317 4669 1185 4755 fac‘m'isu}11_qbet0sbernus_’im
1231 4669 1372 4755 libro
1410 4672 1653 4755 secundo
1693 4672 1763 4755 de
1794 4672 1916 4755 _Vita
2029 4671 2182 4754 tione
2222 4669 2517 4755 corporum
2564 4674 2722 4744 infra
2759 4669 3044 4755 ambitum
3072 4669 3326 4755 ejusdem
3366 4684 3619 4739 ecclesia:

316 4749 604 4805 Dunstani.
637 4748 744 4804 Nec
773 4747 938 4802 nulto
965 4747 1090 4816 post
1130 4742 1384 4817 ecclesia
1423 4741 1744 4817 Saluatoris
1786 4745 1915 4813 igne
2024 4743 2432 4817 quiescentium
2453 4741 2642 4806 facere
2658 4749 2866 4814 posset,
2896 4741 3120 4802 indixit
3135 4750 3429 4817 jejunium
3457 4758 3615 4811 omni

318 4823 606 4878 combusta
628 4823 733 4883 est,
753 4813 1506 4893 pariele's‘cecide‘runtsnec
1523 4815 1819 4886 quicquam
1840 4830 1916 4893 ea;
2021 4813 2258 4882 papula,
2300 4816 2590 4893 quatenus.
2623 4813 2954 4893 sanctorum
2976 4813 3257 4893 uoluntas
3303 4822 3504 4893 ﬁeret,
3548 4832 3614 4883 ut

319 4893 575 4948 omnibus
590 4882 1913 4960 monasteriiofﬁcinisincombusluynremansit,
2023 4897 2218 4960 garum
2257 4882 2489 4960 corpora
2518 4884 2590 4939 ad
2623 4885 2740 4960 alia
2791 4886 2911 4941 loca
2962 4892 3271 4960 transferri
3303 4882 3615 4953 'deber'ent.

321 4967 533 5035 Ρνιείετ·
556 4967 697 5040 απαξ
727 4952 1080 5040 domos,_sine
1111 4956 1308 5040 quibus
1336 4954 1916 5040 manlachi‘regnanere
2024 4952 2277 5040 per?
2311 4952 2442 5009 huic
2472 4956 2689 5040 negotio
2719 4960 3045 5040 constituto,
3095 4952 3297 5040 orante
3338 4970 3494 5023 omni
3523 4952 3613 5040 pa;

320 5024 1145 5109 nonpossent,_dorrnitorium
1168 5024 1389 5109 scilicet
1424 5028 1911 5109 et‘re/‘ectorium,
2020 5025 2357 5109 puloﬁclero
2386 5024 2563 5081 cereis
2605 5024 3055 5109 et_aromatibus
3103 5036 3370 5109 omnique
3410 5024 3614 5109 genere

326 5093 659 5175 tantamque
688 5093 932 5176 claustri
960 5102 1181 5176 partem
1212 5096 1313 5176 sua
1333 5103 1549 5176 quqnta
1577 5093 1917 5176 absqueign-
2020 5093 2356 5176 gaudiorum
2397 5103 2757 5176 occurrente1
2781 5107 3130 5176 paraverunt
3174 5093 3612 5176 εασένάυῖεεξέιὶ

322 5177 509 5232 brium
528 5164 820 5246 εξιριεξοηο
845 5170 912 5246 ap
940 5164 1058 5246 άῃᾳ
1089 5164 1540 5246 ἀονῃοῌὶηάἰὶᾳνη
1567 5164 1797 5246 possent
1826 5168 1914 5221 in-
2024 5164 2245 5246 thecam
2281 5168 2467 5246 sancti
2486 5168 2691 5246 Patris
2719 5164 3010 5246 Dunstani
3052 5172 3256 5246 absque
3296 5164 3614 5237 contrecto;

325 5246 520 5302 ινοίνσ,
544 5237 629 5298 Ei;
649 5257 755 5313 quo
783 5242 926 5313 satis
958 5240 1147 5294 videre
1166 5238 1285 5313 fuit
1303 5237 1789 5313 quantaﬁnostri
1820 5254 1915 5294 ουρ
2022 5237 2173 5291 tione
2195 5239 2451 5313 corporis
2477 5238 2641 5313 illius
2670 5255 2700 5294 e
2733 5243 2887 5296 terra
2919 5237 3195 5313 levareni,
3228 5251 3285 5302 et
3316 5249 3388 5304 ad
3425 5252 3613 5308 locum

321 5333 452 5372 ram
480 5305 866 5388 ρᾳιϐν-ηρδιθν
883 5305 1211 5388 οηηεεᾳηριε
1236 5305 1515 5388 habuerit.
1549 5305 1667 5388 _Sed
1713 5309 1916 5388 horunc
2017 5321 2148 5388 cunt
2164 5305 2645 5388 omnindiligentia
2673 5317 3061 5388 praeparatum
3084 5305 3397 5388 deferrent.
3432 5305 3612 5376 conti;

323 5384 593 5459 rut-"qia
608 5383 808 5459 melius
838 5383 1191 5459 commutata
1213 5380 1593 5459 est,uenien_te
1607 5379 1915 5459 venerabili
2017 5378 2098 5459 git
2114 5378 2437 5459 incendium
2460 5378 2463 5379 ⁷
2485 5381 2627 5459 istud
2673 5378 2822 5459 anno
2870 5386 3029 5454 1074,
3079 5378 3250 5459 Nonis
3279 5387 3605 5459 Septembr.,

325 5459 445 5514 viro
484 5456 813 5526 Lanfranco
841 5451 1275 5521 archiepiscopo,
1308 5454 1363 5504 et
1384 5449 1640 5527 omnium
1668 5450 1764 5521 qui
1792 5466 1915 5506 nos-
2013 5448 2167 5517 juxta
2195 5450 2511 5504 Gervasium
2546 5448 3029 5509 Dorobernensem’.
3072 5456 3215 5525 Quin
3256 5448 3474 5532 uaginta
3502 5448 3606 5518 an;

325 5534 419 5583 tm
447 5531 616 5583 aetate
636 5528 871 5582 interra
900 5524 1140 5583 fuerunt
1167 5521 1528 5578 sanctissimo
1547 5520 1725 5576 simul
1752 5537 1818 5577 ac
1836 5536 1919 5578 sa-
2017 5534 2118 5573 nos
2147 5517 2218 5574 ab
2246 5535 2314 5575 eo
2343 5528 2584 5583 tempore
2614 5522 2882 5581 efﬂuxisse
2902 5525 3200 5582 Eadmerus
3218 5473 3366 5583 dicit.
3400 5530 3606 5583 Scrinia

325 5534 419 5604 tra
447 5517 619 5604 estate
636 5528 699 5582 in
717 5528 871 5604 terra
898 5517 1144 5604 [necant
1167 5517 1528 5604 sanctissimo
1542 5517 1818 5604 simulac
1836 5536 1919 5578 sa-
2017 5517 2225 5604 no_s.ab_
2246 5528 2596 5604 eo_tempore‘
2614 5522 2882 5604 emansisse
2902 5517 3366 5604 Eadmerusdici't'.
3400 5517 3613 5604 scrip“

322 5598 703 5681 pientissimo.
730 5589 979 5669 Quicum
994 5591 1377 5671 fundamenta
1394 5590 1793 5655 construendae
1809 5608 1916 5650 no-
2018 5597 2103 5647 est
2132 5589 2297 5666 igitur
2321 5589 2695 5668 bac—epistola
2722 5596 2864 5653 circa
2891 5611 3090 5653 annum
3122 5602 3278 5654 1124.
