4032 6078
359 318 466 380 803

1426 288 1737 355 sanatam
1775 282 2050 352 CANTUA
2070 287 2348 348 RIENSIS
2385 281 2701 344 MONACHI

3562 277 3664 336 804

366 457 547 519 patres
601 457 726 498 suos
779 432 1170 496 criminantur?
1227 429 1336 487 Sed
1382 427 1568 497 utique
1613 441 1712 480 nec
1761 423 1955 478 fratres
1983 422 2036 480 A
2069 419 2216 482 dum,
2251 426 2438 488 utpote
2468 415 2592 519 furti
2621 414 2702 469 sui
2731 412 2908 469 effecti
2938 412 3282 519 seLcuri.?“An
3329 413 3438 514 ipsi
3477 415 3658 519 primo

367 510 466 592 nec
500 541 695 606 patres.
727 531 865 586 Nam
895 526 941 580 si
973 523 1165 578 fratres
1185 527 1275 574 aut
1296 533 1484 573 eorum
1517 515 1612 569 tilli
1642 520 1823 606 essent
1852 510 1956 581 ipsi

367 601 644 679 naturales
679 616 872 681 eﬂ‘ecti,
905 621 995 668 aut
1021 619 1164 666 certe
1215 608 1386 679 pudor
1431 607 1699 660 humanus
1742 601 1960 656 doceret

369 729 468 770 eos
514 723 740 780 parcere
788 705 1005 775 linguae,
1059 701 1275 754 doceret
1322 711 1416 751 eos
1462 692 1751 764 providere
1800 689 1958 744 fama;

371 777 643 856 suae—Sed
685 801 821 858 esto,
854 799 912 844 ut
943 790 1136 843 furtum
1185 801 1338 839 suum
1385 781 1557 836 sancti
1606 780 1794 833 fratres
1822 777 1958 832 Gla-

369 887 668 943 stonienses
723 877 980 950 prudenti
1042 873 1238 930 astutia
1290 871 1498 927 cunctis
1547 868 1956 931 absconderant,

367 976 600 1032 cadaver
627 969 908 1039 cujusdam
949 964 1163 1020 abbatis
1193 961 1274 1015 sui
1307 959 1489 1029 (cujus
1536 972 1734 1012 nomen
1781 954 1850 1010 ab
1897 953 1962 1007 iis

367 1064 458 1134 qui
505 1062 607 1116 ista
651 1061 983 1126 componunt
1031 1049 1334 1122 ignoratur)
1395 1061 1574 1102 secum
1632 1044 1828 1134 tulisse
1874 1042 1958 1096 fe-

366 1132 571 1217 runtur,
604 1164 666 1203 ac
695 1144 872 1202 loculo
921 1141 1093 1198 sancti
1143 1139 1312 1194 Patris
1359 1137 1526 1191 nostri
1574 1132 1855 1199 Dunstani,
1895 1146 1961 1185 ne

368 1256 566 1297 vacuus
613 1242 939 1299 remaneret,
992 1228 1321 1299 reposuisse.
1371 1225 1417 1280 Ο
1447 1220 1786 1294 prudentiae!
1841 1221 1959 1274 Non

365 1338 520 1387 erant
566 1341 689 1383 ossa
731 1331 1069 1378 mortuorum
1118 1318 1255 1371 inter
1292 1313 1631 1370 Cantuariam
1661 1320 1712 1365 et
1741 1311 1957 1365 Glasto-

367 1421 556 1485 niam,
606 1423 663 1469 ut
714 1425 934 1467 necesse
981 1409 1060 1464 eis
1106 1406 1265 1461 fuerit
1311 1403 1381 1458 ad
1429 1401 1714 1458 celandum
1762 1399 1959 1453 furtum

369 1523 522 1563 suum
554 1504 787 1559 cadaver
809 1497 1052 1554 nesciunt
1070 1495 1225 1564 cujus
1244 1510 1342 1564 per
1361 1493 1612 1554 ducenta,
1636 1499 1693 1544 ut
1715 1490 1786 1543 ita
1807 1489 1960 1543 dixe-

368 1597 493 1662 rim,
525 1589 784 1647 milliaria
813 1585 1172 1641 transtulisse.
1229 1581 1450 1637 Noverit
1479 1579 1756 1634 beatitudo
1786 1586 1964 1632 vestra

370 1686 498 1757 quia
526 1696 631 1752 ego
663 1677 752 1747 qui
781 1677 898 1731 haec
917 1674 1092 1729 scribo
1113 1687 1220 1727 non
1245 1686 1427 1741 parum
1451 1668 1756 1724 confundar
1777 1667 1829 1720 in
1855 1675 1964 1720 tam

2065 515 2326 564 venerunt
2357 514 2410 562 et
2437 505 2693 561 eﬁ‘ossum
2736 519 2940 574 corpus
2987 502 3128 558 beati
3173 501 3439 558 Dunstani
3471 503 3654 558 archi-

2066 597 2304 667 epiSCOpi
2354 593 2760 650 Cantuariensis
2816 592 2883 646 ad
2939 591 3274 648 Glasloniam
3329 592 3654 662 detulerunt,

2067 685 2250 754 ibique
2305 684 2550 756 insigniis
2603 681 3000 753 pontiﬁcalibus
3054 681 3362 750 spoliatum,
3407 682 3658 736 abbatem

2068 783 2306 828 vestrum
2355 772 2560 827 eisdem
2606 769 2906 842 insignibus
2952 770 3281 834 redimitum,
3314 769 3368 823 in
3408 771 3657 840 sepulcro

2069 861 2263 916 sublati
2293 861 2466 916 Patris
2496 858 2902 915 recondendum
2930 858 3355 914 transtulerunt?
3385 857 3660 931 Quidquid

2071 953 2266 1006 horum
2314 949 2564 1004 dixeritis
2617 948 2814 1002 factum
2860 947 3049 1012 fuisse,
3082 958 3337 1018 quantum
3376 951 3665 1009 dementia:

2069 1041 2136 1094 sit
2167 1039 2340 1107 vobis,
2371 1039 2596 1094 credere
2625 1036 2945 1092 facillimum
2977 1045 3074 1103 est,
3100 1039 3277 1093 cuivis
3305 1038 3469 1094 etiam
3515 1057 3660 1097 caeco

2074 1124 2273 1181 videre.
2316 1122 2362 1178 Ο
2388 1123 2650 1190 infelices,
2683 1122 2774 1192 qui
2805 1122 2882 1176 sic
2909 1121 3056 1176 inani
3096 1123 3388 1180 stoliditate
3435 1125 3660 1181 involuti

2072 1220 2214 1278 sunt,
2283 1215 2342 1266 ut
2398 1209 2700 1281 intelligere
2755 1218 3024 1278 nequeant
3078 1211 3253 1280 ipsam
3307 1212 3660 1268 stoliditatem

2071 1318 2223 1358 suam
2253 1299 2453 1355 nullius
2478 1299 2753 1370 prudentis
2783 1299 2970 1353 oculos
3001 1315 3160 1370 posse
3183 1299 3385 1354 latere!
3419 1301 3662 1358 Christus

2072 1393 2186 1462 (qui
2209 1397 2286 1445 est
2306 1389 2526 1458 veritas)
2547 1388 2677 1443 dicit
2703 1386 2923 1443 Veritas
2947 1389 3200 1444 liberabit
3224 1389 3516 1457 vos-(Joan.
3545 1406 3663 1456 vm,

2072 1483 2186 1549 32).
2220 1479 2283 1534 Et
2312 1477 2475 1534 vestri
2505 1485 2656 1531 vates
2703 1479 2803 1531 hoc
2852 1485 3100 1546 tempore
3145 1477 3347 1544 dicunt,
3383 1477 3586 1533 furtum
3616 1490 3668 1534 et

2073 1568 2414 1638 sacrilegium
2455 1574 2779 1638 patrumque
2809 1574 3107 1622 vestrorum
3137 1575 3190 1621 et
3219 1578 3452 1622 vestrum
3501 1585 3664 1624 men-

2073 1657 2288 1712 dacium
2355 1655 2693 1710 honorabant
2750 1653 3055 1710 Ecclesiam
3120 1663 3359 1709 nostram
3416 1664 3470 1710 et
3531 1673 3654 1712 nos.

371 1743 608 1829 evidenli
637 1743 857 1821 stultitia
887 1772 938 1818 et
964 1763 1114 1817 omni
1136 1759 1341 1815 homini
1365 1758 1475 1814 risu
1495 1758 1680 1828 digna,
1703 1756 1961 1820 maxime,
1991 1778 2044 1839 Β
2077 1744 2642 1839 Ωιιοίξ-ηξθηέαοίυωῗ
2668 1743 2902 1812 corpus,
2936 1743 3198 1839 ingnium,
3222 1744 3362 1839 befili
3393 1745 3663 1800 Dunstani

371 1861 519 1933 quod
549 1857 620 1912 ab
646 1854 833 1926 Anglis
871 1852 1067 1907 dicitur
1096 1865 1212 1904 esse
1245 1847 1492 1904 conficta.
1537 1848 1628 1901 Vae
1659 1861 1826 1918 quare
1855 1860 1961 1899 non

369 1945 711 2005 consuluistis
756 1943 989 2010 aliquem
1042 1938 1310 1994 hominem
1359 1938 1822 2003 transmarinum;
1871 1935 1962 2004 qui

373 2039 426 2092 in
487 2035 668 2090 multis
726 2030 1051 2096 conversati,
1097 2026 1279 2081 multis
1331 2024 1542 2092 imbuti,
1601 2023 1770 2078 multa
1825 2039 1963 2077 con-

374 2125 581 2198 ﬁngere
632 2121 836 2185 sciunt,
889 2127 944 2173 tit
991 2116 1076 2173 vel
1123 2115 1296 2186 pretio
1345 2113 1610 2186 ageretis,
1663 2113 1812 2182 quasi
1861 2113 1962 2182 ipsi

372 2216 563 2270 saltem
595 2211 749 2266 vobis
779 2207 983 2277 aliquid
1013 2203 1302 2260 verisimile
1346 2203 1688 2257 mendacium
1718 2203 1787 2256 de
1814 2209 1965 2257 tanta

370 2320 428 2359 re
463 2304 873 2370 componerent.
921 2295 1024 2349 Va:
1055 2294 1248 2348 vobis!
1282 2309 1418 2347 mea:
1466 2291 1646 2363 gentis
1695 2292 1962 2357 homines,

376 2401 482 2448 tam
514 2389 709 2445 stolida
738 2384 1081 2455 simplicitate
1110 2381 1433 2438 notaremini
1480 2385 1538 2435 ut
1585 2380 1834 2435 omnibus
1863 2380 1964 2434 de-

373 2478 587 2534 ridendi
637 2477 692 2530 in
740 2481 1060 2544 perpetuum
1109 2469 1511 2525 indicaremini.
1556 2469 1636 2522 Ad
1683 2469 1803 2524 haec
1831 2483 1966 2540 rogo

374 2567 760 2640 praedicatores
788 2573 897 2616 tam
929 2560 1176 2632 praeclari
1208 2557 1496 2629 sacrilegii,
1529 2566 1789 2628 quatenus
1836 2556 1966 2611 tnihi

377 2657 627 2726 patrima:
655 2668 751 2707 suo
777 2651 978 2716 dicant,
1010 2658 1319 2703 utrumnam
1350 2647 1586 2702 cadaver
1631 2648 1710 2700 sui
1759 2661 1967 2716 suppo-

379 2745 469 2797 siti
500 2741 712 2798 abbatis
740 2739 950 2794 noviter
978 2737 1214 2792 defuncti
1245 2744 1296 2789 et
1327 2738 1600 2807 integrum
1631 2752 1663 2789 a
1693 2734 1971 2790 Glastonia

381 2830 725 2887 Cantuariam
759 2827 1067 2881 detulerunt
1089 2827 1114 2878 ‘?
1145 2825 1213 2879 Ut
1240 2833 1420 2879 utrum
1445 2838 1593 2878 more
1615 2825 1811 2878 summi
1843 2838 1971 2894 pon-

380 2919 538 2974 tiﬁcis
585 2916 895 2979 infulatum,
947 2913 1250 2984 palliatum,
1300 2912 1690 2981 spindulatum,
1741 2920 1793 2966 et
1841 2928 1971 2966 san-

381 3009 538 3064 daliis
567 3005 730 3060 fuerit
755 3004 1039 3059 calciatum
1058 3002 1084 3054 ‘?
1115 2999 1273 3068 Quod
1295 2999 1337 3053 si
1359 3000 1476 3054 haec
1497 3001 1678 3054 omnia
1709 3000 1972 3069 habuerit,

2073 1834 2342 1904 pontiﬁcis
2371 1833 2782 1888 Cantuariorum
2830 1840 2882 1886 et
2918 1833 3165 1901 primatis
3193 1833 3353 1887 totius
3380 1835 3667 1890 Britannia

2073 1940 2104 1978 a
2133 1939 2231 1978 sua
2270 1922 2497 1978 ecclesia
2546 1929 2729 1990 patres
2775 1922 2938 1975 vestri
2987 1922 3173 1975 furtim
3223 1922 3577 1984 abstulerunt.
3611 1933 3669 1978 et

2074 2021 2308 2067 vestrum
2339 2011 2592 2066 abbatem
2625 2010 2716 2064 tali
2744 2011 3028 2080 sacrilegio
3059 2019 3296 2079 emptum
3330 2013 3476 2080 (quia
3506 2013 3666 2067 vobis

2073 2110 2188 2156 erat
2220 2101 2444 2168 inutilis)
2476 2100 2604 2155 illuc
2632 2099 2871 2154 delatum
2902 2101 3150 2168 sepulcro
3175 2100 3318 2154 illius
3342 2101 3655 2156 intulerunt.

2074 2190 2120 2244 Ο
2151 2190 2442 2262 gaudium!
2483 2187 2529 2244 Ο
2561 2189 2794 2244 luctum!
2844 2187 2890 2242 Ο
2917 2189 3093 2242 locum
3130 2200 3362 2243 vestrum
3395 2192 3486 2244 tali
3519 2200 3668 2246 tanto

2075 2280 2283 2334 {tenore
2340 2277 2848 2350 magniﬁcandum!
2919 2278 3066 2343 Sed,
3118 2295 3150 2333 ο
3207 2281 3462 2336 contrarii
3521 2297 3671 2350 parte

2077 2367 2328 2434 veritati,
2377 2367 2509 2438 quid
2561 2366 2805 2433 facietis,
2857 2382 2952 2422 oro
3000 2383 3116 2434 vos,
3159 2385 3279 2421 cum
3342 2369 3461 2440 ipsa
3511 2370 3673 2423 Veri-

2079 2466 2154 2512 tas
2203 2459 2407 2512 venerit
2457 2471 2644 2510 omnes
2696 2455 2965 2525 perditura
3019 2457 3110 2526 qui
3153 2457 3460 2526 loquuntur,
3511 2474 3675 2512 men-

2077 2547 2293 2602 dacium
2320 2546 2494 2615 (Psal.
2528 2559 2582 2608 ν,
2618 2546 2694 2612 7).
2743 2543 2806 2597 Et
2851 2543 3068 2616 quidem
3118 2546 3368 2600 omnibus
3408 2547 3525 2600 luce
3555 2547 3677 2601 cla-

2078 2635 2195 2690 rius
2249 2642 2456 2690 constat
2512 2633 2854 2687 mendacium
2928 2649 3024 2687 vos
3088 2633 3372 2704 imponere
3427 2634 3677 2704 patribus

2081 2723 2307 2790 vestris,
2361 2723 2486 2793 quia
2536 2721 2744 2776 invitati
2792 2722 3138 2776 Cantuariam
3200 2739 3382 2778 secum
3441 2725 3681 2779 cadaver

2081 2813 2166 2868 sui
2203 2812 2416 2866 abbatis
2444 2810 2790 2876 detulerunt;
2840 2826 2938 2865 nec
2985 2812 3062 2864 ibi
3112 2811 3370 2884 degentes
3403 2821 3679 2882 asportato

2083 2915 2308 2970 corpore
2358 2900 2503 2954 beati
2553 2899 2814 2953 Dunstani
2845 2899 2976 2953 illud
3007 2900 3318 2955 attulerunt.
3358 2901 3490 2955 Illud
3530 2904 3676 2956 enim

2083 2990 2266 3044 nimiae
2313 2998 2365 3044 et
2412 2988 2743 3043 incredibilis
2788 3003 2895 3043 non
2945 2989 3068 3044 dico
3117 2990 3382 3058 stultitiae,
3434 2991 3530 3046 sed
3576 2992 3679 3046 de-

385 3097 546 3157 unde,
578 3109 782 3163 quaeso,
814 3091 1039 3190 pallium
1083 3092 1163 3188 (ut
1209 3090 1276 3143 de
1317 3089 1438 3190 aliis
1486 3089 1694 3190 interim
1746 3092 1975 3189 taceam)
2007 3127 2056 3190 Ο
2087 3080 2308 3190 me‘ntiee
2337 3086 2512 3190 esset:
2549 3078 2662 3133 Hoc
2692 3085 2874 3190 autem
2902 3079 3253 3190 impossibilis
3297 3081 3679 3190 perpetranda

380 3184 616 3241 habuit?
646 3179 899 3252 Nunquid
945 3178 1246 3249 antiquitus
1294 3177 1522 3233 abbates
1569 3177 1977 3233 Glastonienses

375 3273 546 3345 pallio
591 3269 923 3326 utebantur?
972 3268 1080 3323 Sed
1126 3267 1231 3322 hoc
1277 3265 1595 3336 patriarchis
1633 3266 1825 3332 solum,
1860 3267 1975 3337 pri-

379 3359 612 3416 matibus
643 3367 694 3413 et
721 3356 1143 3426 archiepiscopis
1170 3371 1202 3410 a
1233 3356 1403 3411 Roma
1435 3363 1486 3410 et
1515 3355 1812 3425 apostolica
1851 3355 1977 3410 sede

381 3445 715 3501 conceditur.
775 3441 885 3497 Sed
935 3441 1196 3496 hactenus
1243 3440 1390 3494 omni
1438 3439 1635 3496 saeculo
1682 3440 1974 3495 inauditum

381 3542 464 3589 est
492 3531 915 3602 patriarchatum
944 3529 1237 3584 Glastonite
1276 3529 1462 3596 fuisse,
1495 3527 1581 3584 vel
1611 3528 1776 3583 etiam
1803 3529 1978 3599 ponti-

379 3623 620 3676 ficatum.
663 3619 771 3674 Sed
801 3618 964 3688 igitur
991 3617 1262 3686 palliatum
1303 3616 1536 3671 cadaver
1582 3618 1647 3672 ad
1697 3618 1976 3688 deceptio-

380 3726 504 3764 nem
555 3709 859 3762 futurorum
899 3713 1263 3759 antecessores
1311 3705 1477 3758 vestri
1529 3705 1827 3761 Cantuarim
1873 3706 1976 3760 de-

383 3798 641 3852 tulerunt.
690 3795 804 3848 Hoc
850 3791 1157 3861 effecerunt,
1189 3795 1248 3844 ut
1294 3791 1394 3860 ipsi
1440 3793 1688 3847 Romano
1735 3792 1978 3862 pontiﬁci

383 3891 436 3938 et
465 3879 612 3936 omni
665 3877 972 3932 Christiano
1020 3874 1246 3942 homini,
1282 3877 1375 3945 qui
1401 3892 1459 3930 se
1488 3877 1555 3930 ad
1588 3875 1751 3931 tidem
1781 3877 1977 3932 Christi

385 3969 483 4024 sub
527 3965 839 4039 magisterio
885 3963 1031 4018 beati
1079 3963 1221 4018 Petri
1271 3973 1468 4032 tenent,
1500 3963 1725 4020 obnoxii
1773 3966 1882 4020 sint
1927 3974 1981 4021 et

385 4057 619 4113 infames
647 4070 708 4110 ac
739 4053 886 4109 omni
930 4051 1225 4123 opprobrio
1274 4052 1424 4124 digni
1467 4052 1770 4122 judicandi.
1803 4054 1984 4110 Scitur

389 4147 536 4203 enim
567 4144 697 4216 quia
726 4141 862 4196 illud
905 4156 934 4195 a
983 4140 1110 4196 sede
1149 4141 1449 4211 apostolica
1494 4158 1603 4198 non
1651 4142 1980 4207 habuerunt,

386 4236 485 4291 sed
535 4233 633 4305 ipsi
685 4230 841 4298 illud,
894 4229 1247 4301 malignitatis
1292 4229 1413 4284 illos
1459 4239 1680 4286 auctore
1726 4231 1980 4299 docente,

381 4327 805 4393 composuerunt
848 4317 936 4374 vel
983 4317 1234 4387 componi
1283 4318 1345 4386 (si
1397 4317 1468 4371 ita
1516 4318 1638 4388 fuit)
1686 4336 1717 4374 a
1763 4319 1844 4373 sui
1901 4321 1983 4374 si-

382 4412 602 4468 milibus
656 4407 970 4464 elfecerunt.
1018 4405 1094 4459 Re
1132 4405 1275 4460 enim
1306 4421 1436 4461 vera
1465 4420 1682 4475 corpus,
1715 4407 1858 4476 quod
1891 4408 1980 4462 in-

382 4501 651 4564 venimus,
687 4498 757 4550 ita
792 4495 907 4558 fuit,
960 4493 1162 4548 scilicet
1214 4493 1365 4563 quasi
1409 4494 1638 4548 omnino
1685 4495 1978 4566 integrum,
2011 4479 2063 4538 Ῐ)

381 4587 709 4652 infulatum,
770 4583 1083 4638 annulatum
1111 4624 1123 4648 ,
1193 4581 1474 4652 palliatum
1500 4625 1512 4648 ,
1587 4583 1976 4652 spindulatum,

380 4677 639 4732 sandaliis
703 4671 1077 4729 venustissime
1149 4671 1503 4738 adornatum,
1571 4686 1693 4727 cum
1757 4687 1863 4744 quo
1929 4680 1981 4727 et

382 4765 654 4834 scriptura
710 4763 764 4816 in
821 4760 1076 4831 plumbea
1125 4759 1303 4814 tabula
1351 4768 1570 4815 exarata
1617 4760 1834 4816 inventa
1879 4769 1976 4828 est,

384 4867 502 4923 qum
532 4853 696 4922 plane
742 4850 1042 4905 testabatur
1085 4849 1227 4904 beati
1276 4849 1535 4904 Dunstani
1585 4849 1978 4920 archiepiscopi

381 4940 792 4996 Cantuariorum
826 4953 944 4993 esse
973 4953 1190 5008 corpus.
1229 4938 1374 5010 quod
1406 4939 1723 4993 tumulatum
1767 4939 1838 4992 ibi
1882 4939 1974 5008 ja-

381 5028 562 5084 cebat.
632 5028 897 5093 Habetis,
946 5042 1156 5096 quaso,
1203 5027 1386 5096 aliqua
1429 5027 1724 5081 litterarum
1775 5043 1976 5080 monu—

378 5124 580 5183 menta,
617 5131 736 5186 qua:
764 5116 882 5169 haec
911 5116 984 5168 ita
1014 5130 1074 5168 se
1106 5114 1356 5169 habuisse
1385 5114 1614 5185 probent
1635 5116 1662 5170 ?
1712 5114 1974 5171 Videlicet

377 5221 502 5276 quae
531 5205 706 5259 ferant
733 5203 966 5258 cadaver
995 5201 1208 5257 abbatis
1251 5202 1392 5257 illius
1443 5219 1506 5258 co
1553 5204 1695 5276 quod
1744 5205 1976 5259 diximus

381 5295 552 5350 modo
584 5291 918 5348 redimitum.
969 5292 1156 5346 Adhuc
1187 5307 1404 5362 quaero;
1438 5293 1517 5346 illi
1547 5292 1749 5363 antiqui
1796 5304 1976 5364 patres

381 5391 434 5440 et
463 5383 654 5438 fratres
679 5380 868 5446 vestri,
901 5379 992 5451 qui
1039 5380 1107 5433 ad
1157 5379 1382 5435 tuendas
1428 5380 1698 5436 destituta
1727 5382 1974 5438 ecclesiae

378 5481 581 5529 nostra:
634 5469 908 5542 reliquias,
940 5477 996 5523 ut
1025 5468 1223 5533 dicitis,
1253 5468 1473 5524 adducti
1513 5475 1653 5537 sunt,
1686 5471 1974 5526 attulerunt

375 5575 444 5618 ne
465 5575 649 5619 secum
677 5559 911 5618 cadaver
948 5556 1080 5615 illud
1126 5559 1284 5616 beato
1332 5557 1609 5616 Dunstano
1654 5575 1970 5632 supponen-

2085 3168 2326 3226 audacite
2361 3165 2580 3221 effectus
2625 3167 2900 3221 existeret.
2948 3167 3083 3221 Cum
3133 3168 3277 3222 enim
3324 3170 3439 3238 ipse
3487 3169 3678 3224 beatus

2087 3257 2391 3325 sepulcrum
2427 3255 2530 3310 sibi
2558 3254 2751 3322 effodi,
2803 3263 2860 3310 ut
2907 3255 3047 3311 liber
3093 3256 3228 3312 Vitas
3273 3259 3387 3326 ejus
3433 3257 3677 3314 veracis-

2088 3348 2225 3402 sime
2254 3353 2504 3413 testatur,
2537 3347 2814 3415 praecepit,
2858 3352 2912 3400 et
2959 3344 3095 3398 infra
3143 3353 3335 3400 terram
3385 3347 3454 3401 ad
3501 3355 3674 3402 statu-

2088 3452 2201 3491 ram
2230 3434 2399 3490 virilis
2445 3435 2690 3503 corporis
2739 3432 2909 3489 foveae
2955 3432 3291 3504 profunditas
3335 3437 3674 3505 penetravit;

2089 3523 2202 3594 qui,
2234 3537 2440 3593 quasso,
2473 3533 2580 3576 tam
2613 3521 2762 3576 inani
2809 3522 2954 3577 furto
3002 3522 3153 3577 locus
3201 3531 3252 3577 et
3299 3525 3674 3594 Opportunitas

2089 3628 2205 3668 esse
2232 3613 2446 3682 potuit?
2473 3611 2606 3665 Cum
2637 3619 2689 3665 et
2717 3610 2947 3666 ecclesia
2968 3611 3085 3680 ipsa
3108 3627 3390 3682 nunquam
3423 3613 3538 3667 sine
3570 3627 3683 3668 mo-

2091 3701 2279 3756 nachis
2302 3699 2614 3755 domesticis
2637 3698 2760 3752 ﬁliis
2778 3699 2888 3753 suis
2910 3698 3090 3765 fuerit,
3109 3708 3162 3754 et
3183 3701 3374 3756 civitas
3397 3700 3686 3756 Cantuaria

2090 3789 2301 3845 civibus
2350 3788 2461 3842 suis
2507 3803 2851 3858 nequaquam
2902 3787 3061 3842 fuerit
3108 3789 3406 3843 exinanita.
3447 3789 3526 3844 Ad
3585 3791 3688 3846 hac

2094 3877 2546 3933 considerandum
2599 3877 2724 3946 quia
2765 3875 2997 3932 ecclesia
3038 3877 3152 3947 ipsa
3183 3878 3236 3931 in
3265 3877 3516 3948 passione
3549 3878 3685 3933 bea-

2095 3966 2288 4020 tissimi
2321 3965 2566 4036 martyris
2613 3963 2848 4035 Elphegi
2899 3981 2998 4019 nec
3045 3964 3171 4036 igne
3219 3974 3555 4036 consumpta,
3589 3981 3691 4022 nec

2092 4062 2232 4110 tecto
2283 4062 2373 4108 aut
2423 4053 2716 4124 parietibus
2765 4052 2947 4107 diruta
2995 4053 3116 4107 fuit.
3170 4054 3434 4109 Violatam
3485 4055 3690 4125 quippe

2091 4142 2278 4210 fuisse,
2310 4151 2363 4198 et
2391 4141 2636 4212 pluribus
2682 4141 3014 4197 ornamentis
3061 4142 3350 4212 spoliatam
3379 4184 3393 4209 ,
3443 4159 3505 4198 ac
3553 4159 3690 4214 sup-

2095 4233 2270 4301 posito
2299 4231 2367 4286 de
2400 4231 2530 4286 foris
2556 4230 2684 4303 igne
2708 4237 2766 4284 ut
2796 4241 3237 4286 concremaretur
3283 4231 3534 4286 adorsam
3583 4248 3688 4288 no—

2097 4320 2308 4386 vimus,
2360 4335 2467 4390 quo
2516 4333 2721 4374 vesana
2768 4334 2961 4394 manus
3011 4319 3316 4389 pontiﬁcem
3383 4320 3525 4374 intus
3571 4336 3691 4376 sese

2097 4416 2335 4463 tuentem
2367 4424 2533 4477 quem
2567 4407 2853 4462 mandaret
2883 4407 3028 4462 exire
3069 4407 3440 4477 compelleret.
3481 4413 3548 4462 At
3595 4409 3693 4464 ubi

2093 4496 2270 4567 ipsum
2320 4505 2604 4551 exeuntem
2654 4496 3198 4564 comprehenderunt,
3233 4496 3444 4551 omissis
3473 4497 3692 4569 ignibus

2091 4593 2144 4640 et
2173 4585 2292 4639 aliis
2329 4585 2508 4649 malis,
2541 4583 2736 4656 quibus
2781 4585 2849 4638 ad
2899 4583 3206 4654 captionem
3257 4584 3401 4639 illius
3448 4601 3688 4654 occupa-

2090 4672 2308 4742 bantur,
2335 4673 2518 4744 ipsum
2569 4673 2771 4729 necatis
2817 4672 3094 4742 aliquibus
3125 4673 3406 4728 monachis
3437 4675 3490 4726 in
3519 4674 3695 4730 oculis

2089 4761 2208 4832 ejus
2237 4762 2608 4827 abduxerunt,
2662 4765 2714 4815 et
2762 4777 2930 4832 usque
2976 4759 3047 4814 ad
3097 4761 3279 4815 locum
3328 4761 3494 4816 exitio
3543 4761 3694 4817 illius

2091 4851 2412 4905 destinatum
2463 4849 2644 4904 multis
2692 4848 2954 4904 afﬂictum
3005 4847 3219 4916 injuriis
3267 4858 3319 4904 et
3365 4850 3690 4905 cruciatibus

2087 4939 2454 5009 perduxerunt
2497 4949 2547 4992 et
2592 4948 2955 5008 peremerunt.
2996 4935 3129 5004 Quae
3167 4952 3291 4992 cum
3323 4939 3394 4992 ita
3425 4939 3549 5005 sint,
3582 4955 3688 5008 qua

2088 5038 2270 5098 fronte
2297 5027 2405 5081 dici
2434 5035 2614 5096 potest
2643 5027 3019 5097 pavimentum
3078 5026 3324 5080 ecclesia
3371 5025 3475 5080 sub
3521 5029 3690 5082 oculis

2085 5117 2231 5171 omni
2259 5115 2437 5185 spatio
2474 5123 2679 5185 septem
2705 5113 2904 5185 pedum
2949 5113 3072 5169 hinc
3124 5114 3248 5168 inde
3296 5114 3367 5168 ad
3414 5118 3688 5185 sepulcrio

2082 5205 2501 5275 profunditatem
2556 5203 2794 5258 tendenti
2841 5201 3119 5268 effossum,
3155 5203 3313 5258 aliter
3342 5204 3494 5258 enim
3539 5203 3686 5259 nullo

2085 5293 2247 5347 modo
2279 5292 2468 5364 attingi
2503 5293 2720 5358 valeret,
2753 5300 2806 5346 et
2845 5291 2916 5345 ita
2954 5292 3230 5346 abstracto
3277 5307 3507 5363 corpore
3551 5308 3679 5347 san-

2083 5381 2306 5437 ctissimi
2342 5381 2520 5435 Patris
2549 5379 2809 5434 Dunstani
2861 5396 2957 5451 per
2995 5379 3327 5450 quindecim,
3379 5389 3435 5436 ut
3479 5381 3680 5450 dicam,

2083 5471 2202 5525 dies
2232 5477 2418 5540 patens
2450 5471 2796 5537 remansisse,
2828 5471 3002 5525 donec
3050 5469 3331 5526 monachis
3369 5485 3493 5526 cum
3539 5468 3682 5526 furto

2084 5558 2442 5617 subeuntibus
2486 5559 2560 5617 ad
2607 5558 2995 5618 monasterium
3023 5576 3198 5629 suum,
3228 5566 3282 5616 et
3311 5557 3386 5616 ibi
3411 5573 3522 5616 non
3550 5558 3679 5617 dico
