4032 6078
288 258 392 318 805

1455 265 1673 330 EPIST.
1706 273 1800 331 AD
1831 273 2432 336 GLASTONIENSES.

3494 300 3599 352 806

266 397 624 460 peremptum
652 391 722 446 ab
749 392 849 460 eis,
881 392 978 449 sed
1008 396 1060 453 in
1092 412 1249 450 cursu
1283 394 1496 452 illorum
1529 400 1707 453 statim
1740 417 1882 454 mor-
1912 401 1962 460 Α
1996 417 2192 472 corpus
2227 404 2367 458 beati
2406 405 2671 460 Dunstani
2703 406 2862 463 furati
2905 417 3048 479 sunt,
3092 412 3302 470 aestimo
3333 420 3477 487 quod
3510 422 3591 474 isti

289 487 433 533 tuum
466 479 720 535 abbatem
760 483 1020 539 detractis
1049 502 1079 539 a
1107 485 1264 542 beato
1297 487 1571 543 Dunstano
1596 489 1885 558 pontifica-

288 567 431 621 libus
482 570 812 626 ornamentis
865 572 1020 627 illum
1083 575 1398 643 adornasse,
1449 584 1503 630 et
1554 580 1625 631 ita
1686 579 1885 632 cursim

289 655 523 713 fortasse
545 658 711 714 asello
751 659 936 731 aliquo
967 662 1314 718 Cantuariam
1344 664 1587 719 delatum
1619 667 1673 719 in
1698 667 1886 736 sepul-

289 761 386 800 cro
417 747 537 817 ejus
567 747 904 804 collocasse?
948 751 1137 806 Adhuc
1186 753 1498 824 interrogo:
1545 755 1763 809 Vastata
1792 754 1888 809 fuit

287 840 429 890 terra
456 833 594 890 inter
624 834 960 892 Glastoniam
991 847 1045 894 et
1085 840 1430 896 Cantuariam
1462 842 1568 896 illis
1595 843 1804 909 diebus,
1835 850 1887 897 et

289 923 345 976 in
375 924 662 979 solitudine
692 933 811 980 acta
844 932 906 980 ut
943 926 1085 982 liber
1133 945 1320 984 cursus
1349 945 1415 985 ac
1451 946 1700 987 recursus
1731 931 1886 986 nullo

288 1012 539 1068 obstante
598 1013 970 1070 deferentibus
1016 1024 1219 1072 tantum
1275 1019 1594 1075 thesaurum
1641 1035 1885 1091 quaqua-

287 1117 500 1158 versum
517 1110 747 1172 pateret,
774 1119 841 1157 an
859 1120 964 1160 non
986 1106 1013 1158 ‘P
1036 1107 1233 1161 Verum
1252 1110 1439 1177 utique
1457 1109 1657 1180 ubique
1670 1109 1886 1178 quando

288 1190 408 1257 ista,
461 1199 515 1245 ut
546 1192 802 1258 astruitis,
835 1193 1182 1264 gerebantur,
1226 1196 1501 1252 Danorum
1531 1198 1750 1268 patebat
1779 1198 1886 1251 im-

286 1279 556 1338 manitas;
611 1297 881 1352 nusquam
912 1297 1044 1352 pax,
1090 1300 1353 1355 nusquam
1390 1287 1683 1345 securitas;
1722 1285 1884 1354 bella,

286 1367 604 1433 seditiones,
625 1385 1013 1441 usquequaque
1037 1370 1336 1428 fervebant.
1354 1372 1527 1443 Super
1546 1376 1683 1443 haec,
1704 1390 1888 1444 quem-

289 1456 586 1512 admodum
636 1458 933 1514 certissime
981 1461 1166 1527 scitur,
1232 1461 1284 1514 in
1333 1463 1512 1516 medio
1561 1463 1710 1518 chori
1764 1471 1888 1518 ante

286 1545 511 1616 gradus,
562 1545 756 1616 quibus
785 1544 855 1602 ad
886 1549 1064 1618 majus
1105 1550 1272 1604 altare
1320 1551 1728 1618 ascendebatur,
1761 1567 1888 1607 cor-

288 1650 388 1706 pus
436 1635 579 1690 beati
628 1637 887 1690 Dunstani
936 1637 1209 1692 humatum
1261 1638 1377 1705 fuit,
1425 1646 1478 1693 et
1535 1640 1793 1710 plumbeo
1834 1641 1890 1694 in

1999 491 2264 546 fuerunt?
2296 493 2407 548 Sed
2438 509 2563 548 cum
2596 495 2678 549 isti
2703 497 3008 553 Cantuarise
3037 513 3216 556 essent
3246 519 3276 557 a
3307 505 3483 574 primo
3514 523 3596 564 sea

1994 579 2224 647 pulturae
2255 597 2368 635 suae
2395 581 2542 648 loco,
2587 591 2644 636 ut
2677 585 3045 654 prazdiximus,
3082 589 3194 656 jam
3229 591 3404 648 fuerat
3433 604 3597 651 trans‘

1995 667 2162 721 latum
2222 668 2274 722 in
2306 669 2507 736 locum,
2566 671 2657 725 ubi
2701 674 2782 728 eis
2814 689 3062 730 accessus
3120 676 3296 734 nullus
3335 683 3582 750 patebat.

1993 755 2114 809 Non
2147 755 2214 809 ab
2255 758 2335 811 eis
2366 773 2499 829 ergo
2539 759 2638 814 fuit
2667 761 2926 826 ablatum,
2964 780 3062 820 nec
3099 781 3232 838 ergo
3263 769 3330 822 ab
3361 771 3468 826 ullo
3494 789 3592 828 ve-

1997 851 2254 898 strorum.
2306 844 2443 900 Ossa
2489 847 2689 916 itaque,
2741 850 2935 918 quibus
2984 856 3248 909 onerastis
3297 860 3596 930 imaginem

1995 934 2172 985 nostri
2203 931 2607 1004 Redemptoris,
2631 953 2700 992 ne
2732 937 2850 1008 ipse
2884 939 3383 1015 vobisindignetur,
3415 958 3597 1005 nostro

1995 1018 2226 1075 consilio
2257 1020 2531 1076 auferetis.
2567 1025 2712 1078 Satis
2753 1027 2895 1080 enim
2928 1027 3088 1084 habet
3139 1031 3190 1084 in
3225 1049 3286 1088 se
3315 1036 3456 1091 unde
3489 1037 3599 1092 ho-

1995 1116 2238 1174 noretur,
2285 1127 2384 1165 nec
2415 1126 2552 1182 opus
2582 1121 2660 1166 est
2691 1122 2745 1166 ut
2780 1116 3039 1170 sanctitas
3084 1119 3134 1173 ei
3165 1129 3255 1174 aut
3285 1137 3352 1176 ex
3387 1126 3599 1181 ossibus

1994 1204 2334 1252 mortuorum
2369 1208 2460 1253 aut
2489 1201 2710 1255 aliunde
2739 1203 3068 1259 cumuletur.
3111 1206 3322 1264 Fratres
3350 1213 3480 1280 mei,
3511 1230 3601 1270 co-

1995 1285 2150 1356 gitet,
2213 1303 2418 1356 quasso,
2471 1298 2523 1342 et
2571 1290 2834 1361 recogitet
2892 1293 3181 1361 prudentia
3240 1307 3422 1355 vestra
3452 1304 3600 1374 quod

1997 1373 2279 1428 honestum
2311 1375 2380 1430 sit
2428 1377 2583 1432 vobis
2613 1380 2875 1449 cogitare,
2921 1383 3065 1451 quod
3107 1387 3390 1442 conveniat
3434 1373 3598 1462 loqui,

1996 1462 2141 1533 quod
2171 1463 2360 1518 deceat
2383 1481 2574 1536 agere.
2615 1466 2841 1521 Centum
2864 1471 2988 1522 anni
3022 1479 3076 1525 et
3105 1472 3243 1527 ultra
3275 1479 3602 1534 transierunt

1999 1566 2030 1604 a
2060 1552 2315 1620 martyrio
2371 1553 2510 1606 beati
2553 1553 2802 1626 Elphegi,
2863 1566 2917 1610 et
2972 1559 3150 1613 nullus
3199 1562 3478 1619 hominum
3513 1569 3605 1637 qui

1999 1637 2316 1704 interfuerit,
2366 1640 2490 1695 vita:
2521 1643 2780 1710 praesenti
2815 1655 3082 1715 superest,
3127 1648 3212 1702 vel
3245 1660 3391 1706 certe
3423 1655 3512 1724 qui
3545 1671 3602 1710 se

289 1723 490 1791 loculo,
537 1733 588 1779 et
618 1725 710 1780 illo
742 1725 795 1779 in
845 1742 1044 1797 magna
1083 1727 1450 1796 profunditate
1500 1737 1655 1784 terrae
1686 1729 1883 1798 locato,
1914 1751 1969 1814 Β
2001 1725 2312 1780 meminerit
2368 1728 2698 1796 interfuisse,
2759 1747 2859 1787 nec
2915 1735 2985 1788 ad
3054 1744 3294 1792 nostram
3353 1723 3603 1796 notitiam

294 1813 376 1868 uti
406 1814 598 1886 Anglis
647 1813 777 1869 olim
810 1815 978 1870 moris
1005 1824 1121 1870 orat
1161 1833 1377 1872 suorum
1408 1818 1673 1874 cadavera
1703 1828 1887 1874 tumu-

288 1901 420 1957 lare.
449 1901 691 1971 Qualiter
716 1903 880 1975 igitur
909 1905 1158 1959 monachi
1183 1905 1459 1973 Ecclesim,
1484 1907 1574 1977 qui
1595 1907 1660 1962 ad
1693 1907 1886 1976 minus,

285 1991 440 2062 juxta
486 1992 628 2063 quod
661 1991 912 2047 dominus
958 1994 1234 2048 Osbernus
1282 1995 1443 2051 refert
1482 1999 1612 2067 (34),
1662 2005 1891 2069 quatuor

290 2088 452 2136 tanta:
485 2080 622 2136 cladi
647 2091 1016 2151 suspererant,
1046 2099 1164 2138 cum
1197 2083 1428 2146 clericis,
1449 2086 1537 2155 qui
1558 2087 1634 2140 eis
1665 2087 1886 2141 admisti

286 2169 385 2224 Dei
417 2169 693 2225 servitium
714 2170 767 2224 in
796 2170 916 2242 ipsa
945 2171 1181 2227 Ecclesia
1199 2173 1675 2240 administrabant,
1709 2176 1887 2246 ipsum

287 2267 444 2315 terrae
475 2259 680 2314 hiatum
710 2277 810 2330 per
841 2268 916 2315 tot
940 2261 1055 2315 dies
1084 2263 1483 2330 sustinuerunt,
1517 2265 1699 2318 donec
1727 2264 1888 2320 allato

287 2349 487 2404 abbate
543 2349 918 2402 innominabili
970 2351 1027 2402 in
1087 2351 1336 2421 sepulcro
1383 2351 1582 2406 sublati
1617 2354 1885 2408 Dunstani

287 2437 694 2492 collocaretur?
725 2437 857 2490 Mira
896 2437 1179 2507 patientia,
1210 2447 1261 2493 et
1301 2455 1429 2494 vere
1462 2441 1758 2497 mirabilior
1786 2459 1884 2513 pro

289 2526 530 2581 adventu
561 2527 770 2581 venturi
810 2526 1020 2581 abbatis
1050 2527 1252 2582 Delsini
1302 2529 1388 2582 vel
1420 2528 1626 2584 Wlsini
1659 2530 1885 2586 fortasse

290 2615 465 2671 vocati
494 2615 868 2685 exspectatio!
911 2616 1139 2685 Propter
1168 2617 1334 2685 quod,
1385 2617 1589 2672 domini
1621 2621 1746 2687 mei,
1779 2621 1885 2675 ob-

289 2721 463 2768 secro,
498 2713 576 2759 est
607 2720 674 2758 ne
723 2703 918 2774 aliquis
950 2705 1081 2775 quid
1111 2705 1181 2759 ad
1207 2713 1410 2760 tantam
1443 2708 1735 2762 vanitatem
1767 2723 1826 2764 se
1852 2725 1884 2763 a

292 2794 400 2848 risu
430 2791 701 2848 contineat
725 2793 752 2846 εἰ
781 2793 848 2846 Εῑ
877 2801 1022 2847 certe
1070 2794 1249 2848 adhuc
1275 2794 1408 2848 satis
1450 2797 1604 2865 plura
1635 2812 1739 2851 non
1773 2799 1882 2851 mi-

291 2895 392 2932 nus
421 2878 621 2932 idonea
653 2878 723 2932 ad
745 2877 1138 2948 designandam
1163 2879 1331 2948 ipsius
1358 2880 1606 2935 vanitatis
1627 2881 1883 2952 ineptiam

290 2966 474 3022 dicere
503 2981 812 3036 possemus,
846 2965 892 3018 si
929 2966 1123 3036 pudori
1153 2968 1288 3022 sacri
1319 2969 1553 3022 coenobii
1586 2970 1746 3023 vestri
1777 2985 1884 3025 non

288 3071 651 3126 parceremus.
698 3055 830 3109 Cum
878 3055 1021 3109 enim
1054 3055 1205 3121 tales,
1257 3057 1346 3126 qui
1378 3058 1450 3111 ita
1486 3073 1545 3111 se
1576 3057 1880 3124 infamant.,

294 3144 461 3212 fovet,
512 3143 694 3211 nutrit,
745 3143 1103 3213 amplectitur,
1155 3145 1331 3214 pudor
1365 3153 1446 3199 est
1475 3144 1551 3200 illi
1595 3155 1647 3201 et
1676 3153 1881 3216 appro-

294 3233 474 3287 brium
518 3247 797 3303 magnum.
846 3232 960 3286 Nec
1007 3233 1154 3287 enim
1195 3233 1601 3288 Glastonienses
1631 3250 1695 3289 ea
1741 3243 1883 3288 tem-

296 3329 526 3392 pestate,
573 3337 679 3392 qua
705 3320 934 3392 ﬁngunt,
988 3321 1332 3375 Cantuariam
1376 3332 1637 3377 venerunt
1685 3339 1785 3377 nec
1811 3322 1886 3376 ibi

296 3411 596 3466 conversati
628 3417 775 3463 sunt.
814 3410 936 3463 Non
964 3409 1134 3480 igitur
1171 3408 1279 3462 illis
1306 3409 1732 3480 subripientibus
1762 3427 1887 3465 cor-

295 3514 399 3569 pus
429 3498 568 3553 beati
603 3497 863 3552 Dunstani
913 3497 1070 3551 nobis
1094 3497 1329 3552 ablatum
1363 3506 1416 3553 et
1445 3499 1599 3553 vobis
1629 3501 1890 3555 ullatenus

304 3588 417 3641 funt
447 3587 696 3640 allatum.
737 3586 845 3640 Sed
876 3586 946 3639 ab
977 3587 1097 3640 aliis
1127 3594 1216 3640 aut
1247 3587 1353 3642 alio
1401 3595 1640 3657 tempore
1669 3589 1888 3643 allatum

299 3677 536 3746 negatis.
599 3675 859 3730 Fatemini
906 3689 1038 3746 ergo
1081 3690 1306 3731 necesse
1352 3684 1434 3731 est
1480 3684 1629 3732 vates
1688 3686 1892 3733 vestros

300 3763 436 3818 falsa
503 3764 732 3832 locutos,
791 3771 845 3817 et
899 3763 970 3817 de
1019 3777 1246 3832 corpore
1303 3763 1445 3819 beati
1496 3765 1756 3820 Dunstani
1796 3781 1893 3821 vos

299 3851 592 3922 quidquam
609 3852 815 3907 habere
840 3851 1174 3906 omnimodis
1195 3851 1359 3906 falsos
1388 3868 1523 3908 esse.
1557 3853 1896 3926 QuaprOpter

298 3941 560 3996 consulite
619 3941 779 3995 fama:
838 3948 1050 4005 vestrae,
1111 3947 1164 3995 et
1191 3940 1260 3994 ab
1298 3939 1402 3995 ista
1431 3942 1670 3997 vanitate
1697 3958 1758 3998 os
1795 3959 1893 3998 ve-

298 4038 470 4084 strum
492 4029 760 4085 cohibete.
792 4031 1049 4084 Attamen
1071 4029 1271 4084 veritas
1284 4030 1461 4098 vobis,
1484 4029 1528 4084 si
1556 4031 1708 4085 obliti
1742 4032 1893 4099 estis,

297 4118 354 4174 in
384 4120 704 4174 memoriam
734 4126 1045 4174 revocetur.
1070 4117 1291 4190 Absque
1307 4117 1473 4174 dubio
1503 4120 1696 4174 scitote
1725 4120 1899 4191 Agel-

299 4209 522 4262 notbnm
574 4206 849 4274 abbatem,
900 4207 1012 4262 imo
1055 4215 1105 4261 et
1136 4206 1387 4262 abbatem
1435 4205 1894 4274 Glastoniensem,

298 4310 422 4350 cum
453 4311 561 4351 uno
604 4295 692 4350 vel
732 4295 948 4350 duobus
991 4295 1269 4351 monachis
1316 4294 1445 4350 olim
1475 4311 1575 4366 per
1601 4295 1894 4365 plurimum

299 4385 559 4454 temporis
588 4388 963 4439 conversatum
998 4383 1320 4438 Cantuariam
1362 4384 1429 4439 Et
1458 4384 1708 4438 abbatem
1747 4385 1892 4452 dico,

1914 3104 1962 3167 C

2002 1815 2280 1886 hucusque
2332 1816 2602 1884 perlatum
2635 1827 2716 1873 est
2746 1835 3016 1891 quemque
3073 1823 3309 1892 illorum,
3372 1830 3461 1899 qui
3494 1830 3603 1885 illis

1998 1899 2192 1957 diebus
2215 1919 2341 1958 vere
2358 1903 2590 1967 fuerunt,
2616 1905 2742 1962 inde
2762 1908 2830 1961 de
2852 1925 2957 1980 quo
2981 1912 3146 1982 agitis
3169 1915 3374 1985 aliquid
3394 1917 3603 1974 dixisse

2000 1991 2086 2046 vel
2118 1992 2424 2060 scripsisse,
2461 1994 2601 2064 quod
2636 1996 2809 2050 cuivis
2839 2013 3025 2052 sanum
3059 2001 3295 2071 sapienti
3329 2020 3425 2072 pro
3457 2007 3603 2062 dicto

2000 2083 2085 2135 vel
2161 2082 2363 2151 scripto
2444 2083 2844 2152 suscipiendum
2924 2087 3190 2143 videatur.
3262 2092 3604 2164 Quapmpter

1998 2168 2216 2224 Omissis
2264 2169 2566 2237 puerilibus
2598 2172 2808 2238 neniis,
2871 2183 2926 2228 ut
2955 2175 3112 2231 decet
3150 2179 3296 2233 viros
3333 2183 3603 2250 sapientes

1997 2265 2160 2326 atque
2208 2257 2499 2327 perfectos,
2549 2259 2764 2329 diligite
2821 2261 3039 2316 beatum
3089 2265 3423 2322 Dtmstanum
3467 2271 3604 2326 sicut

1999 2345 2212 2399 Patrem
2253 2351 2494 2400 vestrum
2550 2355 2713 2417 atque
2745 2362 3056 2419 patronum,
3115 2362 3168 2407 et
3223 2357 3502 2412 veritatem
3533 2359 3600 2416 de

1997 2449 2068 2489 eo
2098 2434 2401 2504 loquimini,
2435 2443 2488 2488 et
2513 2444 2642 2490 tunc
2672 2452 2862 2491 revera
2893 2439 3045 2511 diligi
3103 2442 3174 2496 ab
3227 2460 3292 2498 eo
3352 2447 3596 2502 merebi-

1997 2522 2149 2576 mini.
2181 2523 2483 2576 Membrum
2513 2533 2567 2578 et
2594 2527 2800 2580 amicus
2828 2536 2910 2580 est
2940 2544 3165 2585 summie
3202 2533 3462 2598 veritatis,
3499 2551 3596 2592 nec

1995 2611 2064 2664 ab
2095 2611 2212 2679 ipsa
2240 2610 2618 2665 discordantes
2663 2622 2842 2682 potest
2871 2616 3157 2672 admittere
3197 2618 3250 2672 in
3279 2619 3452 2676 sinum
3485 2638 3597 2678 suae

1995 2699 2292 2755 charitatis.
2355 2699 2519 2755 Novit
2563 2701 2710 2756 Deus
2767 2711 2819 2757 et
2867 2703 2986 2773 ipse
3021 2706 3182 2760 Pater
3229 2717 3279 2762 et
3308 2709 3600 2768 advocatus

1995 2797 2178 2843 noster
2224 2788 2572 2842 dulcissimus
2623 2790 2748 2861 quia
2780 2807 2899 2860 quae
2944 2792 3087 2858 dico,
3137 2811 3237 2864 pro
3267 2805 3447 2853 vestro
3498 2801 3600 2855 ho-

1993 2891 2128 2931 nore
2159 2879 2214 2931 et
2243 2877 2472 2932 utilitate
2499 2877 2622 2932 dico
2647 2895 2661 2944 ;
2694 2893 2793 2934 nec
2823 2879 2876 2932 in
2901 2881 3050 2935 aliud
3082 2884 3251 2938 tendit
3284 2887 3399 2940 haec
3429 2888 3604 2943 inten-~

1996 2965 2068 3020 tio
2116 2981 2258 3030 mea,
2292 2965 2390 3019 nisi
2424 2974 2480 3020 ut
2510 2967 2674 3030 Deus,
2710 2967 2797 3037 qui
2849 2969 3047 3024 veritas
3077 2979 3176 3036 est,
3213 2981 3266 3027 et
3296 2974 3348 3028 in
3381 2976 3595 3031 beatum

1995 3053 2352 3120 Dunstanum,
2405 3055 2542 3108 sicut
2569 3071 2788 3125 aequum
2821 3066 2923 3125 est,
2975 3059 3372 3129 magniﬁcetur,
3409 3064 3600 3119 laude-

1991 3153 2075 3200 tur
2100 3150 2154 3196 et
2182 3142 2510 3211 prsedicetur
2540 3151 2647 3196 tam
2699 3160 2732 3197 a
2764 3145 2918 3199 vobis
2949 3162 3112 3216 quam
3171 3164 3203 3202 a
3242 3150 3420 3216 nobis,
3449 3161 3502 3207 et
3531 3154 3599 3223 (si

1989 3229 2201 3284 efficere
2231 3233 2470 3299 possem)
2503 3230 2572 3283 ab
2601 3232 2866 3287 universis
2897 3231 3147 3288 fidelibus
3200 3237 3361 3292 totius
3391 3242 3598 3301 conditi

1994 3317 2159 3372 orbis.
2190 3316 2318 3371 Scio
2347 3318 2476 3388 quia
2505 3319 2668 3373 modo
2697 3320 3055 3388 epistolarnm
3088 3323 3142 3376 in
3174 3325 3446 3395 loquendo
3474 3344 3597 3398 pau-

1995 3405 2166 3474 lisper
2219 3406 2448 3460 excessi.
2509 3406 2616 3460 Sed
2678 3408 2800 3462 talis
2827 3407 2923 3463 fuit
2974 3412 3194 3466 materia
3235 3422 3310 3480 ut,
3347 3418 3594 3486 quamvis

1996 3507 2083 3546 me
2112 3494 2492 3562 proposuerim
2525 3496 2714 3563 paucis
2748 3495 3075 3566 locuturum,
3107 3507 3284 3555 tamen
3316 3518 3373 3556 se
3403 3512 3600 3560 exten-

1996 3581 2147 3636 deret
2176 3581 2230 3634 in
2275 3581 2330 3634 id
2359 3582 2506 3652 quod
2537 3583 2732 3638 videtis
2777 3594 3059 3641 extensum
3091 3587 3362 3660 eloquium
3397 3607 3599 3648 meum.

1995 3670 2077 3724 Ne
2106 3685 2241 3741 ergo
2290 3671 2577 3725 miremini.
2623 3673 2744 3728 Non
2773 3678 2859 3729 est
2903 3675 3052 3728 enim
3084 3677 3328 3734 homini:
3359 3681 3450 3735 via
3480 3683 3602 3752 ejus

1997 3757 2137 3824 (Jer.
2181 3776 2232 3829 κ,
2263 3760 2380 3829 23).
2422 3760 2532 3814 Vos
2564 3761 2761 3831 itaque,
2793 3763 2999 3818 domini
3029 3772 3081 3819 et
3105 3764 3297 3821 fratres
3320 3769 3445 3834 mei,
3479 3771 3603 3840 qui-

2001 3847 2102 3902 bus
2143 3848 2288 3903 Deus
2317 3849 2528 3917 aperuit
2574 3866 2789 3904 sensum
2837 3852 3175 3925 intelligendi
3225 3871 3346 3925 quae
3377 3860 3604 3914 rationis

2000 3945 2143 4003 sunt,
2189 3937 2514 4006 compescite
2567 3938 2938 4008 insipientium
2991 3943 3258 4011 juvenum
3305 3960 3600 4014 procacem

2001 4024 2370 4090 insolentiam,
2405 4025 2496 4094 qui
2553 4041 2620 4080 eo
2667 4027 2841 4081 solum
2874 4036 2932 4082 ut
2978 4029 3263 4084 videantur
3289 4034 3426 4088 scire
3457 4035 3609 4105 loqui

2001 4112 2249 4183 aperiunt
2290 4127 2385 4168 ora
2421 4129 2538 4180 sua,
2589 4113 2644 4167 in
2687 4130 3022 4186 quaecunque
3062 4119 3381 4174 volubilitas
3425 4123 3608 4177 cordis

2003 4202 2083 4256 sui
2115 4216 2209 4256 eos
2239 4200 2576 4267 distenderit,
2619 4209 2959 4258 autumantes
2986 4219 3044 4260 se
3073 4206 3273 4276 aliquid
3300 4225 3440 4280 esse,
3471 4227 3598 4268 cum

2000 4290 2233 4344 aliorum
2291 4289 2613 4360 simplicitas
2641 4290 2751 4345 suis
2806 4292 2988 4346 verbis
3015 4298 3393 4353 accommodat
3422 4313 3596 4356 aures.

2003 4377 2141 4434 Novi
2169 4377 2437 4448 quosdam
2467 4377 2592 4432 olim
2650 4378 2804 4447 tales,
2859 4389 2912 4435 et
2943 4397 3031 4437 me
3074 4381 3303 4439 fortasse
3336 4386 3517 4457 fuisse,
3551 4398 3602 4445 et

298 4472 423 4542 quia
451 4489 548 4544 per
580 4473 753 4528 beam
782 4472 1059 4528 memoriae
1103 4471 1461 4528 Lanfmncum
1502 4473 1716 4529 Sancta;
1745 4475 1890 4529 Cm-
1920 4458 1972 4518 D
2003 4484 2068 4523 ea
2092 4484 2152 4523 re
2181 4483 2287 4523 non
2317 4467 2538 4538 penitus
2581 4467 2764 4524 diﬂido
2812 4469 2999 4524 talium
3029 4478 3079 4526 et
3108 4473 3212 4526 mei
3259 4474 3462 4530 similes
3492 4478 3601 4532 ali~

298 4562 586 4616 tuariensis
616 4561 876 4617 Ecclesiae
905 4577 1168 4616 summum
1201 4560 1539 4616 sacerdotem
1563 4561 1614 4615 in
1644 4563 1892 4634 generali

300 4651 464 4706 totius
506 4650 717 4722 Anglice
761 4650 968 4721 synodo
997 4664 1030 4704 a
1076 4665 1172 4704 sua
1202 4649 1421 4705 abbatia
1466 4650 1640 4705 fuerat
1669 4649 1890 4722 deposi-

297 4748 382 4794 tus
406 4740 542 4810 (35),
588 4747 641 4794 et
671 4739 976 4794 Cantuariaa
1014 4738 1181 4810 digna
1223 4738 1442 4808 quidem
1487 4747 1634 4794 tanto
1665 4739 1803 4809 viro,
1839 4740 1892 4794 in

298 4829 536 4900 quadam
588 4836 765 4883 tamen
809 4828 960 4898 quasi
1008 4827 1255 4897 captione
1292 4827 1520 4897 positus,
1553 4836 1601 4882 et
1635 4835 1758 4884 tunc
1789 4845 1892 4883 nu-

298 4933 476 4973 merus
520 4919 907 4972 monachorum
956 4916 1085 4970 inibi
1113 4917 1352 4971 Domino
1393 4915 1603 4971 Christo
1651 4921 1704 4972 et
1735 4917 1891 4972 beato

299 5004 578 5061 Dunstano
635 5003 1011 5060 famulantium
1070 5004 1488 5076 sexagenariam
1535 5005 1887 5074 quantitatem

299 5095 632 5149 ascenderat.
655 5093 722 5148 Si
751 5094 918 5166 igitur
942 5108 1180 5164 unquam
1212 5093 1460 5149 monachi
1485 5093 1888 5150 Glastonienses

367 5272 482 5343 (3L)
539 5271 725 5328 Refert
780 5272 836 5326 id
895 5271 1174 5328 Osbernus
1227 5273 1279 5328 in
1313 5272 1541 5343 Elphegi
1593 5273 1734 5331 Vita.
1768 5275 1894 5330 Post

367 5289 482 5343 (ss)
540 5289 725 5328 ueteri
780 5289 836 5326 in
895 5289 1174 5328 usnernus
1227 5291 1279 5328 in
1315 5289 1541 5398 mpnegi
1599 5289 1734 5331 Vita.
1768 5289 1892 5330 νοεῖ

302 5343 590 5424 lugubrem
617 5345 774 5398 istam
797 5345 1451 5426 monachorumstragem,
1505 5343 1672 5426 ‘lerici
1693 5345 1892 5426 avitam

305 5413 726 5488 possessionem,
777 5421 1123 5488 quamante
1158 5413 1353 5488 novem
1388 5429 1570 5488 annos
1595 5413 1664 5468 ab
1692 5414 1895 5472 Alfrico

303 5485 716 5557 archiepiscopo
758 5485 971 5556 eapulsi
1017 5485 1328 5553 amiserant,
1388 5485 1792 5556 recuperarunt,
1841 5494 1899 5542 et

297 5557 369 5616 ad
427 5555 712 5615 Liufranci
787 5555 1039 5630 tempore
1094 5564 1394 5626 tenuerunt,
1459 5555 1535 5614 ita
1590 5565 1770 5613 tamen
1826 5563 1886 5613 ut

2001 4572 2141 4628 quos
2171 4558 2273 4612 hoc
2329 4564 2569 4628 tempore
2607 4573 2748 4614 esse.
2797 4559 2904 4614 Sed
2928 4559 3045 4628 jam
3076 4561 3230 4616 senui
3281 4572 3332 4618 et
3360 4565 3598 4636 incanui,

2001 4654 2054 4700 et
2085 4646 2275 4711 multa,
2335 4661 2456 4716 quae
2479 4647 2693 4716 juvenis
2751 4649 3268 4718 magnipendebam,
3319 4653 3462 4708 duco
3490 4670 3591 4723 pro

2000 4734 2192 4788 nihilo.
2240 4733 2356 4790 Hoc
2384 4735 2484 4789 erit
2513 4735 2628 4789 Deo
2671 4735 2909 4791 donante
2940 4744 2990 4790 et
3014 4737 3305 4807 juvenibus
3337 4745 3597 4813 temporis

2000 4823 2327 4891 hujusmodi.
2367 4822 2507 4890 Quia
2537 4839 2670 4878 vero
2717 4824 2997 4893 prolixitas
3027 4825 3269 4896 epistolae
3299 4828 3459 4884 ﬁnem
3490 4848 3594 4902 po-

1999 4911 2173 4976 stulat,
2206 4912 2309 4966 hoc
2339 4911 2586 4966 ultimum
2633 4913 2776 4980 dico,
2809 4913 3069 4983 quoniam
3101 4915 3146 4968 si
3176 4931 3366 4972 omnes
3395 4919 3598 4993 antiqui

2001 5000 2187 5054 Patres
2220 4999 2402 5066 vestri,
2435 5001 2525 5070 qui
2556 5001 2611 5053 in
2649 5001 2902 5057 coenobio
2936 5002 3302 5059 Glastoniensi
3325 5007 3439 5076 jam
3471 5019 3594 5067 ante

1997 5095 2213 5144 centum
2260 5103 2429 5142 annos
2455 5088 2664 5144 fuerunt
2713 5089 2973 5158 defuncti,
3005 5092 3214 5165 aliquos
3245 5104 3425 5153 tamen
3463 5107 3592 5170 puto

2000 5269 2211 5329 clericis
2239 5271 2487 5327 monachi
2519 5270 2726 5326 minore
2757 5287 2980 5329 numero
3001 5274 3446 5333 admiscerentur.

2074 5341 2455 5416 (35)__Factum
2485 5341 2537 5396 id
2578 5344 2786 5416 videtur
2814 5359 2954 5400 anno
2978 5349 3163 5416 #1801,
3205 5362 3312 5416 quo
3341 5349 3588 5403 Tbursti-

2003 5429 2131 5467 num
2184 5412 2614 5467 Northmannum
2672 5413 2906 5468 abbatia:
2965 5412 3331 5471 Glastoniensi
3365 5433 3396 5470 a
3453 5418 3598 5474 Lan-

2005 5486 2197 5538 franco
2229 5485 2584 5552 praepositum
2615 5484 2778 5539 fuisse
2808 5484 2976 5539 refert
2996 5487 3227 5542 Historia
3255 5487 3589 5548 Glastonien-

2004 5555 2081 5611 εἰς
2101 5553 2168 5619 in
2198 5553 2516 5623 Monastico,
2541 5563 2677 5611 tom.
2717 5557 2760 5624 Ι,
2790 5570 2848 5625 p.
2886 5557 2970 5611 t7.
