3956 6084
420 332 520 395 807

884 324 1197 390 saeuam
1237 306 1789 385 CANTUARIENSIS
1818 300 2145 384 nomen
2175 304 2392 382 EPIST.
2435 327 2530 381 an
2558 324 2874 386 MONACH.
2904 316 3226 389 W‘IeonN.

3617 322 3725 389 sos

417 480 700 540 superesse
751 460 995 533 quiante
1045 457 1149 513 ista
1204 456 1698 511 Northmannorum
1760 462 2003 525 tempora
2030 452 2086 512 A
2116 452 2260 523 poris
2315 449 2512 507 factam
2541 468 2649 509 non
2689 453 2934 525 negabit.
2992 455 3134 510 Nam
3176 456 3220 510 si
3273 457 3435 513 aliter
3494 458 3724 527 faceret,

419 558 554 615 inibi
583 552 764 609 nutriti
795 550 849 603 in
903 546 1219 603 monachica
1264 542 1527 616 religione
1579 543 1813 610 fuerunt,
1854 560 2011 615 quee-

419 649 521 704 rite
551 645 617 700 ab
648 642 750 706 eis,
783 638 825 693 si
874 636 965 706 qui
997 643 1142 702 sunt,
1171 641 1349 688 utrum
1382 633 1729 688 recordentur
1755 633 2011 687 abbatem

418 737 524 793 loci
579 730 741 787 vestri
797 725 1025 798 singulis
1075 723 1232 778 annis
1288 722 1356 777 ad
1440 720 1782 777 festivitatem
1843 720 2012 777 Patris

416 820 678 881 Dunstani
725 834 848 873 cum
880 822 1107 885 quatuor
1133 820 1227 867 aut
1253 810 1500 881 pluribus
1554 811 1834 867 monachis
1864 811 2009 866 Can-

417 913 647 970 tuariam
702 906 918 962 solitum
966 902 1172 971 venire,
1223 909 1276 955 et
1314 899 1388 955 ibi
1420 915 1515 970 per
1562 916 1654 955 sex
1691 907 1783 954 aut
1828 900 2009 971 plures

413 1003 531 1058 dies
570 1001 710 1054 inter
738 996 931 1050 fratres
960 992 1031 1047 ob
1075 990 1439 1046 reverentiam
1472 989 1601 1043 tanti
1636 988 1810 1042 Patris
1864 988 2007 1042 laeti-

417 1092 503 1146 tiae
549 1096 602 1143 et
651 1080 995 1142 exsultationi
1024 1094 1236 1145 vacare,
1291 1092 1472 1132 annon
1492 1079 1521 1130 ‘2
1549 1077 1794 1143 Estimo,
1825 1077 1868 1130 si
1899 1078 2005 1132 ali-

412 1179 535 1252 quis
559 1176 751 1232 talium
790 1173 1067 1240 hucusque
1114 1167 1388 1234 remansit,
1426 1166 1497 1220 ita
1539 1181 1654 1221 rem
1703 1173 1828 1221 tunc
1867 1173 2007 1221 tem-

2123 539 2309 611 procul
2365 540 2531 596 dubio
2587 542 2799 597 veritati
2863 543 3163 599 contrarius
3218 555 3375 601 esset.
3428 546 3484 603 Si
3551 548 3729 619 igitur

2120 645 2320 700 corpus
2339 629 2479 685 beati
2510 630 2769 685 Dunstani
2800 648 2861 687 se
2891 632 3133 688 sciebant
3162 632 3364 690 habere
3394 635 3719 705 Glastoniae,

2121 735 2221 773 cur
2247 718 2380 773 illud
2409 719 2779 774 venerandum
2820 720 2874 775 in
2905 737 3001 776 sua
3044 721 3337 779 festivitate
3366 724 3721 795 requirebant

2119 807 2464 862 Cantuarim?
2511 808 2639 863 Haec
2667 808 2742 863 ita
2786 809 2895 864 sint
2920 810 2989 865 ad
3028 809 3446 882 imprudentium
3516 818 3720 872 confu-

2119 896 2340 951 tandum
2387 911 2647 964 errorem,
2694 905 2747 951 et
2772 897 2854 970 :ad
2901 899 3247 969 prudentium
3280 902 3719 964 conﬁrmandum

2117 985 2173 1039 in
2210 1001 2311 1039 nos
2367 991 2551 1056 (quem
2612 985 2840 1040 multum
2897 994 3149 1057 optamus
3196 990 3419 1063 habere)
3465 1005 3720 1052 sanctum

2113 1090 2374 1130 amorem.
2435 1074 2623 1129 Valeat
2652 1074 2817 1146 igitur
2863 1076 3120 1132 sanctitas
3183 1086 3360 1134 vestra
3404 1081 3457 1135 in
3504 1084 3717 1141 Christo

2115 1164 2261 1231 Jesu,
2291 1169 2345 1219 et
2370 1170 2492 1217 oret
2519 1177 2623 1232 pro
2652 1163 2829 1218 nobis.

1054 1369 1307 1442 Explicil
1347 1369 1586 1440 epistola
1614 1367 1877 1424 Eadmeri
1904 1367 2171 1426 monachi
2198 1364 2462 1421 Ecclesia
2494 1361 2709 1419 Christi
2739 1364 3084 1422 Cantuariis.

414 1496 3693 1524 —_—__———-——————————————————-————u————

1633 1628 2512 1746 EADMEBI

1345 1834 1681 1893 EPISTOLA
1705 1836 1798 1891 AD
1829 1832 2217 1891 MONACHOS
2249 1833 2808 1894 WIGOBNIENSES

1699 1986 1791 2050 De
1819 1987 2126 2049 electione
2156 1986 2441 2068 episcOpi

694 2152 1042 2225 [Wan‘mom
1074 2151 1286 2224 Anglia
1315 2166 1500 2220 sacra,
1535 2158 1572 2205 t.
1606 2150 1675 2219 II,
1708 2165 1769 2220 p.
1809 2151 1934 2218 238,
1966 2164 2032 2203 ex
2062 2147 2399 2203 bibliotheca
2430 2147 2772 2219 Cottoniana,
2811 2150 3089 2210 Claudius
3120 2154 3190 2224 Α,
3226 2152 3277 2227 1]
3315 2154 3454 2227 (36).

492 2408 738 2465 Dominis
784 2417 838 2465 et
883 2410 1142 2467 fratribus
1170 2412 1304 2481 suis,
1352 2410 1574 2468 domino
1598 2410 1853 2467 videlicet
1877 2411 2015 2466 cha-
2046 2405 2097 2467 B
2123 2404 2288 2476 igitur
2314 2407 2542 2475 propter
2582 2404 2797 2460 animus
2842 2414 3070 2475 vestras,
3128 2423 3198 2464 ne
3254 2408 3417 2479 primi
3488 2411 3613 2465 sitis
3644 2413 3738 2481 qui

418 2497 758 2553 rissimorum
806 2499 1131 2556 charissimo
1178 2501 1350 2556 Priori
1378 2502 1452 2557 N.
1515 2508 1567 2556 et
1597 2500 1720 2556 aliis
1766 2498 2026 2555 omnibus

430 2585 718 2656 Wigornae
770 2588 884 2643 Deo
916 2590 1279 2644 servientibus
1318 2589 1489 2645 frater
1514 2590 1580 2645 E.
1613 2589 1855 2660 ipsorum
1884 2595 2025 2644 totus

426 2688 617 2743 pacem
649 2675 745 2729 Dei
776 2691 990 2731 omnem
1031 2694 1248 2733 sensum
1280 2686 1721 2748 exsuperantem.

498 2761 655 2816 Pater
700 2771 897 2831 vester,
930 2764 1217 2835 episcopus
1246 2775 1443 2836 vester,
1484 2774 1541 2821 ut
1579 2765 1742 2831 scitis,
1766 2781 1797 2820 a
1826 2764 2026 2821 saeculo

426 2849 667 2918 transiit;
701 2860 754 2905 et
802 2866 900 2907 vos
948 2855 1176 2922 orphani
1220 2855 1393 2909 relicti
1442 2857 1593 2909 estis.
1662 2854 1770 2909 Sed
1820 2854 2026 2909 utinam

427 2935 521 2991 ille
562 2937 653 3006 qui
698 2938 832 2993 dixit
871 2940 1152 3012 discipulis
1200 2943 1309 2997 suis
1350 2958 1362 2997 :
1414 2945 1535 3000 Non
1584 2943 1905 3016 relinquam
1935 2958 2028 2999 vos

424 3026 705 3096 orphanos
763 3028 946 3090 (Joan.
1002 3044 1120 3097 xtv,
1155 3030 1264 3100 18),
1316 3046 1414 3086 vos
1457 3032 1736 3103 orphanos
1782 3047 1891 3086 non
1933 3047 2025 3087 re-

424 3110 629 3183 linquat
656 3113 668 3170 l
721 3115 790 3170 Et
817 3116 1002 3187 utique
1029 3133 1138 3173 non
1182 3119 1470 3191 relinquet,
1505 3122 1552 3175 si
1584 3136 1681 3177 vos
1709 3137 1832 3176 eum
1863 3120 2028 3191 primi

424 3216 533 3257 non
592 3203 946 3275 reliqueritis.
978 3208 1100 3262 Non
1140 3208 1463 3279 relinquetis
1510 3217 1713 3280 autem,
1759 3209 1801 3263 si
1834 3224 2027 3279 pacem

427 3289 569 3346 inter
598 3308 696 3348 vos
725 3293 1041 3351 habueritis.
1076 3296 1202 3369 Ipse
1231 3303 1317 3354 est
1357 3300 1511 3355 enim
1532 3315 1656 3371 pax
1684 3304 1902 3368 nostra,
1933 3302 2029 3373 qui

422 3382 563 3451 fecit
610 3386 851 3456 utraque
879 3401 1064 3441 unum
1114 3389 1338 3459 (Ephes.
1371 3404 1433 3455 ιι,
1486 3392 1597 3460 14).
1632 3390 1836 3445 Pacem
1865 3389 2030 3461 igitur

422 3468 616 3526 habete
646 3470 787 3527 inter
812 3479 982 3529 voset
1011 3475 1158 3531 Deus
1186 3480 1345 3548 pacis
1373 3480 1486 3533 erit
1507 3479 1785 3535 vobiscum
1802 3477 1883 3549 (11
1903 3480 2024 3536 σοι’.

420 3572 541 3624 xm,
594 3559 703 3628 11).
747 3558 907 3627 Quod
937 3562 979 3616 si
1030 3564 1176 3619 Deus
1224 3565 1385 3621 fuerit
1412 3567 1713 3636 vobiscum,
1744 3583 1843 3638 pro
1881 3575 2026 3623 certo

422 3645 523 3699 erit
550 3653 604 3700 et
631 3661 730 3714 pro
769 3648 941 3703 vobis.
976 3650 1041 3704 Et
1071 3652 1119 3705 si
1163 3653 1312 3707 Deus
1342 3670 1445 3725 pro
1476 3655 1653 3723 vobis,
1688 3656 1809 3727 quis
1840 3663 2025 3711 contra

2133 2492 2529 2563 exstirpemini.
2563 2492 2620 2547 Si
2649 2494 2901 2562 consilia,
2943 2495 3146 2567 quibus
3171 2496 3435 2552 hactenus
3464 2498 3554 2552 usi
3586 2499 3736 2565 estis,

2132 2596 2328 2651 pacem
2370 2590 2692 2652 pepererunt
2750 2584 2888 2638 inter
2913 2599 3029 2649 vos,
3065 2592 3116 2640 et
3164 2593 3335 2640 terras
3378 2596 3613 2656 vestras,
3668 2603 3739 2643 ex

2136 2670 2330 2739 quibus
2360 2670 2584 2739 victum,
2621 2672 2869 2728 vestitum
2902 2681 2957 2727 et
2983 2673 3167 2729 omnia
3197 2676 3509 2731 necessaria
3537 2677 3740 2732 habere

2135 2758 2369 2827 debetis,
2421 2758 2475 2813 in
2532 2760 2787 2815 manibus
2846 2761 3043 2816 vestris
3099 2762 3513 2835 diligentissime
3569 2766 3742 2820 cultas

2136 2848 2491 2915 retinuerunt,
2542 2857 2595 2903 et
2623 2859 2940 2905 ornamenta
2979 2850 3237 2906 Ecclesia:
3278 2852 3334 2906 in
3383 2853 3584 2924 quibus
3628 2854 3739 2911 Deo

2137 2936 2352 2991 servitis
2379 2936 2742 2992 sacratissima
2788 2953 2920 2994 cura
2966 2955 3035 2994 ne
3066 2956 3335 3011 quoquam
3365 2941 3739 2999 distraheren-

2138 3032 2225 3079 tur
2269 3034 2748 3093 conservaverunt,
2800 3043 2833 3082 o
2886 3026 3089 3082 domini
3116 3029 3245 3096 mei,
3275 3029 3367 3085 illa
3408 3037 3605 3094 tenete,
3638 3048 3739 3089 nec

2136 3112 2207 3167 ab
2228 3113 2335 3168 illis
2363 3114 2537 3185 gratia
2565 3115 2810 3185 cujusvis
2841 3116 3001 3171 amici
3033 3117 3212 3172 velitis
3243 3117 3546 3175 discedere.
3580 3119 3736 3189 Quod

2135 3202 2177 3255 si
2228 3202 2423 3258 horum
2470 3202 2648 3273 aliqua
2691 3205 2964 3260 contraria
3009 3205 3148 3261 inter
3193 3222 3296 3262 vos
3338 3216 3564 3277 operata
3594 3217 3734 3276 sunt,

2136 3298 2362 3361 propter
2404 3292 2829 3361 omnipotentem
2874 3294 3050 3349 Deum
3099 3293 3299 3349 nullius
3348 3310 3511 3352 amor
3556 3313 3654 3352 vos
3682 3299 3737 3353 in

2137 3379 2216 3433 eis
2262 3379 2521 3446 detineat,
2574 3380 2777 3435 nullius
2804 3380 3009 3437 blanda
3055 3383 3347 3452 promissio
3376 3383 3493 3439 ulla
3529 3386 3741 3442 ratione

2137 3467 2385 3535 seducat,
2409 3475 2467 3522 ut
2489 3469 2540 3522 in
2561 3470 2643 3523 eis
2671 3470 3055 3539 permaneatis.
3083 3471 3291 3527 Servite
3311 3472 3448 3541 Deo,
3481 3482 3533 3529 et
3558 3476 3739 3529 omnia

2135 3556 2434 3612 necessaria
2490 3556 2815 3613 ministrabit
2871 3559 3048 3615 vobis.
3107 3560 3283 3616 Nemo
3347 3562 3535 3617 dicat:
3612 3564 3738 3618 Non

2136 3646 2369 3701 serviam
2415 3646 2552 3713 Deo,
2587 3646 2694 3701 nisi
2723 3648 2904 3703 omnia
2953 3664 3075 3720 quae
3103 3649 3293 3706 animo
3335 3665 3462 3706 meo
3494 3651 3737 3719 sedeant,

421 3733 563 3787 vos?
595 3734 922 3790 Charissimi
951 3738 1078 3805 mei,
1102 3756 1297 3810 precor
1316 3758 1434 3811 vos,
1460 3759 1660 3814 precor
1676 3759 1774 3799 vos
1800 3753 2027 3815 propter
2055 3755 2105 3819 ο
2135 3732 2283 3803 Prius
2311 3733 2571 3790 habuem-
2623 3734 2727 3802 Qui
2757 3735 2899 3790 enim
2940 3737 3041 3792 hoc
3098 3735 3249 3807 ἀίοίίν
3316 3739 3467 3808 Prius
3520 3755 3739 3795 merce-

423 3820 595 3875 Deum
626 3831 678 3876 et
717 3832 942 3895 propter
969 3826 1308 3883 honestatem
1356 3840 1555 3886 sanctae
1584 3834 2018 3890 conversationis

424 3916 641 3976 vestrm,
690 3927 862 3966 unum
909 3921 1078 3971 estote
1125 3916 1180 3970 in
1226 3917 1442 3974 Christo
1486 3921 1633 3989 Jesu,
1693 3922 1904 3978 fundati
1960 3923 2015 3978 in

418 3996 612 4053 radice
638 3999 911 4056 charitatis
942 4003 994 4057 in
1020 4004 1138 4075 ipso
1171 4006 1393 4079 (Ephes.
1427 4023 1504 4073 ut,
1542 4013 1647 4081 l7).
1682 4010 1839 4081 Quod
1869 4013 1913 4067 si
1946 4013 2016 4069 ab

415 4086 646 4144 invicem
677 4088 834 4145 divisi
865 4090 1094 4159 fueritis,
1128 4094 1425 4151 timendum
1448 4106 1531 4153 est
1559 4100 1717 4156 vobis
1746 4110 1798 4156 et
1827 4102 2015 4159 amicis

415 4176 631 4244 vestris,
662 4194 730 4233 ne
758 4178 812 4233 in
843 4179 1234 4238 desolationem
1279 4186 1563 4257 corruatis,
1589 4188 1745 4259 juxta
1786 4192 2014 4247 verbum

415 4263 633 4321 Domini
665 4266 757 4338 qui
776 4267 927 4323 dicit.
959 4268 1133 4327 Omne
1155 4289 1391 4344 regnum
1412 4277 1475 4331 in
1496 4280 1743 4350 seipsum
1765 4282 2012 4337 divisum

415 4353 761 4443 desolabitur
799 4357 1022 4426 (Matth.
1070 4375 1165 4429 xu,
1216 4364 1326 4431 25).
1376 4364 1625 4437 Cogitate
1662 4369 1717 4424 in
1755 4381 2011 4443 quantam

412 4440 672 4498 invidiam
724 4447 1080 4516 quorumdam
1128 4451 1493 4523 malignorum
1542 4440 1819 4516 hominum
1876 4465 2011 4519 ordo

415 4533 768 4590 monachicus
797 4535 901 4591 hoc
930 4545 1178 4609 tempore
1210 4542 1376 4613 venit,
1410 4548 1466 4600 et
1492 4557 1753 4616 quantum
1775 4550 2012 4607 nitantur

421 4634 540 4677 eum
600 4620 787 4679 saltem
844 4625 914 4679 ab
971 4629 1373 4703 episcopalibus
1421 4636 1742 4708 exstirpare.
1812 4642 2011 4700 Cavete

487 4852 898 4943 ςξοξὶριίωςςξιίῑ
931 4858 983 4912 in
1028 4861 1223 4943 eodem
1234 4934 1244 4943 _
1256 4866 1447 4943 codice
1475 4868 1705 4939 epistola
1737 4874 1928 4943 prioris
1957 4888 2009 4935 et

416 4931 734 5025 ἓῖἶῖἓὲἑξιξῄ
742 4928 1110 5025 ’Ἠεοξξιᾲρξι
1127 4928 2010 5025 ξγὶἱι-Ψθι[ηυιηῖροτοιιίθρἱεέὸῇυ-ᾇί

417 4992 883 5087 gantttajensem:
912 5011 1097 5083 petens
1127 5012 1183 5058 ut
1221 5005 1460 5087 liberam
1482 4992 1591 5087 sibi

413 5062 1000 5158 electiplnezm‘agrege
1055 5072 1368 5158 im‘peteret.

413 5133 693 5189 Wilhelmi
741 5133 1145 5214 archiepiscOpi'
1182 5133 1670 5211 consolatorie—ide
1700 5133 2004 5233 ὠδῖνέῇἶῖ

2131 3822 2257 3877 dem
2313 3821 2482 3894 exigit
2538 3838 2699 3893 quam
2756 3824 3037 3879 servitium
3098 3826 3182 3881 cui
3239 3842 3453 3883 merces
3510 3829 3743 3885 debetur

2126 3910 2383 3967 exhibere
2415 3911 2567 3966 velit.
2625 3909 2781 3980 Quod
2822 3928 2985 3983 quam
3015 3914 3262 3985 ineptum
3301 3915 3370 3970 sit
3398 3918 3556 3972 etiam
3598 3918 3741 3974 inter

2125 3999 2399 4067 homines,
2446 3999 2625 4070 quivis
2667 4000 2881 4056 ratione
2924 4009 3078 4056 utens
3133 4002 3266 4058 satis
3313 4004 3561 4060 advertit.
3623 4008 3735 4062 Vos

2125 4095 2306 4144 autem
2335 4087 2516 4143 videte
2541 4087 2668 4158 quid
2698 4097 2824 4161 agat
2867 4090 3125 4146 sanctitas
3155 4100 3352 4148 vestra.
3384 4093 3502 4165 Ego
3533 4093 3733 4150 stultus

2124 4176 2307 4232 factus
2366 4186 2483 4258 sum
2540 4178 2817 4233 monendo
2873 4194 2960 4233 me
3018 4180 3271 4236 meliores
3326 4189 3378 4236 et
3405 4182 3593 4252 utique
3626 4198 3727 4253 per

2120 4265 2305 4320 omnia
2359 4263 2734 4334 sapientiores.
2765 4266 2872 4322 Sed
2902 4283 3095 4324 revera
3120 4269 3352 4325 charitas
3408 4279 3587 4326 vestra
3629 4288 3719 4328 me

2122 4354 2328 4425 coegit.
2386 4354 2575 4409 Valete
2605 4353 2771 4427 igitur
2801 4364 2854 4411 et
2883 4364 3034 4412 orate
3063 4373 3160 4428 pro
3199 4374 3308 4425 me,
3339 4367 3393 4414 et
3416 4361 3722 4430 pet-donate

2119 4441 2253 4496 mihi
2302 4442 2444 4497 hanc
2479 4457 2699 4498 noxam.
2751 4442 3108 4516 Omnipotens
3144 4447 3288 4501 Deus
3316 4447 3515 4520 dirigat
3542 4463 3641 4505 vos
3664 4458 3720 4505 et

2120 4539 2272 4587 actus
2299 4538 2503 4589 vestros
2544 4531 2599 4586 in
2629 4531 2974 4605 beneplacito
3003 4550 3123 4592 suo.
3155 4538 3351 4592 Amen.

2120 4884 2294 4941 storis.
2347 4886 3103 4963 Sglg_s_e_Wirgoniensibus
3142 4890 3413 4963 episcOpis
3454 4894 3721 4951 Theulfus

2121 4964 2365 5031 tempore
2391 4958 2677 5031 Wilbelmi
2706 4958 3105 5031 archiepiscopi
3151 4958 3306 5031 obiit,
3330 4958 3481 5020 anno
3509 4968 3719 5022 scilicet

2120 5029 2279 5104 il23,
2311 5044 2388 5104 xu
2428 5028 2549 5083 Kal.
2572 5029 2870 5085 Novembr.
2894 5028 2991 5086 illli
3019 5028 3299 5089 successit
3323 5032 3539 5104 Simon,
3571 5052 3719 5093 anno

2120 5100 2280 5178 11.25,
2339 5098 2561 5178 ele_ctus_
2590 5116 2699 5178 non
2754 5116 2826 5155 ex
2884 5118 3056 5178 grege
3088 5098 3535 5178 _monacho_rum,
3570 5109 3719 5178 quod

2117 5169 2273 5224 enixe
2301 5169 2487 5224 suadet
2519 5170 2839 5240 Eadmerus,
2871 5169 2967 5227 sed
2988 5169 3027 5229 ἒ
3055 5173 3201 5231 clero
3227 5175 3497 5233 saeculari.
