4032 6078
243 361 353 416 809

1326 356 1607 415 NICOLAI
1649 358 1862 415 EPIST.
1905 356 1996 414 ,ιο
2037 344 2454 415 EADMERUM.

3435 364 3537 421 810

803 647 1315 752 NICOLAI
1372 646 1994 751 EPISTOLA
2052 648 2227 750 AD
2286 648 2987 755 EADMERUM

1096 890 1101 895 λ
1149 894 1242 957 De
1273 890 1571 973 primatu
1602 888 1778 955 sedis
1810 888 2253 955 Eboracensis
2284 889 2352 955 in
2384 890 2625 958 Scotia.

1255 1032 1603 1148 (WARTiION,
1635 1077 1843 1149 Anglia
1870 1093 2059 1147 sacra,
2094 1084 2130 1133 t.
2164 1077 2233 1148 ΙΙ,
2276 1094 2334 1150 p.
2365 1077 2529 1147 234.)

304 1340 492 1397 Electo
522 1354 621 1409 per
646 1337 747 1393 Dei
775 1336 1005 1408 gratiam
1042 1336 1097 1390 in
1142 1336 1326 1392 Sancti
1356 1335 1598 1393 Andreae
1640 1338 1831 1393 cathe-
1861 1336 1918 1398 A
1949 1335 2391 1404 Christianitatis,
2423 1351 2527 1392 nec
2550 1351 2660 1393 non
2713 1344 2767 1393 et
2816 1335 3133 1408 pontificum
3172 1344 3543 1402 consecratio-o

236 1431 395 1484 dmm
420 1427 644 1483 domino
672 1428 931 1494 Enniano,
974 1442 1105 1480 suus
1125 1426 1408 1480 NICOLAUS
1463 1442 1531 1480 ex
1588 1426 1835 1482 adversis

232 1520 303 1573 ad
327 1517 722 1586 jucunditatem
755 1515 1030 1587 prosperis
1055 1514 1394 1570 successibus
1423 1514 1642 1570 tendere
1670 1523 1833 1570 ater-

228 1624 374 1661 nam.

306 1695 366 1748 In
423 1693 670 1749 adversis
702 1708 820 1764 qua
852 1701 902 1748 te
936 1692 1053 1765 pati
1096 1706 1512 1759 commemoras,
1571 1691 1834 1762 patientia

228 1784 471 1839 maxime
500 1784 822 1839 necessaria
870 1791 974 1850 est,
1007 1782 1205 1837 deinde
1236 1781 1532 1851 prudentia
1587 1789 1641 1835 et
1667 1781 1833 1836 indu-

225 1872 359 1927 stria
385 1873 456 1927 ad
486 1871 844 1928 evincendam
874 1871 1051 1942 gentis
1102 1870 1432 1935 barbariem,
1466 1885 1629 1939 quam
1684 1870 1833 1925 nullo

223 1961 448 2031 ingenio
465 1962 623 2016 citius
642 1962 747 2016 tuis
765 1960 1006 2015 moribus
1055 1974 1218 2029 quam
1248 1958 1502 2030 largitate
1546 1957 1837 2027 dapsilita-

229 2049 298 2104 tis
325 2051 620 2105 conciliare
639 2057 815 2119 potes.
851 2048 1010 2104 Unde
1029 2048 1093 2101 'et
1120 2047 1312 2102 beatus
1342 2048 1529 2100 Petrus
1559 2047 1836 2115 apostolus

229 2136 289 2191 in
311 2136 720 2192 instructionem
750 2135 919 2191 sancti
951 2134 1264 2202 Clementis,
1298 2148 1460 2204 quem
1487 2133 1589 2188 sibi
1620 2149 1836 2190 succes-

231 2241 417 2281 sorem
449 2225 652 2290 statuit,
684 2226 827 2278 inter
884 2233 1087 2279 catera
1145 2223 1321 2277 taliter
1347 2221 1660 2277 admonuit:
1686 2222 1837 2279 Cha-

229 2314 431 2368 ritatis
445 2313 784 2384 recipiendae
796 2316 851 2367 et
866 2311 1136 2367 habendae
1152 2313 1475 2366 maximum
1489 2312 1603 2365 erit
1627 2313 1839 2381 fomen-

232 2404 380 2469 tum,
395 2404 445 2456 si
462 2404 797 2472 frequenter
813 2401 963 2455 inter
980 2416 1070 2456 vos
1092 2414 1445 2454 communem
1467 2398 1654 2454 cibum
1681 2413 1837 2454 men-

230 2505 467 2561 samque
524 2489 780 2559 faciatis.
841 2488 912 2543 Et
958 2495 1080 2558 post
1134 2502 1310 2555 pauca
1362 2503 1374 2540 :
1419 2489 1660 2558 Propter
1695 2486 1839 2558 quod

229 2593 565 2633 communes
584 2579 762 2647 facite
777 2576 925 2632 cibos
954 2580 1167 2631 vestros
1186 2591 1316 2630 cum
1333 2575 1404 2629 iis
1416 2578 1510 2645 qui
1525 2575 1838 2631 secundum

229 2666 418 2721 Deum
438 2668 650 2735 fratres
668 2668 826 2721 sunt.
844 2667 951 2720 Per
967 2666 1082 2719 haec
1102 2666 1256 2719 enim
1282 2666 1566 2735 pracipuc
1582 2663 1839 2719 Charitas

228 2758 633 2825 comparatur.
673 2753 787 2807 Nec
809 2751 1028 2819 mirum,
1062 2751 1106 2805 si
1147 2750 1426 2806 barbaries
1455 2751 1721 2806 indomita
1739 2751 1841 2806 ali-

229 2844 392 2912 cujus
435 2843 635 2912 gentis,
670 2842 758 2895 his
814 2839 1010 2894 ofﬁciis
1038 2839 1296 2905 emollita,
1357 2838 1427 2893 ad
1482 2840 1841 2893 moralitatem

232 2930 470 2986 flectitur
519 2930 757 2996 civilem,
816 2944 939 2984 cum
1007 2936 1059 2983 et
1115 2925 1469 2983 ferocissima
1515 2926 1844 2996 rationisque

232 3027 493 3091 expertes
508 3020 658 3085 fera,
684 3017 958 3072 alimoniis
1002 3016 1362 3087 humanisque
1392 3015 1709 3070 attractibus
1737 3015 1841 3071 de-

229 3108 426 3175 linita,
463 3115 861 3175 mansuescunt,
910 3105 964 3158 in
986 3113 1192 3159 tantum
1240 3112 1296 3158 ut
1330 3104 1611 3158 hominum
1666 3102 1845 3174 magis

231 3213 401 3269 quam
431 3194 807 3251 consodalium
850 3192 1100 3248 affectent
1142 3192 1443 3247 belluarum
1501 3191 1838 3247 societatem.

235 3286 609 3355 Quapropter,
641 3291 698 3337 ut
726 3282 938 3337 amicus
967 3282 1037 3336 de
1071 3281 1246 3336 amico
1275 3279 1554 3346 sollicitus,
1578 3294 1837 3351 suggero,

236 3375 469 3441 suadeo,
528 3373 798 3427 admoneo
856 3378 930 3437 te,
1000 3377 1061 3425 ut
1114 3368 1517 3436 charissimam,
1577 3377 1845 3440 quatenus

232 3478 403 3533 supra
424 3461 566 3518 vires
587 3460 746 3515 etiam
781 3468 899 3513 tuas
944 3457 1247 3528 dapsilitatc
1278 3466 1331 3511 et
1386 3471 1665 3512 munerum
1726 3458 1841 3511 lar-

230 3552 404 3623 gitate
435 3549 687 3605 aﬂ‘ectum
717 3546 960 3603 omnium
985 3546 1081 3600 tibi
1111 3560 1430 3614 comparare
1461 3544 1701 3613 studeas,
1717 3545 1844 3615 quia

228 3639 435 3695 talibus
465 3637 654 3693 ofﬁciis
683 3651 842 3706 quam
868 3635 1104 3689 maxime
1141 3632 1308 3689 effera
1338 3633 1510 3689 corda
1556 3634 1843 3705 gentisque

228 3725 832 3783 indomitabarbariem
866 3724 933 3777 ad
959 3722 1035 3777 tui
1068 3738 1307 3777 amorem
1332 3730 1386 3778 et
1413 3737 1599 3776 sanam
1628 3721 1839 3778 doctri-

230 3832 360 3872 nam
417 3813 954 3881 ecclesiasticamque
1018 3810 1359 3881 disciplinam
1443 3810 1842 3882 suscipiendam

231 3903 479 3961 emollire
508 3900 795 3974 pravales.
824 3902 905 3955 De
930 3899 1013 3954 his
1035 3899 1152 3968 jam
1183 3900 1339 3955 satis.

306 3994 389 4048 De
428 3989 791 4046 Eboracensis
844 3994 1029 4044 autem
1086 3988 1346 4044 Ecclesia
1392 3988 1626 4058 primatu
1674 4003 1841 4059 super

233 4084 452 4147 Scotos,
477 4078 620 4135 unde
650 4077 1015 4149 interrogasti,
1047 4077 1190 4131 nulla
1222 4084 1303 4133 est
1330 4077 1639 4145 auctoritas,
1681 4076 1839 4134 nulla

230 4170 374 4226 ratio
402 4168 490 4225 vel
520 4167 829 4237 exemplum
851 4172 1003 4236 patet
1050 4165 1195 4235 quod
1232 4165 1338 4220 hoc
1384 4171 1605 4231 astruat.
1658 4163 1836 4235 Quip-

228 4276 302 4331 pe
364 4273 488 4314 cum
546 4255 909 4312 Eboracensis
963 4253 1210 4309 Ecclesia
1269 4252 1434 4308 ﬁdem
1452 4260 1505 4309 et
1532 4252 1835 4308 doctrinam

305 4450 419 4523 (3'7)
466 4444 763 4523 ATurgodus
802 4445 952 4523 prior
994 4443 1375 4523 Dunelmensis
1398 4457 1572 4523 .anno
1624 4442 1837 4523 cir_c_iter

232 4514 637 4578 1107'electu's
685 4525 769 4575 est
804 4514 1116 4588 'episcopus
1171 4514 1637 4571 Santandreanus.
1690 4516 1837 4588 Mota

228 4603 417 4649 autem
449 4594 518 4647 ab
548 4586 970 4661 archiepiscopo
1009 4586 1340 4661 Eboracensi
1371 4587 1737 4661 controversia
1764 4587 1835 4661 de

228 4664 577 4734 subjectione
606 4657 874 4734 Ecclesia
906 4657 1374 4734 santandreana,_
1389 4657 1559 4713 dilata
1589 4666 1672 4713 est
1728 4657 1834 4712 ali-

230 4727 477 4806 quandiu
523 4731 880 4806 consecratio.
937 4730 1300 4806 ponsecratus
1327 4727 1561 4806 demum
1593 4736 1836 4806 estpost

229 4798 477 4860 medium
507 4820 709 4859 annum
758 4803 894 4856 1109
926 4800 1369 4872 (ipsisAugusti‘
1400 4798 1660 4872 Kalendis
1681 4800 1836 4872 juxta

226 4876 687 4946 Mailrosensem)
715 4889 747 4928 a
797 4868 1371 4946 T_hoxna_Eboracensi
1404 4869 1563 4946 jussu
1618 4868 1836 4946 Henrici

227 4946 620 5019 regisitnglia
646 4940 765 5019 sine
794 4943 908 5019 ulla
962 4942 1321 5019 subjectionis
1349 4940 1651 5019 exactione,
1684 4941 1834 4997 salvo

227 5012 415 5075 tamen
459 5012 718 5072 Ecclesia
765 5016 1039 5083 utriusque
1096 5014 1236 5082 jure.
1287 5012 1522 5083 Scotiam
1569 5027 1830 5077 reversus,

230 5088 539 5145 Ecclesiam
589 5086 851 5142 sexennio
909 5082 1019 5140 fere
1074 5083 1227 5138 rexit.
1277 5082 1409 5137 Orta
1451 5082 1669 5137 demum
1698 5083 1836 5137 inter

224 5160 413 5241 ipsum
471 5167 522 5213 et
572 5158 763 5214 Scoto:
818 5152 1101 5241 multiplif‘i
1159 5154 1271 5241 lite,
1324 5154 1554 5207 Romam
1598 5152 1835 5234 adeundi

221 5224 509 5287 licentiam
566 5245 599 5285 a
653 5244 782 5299 rege
838 5224 1337 5299 petiit.__Repulsam
1356 5240 1583 5299 passus,
1616 5224 1669 5277 in
1687 5241 1831 5299 _gra_-;

220 5319 353 5356 rem
384 5300 549 5356 animi
577 5294 865 5355 mar-orem
886 5296 1093 5362 incidit,
1118 5294 1169 5349 et
1198 5294 1521 5348 Dunelmum
1543 5294 1833 5350 recedendi

1941 1441 2063 1480 nem
2123 1442 2156 1479 a
2212 1424 2390 1481 Scotis
2421 1441 2796 1497 sapenumero
2843 1429 3184 1498 mutuaverit,
3244 1431 3391 1488 Scoti
3414 1451 3546 1491 vero

1941 1514 2010 1568 ab
2066 1515 2192 1585 ipsa
2221 1528 2523 1583 nunquam,
2575 1523 2771 1585 prater
2797 1515 2946 1586 quod
2969 1515 3024 1570 in
3043 1517 3400 1591 Thurgodum
3430 1522 3544 1593 (37)

1942 1609 2122 1657 actum
2153 1610 2255 1659 est.
2284 1603 2425 1657 Nam
2454 1610 2744 1674 postquam
2788 1605 3164 1661 Eboracenses
3185 1622 3218 1661 a
3246 1606 3352 1662 ﬁde
3402 1624 3546 1679 apo-

1942 1697 2224 1760 statantes,
2299 1690 2545 1760 primum
2614 1692 2927 1762 pontiﬁcem
2975 1710 3132 1748 suum
3187 1695 3468 1752 Paulinum
3516 1715 3551 1754 a

1944 1779 2137 1834 Cantia
2176 1779 2257 1835 eis
2313 1780 2623 1835 ordinatum
2655 1782 2998 1852 expulerunt,
3049 1782 3280 1838 Sanctus
3306 1783 3549 1842 Aidanus

1943 1866 2139 1922 Scotus
2194 1875 2248 1922 et
2296 1883 2329 1922 a
2377 1867 2553 1924 Scotis
2580 1868 2879 1924 destinatus
2928 1876 2980 1924 et
3026 1870 3325 1941 ordinatus,
3381 1872 3549 1930 ﬁdem

1943 1953 2141 2009 Christi
2169 1953 2409 2025 ﬁdeique
2440 1964 2781 2011 sacramenta
2837 1956 2931 2012 toti
2956 1957 3351 2014 Northimbria
3401 1968 3551 2016 stre-

1943 2059 2079 2097 nuus
2128 2044 2358 2098 invexit.
2418 2044 2632 2100 Deinde
2661 2045 2780 2114 ejus
2807 2060 3150 2101 successores
3191 2046 3552 2104 Eboracensis

1945 2132 2210 2188 Ecclesia
2234 2132 2502 2202 praesules
2532 2134 2648 2204 (38)
2677 2148 2849 2205 usque
2895 2133 2964 2188 ad
2991 2141 3241 2204 quartum
3271 2150 3464 2192 omnes
3516 2153 3552 2191 a

1945 2219 2120 2276 Scotis
2169 2220 2421 2289 ordinati,
2480 2220 2694 2289 imbuti,
2748 2230 2802 2275 et
2856 2221 2934 2275 illi
2994 2222 3258 2278 Ecclesia
3297 2222 3551 2279 destinati

1945 2315 2092 2363 sunt.

2017 2397 2165 2452 Unus
2192 2396 2359 2453 etiam
2389 2413 2456 2453 ex
2487 2396 2567 2453 eis
2622 2406 2848 2470 propter
2902 2413 3057 2455 suam
3105 2399 3552 2459 indiscretionem

1946 2483 2153 2539 inutilis
2177 2485 2257 2538 illi
2290 2486 2553 2541 Ecclesia
2595 2486 2889 2556 judicatus,
2922 2487 2992 2543 ab
3019 2488 3155 2558 ipsis
3213 2489 3395 2545 Scotis
3450 2490 3553 2546 de-

1946 2572 2151 2643 positus
2167 2580 2250 2628 est
2279 2574 2415 2644 (39).
2448 2574 2544 2628 His
2582 2574 2836 2630 omnibus
2856 2584 3076 2632 sanctus
3100 2576 3243 2632 Beda
3272 2584 3555 2633 attestatur

1947 2661 2001 2714 in
2032 2660 2266 2716 Historia
2295 2661 2617 2733 Anglorum.
2644 2662 2936 2719 Prasulem
2987 2680 3119 2721 vero
3148 2681 3245 2721 seu
3274 2666 3554 2724 doctorem

1951 2748 2192 2817 aliquem
2240 2748 2427 2805 Scotis
2456 2751 2779 2805 destinatum
2819 2752 2903 2807 vel
2929 2751 3242 2808 ordinatum
3280 2753 3350 2808 ab
3396 2754 3556 2810 Ebo-

1950 2851 2074 2891 raca
2108 2835 2254 2891 nulla
2282 2836 2444 2893 docet
2473 2838 2727 2907 Historia,
2760 2853 2861 2895 nec
2888 2840 3052 2896 etiam
3084 2840 3293 2908 fabula,
3351 2850 3556 2913 prater

1951 2924 2320 2995 supradictum
2374 2925 2658 2999 Thurgod.
2735 2926 2920 2983 Cesset
2975 2945 3107 3002 ergo
3188 2931 3554 2988 Eboracensis

1950 3013 2197 3069 Ecclesia
2216 3013 2512 3083 primatum
2544 3014 2746 3072 Scotia
2775 3017 2878 3072 sibi
2908 3016 3240 3076 vindicando
3257 3029 3546 3091 appetere;

1952 3116 2113 3171 quem
2164 3102 2209 3155 si
2253 3102 2498 3171 haberet,
2529 3118 2653 3158 cum
2682 3103 2884 3172 prasul
2911 3104 3097 3162 Sancti
3126 3107 3357 3164 Andrea
3400 3124 3557 3163 sum-

1951 3204 2075 3244 mus
2121 3189 2369 3260 pontifex
2427 3190 2712 3246 Scotorum
2766 3192 3087 3263 appelletur,
3119 3210 3364 3250 summus
3419 3212 3559 3253 vero

1951 3290 2061 3349 non
2114 3283 2196 3331 est
2249 3276 2350 3331 nisi
2381 3278 2472 3347 qui
2528 3293 2695 3348 super
2721 3278 2863 3334 alios
2893 3288 2970 3335 est
3003 3295 3016 3349 ;
3049 3281 3149 3353 qui
3179 3289 3361 3338 autem
3389 3299 3558 3353 super

1950 3363 2086 3420 alios
2137 3363 2425 3434 episcopos
2473 3373 2572 3433 est,
2623 3365 2751 3436 quid
2810 3367 2911 3421 nisi
2954 3369 3395 3441 archiepiscopus
3450 3379 3557 3440 est,

1952 3454 2078 3509 licet
2122 3452 2406 3507 barbaries
2459 3453 2638 3524 gentis
2675 3453 2828 3525 pallii
2859 3455 2976 3523 (40)
3013 3456 3273 3513 honorem
3295 3459 3559 3531 ignoret?

1951 3541 2032 3608 Si,
2053 3540 2297 3613 inquam,
2331 3556 2500 3611 super
2527 3541 2693 3611 hunc,
2727 3542 2825 3613 qui
2845 3560 3087 3600 summus
3142 3553 3370 3603 vocatur
3410 3563 3561 3618 pon-

1950 3629 2086 3685 tifex
2115 3644 2229 3683 sua
2258 3628 2457 3702 gentis,
2488 3630 2869 3701 pralationem
2904 3632 3128 3689 haberet
3181 3635 3381 3705 prasul
3402 3636 3558 3692 Ebo-

1950 3731 2111 3787 racae,
2139 3717 2254 3787 jam
2285 3734 2394 3774 non
2443 3726 2647 3774 tantum
2672 3719 3137 3792 metropolitanus,
3191 3723 3304 3780 imo
3353 3725 3560 3796 primas

1949 3813 2094 3861 esset
2140 3805 2365 3861 alterius
2421 3807 2586 3862 etiam
2643 3808 2824 3880 regni.
2858 3808 3019 3875 Quod
3046 3827 3312 3884 nusquam
3332 3812 3555 3886 legitur.

1950 3894 2032 3950 De
2060 3892 2420 3950 Eboracensis
2476 3895 2742 3952 Ecclesia
2770 3895 3133 3970 suffraganeis
3164 3900 3256 3970 qui
3278 3901 3349 3956 ad
3405 3918 3503 3959 vos
3526 3904 3556 3955 ‘P

1948 3981 2099 4037 Alias
2156 3981 2256 4035 sibi
2310 3991 2532 4053 quaret,
2564 3998 2673 4039 non
2702 3984 2772 4040 de
2798 3985 2977 4041 vobis.
3035 3986 3196 4055 Quod
3224 3988 3270 4043 si
3302 3996 3378 4045 tot
3395 3988 3555 4046 inve-

1947 4069 2084 4138 nire,
2118 4074 2252 4139 quot
2282 4084 2342 4124 se
2360 4068 2594 4125 astimat
2645 4070 2851 4127 habere
2906 4071 3182 4141 debuisse,
3230 4089 3342 4130 non
3388 4076 3551 4145 valet,

1947 4158 2054 4216 sibi
2102 4157 2331 4229 imputet
2364 4174 2377 4220 ;
2412 4172 2522 4212 non
2549 4157 2727 4214 aliena
2757 4158 3016 4216 invadere
3070 4169 3372 4232 attemptet.
3428 4164 3556 4221 Sua

1947 4246 2167 4317 quidem
2214 4244 2567 4318 negligentia
2613 4246 2921 4317 ascribitur,
2965 4248 3081 4304 imo
3137 4257 3192 4305 et
3247 4250 3549 4322 cupiditati,

2022 4445 2167 4503 ando
2195 4444 2378 4503 obitus
2397 4452 2645 4517 tempore
2666 4445 2910 4504 nonnihil
2939 4445 3158 4503 erravit.
3216 4448 3369 4503 Anno
3402 4445 3548 4504 enim

1984 4522 2105 4599 115,
2161 4518 2304 4589 prid.
2362 4517 2485 4575 Kal.
2517 4518 2690 4590 April.
2722 4534 2851 4575 cum
2907 4518 3048 4575 feria
3093 4527 3290 4590 quarta
3318 4533 3549 4591 compo-

1942 4597 2108 4645 nitur.

2019 4661 2134 4731 (38)
2161 4658 2375 4717 Aidano
2396 4661 2775 4731 successerunt
2818 4659 3074 4731 Finanus,
3106 4659 3444 4717 Colmannus
3493 4669 3548 4718 et

1941 4731 2127 4803 Tuda,
2167 4732 2319 4803 Secti
2341 4730 2874 4803 omnes,_etaScotis
2906 4731 3177 4799 ordinati;
3208 4731 3321 4803 qui,
3363 4748 3551 4803 quam-

1943 4802 2025 4856 vis
2073 4800 2433 4857 Lindisfarna
2478 4801 2665 4873 sedem
2699 4801 3085 4873 AepiscOpalem
3139 4800 3545 4872 collocaverint,

1942 4876 2111 4926 totam
2142 4880 2319 4927 tamen
2373 4870 2926 4941 Northanimbr‘iam,‘
2956 4872 3292 4942 provinciam
3339 4870 3549 4933 scilicet

1942 4943 2357 5008 Eboracensem,
2415 4950 2687 4997 rexerunt.
2737 4942 2835 4997 His
2888 4944 3036 4998 enim
3066 4943 3420 5000 Lindisfarna
3447 4962 3544 5003 se-

1942 5012 2213 5082 dentibus,
2262 5012 2479 5070 vacavit
2532 5013 2690 5067 sedes
2746 5013 3101 5069 Eboracensis
3129 5015 3286 5071 annis
3326 5015 3546 5074 circiter

1942 5084 2179 5139 triginta.

2035 5151 2125 5225 39)
2158 5152 2283 5227 Vult
2340 5151 2661 5227 Wilfridum
2691 5151 2989 5227 seniorem,
3038 5154 3129 5227 qui
3158 5155 3285 5213 sede
3313 5171 3415 5214 sua
3442 5174 3544 5215 sa-

1940 5223 2065 5295 pius
2093 5223 2174 5282 est
2232 5224 2546 5279 deturbatus
2574 5223 2855 5296 aregibus
2903 5223 3381 5284 Nortlianimbria.
3421 5229 3546 5284 Ex-

1941 5294 2381 5370 pulsoiprimitus
2415 5294 2675 5370 Willide
2700 5294 2847 5351 anno
2865 5298 2998 5370 _678,
3023 5298 3358 5370 subrogatus
3378 5306 3459 5370 est
3484 5301 3541 5352 in

220 5373 504 5459 licentiam
546 5370 925 5459 postqlavitnet
952 5366 1240 5459 obtinuit.’
1272 5365 1616 5459 Repatt‘i‘a‘n‘s!
1640 5365 1829 5459 igitur,
1860 5398 1914 5459 D
1943 5365 2072 5459 sede
2104 5365 2723 5459 [Lindisfarp'ensifEatm
2771 5366 2986 5459 natione
3014 5365 3226 5459 sco‘tps'
3245 5376 3319 5459 ‘et
3367 5367 3542 5459 abbas

221 5443 368 5500 obiit
414 5443 469 5497 in
514 5434 767 5498 coenobio
798 5434 1243 5494 \Veremuthensi
1293 5450 1434 5506 anno
1484 5436 1642 5502 1115,
1668 5434 1820 5506 prid.

226 5515 357 5570 Kal.
384 5513 579 5584 April.,
596 5512 752 5584 gferia
779 5512 971 5584 tertia,
983 5516 1275 5584 postquam
1307 5505 1833 5584 sedisset_annoS_8,

224 5575 448 5641 menses
475 5589 528 5652 2,
554 5575 669 5639 dies
692 5583 777 5637 10.
807 5584 910 5636 Ista
940 5575 1162 5652 Si'meoh
1206 5575 1592 5652 Dunelmensis
1616 5577 1834 5652 uberius

222 5657 402 5714 refert
431 5648 525 5712 lib.
553 5656 633 5711 De
663 5661 802 5727 gest.
834 5668 959 5724 reg.
1010 5651 1162 5722 Ang.
1193 5665 1251 5719 p.
1286 5650 1407 5719 207,
1441 5648 1532 5719 qui
1579 5649 1635 5704 in
1685 5648 1835 5706 desi-

556 5779 801 5833 PATROL.
847 5774 1028 5832 CLIX.

1940 5436 2322 5508 Mailrosensis.
2355 5438 2494 5508 Hinc
2527 5436 2727 5492 factum
2756 5446 2909 5507 puto,
2940 5439 3088 5508 quod
3107 5437 3364 5495 Nicolaus
3383 5438 3540 5494 Wil-

1943 5507 2148 5563 fridum
2180 5524 2212 5562 a
2241 5507 2422 5579 Scotis
2448 5508 2753 5579 depositum
2786 5507 3202 5579 fuisseiasserat.

2015 5579 2128 5651 (ιο)
2156 5577 2853 5651 Αηιίειὶιεείδᾷηιαηάνεθηὶ
2880 5577 3033 5651 pallii
3072 5595 3228 5636 usum
3280 5584 3406 5638 ante
3435 5596 3539 5639 an-

1946 5665 2079 5706 num
2105 5650 2242 5707 M72
2271 5665 2379 5707 non
2408 5650 2769 5708 obtinuerunt.

3094 5777 3165 5832 26
