4032 6078
429 339 531 395 813

1101 495 1273 550 PARS
1305 495 1353 554 f.‘

500 641 656 695 Patre
706 636 868 710 igitur
922 635 1289 708 llatheguino,
1349 643 1522 692 matre
1574 651 1704 694 vero
1770 635 2026 693 Aclelesia

430 728 663 800 genitus,
722 725 979 781 dimcesin
1051 723 1545 796 Rothomagensem
1619 725 1676 781 in
1756 725 2025 780 territorio

433 815 703 871 Vilcasino
733 829 829 869 suo
857 811 1145 867 illustravit
1173 822 1383 880 exortu,
1423 813 1636 881 litteris,
1695 814 1754 868 in
1808 814 2022 881 eadem,

427 920 551 959 cum
575 903 691 972 jam
719 900 913 973 puerili
940 900 1159 956 ﬂoreret
1180 909 1360 968 aetate,
1405 901 1653 970 traditus,
1713 911 1764 956 et
1816 901 1918 969 eis,
1969 908 2026 956 ut

429 991 524 1047 illa
543 990 656 1062 pati
687 996 901 1059 poterat
929 997 1078 1058 aetas,
1101 1004 1202 1059 pro
1230 989 1440 1061 ingenii
1494 988 1796 1060 capacitate
1836 989 2024 1044 imbu-

426 1089 534 1137 tus.
566 1080 700 1134 Cum
730 1082 912 1134 autem
939 1078 1052 1148 jam
1082 1077 1348 1149 grandior
1376 1078 1547 1133 factus
1567 1079 1708 1149 apud
1725 1079 2024 1134 Rothoma-

424 1183 566 1241 gum
588 1167 690 1222 arti
719 1166 964 1221 studeret
993 1165 1385 1236 grammatica,
1429 1166 1596 1236 cmpit
1645 1167 1763 1236 jam
1819 1165 2025 1235 Spiritu

429 1255 638 1311 afflatus
691 1255 876 1310 divino
911 1253 1085 1309 multo
1130 1253 1316 1326 magis
1373 1254 1481 1310 arti
1516 1253 1715 1310 utiliori
1787 1255 2024 1321 studere,

424 1345 664 1400 studiosa
682 1342 933 1399 videlicet
961 1341 1256 1397 intentione
1284 1342 1602 1414 perquirere
1621 1341 1854 1412 qualiter
1910 1343 2025 1397 Deo

428 1430 773 1504 potissimum
799 1437 982 1499 posset
1008 1429 1241 1500 placere,
1303 1431 1520 1486 discens
1575 1431 1643 1484 ab
1700 1445 1765 1486 eo
1795 1428 2026 1486 lectione

429 1520 648 1574 interna
669 1518 1132 1589 quemadmodum
1153 1517 1297 1572 mitis
1324 1532 1452 1573 esse
1481 1518 1686 1574 valeret
1714 1525 1769 1573 et
1810 1516 2026 1572 humilis

427 1607 593 1664 corde
621 1606 856 1673 (Matth.
886 1623 960 1673 xi,
1009 1609 1130 1676 29).
1185 1607 1434 1677 Cumque
1477 1606 1654 1662 adhuc
1704 1622 1827 1662 esse
1883 1606 2027 1661 inter

427 1696 656 1752 clericos
674 1694 924 1761 clericus,
957 1701 1010 1750 et
1047 1693 1105 1749 in
1134 1694 1323 1750 eadem
1353 1694 1486 1750 urbe
1517 1695 1571 1749 in
1593 1694 1830 1752 ecclesia
1843 1696 2022 1750 Beata:

1493 336 1846 393 GUNDULI“!
1881 336 2264 394 llOFFENSlS
2293 335 2610 393 EPISCOPI

2046 463 2103 524 Α
2134 459 2246 515 suis
2275 458 2508 531 amplius
2567 457 2819 515 incedere
2856 464 3056 530 posset.
3115 457 3269 515 Unde
3317 473 3382 513 eo
3434 457 3746 516 inscienter

3619 339 3723 392 Siti

2131 549 2340 616 relicto,
2373 548 2591 621 longius
2619 547 3046 620 progrediuntur
3071 554 3456 613 commeantes,
3487 555 3562 616 et,
3593 565 3742 618 quo-

2131 635 2257 691 dam
2285 643 2471 692 monte
2501 636 2571 692 ob
2593 635 2819 691 nimiam
2839 635 3159 691 arduitatem
3176 633 3465 691 difﬁculter
3480 651 3736 702 ascenso,

2131 723 2410 794 paululum
2439 725 2775 795 quieverunt.
2812 724 2914 781 Ubi
2945 724 3167 794 quidam
3197 722 3412 791 nobiiis,
3464 724 3554 793 qui
3609 740 3741 779 cum

2133 812 2215 868 eis
2243 813 2623 878 comitabatur,
2656 811 2915 869 Gundulﬁ
2973 811 3343 878 reminiscens,
3403 813 3551 883 quod
3606 828 3736 867 eum

2133 901 2307 957 solum
2338 901 2699 972 reliquissent,
2723 899 2960 972 graviter
2988 899 3271 972 ingemuit,
3302 908 3357 954 et
3386 899 3560 955 veloci
3577 915 3738 956 cursu

2133 988 2370 1056 rediens,
2402 988 2556 1044 illum
2587 989 2735 1044 omni
2765 988 2960 1045 solatio
2990 987 3308 1044 destitutum
3352 994 3406 1042 et
3459 988 3729 1058 languore

2135 1077 2410 1132 turbatum
2439 1085 2493 1133 et
2521 1077 2677 1149 quasi
2709 1076 2958 1146 proxima
3010 1076 3288 1132 vicinitate
3347 1075 3536 1130 mortis
3591 1077 3732 1131 affli-

2131 1172 2279 1221 ctum
2307 1164 2530 1234 invenit,
2561 1173 2616 1220 et
2644 1165 2851 1219 nullam
2880 1163 3048 1220 eundi
3103 1165 3188 1220 vel
3243 1165 3422 1219 standi
3478 1164 3734 1220 virtutem

2133 1253 2422 1308 habentem
2450 1254 2507 1308 in
2535 1252 2776 1309 humeris
2799 1251 2911 1308 suis
2938 1254 3242 1322 imponens,
3287 1267 3500 1308 memor
3553 1255 3731 1309 mise-

2131 1338 2378 1398 ricordiae
2404 1350 2459 1396 et
2495 1341 2657 1397 totius
2677 1341 2992 1409 honestatis,
3045 1341 3340 1410 asperitate
3386 1340 3586 1396 montis
3634 1341 3731 1398 ite-

2130 1437 2252 1483 rata
2281 1443 2404 1485 cum
2461 1430 2617 1500 gravi
2673 1429 2859 1484 labore
2907 1429 2977 1484 ad
3040 1429 3366 1484 consodales
3409 1429 3728 1500 reportavit.

2131 1517 2362 1585 Deinde,
2393 1515 2546 1572 illum
2576 1533 2810 1589 superna
2821 1517 3109 1574 clementia
3126 1517 3474 1587 respiciente,
3499 1517 3554 1572 in
3577 1517 3732 1574 brevi

2131 1606 2422 1673 convaluit,
2445 1614 2499 1662 et
2527 1606 2676 1661 omni
2699 1615 2822 1676 post
2852 1615 3098 1677 tempore
3154 1606 3309 1660 illum
3364 1605 3733 1662 venerabilem

2129 1693 2327 1764 virum,
2359 1693 2450 1765 qui
2471 1693 2520 1750 ei
2552 1709 2717 1764 opem
2745 1694 3004 1764 adjutorii
3037 1695 3398 1764 impenderat,
3443 1694 3611 1766 digna
3639 1711 3733 1749 re-

427 1785 528 1840 Dei
576 1782 860 1855 genitricis
914 1782 1095 1837 Mariae
1151 1782 1492 1839 clericalibus
1546 1783 1734 1840 ciliciis
1779 1783 2020 1853 deditus,
2051 1812 2104 1872 B
2134 1781 2574 1853 compensatione
2591 1783 2901 1839 cbariorem
2923 1783 2978 1836 in
3006 1782 3117 1838 vita
3147 1798 3247 1838 sua
3275 1782 3481 1837 habuit.

425 1871 638 1929 caeteris
683 1872 739 1926 in
792 1870 1102 1942 exemplum
1154 1869 1352 1945 factus,
1402 1871 1636 1927 formam
1685 1871 1907 1927 vivendi
1961 1887 2022 1926 se

423 1960 672 2032 praebuit,
706 1957 997 2030 multisque
1016 1959 1294 2028 religionis
1325 1959 1590 2014 tramitem
1645 1958 2026 2030 appetentibus

424 2065 525 2105 sua
550 2047 814 2120 religione
844 2047 1062 2119 profuit.
1095 2046 1422 2103 Guillelmus
1441 2047 1606 2120 igitur
1631 2055 1755 2103 tunc
1803 2047 2024 2118 quidem

423 2135 861 2200 archidiaconus,
894 2135 1108 2190 futurus
1125 2141 1306 2191 autem
1323 2135 1470 2190 urbis
1500 2135 1679 2205 ipsius
1721 2136 2022 2191 Rothoma-

427 2225 614 2297 gensis
667 2222 1126 2295 archiepiscopus,
1184 2222 1378 2279 videns
1421 2223 1680 2279 clericum
1739 2223 2020 2292 juvenem,

417 2311 720 2383 juvenilem
779 2318 993 2368 aetatem
1043 2327 1255 2367 morum
1310 2319 1585 2367 senectute
1626 2316 2020 2380 venustantem,

425 2419 549 2456 eum
571 2409 627 2458 et
646 2399 896 2456 Maurilio
917 2399 1329 2472 archiepiscopo
1359 2409 1413 2456 et
1440 2399 1544 2455 sibi
1563 2399 1724 2456 valde
1778 2399 2022 2456 familia-

431 2506 547 2547 rem
576 2488 872 2558 eﬂ'ecit,et,
903 2497 962 2543 ut
1003 2488 1122 2558 ejus
1163 2488 1469 2559 frequenter
1523 2489 1792 2545 frueretur
1843 2489 2020 2545 collo-

431 2578 582 2650 quio,
611 2592 801 2634 mensa
829 2577 1101 2633 communi
1149 2577 1491 2648 hospitioque
1555 2576 1778 2648 recepit.
1832 2577 2024 2633 Dulcia

421 2682 660 2738 namque
690 2666 829 2721 inter
854 2681 952 2721 eos
989 2680 1136 2736 saepe
1185 2664 1476 2720 miscentur
1512 2665 1804 2737 colloquia,
1844 2681 2022 2722 sermo

423 2755 492 2810 de
521 2753 710 2810 mundi
739 2762 1048 2825 contemptu
1077 2753 1416 2822 proponitur,
1449 2753 1518 2809 de
1548 2762 1754 2809 aeterna
1799 2754 2023 2810 beatituo

430 2842 556 2896 dine
586 2849 640 2896 et
667 2842 828 2896 beata
869 2840 1169 2896 aeternitate
1218 2841 1522 2908 disseritur,
1573 2843 1702 2898 vita:
1741 2843 2022 2913 presentis

426 2929 582 2985 labor
610 2945 708 3002 pro
729 2937 951 2984 aeternae
969 2928 1161 2999 quietis
1182 2929 1688 3000 recompensatione
1705 2929 2024 2986 tolerandas

427 3018 722 3089 appetitur.

497 3106 678 3163 Placet
693 3120 826 3179 ergo
856 3104 1070 3161 tandem
1118 3103 1362 3177 utrisque
1391 3112 1448 3162 ut
1475 3105 1658 3162 carnis
1706 3105 2024 3164 exercenda;

427 3161 615 3269 gratia
638 3161 1092 3266 hierosolymam
1149 3161 1365 3264 adeant,
1415 3161 1559 3251 1...
1591 3161 2022 3269 amatur.
2049 3161 2100 3226 α

428 3283 734 3340 orationum
765 3281 1020 3350 invisam,
1053 3289 1132 3350 ut,
1175 3282 1373 3354 agnitis
1423 3282 1560 3339 locis
1611 3283 2024 3352 incarnationis,

425 3370 693 3443 passionis
731 3378 785 3426 et
842 3369 1176 3428 ascensionis
1244 3371 1581 3440 Dominicas,
1620 3372 1846 3428 dulciori
1909 3374 2027 3428 haec

429 3460 614 3514 omnia
658 3459 918 3515 memoria
963 3458 1312 3530 postmodum
1371 3468 1608 3515 teneant.
1659 3461 1880 3517 Factum
1944 3469 2030 3518 est

431 3563 564 3620 ergo
593 3547 740 3618 quod
766 3547 1097 3617 dispositum
1127 3547 1308 3603 fuerat
1332 3565 1344 3601 :
1379 3547 1768 3621 aggrediuntur
1784 3549 2025 3605 laborem

427 3635 619 3690 itinere
645 3635 831 3706 longe.
857 3634 1133 3706 Fatigatur
1170 3643 1394 3704 uterque
1440 3635 1634 3702 libens,
1685 3645 1822 3692 terra
1860 3637 2028 3693 mari-

431 3739 558 3793 que,
591 3722 904 3779 discrimine
932 3722 1121 3778 multo.
1154 3723 1486 3779 Perveniunt
1506 3724 1807 3781 tandemad
1837 3726 2024 3782 Hieruo

427 3810 602 3866 salem
632 3818 942 3866 terrestrem
983 3826 1234 3882 supernae
1291 3811 1479 3882 patria:
1543 3819 1868 3881 amatores;
1928 3829 2027 3886 pro

426 3897 598 3953 nihilo
627 3905 872 3970 reputant
927 3897 1189 3971 quidquid
1238 3898 1384 3969 passi
1438 3909 1562 3955 sunt
1624 3900 1680 3956 in
1735 3901 1842 3971 via,
1901 3918 2026 3958 cum

426 3986 564 4042 ﬁunt
609 3985 864 4042 desiderii
907 3987 990 4042 sui
1046 3996 1346 4058 compotes.
1381 3988 1516 4057 Quis
1574 3997 1754 4046 autem
1805 4006 2028 4048 narrare

425 4075 592 4148 digne
616 4083 818 4146 potest,
875 4075 1076 4149 quibus
1123 4077 1295 4132 sancti
1351 4077 1551 4134 amoris
1602 4078 1868 4136 incendiis
1923 4080 2028 4152 ipsi

423 4164 786 4220 adoraverunt
816 4164 874 4220 in
921 4163 1060 4221 locis
1116 4164 1208 4220 ubi
1267 4171 1534 4222 steterunt
1588 4167 1757 4238 pedes
1808 4168 2025 4225 Domini

425 4253 602 4323 (Psal.
635 4267 828 4320 cum,
859 4254 938 4323 7),
970 4251 1168 4324 quibus
1197 4251 1486 4310 desideriis
1515 4253 1622 4325 ipsi
1667 4254 1845 4312 intuiti
1901 4264 2026 4313 sunt

419 4341 479 4397 in
509 4341 668 4397 terris
696 4341 788 4396 ubi
819 4348 1143 4398 conversam
1172 4349 1250 4398 est
1295 4343 1654 4414 corporaliter
1711 4344 1858 4400 salus
1913 4344 2020 4400 hu-

420 4429 569 4485 mani
595 4428 817 4502 generis
845 4429 1092 4489 (Baruch
1121 4443 1201 4495 in,
1237 4429 1351 4499 38),
1393 4445 1556 4500 quam
1604 4429 1785 4487 dulcia
1839 4431 2025 4489 oscula

2204 1872 2338 1927 Item
2369 1869 2514 1925 aliud
2549 1871 2694 1927 inter
2720 1879 2916 1927 caetera
2947 1879 3106 1926 terrae
3161 1871 3438 1942 marisque
3492 1869 3734 1942 pericula

2131 1975 2300 2014 unum
2327 1959 2540 2015 caeteris
2567 1958 2824 2015 omnibus
2851 1959 3078 2033 gravius
3105 1959 3186 2014 eis
3214 1958 3486 2014 imminuit
3515 1976 3529 2020 ;
3582 1959 3730 2029 quod

2129 2048 2212 2103 eis
2242 2055 2444 2103 tamem
2473 2047 2598 2104 vita:
2623 2047 2980 2103 immutandae
3009 2048 3356 2104 occasionem
3388 2064 3486 2118 per
3515 2048 3637 2114 Dei,
3672 2057 3731 2104 ut

2129 2135 2387 2202 creditur,
2414 2134 2813 2206 providentiam
2842 2135 3013 2192 dedit.
3045 2135 3178 2191 Cum
3209 2136 3354 2190 enim
3406 2151 3509 2206 per
3561 2135 3732 2207 longa

2130 2224 2296 2279 maris
2325 2224 2503 2294 spatia
2530 2224 2762 2293 incerto,
2795 2232 2854 2279 ut
2881 2224 2970 2286 sit,
3005 2224 3274 2279 ferrentur
3300 2223 3540 2296 navigio,
3591 2241 3732 2296 gra-

2129 2312 2353 2367 vissima
2381 2312 2435 2367 in
2463 2327 2560 2369 eos
2588 2320 2886 2382 tempestas
2915 2312 3092 2380 irruit,
3126 2313 3338 2368 turbine
3367 2316 3653 2368 ventorum
3670 2320 3726 2367 et

2130 2402 2388 2458 ﬂuctuum
2416 2401 2596 2457 navim
2619 2400 2772 2456 omni
2801 2416 2866 2456 ex
2905 2408 3082 2471 parte,
3141 2416 3405 2472 compage
3453 2401 3572 2469 jam
3618 2399 3734 2456 fere

2128 2490 2324 2558 soluta,
2364 2489 2658 2556 concussit,
2685 2488 2878 2545 mortis
2899 2496 3099 2544 metum
3115 2488 3260 2544 velut
3290 2487 3404 2557 jam
3426 2487 3731 2544 imminen-

2131 2578 2198 2633 tis
2219 2577 2386 2634 nimio
2428 2586 2633 2634 terrore
2688 2577 2942 2633 omnibus
2989 2576 3232 2632 incussit.
3292 2577 3436 2645 Quid
3483 2575 3639 2648 plura
3697 2579 3730 2630 ἵ

2130 2667 2299 2722 Morte
2315 2667 2455 2737 jam,
2483 2673 2543 2722 ut
2569 2666 2822 2732 creditur,
2856 2666 3115 2733 instante,
3149 2667 3218 2721 ad
3247 2675 3370 2721 vota
3398 2665 3734 2738 confugitur,

2130 2763 2203 2822 et,
2227 2754 2376 2811 uteis
2403 2753 2626 2811 Domini
2655 2754 2832 2824 pietas
2864 2753 3300 2826 tranquillitatem
3327 2753 3466 2808 aeris
3499 2753 3732 2810 reddere

2129 2843 2463 2915 dignaretur,
2495 2844 2764 2915 integram
2811 2843 3064 2914 incoepta:
3121 2842 3408 2914 religionis
3465 2856 3733 2913 perseve-

2130 2931 2360 2987 rantiam
2385 2931 2780 3002 promittentes,
2817 2931 3048 2987 docente
3071 2932 3269 2986 timore
3297 2939 3350 2986 et
3372 2945 3558 2986 amore
3601 2931 3730 2997 Dei,

2132 3019 2441 3076 Gundulfus
2461 3028 2515 3076 et
2568 3019 2984 3076 archidiaconus
3039 3035 3108 3075 ex
3163 3027 3289 3075 voto
3349 3020 3735 3076 monachatum

2131 3108 2346 3165 cunctis
2375 3107 2559 3163 mundi
2582 3107 2793 3164 deliciis
2823 3108 3142 3176 praeferunt,
3174 3115 3228 3163 et
3255 3107 3388 3163 ﬁunt
3417 3124 3483 3163 ex
3527 3108 3736 3163 devota

2131 3195 2490 3270 promissione
2547 3195 2822 3264 monachi,
2875 3195 2968 3266 qui
3024 3195 3214 3250 habitu
3264 3203 3484 3251 manent
3533 3195 3734 3261 adhuc,

2131 3285 2228 3343 sed
2258 3302 2364 3343 non
2384 3292 2579 3356 sponte
2607 3283 2812 3340 clerici.
2845 3285 3014 3340 Facto
3038 3283 3203 3356 igitur
3226 3292 3351 3340 voto
3387 3283 3533 3340 cadit
3570 3283 3740 3338 maris

2134 3379 2446 3445 tempestas,
2476 3372 2616 3428 redit
2645 3371 2928 3441 serenitas,
2962 3372 3176 3428 venitur
3203 3372 3273 3427 ad
3325 3380 3542 3439 terram,
3604 3370 3737 3426 red-

2133 3463 2238 3518 itur
2265 3462 2320 3517 in
2350 3461 2602 3534 patriam.

2799 3567 2971 3624 PARS
3000 3569 3070 3623 ΙΙ.

2203 3655 2498 3714 Diﬁ‘erente
2552 3663 2733 3714 autem
2789 3655 3178 3713 archidiacono
3235 3654 3462 3712 reddere
3525 3663 3734 3724 votum,

2133 3745 2280 3816 quod
2313 3753 2497 3801 tamen
2535 3744 2761 3801 Cadomi
2790 3744 3132 3815 postmodum
3192 3745 3373 3813 solvit,
3424 3745 3738 3801 Gundulfus

2134 3832 2293 3890 Becci
2322 3832 2760 3906 religionisveste
2783 3833 3042 3901 induitur,
3077 3832 3396 3889 monachilis
3453 3834 3576 3889 vitae
3625 3851 3728 3888 ru-

2135 3920 2389 3977 dimentis
2415 3920 2516 3976 sub
2544 3921 2812 3977 Herluino
2843 3921 3039 3977 abbate
3085 3929 3139 3976 et
3194 3921 3496 3978 Lanfranco
3544 3922 3734 3993 priore

2133 4009 2414 4078 imbuitur,
2444 4018 2499 4065 et
2526 4009 2668 4066 inter
2697 4009 2971 4081 perfectos
2996 4010 3112 4079 jam
3139 4009 3208 4064 ab
3224 4009 3346 4079 ipso
3368 4009 3523 4065 initio
3549 4026 3738 4065 mona-

2134 4099 2267 4155 chos
2293 4106 2656 4168 computatur.
2690 4097 2822 4154 Erat
2848 4098 2992 4152 enim
3021 4098 3103 4154 vir
3146 4097 3474 4154 obedientim
3527 4099 3734 4168 multae,

2135 4186 2474 4243 abstinentia:
2503 4201 2742 4258 magnae,
2774 4186 3035 4242 orationis
3062 4186 3316 4254 assiduae,
3346 4187 3730 4257 compunctio-

2133 4276 2217 4330 nis
2233 4277 2547 4348 praecipuae,
2577 4281 2654 4343 ut,
2685 4274 2732 4328 si
2763 4275 2877 4343 ejus
2905 4275 3216 4332 attenderes
3241 4275 3430 4331 oculos
3479 4275 3738 4346 lacrymis

2131 4363 2456 4432 diffluentes,
2489 4361 2626 4419 duos
2654 4377 2772 4419 esse
2801 4362 3010 4420 diceres
3038 4362 3214 4419 fontes
3259 4362 3448 4418 rivulis
3503 4362 3736 4419 aﬂluen-

2133 4461 2236 4509 tes.
2267 4452 2386 4520 Qua
2435 4450 2692 4507 nimirum
2747 4451 3184 4522 compunctionis
3240 4450 3462 4520 virtute,
3523 4466 3631 4522 qna
3669 4468 3735 4509 se

415 4518 814 4590 impresserunt
839 4517 897 4574 in
934 4517 1056 4575 loco
1103 4517 1196 4573 ubi
1251 4518 1554 4576 cruciﬁxus
1600 4525 1680 4575 est
1726 4520 2013 4590 Dominus,

2135 4517 2399 4597 mactabat
2425 4541 2484 4595 in
2512 4539 2779 4607 oratione,
2811 4517 3189 4596 iii—missarum
3219 4517 3612 4607 celebratione,
3659 4540 3740 4596 ita

415 4605 511 4662 ubi
539 4614 787 4663 mortuus
815 4614 870 4662 et
920 4605 1188 4677 sepultus,
1245 4606 1340 4664 ubi
1402 4606 1620 4663 demum
1675 4607 1923 4664 ascendit
1967 4609 2025 4665 in

415 4695 612 4752 calum
645 4697 675 4750 ‘I
1423 4705 1438 4714 “

487 4801 716 4872 Impleto
782 4801 965 4876 itaque
1015 4810 1218 4860 sanctae
1264 4801 1558 4860 voluntatis
1611 4803 1910 4877 proposito,
1968 4805 2026 4862 in

411 4887 703 4945 redeundo
731 4891 1040 4961 geminatur
1065 4891 1334 4964 fatigatio.
1368 4892 1672 4949 Occurrunt
1718 4893 1862 4950 enim
1917 4889 2114 4950 illis“

416 4977 554 5034 sicut
607 4975 664 5030 in
720 4977 898 5034 eundo
955 4977 1218 5035 difﬁciles
1263 4979 1474 5036 viarum
1533 4980 1802 5048 transitus,
1850 4989 1922 5050 et,
1969 4991 2028 5039 ut

421 5073 551 5122 tunc
577 5065 845 5136 temporis
873 5075 1009 5133 erat,
1040 5067 1331 5124 horrendas
1361 5067 1726 5125 formidabant
1766 5071 2028 5127 Sarrace-

409 5168 607 5210 norum
638 5151 880 5208 insidias.
914 5154 1286 5212 Intolerabiles
1341 5157 1503 5212 etiam
1550 5158 1796 5228 corporis
1851 5159 2023 5230 patie~

405 5241 610 5335 bantur
636 5240 994 5335 infirmitates,
1013 5250 1065 5296 et
1081 5258 1357 5312 nunquam
1369 5244 1714 5301 securitatem
1746 5246 2020 5335 habendo,

406 5329 617 5386 nullum
644 5329 824 5386 locum
853 5329 939 5386 vel
969 5337 1184 5402 tempus
1213 5331 1331 5386 sine
1369 5332 1558 5388 timore
1598 5333 1778 5390 multo
1833 5329 2023 5393 trans;

410 5419 590 5475 ibant.
631 5417 868 5492 Contigit
895 5425 1077 5474 autem
1109 5427 1186 5489 ut,
1218 5418 1330 5475 illis
1358 5419 1741 5480 laborantibus
1797 5423 1852 5479 in
1909 5425 2017 5494 via,

413 5506 722 5566 Gundulfus
751 5514 900 5564 tanta
927 5505 1238 5566 afﬁceretur
1280 5509 1528 5580 corporis
1578 5518 1634 5567 et
1687 5511 2022 5570 lassitudinis

413 5596 686 5666 molestia,
716 5603 777 5653 ut
802 5612 989 5671 neque
1015 5596 1249 5673 pedibus
1276 5604 1424 5655 stare
1468 5613 1649 5671 neque
1680 5615 1804 5658 cum
1858 5602 2020 5660 sociis

2130 4630 2188 4685 in
2215 4628 2564 4695 monachatu,
2632 4629 2709 4683 ita
2763 4627 3109 4700 postmodum
3155 4627 3215 4683 in
3263 4627 3605 4700 episcopatu,
3656 4629 3738 4685 ita

2131 4716 2453 4785 minoribus,
2485 4717 2561 4772 ita
2586 4716 2888 4785 majoribus
2921 4716 3095 4773 factus
3150 4722 3231 4773 est
3280 4716 3622 4772 admirabilis
3673 4726 3738 4774 ut

2133 4805 2290 4877 quasi
2320 4806 2586 4877 prepheta
2613 4803 2902 4860 haberetur
2930 4804 2984 4858 in
3008 4803 3184 4872 terris,
3203 4803 3272 4859 ab
3327 4803 3579 4860 omnibus
3636 4805 3738 4860 ho-

2132 4901 2435 4961 noraretur,
2466 4892 2536 4948 ab
2566 4891 2819 4947 omnibus
2849 4892 2954 4948 Dei
2983 4907 3178 4947 servus
3206 4892 3497 4947 diceretur.
3531 4893 3738 4949 Factus

2135 4991 2216 5038 est
2242 4989 2424 5037 autem
2452 4990 2507 5038 et
2534 4979 2777 5037 ecclesiae
2807 4979 2994 5036 Beata;
3023 4980 3206 5036 Mariae.
3244 4980 3399 5035 Becci
3435 4988 3620 5036 custos
3675 4989 3736 5037 et

2136 5071 2364 5127 sacrista
2395 5085 2410 5139 ;
2441 5070 2585 5126 unde
2614 5076 2668 5124 et
2696 5069 2943 5140 ejusdem
2973 5084 3200 5139 semper
3228 5067 3567 5125 intemeratae
3597 5069 3732 5125 Vir-

2129 5159 2272 5232 ginis
2302 5159 2618 5215 familiarior
2646 5156 2819 5215 factus
2873 5167 2958 5214 est
3003 5165 3058 5214 et
3097 5157 3402 5228 symmista.
3459 5158 3538 5212 Eo
3581 5157 3732 5213 enim

2132 5248 2304 5304 factus
2331 5256 2414 5306 est
2441 5249 2496 5303 in
2525 5246 2772 5304 oratione
2789 5245 3043 5303 devotior
3061 5262 3172 5320 quo
3204 5245 3253 5300 ei
3281 5245 3601 5302 commissus
3643 5253 3734 5303 est

2129 5336 2280 5393 locus
2302 5336 2527 5393 orationi
2557 5335 2920 5392 commodior.

2200 5426 2406 5483 Eodem
2435 5423 2786 5480 nihilominus
2815 5438 2958 5482 anno
2978 5421 3286 5493 Anselmus,
3311 5437 3469 5496 quem
3499 5438 3601 5496 pro
3633 5438 3737 5482 sua

2127 5515 2405 5573 sanctitate
2435 5511 2718 5586 spectabili
2749 5519 2802 5570 et
2829 5513 3080 5571 doctrina
3107 5511 3344 5569 mirabili
3373 5519 3564 5582 postea
3580 5514 3731 5569 Can-

2129 5603 2420 5663 tuariensis
2466 5601 2820 5675 pontificatus
2870 5602 3040 5661 infula
3094 5602 3444 5660 sublimatum
3472 5601 3730 5673 vidimus,
