4032 6078
332 287 434 342 817

1889 279 2070 340 VITA.

3537 285 3638 340 818

331 411 562 466 Beccum
609 418 662 466 et
706 409 822 480 ipse
868 409 938 466 ad
984 409 1401 466 conversionem
1460 405 1726 474 veniens,
1787 417 1932 464 tanta
1958 407 2018 472 Α
2045 405 2127 462 rei
2175 405 2457 462 familiaris
2507 423 2632 463 suae
2680 417 3083 480 procuratorem
3129 406 3426 466 constituit.
3471 411 3647 468 Fama

333 499 610 554 Gundulfo
641 506 720 553 est
746 498 986 554 amicitia
1016 498 1228 554 vinctus
1257 504 1316 552 ut
1346 513 1404 552 se
1433 494 1660 551 alterum
1683 495 1929 552 Gundul-

329 587 465 656 fum,
499 586 836 642 Gundulfum
865 602 993 642 vero
1023 587 1255 642 alterum
1287 585 1602 640 Anselmum
1629 584 1832 638 diceret
1879 591 1935 640 et

331 676 520 731 vocari
548 675 830 747 gauderet.
865 675 995 730 Erat
1022 675 1168 730 enim
1195 672 1302 728 illis
1331 672 1384 728 in
1416 674 1532 728 Deo
1559 687 1656 727 cor
1681 687 1848 726 unum
1878 679 1933 726 et

330 763 510 818 anima
537 778 647 819 una
676 764 822 834 (Act.
873 779 948 830 tv,
1000 764 1116 833 32),
1165 763 1418 834 frequens
1453 762 1511 815 in
1562 759 1934 832 spiritualibus

331 852 642 920 collocutio,
695 852 864 906 multa
914 853 1052 907 inter
1097 850 1514 922 colloquendum
1573 849 1931 920 lacrymarum

331 939 543 1006 effusio,
576 947 763 994 mutua
801 948 858 994 ut
886 955 1102 1010 semper
1147 940 1221 994 ad
1269 939 1464 993 altiora
1511 937 1936 992 conscenderent

330 1028 653 1094 exhortatio,
677 1033 863 1083 sancta
891 1037 949 1083 ut
975 1044 1036 1083 se
1065 1028 1301 1082 invicem
1331 1028 1403 1082 ad
1433 1043 1572 1097 opus
1592 1025 1690 1081 Dei
1722 1041 1934 1096 praeve-

331 1117 512 1173 nirent
538 1116 835 1172 aemulatio.
892 1117 1180 1170 Anselmus
1212 1124 1410 1182 tamen,
1444 1114 1574 1185 quia
1599 1115 1652 1170 in
1682 1114 1932 1184 Scriptu-

335 1206 412 1261 ris
443 1205 707 1262 eruditior
733 1210 868 1271 erat,
902 1204 1243 1275 frequentior
1279 1203 1625 1275 loquebatur.
1681 1202 1933 1260 Gundul-

337 1291 426 1346 fus
470 1309 618 1358 vero,
670 1293 796 1363 quia
840 1293 895 1348 in
943 1293 1195 1363 lacrymis
1247 1292 1522 1363 profusior
1571 1301 1708 1357 erat,
1758 1291 1938 1364 magis

337 1381 559 1437 ﬂetibus
586 1383 890 1454 rigabatur.
939 1382 1288 1454 Loquebatur
1333 1383 1446 1446 ille,
1495 1380 1745 1452 plorabat
1797 1381 1924 1437 iste.

337 1469 435 1525 llle
461 1469 762 1540 plantabat,
795 1471 894 1526 iste
935 1470 1172 1544 rigabat.
1238 1471 1434 1526 Divina
1487 1470 1580 1526 ille
1625 1469 1937 1540 proferebat

335 1558 574 1629 eloquia,
606 1560 876 1631 profunda
906 1560 1011 1615 iste
1040 1559 1286 1615 trahebat
1314 1559 1564 1631 suspiria.
1619 1557 1817 1614 Christi
1844 1558 1933 1612 vi-

333 1664 428 1704 cea
456 1648 568 1714 ille,
601 1648 702 1703 iste
731 1648 956 1720 gerebat
986 1649 1194 1704 Mariae.
1242 1649 1393 1704 Dixit
1429 1656 1607 1702 tamen
1638 1647 1932 1719 aliquando

2039 490 2220 566 itaque
2247 495 2346 550 viri
2388 495 2485 550 Dei
2535 497 2715 568 magis
2760 511 2826 553 ac
2868 497 3046 570 magis
3091 513 3437 555 succrescere
3480 500 3648 570 cmpit

2039 591 2149 638 tam
2177 583 2246 640 de
2274 584 2421 639 illius
2449 585 2794 642 sanctissima
2822 585 3092 659 religione
3121 602 3284 658 quam
3314 587 3383 642 de
3411 587 3646 658 pruden-

2038 671 2256 727 tissima
2319 672 2654 728 saecularium
2703 689 2881 728 rerum
2939 675 3421 731 administratione.
3481 675 3648 730 Tanta

2041 761 2188 814 enim
2217 760 2546 816 discretione
2590 761 2696 816 dici
2739 763 2913 834 spatia
2961 763 3241 820 dividebat
3269 772 3326 818 ut
3351 763 3472 818 aliis
3499 763 3649 818 horis

2039 848 2108 903 ad
2134 848 2306 920 pedes
2326 849 2543 904 Domini
2565 850 2783 905 sederet
2803 867 2928 906 cum
2951 851 3138 915 Maria,
3163 851 3284 907 aliis
3303 852 3648 908 Dominicam

2042 952 2252 992 omnem
2303 947 2633 1009 praepararet
2680 956 2804 994 cum
2855 941 3066 994 Martha
3094 940 3268 1010 (Luc.
3299 955 3360 1008 x,
3395 945 3482 1009 39,
3529 944 3644 1011 40).

2041 1027 2192 1080 Hanc
2235 1034 2414 1080 autem
2464 1026 2710 1082 virtutem
2762 1027 3100 1083 discretionis
3142 1029 3319 1084 biﬁda:
3369 1039 3475 1085 tam
3522 1039 3646 1085 ante

2041 1113 2416 1185 episcopatum
2479 1131 2640 1187 quam
2694 1115 2748 1170 in
2799 1117 3113 1187 episcopatu
3151 1133 3368 1188 semper
3412 1120 3648 1174 noscitur

2043 1202 2326 1271 habuisse,
2393 1219 2538 1260 nunc
2602 1203 2877 1274 siquidem
2930 1205 3130 1260 divinae
3174 1207 3640 1279 contemplationi,

2043 1307 2186 1347 nunc
2213 1308 2519 1362 pauperum
2553 1300 2696 1347 totus
2726 1293 2941 1348 deditus
2966 1295 3355 1363 procurationi.‘
3397 1297 3644 1369 Denique

2041 1395 2189 1447 cum,
2218 1389 2462 1450 tempore
2485 1380 2745 1450 quodam,
2777 1381 2956 1436 valida
2986 1382 3159 1437 fames
3190 1383 3438 1454 Angliam
3467 1392 3642 1440 totam

2042 1467 2390 1522 vehementer
2417 1469 2800 1538 oppressisset,
2833 1468 2942 1536 ille,
2971 1469 3217 1540 pecuniis
3246 1472 3427 1526 multis
3455 1473 3642 1528 aLan-

2042 1555 2226 1610 franco
2255 1556 2516 1626 acceptis,
2549 1556 2885 1612 Lundoniam
2915 1557 3070 1626 adiit,
3119 1575 3419 1630 pauperum
3451 1561 3640 1614 multi-

2040 1643 2281 1699 tudinem
2342 1644 2684 1700 innumeram
2715 1644 2954 1717 collegit,
2987 1653 3044 1702 et
3071 1654 3183 1702 toto
3211 1646 3370 1702 famis
3398 1656 3642 1719 tempore

333 1737 635 1792 Anselmus
665 1737 944 1793 Gundulfo
977 1756 990 1792 :
1031 1739 1202 1805 Tune,
1234 1737 1328 1805 ait,
1359 1744 1482 1794 cote
1520 1753 1646 1792 mea
1675 1737 1930 1791 cultrum
1955 1759 2010 1822 Β
2042 1732 2129 1804 pie
2156 1741 2210 1788 et
2239 1733 2664 1789 misericorditer
2689 1734 2855 1805 pavit.
2880 1735 3070 1790 Fertur
3087 1744 3266 1790 autem
3296 1737 3422 1806 quia
3451 1751 3640 1794 eorum

333 1827 498 1878 tuum
515 1838 734 1894 semper
747 1838 951 1878 acuere
967 1824 1208 1895 quaeris,-
1224 1825 1346 1878 eote
1360 1836 1487 1878 vero
1507 1824 1614 1876 tua
1628 1835 1718 1875 me
1739 1835 1930 1875 meum

332 1912 594 1966 cultrum
608 1926 905 1984 nunquam
925 1926 1132 1966 acuere
1149 1911 1441 1982 permittis
1453 1909 1482 1962 .9
1497 1910 1661 1964 Dicet
1677 1912 1763 1976 tu,
1778 1924 1933 1978 quie-

331 2014 410 2064 so,
435 2000 587 2054 unde
609 1999 879 2070 proﬁcere
899 2000 1108 2072 possim
1129 2003 1186 2055 et
1209 2014 1324 2070 ego.
1348 1996 1496 2052 Sum
1521 1997 1756 2060 etenim,
1775 2011 1932 2051 more

327 2091 490 2155 cotis,
505 2089 565 2142 in
581 2089 930 2143 hebetatione
943 2091 1130 2142 multa
1146 2086 1210 2142 ob
1224 2085 1666 2141 multitudinem
1675 2088 1932 2155 peccato-

324 2191 457 2231 rum
484 2191 743 2231 meorum
769 2191 994 2247 semper
1013 2176 1314 2231 obtunsus.
1339 2175 1420 2229 Tu
1442 2189 1566 2228 vero
1581 2173 1654 2228 ad
1672 2187 1929 2228 amorem

325 2265 572 2320 caelestis
581 2266 787 2335 patrita
802 2281 875 2318 an
885 2265 1063 2318 imum
1077 2268 1136 2317 et
1147 2263 1528 2318 intentionem
1547 2265 1709 2316 tuam
1725 2262 1927 2316 arden-

327 2357 414 2407 ter
440 2352 714 2422 dirigens,
735 2353 798 2406 in
815 2352 1296 2423 contemplatione
1313 2348 1540 2406 Domini
1566 2350 1785 2420 iugiter
1807 2366 1927 2404 ma-

323 2456 426 2497 nes
441 2445 671 2496 acutus.
700 2440 848 2495 Dixit
867 2447 922 2495 et
942 2439 1033 2493 ille
1053 2439 1199 2494 bona
1220 2455 1340 2508 quae
1361 2439 1552 2510 potuit.
1577 2438 1926 2494 Succendun-

322 2537 406 2583 tur
435 2529 619 2596 ambo,
652 2538 706 2584 et
737 2529 818 2584 sic
847 2544 907 2584 se
940 2526 1180 2584 reficiunt
1210 2527 1497 2584 dulcedine
1536 2526 1756 2597 superni
1785 2525 1925 2581 desi-

316 2617 473 2672 derii.
497 2618 642 2672 Talis
671 2619 864 2673 borum
895 2616 1287 2684 confabulatio,
1326 2615 1445 2670 talis
1468 2615 1768 2670 claustralis
1798 2629 1924 2668 con-

325 2707 581 2762 versatio.
619 2706 808 2761 Procul
852 2715 1026 2760 erata
1053 2705 1316 2760 cordibus
1365 2719 1552 2759 eorum
1602 2703 1692 2756 vel
1741 2703 1921 2773 lingua

319 2794 561 2865 priorum
582 2803 672 2848 aut
702 2795 924 2848 fratrum
949 2809 1167 2848 suorum
1191 2791 1471 2848 detractio.
1503 2793 1624 2846 Non
1647 2807 1742 2846 eos
1759 2808 1920 2846 vexa-

313 2883 430 2948 bat,
461 2891 520 2937 ut
550 2883 834 2954 plerosque
881 2883 1156 2936 multoties
1198 2882 1354 2947 solet,
1386 2881 1490 2936 cibi
1520 2881 1605 2934 vel
1637 2889 1797 2950 potus
1825 2889 1918 2934 aut

315 2972 554 3026 vestium
590 2971 972 3026 murmuratio.
1014 2972 1080 3025 Et
1119 2970 1247 3041 quia
1291 2970 1533 3040 perfecte
1583 2969 1637 3021 in
1683 2969 1793 3022 vita
1822 2984 1917 3022 sua

321 3060 507 3116 mundi
539 3069 907 3131 contemptum
957 3059 1237 3125 habentes,
1289 3059 1461 3113 Deum
1507 3057 1779 3125 studiose,
1821 3072 1919 3125 per
1946 3111 1992 3134 Π

312 3149 713 3216 abstinentiam,
747 3148 913 3203 etiam
944 3148 1089 3201 licita
1117 3146 1441 3216 respuendo,
1474 3154 1527 3200 et
1553 3162 1654 3215 per
1695 3153 1916 3200 sancta-

308 3253 426 3291 rum
460 3238 716 3292 virtutum
749 3237 1011 3292 exercitia
1041 3236 1393 3304 quaesierunt,
1425 3234 1570 3299 ideo,
1604 3235 1740 3288 sicut
1787 3250 1912 3288 cre-

305 3325 543 3380 dendum
575 3335 655 3380 est
685 3325 809 3379 sine
839 3324 1215 3395 ambiguitate,
1243 3324 1392 3379 illum
1423 3323 1696 3378 veraciter
1723 3337 1915 3394 appre-

306 3416 545 3471 hendere
575 3424 904 3469 meruerunt.

373 3504 546 3558 Priori
615 3518 831 3574 quoque
888 3501 1139 3557 Beccensi
1197 3501 1504 3556 Lanfranco
1548 3499 1788 3555 omnium
1843 3515 1910 3555 eo

311 3602 558 3663 tempore
580 3590 1018 3647 nominatissimo
1049 3591 1189 3645 adeo
1217 3592 1431 3656 charus,
1457 3588 1595 3644 adeo
1628 3589 1910 3643 familiaris

305 3682 616 3736 Gundulfus
649 3681 822 3736 factus
852 3688 933 3734 est
962 3690 1014 3734 ut
1047 3695 1171 3734 cum
1201 3678 1555 3733 Lanfrancum
1584 3677 1910 3731 Northman-

311 3785 501 3825 norum
533 3770 750 3834 nobilis,
783 3771 892 3823 dux
923 3767 1264 3833 Guillelmus,
1299 3767 1548 3822 coenobio
1579 3760 1905 3821 Cadomensi

302 3859 556 3915 abbatem
583 3858 819 3928 primum
849 3856 1174 3926 praeﬁceret,
1206 3856 1346 3910 hunc
1375 3871 1472 3925 pro
1501 3870 1598 3908 sua
1627 3854 1907 3909 sanctitate

303 3957 360 4004 et
398 3947 686 4017 prudentia
729 3961 914 4001 secum
960 3952 1279 4010 assumeret,
1313 3960 1493 3998 secum
1526 3944 1770 4006 duceret,
1805 3959 1903 3998 se-

301 4053 428 4092 cum
463 4037 514 4090 in
548 4035 792 4105 ejusdem
820 4033 1052 4088 curnobii
1094 4032 1492 4104 gubernatione
1532 4031 1903 4100 coadjutonezn

299 4125 546 4180 haberet.
587 4125 832 4191 Cumque
880 4127 934 4176 et
981 4122 1055 4177 ibi
1113 4120 1419 4175 sublimitas
1475 4119 1726 4174 virtutum
1786 4119 1906 4188 ejus

301 4213 540 4284 quotidie
586 4220 939 4281 augmentum
987 4218 1226 4278 caperet,
1279 4208 1408 4264 fecit
1456 4208 1618 4262 etiam
1679 4216 1904 4262 matrem

298 4319 451 4356 suam
483 4301 758 4356 carnalem
791 4299 920 4355 illuc
953 4298 1154 4363 venire,
1188 4305 1242 4350 et
1270 4313 1390 4350 eam
1422 4304 1608 4351 sancto
1638 4294 1905 4350 desiderio

2041 1820 2270 1876 miseriis
2317 1821 2455 1876 adeo
2500 1822 2951 1892 compatiebatur,
3001 1831 3059 1878 ut
3104 1839 3291 1880 eorum
3337 1823 3640 1881 inﬁrmiora

2040 1909 2247 1966 lavaret
2270 1951 2284 1975 ,
2334 1910 2567 1982 lotisque
2614 1915 2808 1980 postea
2864 1912 3117 1967 manibus
3179 1913 3357 1968 statim
3413 1913 3636 1969 missam

2040 1997 2382 2052 decantatum
2412 1997 2531 2064 iret,
2563 2008 2621 2053 ut
2651 2015 2839 2054 eorum
2876 2000 3253 2056 recordatione
3287 2002 3494 2057 recenti
3544 2017 3637 2058 se-

2039 2087 2328 2158 metipsum
2358 2087 2534 2142 acrius
2561 2088 2704 2143 inter
2733 2087 2958 2142 missam
2979 2089 3269 2145 cruciaret.
3293 2091 3427 2144 Cum
3457 2097 3639 2146 autem

2037 2184 2182 2230 tanta
2209 2191 2339 2231 cura
2384 2183 2527 2231 esset
2569 2175 2647 2230 illi
2695 2177 2750 2230 in
2797 2190 3106 2247 pauperum
3147 2177 3340 2232 sedula
3386 2177 3635 2232 admini-

2035 2265 2334 2329 stratione,
2373 2272 2465 2319 aut
2520 2263 2973 2334 impedimentum
3035 2265 3091 2319 in
3154 2266 3636 2337 procurandarum

2033 2368 2213 2406 rerum
2243 2352 2620 2418 exsecutione,
2654 2353 2770 2407 sive
2801 2352 2952 2408 locus
2981 2354 3200 2409 deesset
3228 2354 3320 2408 ubi
3349 2353 3422 2410 ab
3452 2354 3635 2410 homi-

2034 2456 2163 2495 num
2191 2441 2571 2512 conspectibus
2600 2449 2928 2513 segregatus
2957 2443 3290 2498 orationibus
3309 2450 3361 2497 et
3382 2443 3636 2513 lacrymis

2031 2529 2090 2583 in
2119 2530 2405 2600 praesentia
2434 2530 2534 2584 Dei
2566 2545 2716 2584 more
2745 2529 2906 2585 solito
2951 2529 3187 2600 seipsum
3225 2538 3464 2586 mactare
3494 2545 3632 2602 pos-

2031 2625 2148 2684 set,
2200 2626 2422 2688 accepta
2487 2627 2645 2673 noctu
2712 2617 2976 2685 candela,
3024 2618 3175 2690 quasi
3223 2619 3290 2673 ad
3338 2618 3633 2675 videndum

2030 2722 2201 2777 equos
2231 2721 2357 2760 suos
2381 2714 2560 2759 utrum
2591 2705 2730 2761 bene
2761 2706 3030 2776 procurati
3052 2715 3230 2762 essent
3257 2707 3627 2777 procedebat;

2027 2803 2082 2850 et
2110 2811 2276 2865 super
2300 2809 2546 2864 praesepe
2575 2809 2759 2848 eorum
2792 2793 3052 2862 residens,
3083 2802 3178 2849 aut
3205 2795 3264 2849 in
3292 2795 3480 2868 aliquo
3524 2813 3632 2851 an-

2026 2883 2158 2954 gulo
2186 2898 2304 2937 sese
2332 2881 2632 2950 occultans,
2657 2880 2801 2950 quod
2833 2882 2886 2935 in
2917 2881 3110 2936 diurna
3138 2881 3260 2937 luce
3282 2890 3405 2938 ante
3425 2883 3633 2939 intuen-

2026 2972 2158 3026 tium
2190 2971 2378 3026 oculos
2407 2985 2513 3026 non
2546 2978 2758 3039 poterat
2785 2977 2875 3024 aut
2906 2965 3141 3038 nolebat,
3172 2977 3322 3026 tanto
3353 2970 3630 3027 ardentius

2027 3068 2228 3130 quanto
2257 3057 2522 3115 secretius
2549 3058 2606 3112 in
2633 3059 2776 3112 caelo
2804 3058 3103 3128 reponebat
3141 3058 3365 3114 sudores
3406 3060 3488 3114 sui
3536 3060 3628 3116 la-

2024 3147 2194 3213 boris,
2225 3147 2528 3203 orationum
2559 3145 2890 3217 singultibus
2917 3153 2971 3200 et
2999 3145 3336 3203 dulcissima:
3365 3161 3625 3221 compun-

2022 3236 2219 3290 ctionis
2252 3235 2516 3289 imbribus
2542 3235 2812 3302 irrigatos.

2094 3341 2210 3397 Hoc
2237 3341 2292 3396 in
2321 3350 2566 3412 tempore
2607 3341 2851 3411 peccatis
2899 3341 3247 3413 exigentibus
3287 3342 3522 3414 contigit
3566 3344 3624 3397 in

2020 3430 2250 3486 ecclesia
2301 3430 2495 3485 Christi
2544 3429 2845 3484 Cantuariae
2904 3429 3195 3501 quemdam
3261 3445 3292 3484 e
3359 3430 3622 3485 fratribus

2021 3526 2200 3574 mente
2238 3518 2524 3582 excidere;
2558 3527 2612 3572 et
2639 3533 2902 3587 perverso
2943 3518 3130 3588 spiritu
3179 3518 3395 3587 plenus,
3427 3536 3459 3574 a
3488 3535 3620 3574 sen-

2017 3609 2166 3662 sibus
2195 3606 2444 3660 humanis
2473 3605 2527 3658 in
2561 3605 2746 3660 verbis
2775 3612 2831 3660 et
2861 3605 3017 3660 factis
3046 3604 3254 3660 alienus
3293 3607 3472 3663 factus
3501 3617 3612 3665 est.

2018 3700 2280 3766 Cumque,
2311 3693 2543 3749 vinculis
2569 3693 2842 3761 astrictus,
2883 3693 3143 3749 dentibus
3190 3695 3448 3752 strideret
3473 3705 3526 3752 et
3556 3699 3616 3752 in

2016 3786 2198 3840 multis
2226 3800 2287 3839 se
2315 3783 2620 3838 inordinate
2659 3781 2904 3849 haberet,
2937 3783 3224 3838 dicebatur
3252 3783 3329 3838 illi
3361 3799 3394 3839 a
3420 3785 3614 3841 fratri-

2015 3874 2141 3928 bus:
2170 3876 2325 3939 Tace,
2345 3873 2538 3941 miser,
2552 3875 2610 3926 et
2628 3873 2696 3926 ab
2711 3873 2941 3927 insania
2960 3877 3063 3926 tua
3075 3873 3316 3942 quiesce.
3345 3875 3408 3929 Et
3428 3876 3478 3930 si
3497 3891 3614 3932 non

2014 3965 2097 4018 vis
2136 3966 2372 4034 propter
2385 3977 2508 4022 nos,
2533 3960 2800 4016 dominus
2818 3959 3158 4033 Gundul/us
3179 3964 3305 4033 jam
3327 3964 3536 4031 veniet,
3555 3969 3614 4020 et

2015 4051 2424 4107 immoderatos
2457 4052 2547 4102 tui
2566 4049 2825 4119 corporis
2845 4054 3042 4104 motus
3063 4054 3119 4104 et
3143 4051 3614 4123 linguwcompes-

2013 4143 2122 4196 eet.
2148 4142 2242 4193 Ast
2270 4137 2361 4192 ille
2385 4154 2399 4190 :
2424 4137 2617 4200 Estne,
2635 4135 2943 4204 inquit,ille
2965 4138 3286 4208 Gundulfus
3305 4140 3405 4210 qui
3433 4139 3526 4195 die
3555 4145 3615 4196 et

2015 4230 2178 4283 nocte
2197 4226 2466 4296 lacrymis
2477 4225 2595 4278 suis
2610 4227 2665 4278 et
2682 4225 3008 4279 orationum
3019 4240 3249 4281 suarum
3263 4228 3516 4284 stimulis
3526 4245 3618 4285 me

2015 4315 2317 4370 exacerbat
2332 4314 2461 4384 ?qui
2471 4313 2534 4367 in
2550 4313 2721 4367 missa
2729 4327 2855 4366 rum
2871 4314 3160 4381 frequenti
3171 4314 3386 4370 celebra
3395 4319 3549 4373 tione
3560 4321 3618 4373 et

300 4405 583 4445 accensam
629 4389 684 4442 in
724 4389 1058 4442 monasterio
1089 4387 1379 4456 virginum,
1414 4386 1560 4456 quod
1608 4385 1658 4439 in
1710 4384 1899 4438 eadem
2006 4404 2248 4474 jejuni“
2265 4401 3618 4474 ει,πυιίαοανηίε,αωσοηινειίοηηονραηυυηι

301 4479 427 4512 νηι..
463 4477 732 4512 numnam
767 4477 1010 4512 nincr'nna
1059 4475 1320 4512 nrinniniu
1353 4490 1489 4512 ιιγηιο
1517 4483 1566 4512 οι
1606 4473 1891 4512 Δηηιηιηηη
1923 4453 1977 4512 Ι)
2339 4505 2395 4512 ,μ
2412 4491 2589 4512 mu---
2626 4491 2763 4512 m4-
2805 4493 2852 4512 ,ι
2884 4488 3171 4512 mih-.-”
3222 4490 3614 4512 ιμνμιμμη

301 4479 431 4534 villa
462 4477 736 4532 Mathildis
767 4477 1012 4543 ejusdem
1059 4475 1321 4544 principis
1353 4490 1489 4529 uxor
1517 4483 1567 4528 et
1599 4473 1891 4545 Anglorum

304 4568 480 4620 futura
511 4565 700 4637 regina
749 4573 1136 4628 construxerat,
1178 4563 1279 4617 sub
1325 4563 1717 4617 sanctimoniali
1764 4578 1898 4633 pro-

2008 4494 2295 4557 erucians,
2332 4491 2589 4562 operibus
2622 4491 2763 4545 meis
2796 4493 2853 4544 et
2882 4488 3174 4546 voluntati
3221 4490 3616 4548 indesinenter

2001 4582 2327 4637 contrarius
2341 4577 2559 4634 existet
2577 4579 2606 4630 ?
2631 4577 2732 4633 llle
2751 4593 2840 4633 me
2862 4579 3258 4650 persequitur;
3290 4594 3386 4648 ego
3410 4581 3608 4652 utique

305 4655 485 4724 pesito
518 4653 818 4708 constituit.
852 4653 950 4707 llla
979 4653 1178 4721 itaque,
1205 4651 1258 4705 in
1291 4652 1669 4706 observatione
1699 4659 1903 4706 sanctze
2003 4669 2602 4744 ρεηεηαανξιιωηκι
2623 4667 2778 4721 unde
2793 4665 3262 4735 ,ηοάοριονίαιιινν
3281 4651 3611 4738 “maxime

305 4743 508 4814 regulae
555 4751 610 4796 et
652 4742 1029 4796 mandatorum
1076 4741 1175 4794 Dei
1225 4739 1474 4794 ardenter
1528 4755 1904 4810 perseverans,

2007 4760 2279 4814 damnum
2301 4757 2408 4812 sibi
2417 4771 2582 4827 graue
2594 4758 2896 4825 consurget
2905 4795 2917 4806 .
2939 4752 3149 4822 Quibus
3163 4753 3267 4808 sibi
3280 4754 3480 4822 relatis,
3500 4772 3610 4812 non

304 4839 455 4908 Optio
487 4837 592 4893 fine
650 4838 705 4892 in
753 4839 947 4892 eodem
1022 4836 1142 4891 1000
1192 4837 1353 4890 Vitam
1401 4835 1685 4890 εοηοιυδίῐ-
1728 4837 1795 4890 Εἰ
1833 4836 1912 4890 δίο
2010 4847 2154 4902 enim
2187 4846 2234 4900 is
2263 4843 2628 4911 interfuit,vir
2647 4842 2990 4898 venerandus
3008 4841 3180 4896 armis
3195 4842 3420 4911 justitia:
3442 4845 3612 4900 vitam

306 4927 450 4979 idem
507 4934 665 4996 pater
714 4934 941 4981 matrem
1015 4941 1208 4990 suam,
1269 4940 1388 4993 quae
1440 4940 1562 4978 eum
1623 4932 1906 4995 pepererat

305 5015 548 5081 mundo,
595 5030 692 5084 per
745 5014 1028 5085 religionis
1082 5013 1324 5068 habitum
1381 5021 1433 5068 et
1489 5013 1908 5070 sanctimoniam

306 5118 428 5158 com
437 5103 709 5159 mandavit
738 5104 853 5158 Deo
866 5145 880 5157 .

379 5208 626 5278 Denique
655 5224 779 5265 cum
812 5224 996 5262 comes
1027 5209 1201 5272 idem,
1234 5207 1424 5278 Anglia
1456 5205 1563 5259 sibi
1588 5206 1753 5259 armis
1779 5206 1913 5259 sub-

303 5298 498 5367 jugata
533 5297 672 5365 jam,
707 5297 760 5350 in
800 5313 859 5351 ea
907 5305 1179 5367 regnaret,
1211 5304 1261 5349 et
1293 5295 1647 5348 Lanfrancnm
1680 5295 1906 5348 Cantua-

311 5385 474 5440 riensi
526 5385 834 5454 pontiﬁcatu
865 5394 914 5439 et
946 5385 1108 5438 totius
1143 5385 1352 5454 Anglia:
1385 5382 1615 5452 primatu
1649 5382 1916 5436 sublima-

314 5482 419 5541 ret,
455 5475 596 5528 hunc
640 5475 730 5529 ille
778 5475 830 5528 in
878 5473 1128 5543 Angliam
1178 5488 1361 5526 secum
1412 5471 1658 5536 adduxit,
1690 5479 1762 5536 et,
1795 5471 1922 5539 quia

317 5565 372 5618 in
421 5563 584 5618 rebus
633 5564 794 5617 etiam
843 5562 1208 5618 exterioribus
1235 5561 1530 5616 industrius
1578 5561 1741 5616 valde
1788 5565 1919 5626 erat,

2015 4951 2173 4989 suam
2227 4933 2498 5000 muniens,
2547 4939 2739 4988 contra
2784 4939 2968 4985 castra
3013 4929 3313 5000 spiritualis
3359 4933 3613 5002 nequitiae

2017 5022 2397 5079 robustissima
2439 5021 2646 5087 restitit,
2697 5028 2752 5074 et
2799 5019 2924 5074 licet
2970 5019 3018 5073 ei
3067 5019 3305 5089 quadam
3338 5021 3447 5089 die,
3474 5021 3621 5078 inter

2020 5114 2304 5167 missarum
2348 5125 2503 5164 sacra
2541 5108 2826 5174 solemnia,
2855 5115 3136 5162 corruente
3164 5107 3355 5177 calice,
3389 5110 3621 5166 turbatio

2021 5201 2205 5271 gravis
2239 5198 2520 5264 acciderit,
2553 5211 2828 5268 nunquam
2861 5212 2893 5250 a
2919 5195 3176 5250 laudibus
3208 5197 3302 5251 Dei
3352 5198 3438 5252 vel
3485 5215 3620 5270 gra-

2023 5291 2219 5344 tiarum
2237 5289 2452 5342 actione
2473 5285 2728 5341 cessavit.
2755 5283 2865 5339 Sed
2883 5284 3012 5354 quia
3038 5285 3143 5340 hoc
3163 5300 3228 5339 es
3255 5285 3624 5355 promissione

2025 5377 2256 5447 maligni
2288 5384 2341 5430 et
2369 5391 2464 5429 sua
2515 5373 2853 5446 negligentia
2893 5372 3126 5427 credidit
3166 5374 3434 5435 evenisse.
3467 5375 3621 5445 quasi

2027 5475 2186 5522 antea
2236 5465 2372 5520 nihil
2421 5465 2476 5519 in
2525 5463 2743 5518 servitio
2791 5461 2890 5518 Dei
2934 5462 3168 5533 egisset,
3217 5471 3270 5518 et
3316 5462 3626 5519 rudimenta

2030 5556 2267 5612 cmlestis
2309 5554 2433 5611 vitae
2482 5553 2632 5626 quasi
2680 5560 2806 5608 tunc
2852 5551 3089 5623 primum
3135 5551 3466 5620 inchoasset,
3505 5566 3626 5606 sese
