4032 6078
442 202 546 263 823

1529 211 1878 268 GUNDULFI
1911 209 2303 268 ROFFENSIS
2335 211 2646 269 EPISCOPI

3654 219 3763 277 824

430 345 545 399 gna
566 332 747 387 tanta
773 332 1115 390 seueritatis
1156 337 1594 392 consonantiam
1648 351 1749 392 suo
1795 335 2025 407 ingenio
2056 336 2112 395 A
2138 329 2381 402 ejusdem
2412 335 2647 405 apostoli
2681 336 2986 396 orationem
3030 340 3197 397 semel
3255 341 3593 397 Dominicam
3652 358 3758 412 pro

432 420 760 490 exprimere
774 425 1002 492 potest!
1033 422 1163 477 Hac
1191 422 1303 479 ille.
1339 423 1550 480 Deinde
1578 423 1862 492 velociter,
1904 424 1950 479 si
1982 424 2037 479 in

432 510 655 564 secreto
682 506 805 565 loco
835 512 997 579 esset,
1028 517 1266 568 assuetae
1305 511 1736 584 compunctionis
1790 512 2037 586 regulam

430 594 735 664 sequebatu
747 613 791 651 r.

510 684 577 738 Et
622 683 749 755 quid
797 683 1088 742 dicemus?
1132 687 1346 758 Quanta
1395 698 1513 746 erat
1557 691 1606 747 ei
1654 706 1795 761 pura
1836 700 2038 747 sancta

437 770 798 826 venerationis
841 773 1152 832 sollicitudo
1216 779 1273 833 in
1339 778 1611 834 audiendo
1665 778 1752 835 vel
1807 779 2038 836 dicendo

433 858 716 915 servitium
746 861 986 918 Domini.
1021 865 1182 934 Raro,
1200 866 1418 936 quando
1439 867 1719 923 dicebatur
1737 868 2035 923 secundum

430 954 787 1021 nocturnum,
849 950 1093 1021 sedebat,
1154 954 1258 1010 nisi
1316 954 1600 1010 inﬁrmitas
1683 957 1866 1028 gravis
1947 964 2036 1012 aut

430 1035 694 1093 lassitudo
723 1039 891 1095 multa
920 1042 1187 1113 coegisset
1217 1061 1231 1107 ;
1267 1052 1318 1099 et
1348 1044 1621 1112 similiter,
1647 1053 1931 1117 postquam
1956 1045 2034 1099 in-

431 1122 707 1194 cipiebant
729 1127 916 1184 dicere
947 1131 1204 1188 Laudate
1234 1134 1538 1189 Dominum
1560 1133 1626 1189 de
1655 1135 1809 1190 caelis
1865 1149 2036 1205 usque

431 1211 489 1266 in
519 1211 683 1270 ﬁnem
713 1216 1121 1288 matutinorum,
1148 1228 1201 1275 et
1231 1222 1333 1277 hoc
1362 1221 1509 1276 idem
1556 1221 1612 1275 in
1666 1220 1914 1277 laudibus
1968 1223 2037 1278 de

435 1300 693 1357 omnibus
722 1305 1094 1362 sanctis.Cum
1126 1316 1327 1378 quanta
1345 1309 1510 1364 etiam
1538 1309 1719 1366 cordis
1748 1309 2036 1382 diligentia

433 1395 490 1442 et
511 1387 722 1447 fervore
752 1391 922 1448 divini
950 1394 1153 1450 amoris
1182 1396 1456 1453 recolebat
1487 1398 1805 1453 memoriam
1840 1398 2034 1453 Domi-

431 1474 572 1532 nica
600 1479 867 1549 passionis
886 1483 914 1534 ‘l
943 1483 1095 1539 Hanc
1157 1485 1377 1541 assidue
1428 1486 1698 1543 retinebat
1745 1487 1801 1541 in
1833 1496 2031 1543 mente.

430 1563 587 1619 Hanc
614 1566 942 1637 imitabatur,
975 1555 1232 1643 afﬂigens
1261 1582 1315 1630 et
1345 1574 1574 1629 domans
1604 1590 1824 1630 carnem
1879 1592 2033 1630 suam

2148 435 2213 476 eo
2242 430 2506 478 cantaret.
2547 425 2829 481 Ditabatur
2857 427 3039 500 itaque
3067 429 3227 486 valde
3253 429 3518 485 Rot’fensis
3565 432 3761 487 eccle-

2143 509 2223 565 sia
2250 518 2365 565 tum
2396 512 2672 583 pracipue
2700 514 2869 585 ipsius
2899 518 3303 591 archiprzesulis
3330 518 3507 590 donis,
3541 527 3654 575 tum
3688 528 3746 576 et

2145 595 2373 654 aliorum
2405 600 2770 657 oblationibus
2796 603 2997 660 multis.

2220 686 2351 741 Cum
2383 696 2565 743 autem
2595 692 2948 761 postmodum
2995 702 3073 750 tot
3126 705 3271 751 esset
3319 697 3761 769 possessionibus

2148 774 2319 830 ditata
2343 783 2400 830 ut
2429 792 2612 833 earum
2644 796 2767 850 pars
2794 782 3040 855 quidem
3100 784 3381 854 episcopo,
3433 802 3565 855 pars
3620 803 3756 843 vero

2145 862 2428 919 monachis
2458 865 2705 922 sufﬁcere
2732 878 2937 937 posset,
2967 870 3165 942 placuit
3208 873 3489 946 episcopo,
3546 873 3757 944 placuit

2145 950 2530 1008 ctLanfranco
2564 962 2622 1009 ut
2665 956 2955 1028 episcopus
3006 976 3093 1013 res
3147 977 3273 1016 suas
3328 962 3574 1031 seorsim,
3634 979 3756 1017 mo-

2144 1038 2303 1093 nachi
2335 1055 2464 1096 vero
2495 1050 2546 1096 et
2576 1043 2683 1112 ipsi
2715 1046 3092 1115 possessiones
3120 1065 3245 1104 suas
3278 1049 3543 1105 haberent
3588 1067 3754 1106 seor-

2143 1124 2267 1181 sim.
2301 1128 2415 1183 Hoc
2446 1136 2624 1185 autem
2656 1132 2777 1188 ideo
2821 1135 3054 1190 maxime
3098 1137 3297 1191 factum
3354 1147 3455 1207 est,
3509 1155 3578 1195 ne
3626 1141 3754 1211 quis

2144 1216 2439 1286 episcopus
2467 1229 2862 1289 superventuro
2890 1231 3132 1296 tempore
3161 1228 3421 1297 esset,qui
3450 1229 3753 1284 monachos

2142 1318 2253 1358 non
2286 1305 2425 1360 adeo
2450 1306 2704 1379 diligens,
2739 1326 2823 1365 res
2851 1314 2934 1367 eis
2970 1313 3175 1370 divisas
3229 1317 3475 1372 minuere
3530 1326 3744 1387 posset.

2144 1389 2286 1459 Quia
2349 1409 2479 1451 vero
2543 1398 2796 1453 monachi
2852 1401 3125 1470 pluribus,
3156 1410 3342 1476 utpote
3399 1406 3513 1475 jam
3562 1405 3743 1473 multi,

2143 1479 2481 1552 indigebant,
2516 1491 2627 1539 tum
2659 1487 2881 1557 quidem
2912 1505 3008 1559 pro
3041 1507 3227 1548 eorum
3284 1494 3460 1550 victus
3501 1495 3743 1550 necessi—

2144 1568 2334 1625 tudine
2365 1578 2418 1626 et
2474 1574 2721 1643 vestitus,
2748 1584 2859 1631 tum
2892 1594 3018 1634 vero
3083 1596 3181 1651 pro
3220 1582 3499 1653 hospitum
3564 1597 3745 1638 susce-

430 1650 659 1720 jejuniis
688 1656 874 1712 multis
904 1666 957 1713 et
985 1658 1261 1716 interdum
1291 1662 1399 1718 acri
1431 1663 1713 1718 verberum
1786 1679 2033 1720 macera-
2060 1685 2116 1747 B
2140 1657 2348 1747 Pliones
2381 1661 2659 1732 Sapienter
2703 1681 2887 1721 rursus
2916 1668 3196 1737 Ρΐονίδυη]
3253 1678 3333 1726 εει
3378 1678 3436 1726 ut
3482 1672 3741 1726 monac-hi

434 1739 602 1797 tione.
632 1743 857 1800 Dicebat
883 1748 1052 1803 etiam
1082 1748 1242 1804 nobis
1270 1767 1283 1803 :
1331 1750 1480 1816 Quid
1524 1752 1792 1822 facimus,
1823 1754 2035 1822 fratres

425 1829 546 1884 mei
562 1830 595 1883 ?
618 1830 760 1899 Quid
775 1833 1050 1902 dicemus,
1080 1852 1211 1893 cum
1238 1840 1461 1896 venerit
1479 1842 1751 1897 Dominus
1763 1841 1793 1894 Ρ
1810 1842 2031 1898 Scimus

427 1921 585 1974 certe
613 1919 756 1991 quod
780 1922 1055 1980 Dominus
1080 1931 1274 1983 noster
1295 1928 1456 1985 Iesus
1480 1928 1735 1985 Christus
1782 1945 1857 1986 ea:
1911 1932 2033 1987 sola

422 2004 667 2074 pietatis
697 2025 815 2066 sua:
829 2011 1221 2070 misericosdia
1232 2018 1414 2072 nullis
1424 2018 1636 2075 nostris
1651 2019 1943 2090 prleceden
1953 2019 2029 2074 ti-

422 2091 526 2148 bus
552 2096 800 2168 meritis,
831 2115 939 2170 per
965 2102 1288 2172 passionem
1317 2106 1505 2161 crucis
1529 2124 1565 2161 a
1601 2110 1783 2162 morte
1811 2111 2030 2163 (eterna

421 2196 526 2238 nos
547 2184 809 2241 redemit.
836 2189 944 2245 Hoc
964 2188 1066 2247 ille
1084 2192 1245 2247 nobis
1268 2196 1342 2249 :et
1371 2194 1632 2266 nos,quid
1651 2195 1926 2263 ilti‘lQuas
1942 2196 2029 2251 υἱ-

421 2282 514 2325 ces
545 2273 701 2328 tanti
718 2275 948 2333 honoris
965 2278 1057 2333 illi
1073 2282 1607 2354 recompensumus?
1617 2284 1855 2341 Vulnera
1871 2286 2030 2357 quin-

420 2372 529 2428 que
555 2376 659 2429 pro
687 2363 847 2419 nobis
874 2368 1125 2423 moriens
1142 2370 1705 2442 pertulit,quinquies
1725 2376 1782 2428 et
1797 2389 1899 2429 nos
1926 2373 2026 2431 hoc

429 2443 761 2507 dulcissime
787 2453 851 2508 in
888 2456 1164 2512 memoria
1213 2458 1399 2514 cordis
1446 2459 1738 2516 recolendo
1777 2462 2025 2532 quotidie

417 2533 559 2602 flere
579 2536 930 2597 deberemus.
961 2543 1050 2610 Et,
1097 2544 1148 2600 si
1166 2562 1267 2616 pro
1308 2547 1630 2619 fragilitate
1658 2553 1875 2617 nostra,
1902 2566 2025 2622 quae

416 2637 525 2677 nos
552 2627 960 2698 multipliciter
984 2634 1321 2705 corrumpit,
1348 2635 1516 2692 toties
1556 2654 1673 2694 non
1701 2654 2020 2709 possumus,

418 2711 630 2767 saltem
660 2715 735 2770 ad
772 2717 986 2786 minus,
1019 2721 1083 2776 in
1111 2726 1644 2780 commemoratione
1661 2727 1840 2795 illius,
1861 2728 2024 2798 quin-

419 2812 531 2867 que
560 2796 841 2873 lacrymas
871 2820 975 2876 per
999 2808 1254 2879 singulos
1280 2810 1398 2866 dies
1423 2813 1757 2880 fundamus.

495 2887 558 2940 In
586 2887 701 2944 istis
732 2890 1036 2948 laudandus
1059 2896 1310 2964 pontifex
1334 2898 1566 2953 ducebat
1587 2900 1705 2956 dies
1725 2917 1881 2958 suos.
1920 2903 2023 2959 Pro

2140 1743 2316 1817 plura,
2367 1748 2656 1820 episcopus
2713 1768 2849 1808 vero
2906 1756 3205 1823 possideret
3263 1759 3541 1829 pauciora.
3602 1758 3740 1827 Qua

2140 1849 2269 1889 vero
2301 1835 2456 1905 plura
2485 1838 2589 1893 sint
2616 1838 2728 1905 illa,
2788 1843 2917 1897 satis
2984 1844 3223 1900 evidenti
3285 1847 3594 1903 distinctum
3661 1857 3741 1901 est

2139 1921 2326 1978 charta
2352 1924 2409 1979 in
2435 1927 2668 1983 ecclesia
2697 1929 2938 1985 Roﬂ‘ensi
2977 1934 3236 2004 reposita,
3271 1950 3460 2007 regum
3515 1944 3568 1990 et
3595 1951 3735 2005 pro-

2138 2024 2325 2066 cerum
2350 2029 2450 2069 nec
2475 2030 2583 2071 non
2613 2024 2669 2072 et
2708 2019 3103 2089 episcOporum
3155 2023 3365 2094 Anglia
3419 2025 3740 2079 auctoritate

2136 2099 2472 2156 confirmata.
2507 2104 2622 2160 Hoc
2654 2105 2796 2160 enim
2826 2107 2897 2161 ab
2932 2110 3183 2164 omnibus
3214 2111 3457 2166 obtinere
3486 2112 3603 2167 viro
3634 2112 3734 2167 Dei

2137 2186 2460 2243 facillimum
2494 2191 2759 2247 fuit.Nam
2792 2196 2974 2251 nullus
3004 2211 3193 2268 regum
3223 2198 3345 2268 ejus
3400 2202 3735 2271 temporibus

2135 2274 2190 2329 in
2221 2277 2411 2348 Anglia
2440 2282 2712 2352 regnandi
2740 2291 3065 2355 potestatem
3096 2286 3299 2357 habuit,
3333 2289 3427 2361 qui
3457 2305 3564 2346 non
3602 2306 3733 2347 eum

2134 2358 2412 2417 oﬁ'endere
2444 2363 2721 2420 timuisset.

2203 2448 2470 2505 Defuncto
2509 2452 2675 2523 igitur
2727 2458 2872 2526 apud
2930 2459 3335 2532 Rothomagum
3396 2463 3736 2519 nobilissimo

2131 2550 2265 2609 rege
2294 2539 2590 2611 Anglorum
2622 2543 2926 2610 Willelmo,
2958 2548 3213 2603 successit
3242 2548 3384 2604 filius
3414 2552 3529 2621 ejus
3572 2551 3736 2607 Guil-

2131 2622 2327 2679 lelmus
2356 2628 2413 2679 in
2435 2644 2695 2700 regnum.
2733 2632 2832 2689 Hic
2858 2643 3084 2705 accepto
3128 2653 3301 2710 regno
3358 2655 3482 2693 cum
3547 2640 3735 2695 multis

2131 2711 2204 2767 ob
2231 2711 2479 2770 insolitas
2508 2720 2771 2788 quasdam
2803 2721 3174 2780 infestationes
3205 2734 3258 2781 et
3287 2742 3470 2781 rerum
3524 2730 3734 2783 multa-

2130 2816 2252 2854 rum
2280 2804 2610 2874 gravedines
2637 2823 2899 2865 onerosus
2946 2821 2998 2867 et
3052 2814 3230 2869 minus
3259 2816 3508 2870 amabilis
3563 2825 3729 2885 esset,

2130 2889 2273 2944 hunc
2329 2908 2441 2961 pra
2500 2896 2751 2952 omnibus
2799 2899 3070 2972 episcopis
3117 2905 3459 2959 venerationi
3516 2906 3723 2973 habuit,

418 2970 509 3028 his
537 2990 674 3047 ergo
714 2979 966 3035 omnibus
1008 2982 1361 3055 admirabilis,
1416 2988 1669 3044 omnibus
1722 2989 2026 3047 habebam,
2052 3024 2102 3087 Ο
2129 2977 2362 3034 audiens
2391 2983 2682 3039 multorum
2712 2970 3178 3045 relatioue'vitam
3236 2993 3472 3048 hominis
3521 2995 3619 3049 Dei
3666 2995 3725 3049 in

421 3062 674 3087 4.....Lil:-
755 3067 966 3087 n_l__s-.
1060 3070 1071 3081 -
1220 3071 1253 3087 ι.
1433 3074 1491 3087 ι..
1638 3078 1652 3087 .
1770 3086 1773 3087 ,
1948 3080 1961 3087 -
2132 3066 2302 3087 -n--.l:-
2342 3083 2429 3087 huc
2452 3086 2463 3087 γ
2634 3073 2690 3087 ν.
2768 3074 2798 3087 ,ο
2881 3077 2889 3085 .
2968 3077 2999 3087 ..
3326 3082 3338 3087 _
3558 3083 3600 3087 __
3711 3084 3720 3087 _

420 3062 696 3120 amabilis.
753 3067 971 3124 Dabant
1023 3070 1072 3126 ei
1116 3071 1290 3128 multa
1337 3074 1515 3142 multi,
1561 3078 1655 3131 sed
1729 3086 1782 3133 et
1854 3080 2024 3135 multa

419 3147 588 3206 dabat
617 3161 671 3208 et
698 3153 815 3226 ipse
847 3158 1049 3213 multis.
1075 3160 1279 3230 Maiora
1307 3169 1488 3218 tamen
1530 3165 1855 3238 quandoque
1914 3167 2020 3223 mi-

415 3238 650 3296 noribus
678 3257 776 3313 pro
802 3245 1231 3314 necessitudine,
1279 3251 1495 3307 minora
1538 3267 1668 3309 vero
1722 3254 2024 3324 majoribus

415 3341 523 3396 pro
551 3328 918 3390 charitudine.
950 3335 1186 3393 Minores
1213 3337 1481 3410 siquidem
1511 3341 1630 3411 ejus
1674 3358 1895 3399 munere
1942 3344 2023 3400 di-

417 3414 604 3487 tiores,
636 3421 877 3491 majores
905 3439 1039 3480 vero
1067 3440 1128 3481 se
1162 3425 1278 3482 fore
1308 3428 1607 3483 credebant
1636 3431 2022 3501 tutiores.Quis

418 3504 567 3560 enim
613 3509 873 3565 annulum
929 3513 1015 3567 vel
1065 3528 1297 3583 parvum
1346 3515 1452 3571 sibi
1519 3516 1589 3572 ab
1652 3533 1716 3574 eo
1763 3520 2021 3575 collatum

420 3590 596 3663 digito
626 3598 882 3667 portavit,
917 3606 972 3654 et
998 3615 1060 3655 se
1088 3601 1341 3657 tutiorem
1396 3618 1505 3658 non
1557 3621 1678 3661 esse
1734 3608 1964 3662 credidit
1992 3610 2020 3661 ‘l

422 3677 560 3746 Quis
590 3697 651 3737 se
680 3683 825 3739 illius
853 3686 1187 3744 orationibus
1213 3691 1633 3761 commendavit,
1683 3701 1735 3749 et
1781 3709 1892 3751 non
1950 3696 2019 3751 ab

417 3780 487 3822 eo
514 3782 736 3826 securus
755 3772 1063 3829 abscessit?
1668 3787 1673 3793 ‘

493 3856 827 3915 Lanfrancus
854 3861 1020 3934 igitur
1046 3864 1148 3920 Dei
1192 3882 1410 3923 servum
1456 3868 1742 3925 virtutibus
1795 3873 2018 3929 audiens

418 3956 768 4003 succrescere
794 3949 963 4006 tantis
992 3959 1046 4008 et
1091 3953 1161 4009 de
1203 3954 1323 4024 ejus
1370 3956 1653 4014 sanctitate
1697 3960 1894 4016 famam
1946 3963 2016 4017 ad

415 4046 589 4122 usque
625 4035 808 4092 sidera
835 4038 974 4109 tolli,
1007 4042 1210 4113 gaudio
1249 4044 1566 4115 replebatur
1606 4064 1716 4104 non
1773 4050 2010 4122 modico,

417 4121 565 4191 quod
607 4122 677 4178 de
717 4125 839 4196 ejus
879 4129 1239 4188 contubernio
1305 4140 1512 4189 tantum
1556 4137 1799 4193 ecclesia
1845 4139 2013 4196 decus

409 4212 784 4282 processisset,
842 4216 1069 4288 ejusque
1151 4220 1222 4275 ad
1269 4237 1330 4277 se
1379 4224 1584 4293 sapius
1656 4228 1866 4282 evocati
1921 4228 2008 4284 vel

414 4307 611 4367 sponte
654 4302 929 4358 venientis
977 4305 1153 4362 libens
1197 4308 1482 4366 fruebatur
1543 4313 1833 4384 colloquio.
1904 4316 2007 4369 Vix

407 4393 588 4442 autem
618 4403 743 4444 eum
785 4392 1092 4449 remittebat
1146 4411 1413 4461 vacuum;
1473 4399 1571 4455 sed
1609 4375 1753 4457 nunc
1797 4405 2003 4475 cappis,
2034 4375 2089 4435 D

410 4489 557 4531 nunc
574 4478 913 4536 candelabris
961 4484 1231 4553 pretiosis,
1280 4501 1425 4543 nunc
1475 4488 1598 4543 aliis
1652 4490 2007 4549 ecclesiastici

413 4562 629 4619 decoris
652 4570 986 4624 ornamentis
1014 4572 1294 4628 donatum.
1326 4575 1632 4648 Aliquando
1676 4595 1824 4649 vero,
1881 4596 2003 4637 cum

404 4665 529 4705 eum
559 4668 787 4709 vacuum
818 4656 1116 4715 dimisisset
1144 4669 1199 4716 et
1253 4662 1325 4718 ob
1381 4664 1486 4720 hoc
1543 4675 1876 4723 commotum
1933 4671 2006 4724 ti-

2128 3066 2307 3122 studio
2337 3083 2586 3138 superna
2616 3073 2923 3131 dilectionis
2950 3077 3040 3133 diu
3070 3096 3188 3134 esse
3217 3082 3525 3149 probatam.
3557 3083 3625 3136 Et
3679 3084 3724 3136 si

2130 3153 2264 3209 alias
2292 3156 2614 3226 quibusdam
2672 3164 2911 3234 auguriis
2960 3168 3310 3239 perturbavit,
3370 3171 3511 3224 Patri
3568 3171 3730 3227 Gun-

2129 3240 2281 3298 dulfo
2340 3253 2391 3299 et
2444 3247 2699 3305 ecclesia
2752 3251 2992 3308 Rolfensi
3048 3256 3299 3310 omnibus
3367 3258 3561 3314 diebus
3615 3260 3731 3314 suis

2132 3330 2375 3404 benigne
2402 3337 2746 3405 pepercit.Et
2773 3356 2881 3395 non
2912 3343 3085 3397 solum
3118 3345 3379 3414 pepercit,
3394 3346 3488 3401 sed
3505 3354 3557 3402 et
3573 3348 3733 3420 larga

2129 3435 2291 3475 manu
2321 3426 2695 3492 possessiones
2725 3428 2967 3500 episcopi
2989 3431 3528 3491 multumliberaliter
3547 3438 3723 3492 auxit.

2127 3507 2300 3579 Hujus
2327 3511 2549 3580 speciali
2580 3530 2762 3570 amore
2790 3519 3038 3573 maneria
3067 3520 3195 3591 duo,
3255 3524 3576 3579 Hadreham
3631 3526 3723 3579 vi-

2126 3594 2327 3653 delicet
2356 3606 2409 3653 et
2438 3601 2809 3669 Lambetham,
2863 3607 3101 3675 primum
3159 3610 3375 3679 quidem
3434 3621 3491 3666 ut
3546 3613 3725 3667 dona-

2126 3692 2273 3739 retur
2301 3689 2585 3757 concessit,
2619 3692 2851 3746 alterum
2906 3712 3039 3751 vero
3080 3700 3304 3767 propria
3358 3700 3728 3757 muniﬁcentia

2125 3771 2375 3829 donavit.
2415 3777 2554 3831 Nam
2577 3778 2900 3836 Hadreham
2931 3784 3262 3841 Lanfrancus
3278 3788 3727 3860 archiepiscopus

2122 3864 2347 3932 proprio
2375 3863 2564 3922 labore
2593 3876 2647 3923 et
2673 3871 2929 3939 pecuniis
2960 3875 3300 3946 acquisitam,
3332 3892 3442 3931 non
3482 3878 3627 3932 enim
3655 3894 3725 3934 ex

2122 3950 2359 4020 antiquis
2387 3956 2822 4022 possessionibus
2851 3961 3343 4035 archiepisc0patus
3370 3966 3561 4022 eadem
3593 3967 3728 4022 villa

2120 4047 2259 4105 erat,
2295 4039 2512 4098 favente
2541 4042 2647 4100 hoc
2675 4062 2804 4117 rege
2836 4048 3113 4105 Gundulfo
3144 4053 3402 4124 episcopo
3430 4062 3484 4109 et
3538 4055 3723 4111 eccle—

2118 4125 2215 4182 sia
2244 4143 2358 4183 sua
2382 4132 2530 4186 omni
2561 4142 2687 4204 post
2718 4142 2961 4206 tempore
2983 4154 3054 4193 ex
3085 4140 3299 4213 integro
3328 4142 3719 4212 possidendam

2116 4218 2398 4273 concessit.
2432 4219 2786 4277 Laml‘etham
2840 4240 2969 4281 vero
3026 4227 3169 4282 idem
3229 4245 3325 4284 rex
3373 4232 3594 4286 donavit
3648 4248 3720 4287 ex

2117 4305 2339 4373 propria
2396 4308 2672 4366 voluntate
2735 4327 2848 4381 sua,
2909 4329 3008 4383 pro
3076 4318 3466 4374 restauratione
3529 4320 3720 4379 damni

2118 4393 2263 4462 quod
2292 4394 2526 4451 ecclesia
2573 4398 2839 4454 Roﬂensis
2869 4418 3126 4472 perpessa
3182 4414 3263 4460 est
3294 4406 3350 4460 in
3404 4408 3716 4477 obsidione,

2116 4481 2319 4549 quain
2385 4484 2580 4540 eodem
2610 4488 2731 4543 loco
2763 4489 2906 4546 facta
2948 4499 3051 4558 est,
3108 4501 3297 4549 contra
3353 4495 3718 4565 Bajocensem

2113 4567 2434 4640 episc0pum
2465 4572 2715 4630 Odonem
2729 4616 2742 4630 .

2180 4674 2301 4730 Rex
2332 4675 2529 4747 itaque,
2555 4696 2679 4734 cum
2706 4684 2956 4739 eumdem
2988 4685 3237 4743 Odonem
3288 4688 3343 4742 in
3398 4689 3518 4760 ipsa
3575 4691 3713 4746 urbe

2109 4776 2229 4817 cum
2261 4764 2383 4818 aliis
2412 4768 2666 4823 maxima
2705 4773 2966 4840 potentia
3022 4774 3152 4831 viris
3208 4776 3506 4847 obsideret,
3566 4782 3713 4850 quod

2106 4848 2159 4903 in
2193 4866 2313 4905 eum
2344 4853 2630 4925 plusquam
2660 4859 2840 4914 civilia
2897 4861 3039 4916 bella
3096 4865 3277 4918 comiti
3338 4848 3599 4923 Robertoi
3632 4868 3711 4922 fa-

2104 4938 2281 4994 vendo
2312 4942 2591 5010 movisset,
2616 4945 2789 5001 virum
2817 4949 2914 5003 Dei
2950 4957 3128 5006 tamen
3169 4961 3222 5007 et
3281 4954 3507 5009 licenter
3557 4957 3709 5012 exire

2101 5033 2155 5081 et
2182 5026 2431 5099 licenter,
2463 5049 2586 5087 cum
2617 5035 2852 5103 volebat,
2884 5038 3075 5093 urbem
3106 5041 3452 5110 permittebat
3471 5046 3697 5101 intrare.

2102 5115 2273 5171 Tanta
2329 5118 2596 5188 siquidem
2642 5122 2733 5177 ille
2787 5127 3074 5193 prudentia
3102 5128 3244 5183 inter
3299 5140 3560 5204 utrosque
3591 5150 3705 5189 me-

2097 5202 2247 5259 dium
2278 5221 2336 5261 se
2367 5208 2571 5279 agebat
2599 5218 2655 5265 ut
2688 5220 2739 5267 et
2768 5213 3146 5271 obsidentibus
3188 5219 3428 5289 placeret
3471 5202 3538 5276 ﬁet
3591 5223 3701 5277 ob-

2093 5292 2256 5346 sessis
2282 5304 2567 5364 suspectus
2633 5315 2741 5354 non
2779 5311 2943 5357 esset.
3015 5305 3123 5360 Cur
3169 5307 3274 5362 hoc
3335 5315 3535 5378 autem,
3594 5311 3698 5368 nisi

2092 5380 2217 5449 quia
2274 5389 2435 5439 tanta
2487 5387 2791 5442 sanctitatis
2840 5408 2958 5446 esse
3042 5394 3364 5450 credebatur
3419 5414 3540 5467 qua
3596 5415 3697 5455 nec

2090 5467 2327 5526 obsessis
2357 5472 2598 5529 nocitura
2626 5484 2765 5532 esset
2794 5494 2894 5535 nec
2914 5479 3295 5539 obsidentibus
3321 5485 3349 5537 ‘?
3380 5486 3496 5541 Imo
3554 5502 3689 5543 vero

392 4747 600 4796 meret:
639 4744 927 4808 Timeo,ait
950 4746 1084 4816 suis,
1112 4765 1183 4805 ne
1212 4766 1248 4806 a
1270 4751 1423 4808 nobis
1441 4758 1735 4826 episcopus
1754 4771 2000 4815 commo-

392 4830 484 4882 tus
501 4828 812 4887 dicesserit.
836 4835 1061 4907 Aliquid
1081 4841 1275 4910 itaque
1297 4844 1382 4895 est
1397 4847 1450 4896 ei
1468 4844 1834 4913 mittendum,
1855 4848 1999 4919 quod

391 4915 481 4969 illi
510 4931 628 4972 esse
644 4924 825 4989 possit
849 4927 1172 4994 acceptum.
1200 4928 1410 4983 Paratis
1442 4929 1608 5001 igitur
1636 4915 1996 5004 magnis-qui-

383 5001 626 5059 busdam
651 5005 829 5074 donis,
847 5018 1037 5073 ornatu
1066 5014 1312 5072 ecclesia
1339 5016 1538 5088 dignis,
1572 5020 1622 5073 ei
1668 5001 1992 5080 acceleravit

383 5091 769 5159 transmittere,
801 5097 1068 5153 mandans
1123 5101 1402 5160 humiliter
1461 5115 1514 5160 ut
1573 5107 1640 5161 B.
1695 5110 1986 5180 Andream,

381 5178 540 5248 cujus
569 5179 821 5237 vicarius
850 5192 987 5255 erat,
1015 5203 1116 5257 pro
1160 5205 1228 5245 eo
1259 5192 1576 5262 dignaretur
1629 5211 1807 5253 orare.
1864 5178 1989 5256 Ma;

376 5281 543 5360 gnam
573 5267 843 5342 siquidem
874 5272 929 5327 in
983 5278 1235 5360 apostolo
1281 5279 1378 5334 illo
1424 5282 1659 5338 habebat
1704 5285 1980 5360 ﬁduciam,

372 5352 512 5409 adeo
542 5361 617 5423 ut,
652 5370 772 5411 cum
801 5372 904 5426 per
931 5359 1249 5433 episcOpum
1277 5364 1460 5436 aliqua
1506 5366 1651 5423 dona
1702 5352 1983 5445 praecipua

371 5441 624 5513 mitteret,
683 5459 806 5502 eum
862 5447 1100 5520 supplex
1157 5461 1424 5526 exoraret,
1486 5462 1544 5511 ut
1613 5465 1739 5515 ante
1813 5441 1983 5520 altare
