4032 6078
308 275 410 331 825

1902 281 2082 338 νιΤΑ.

3521 282 3626 340 826

303 397 586 453 familiaris
640 397 902 472 utrisque,
959 401 1271 473 profuturus
1317 417 1418 473 pro
1471 417 1571 458 sua
1637 403 1906 479 religione
1935 408 1990 472 Α
2019 406 2241 463 vivente
2268 421 2336 461 ex
2362 404 2608 477 jussione
2638 405 2809 477 ipsius
2834 416 2885 461 et
2914 405 3089 477 gratia
3132 404 3414 461 habuerat.
3472 405 3619 463 Raro

306 482 634 538 credebatur
688 485 949 555 utrisque.

374 572 616 627 Devictis
671 572 838 645 igitur
889 574 1121 630 inimicis
1175 578 1305 645 suis,
1365 577 1511 634 idem
1554 580 1807 651 princeps
1860 588 1912 636 et

303 660 484 714 caeteri
516 659 729 716 nobiles
758 662 915 734 regni
954 680 1076 719 eum
1108 665 1274 720 nimia
1317 669 1663 724 veneratione
1719 670 1908 725 colue-

303 758 448 816 runt,
479 750 815 806 attendentes
842 751 895 805 in
926 768 991 807 eo
1029 755 1308 825 praecipue
1336 772 1480 811 nunc
1506 757 1698 812 Maria:
1730 757 1909 828 lacry-

302 853 457 892 mosa
485 838 739 909 suspiria,
771 855 914 897 nunc
945 842 1166 898 Marthae
1190 844 1466 900 laboriosa
1513 844 1708 901 officia.
1770 845 1909 914 Quis

300 928 444 981 enim
474 927 758 982 sollicitior
786 928 882 983 fuit
911 937 1032 999 post
1060 931 1295 1000 quietem
1324 934 1509 989 Mariae
1558 943 1613 991 et
1674 935 1910 991 Martha:

298 1014 544 1070 laborem
575 1018 857 1073 exercere?
888 1016 1021 1086 Quis
1049 1021 1348 1077 studiosior
1377 1023 1431 1077 in
1480 1023 1744 1080 membris
1795 1023 1907 1078 suis

303 1104 570 1158 Christum
600 1104 724 1160 cibo
756 1109 811 1161 et
840 1114 969 1175 potu
1003 1115 1167 1179 atque
1224 1111 1419 1166 vestitu
1476 1112 1691 1167 fovere?
1748 1110 1908 1180 Saepe

300 1193 499 1248 sedens
529 1194 598 1247 ad
629 1209 893 1262 mensam,
938 1212 1058 1265 quae
1105 1196 1346 1253 dulciora
1401 1208 1628 1255 noverat
1682 1203 1909 1270 tangere

307 1281 555 1349 nolebat,
578 1282 673 1336 sed
704 1283 769 1337 iis
789 1299 923 1353 quos
951 1285 1130 1357 magis
1158 1286 1408 1357 indigere
1463 1287 1743 1342 didicisset
1787 1286 1906 1342 sine

306 1385 459 1424 mora
513 1370 783 1426 mittebat.
848 1373 1157 1443 Inquirebat
1224 1383 1402 1430 autem
1468 1374 1761 1430 studiosius
1815 1375 1907 1446 qui

302 1466 489 1512 essent
525 1460 896 1528 pauperiores,
931 1462 1020 1530 qui
1050 1461 1103 1515 in
1163 1462 1294 1516 villa
1336 1463 1421 1518 vel
1471 1472 1624 1518 extra
1673 1462 1901 1519 inveniri

292 1551 517 1615 possent
540 1546 851 1603 debiliores.
884 1549 1031 1603 Talis
1066 1549 1121 1604 in
1169 1567 1359 1606 mensa
1414 1551 1728 1621 collocatio,
1779 1552 1905 1607 talis

292 1634 363 1688 de
392 1650 694 1706 pauperum
740 1636 1149 1693 necessitatibus
1200 1638 1510 1711 disputatio.
1568 1640 1667 1694 His
1721 1640 1903 1696 cibum

294 1723 678 1792 esurientibus,
711 1724 819 1779 illis
845 1730 1037 1795 potum
1066 1727 1317 1783 mittebat
1364 1728 1689 1784 sitientibus.
1747 1728 1902 1784 Indi-

294 1811 552 1883 gentibus
627 1828 756 1869 vero
842 1822 1072 1885 utroque
1156 1816 1576 1873 misericorditer
1655 1817 1903 1873 mittebat

292 1907 600 1971 utrumque.
642 1900 932 1973 Propriam
982 1920 1128 1975 saepe
1185 1905 1489 1975 scutellam,
1548 1922 1668 1962 cum
1725 1906 1781 1960 in
1837 1921 1903 1961 ea

297 1986 480 2042 cibum
556 1990 770 2045 modice
851 1990 1194 2063 degustando
1268 1994 1531 2050 sensisset
1592 1994 1896 2063 lautiorem,

292 2073 509 2127 mittere
541 2072 830 2129 festinabat
851 2075 1086 2145 cuipiam
1136 2077 1433 2148 languenti,
1503 2079 1690 2134 dicens
1745 2078 1899 2133 illum

293 2160 476 2215 edulio
509 2162 599 2215 tali
629 2178 685 2216 se
711 2178 829 2217 esse
857 2162 1189 2235 digniorem.
1230 2164 1387 2233 Quod
1416 2166 1461 2220 si
1510 2182 1616 2236 qua
1660 2181 1899 2237 pauper-

295 2250 421 2305 cula
449 2265 742 2322 praegnans
771 2252 858 2307 vel
889 2268 1079 2309 recens
1099 2253 1258 2309 enixa
1302 2254 1351 2309 ei
1400 2255 1764 2325 nuntiabatur,
1832 2255 1903 2310 iis

291 2336 601 2408 impensius
631 2340 776 2408 quod
804 2356 1027 2396 necesse
1055 2349 1171 2398 erat
1200 2357 1387 2397 eorum
1419 2342 1733 2415 plangendo
1792 2344 1904 2399 mi-

297 2427 464 2482 serias
494 2427 859 2500 largiebatur.
899 2430 1155 2486 Faciebat
1185 2435 1365 2486 autem
1396 2441 1449 2487 et
1504 2433 1560 2487 in
1606 2434 1727 2488 aula
1779 2450 1895 2503 sua,

290 2532 416 2570 cum
444 2516 759 2585 pranderet,
792 2518 1026 2590 singulis
1054 2520 1247 2574 diebus
1276 2536 1542 2592 pauperes
1587 2522 1660 2576 ad
1717 2523 1900 2578 minus

287 2604 551 2660 tredecim
581 2604 751 2677 reﬁci,
784 2616 982 2676 prater
1008 2608 1419 2678 praebendarios
1447 2609 1572 2665 illos
1600 2627 1738 2683 quos
1764 2612 1899 2667 locis

294 2708 515 2763 semper
546 2692 729 2750 alebat
758 2695 1011 2751 diversis.
1077 2698 1209 2751 Erat
1264 2697 1314 2752 ei
1373 2705 1425 2753 et
1477 2700 1716 2754 maxima
1770 2715 1902 2756 cura

294 2780 470 2836 nudos
495 2782 710 2849 vestire,
745 2783 854 2839 imo
883 2800 951 2839 ne
979 2785 1110 2839 nudi
1140 2794 1321 2840 essent
1367 2786 1603 2842 brumali
1660 2788 1899 2843 maxime

297 2876 543 2939 tempore
572 2887 887 2939 procurare.
938 2873 1259 2928 Multimoda
1313 2875 1492 2945 itaque
1549 2876 1899 2932 indumento-

299 2974 422 3012 rum
455 2974 664 3030 genera
693 2962 1003 3032 comparari
1027 2962 1272 3031 jubebat,
1303 2970 1356 3018 et
1406 2980 1509 3033 pro
1562 2964 1898 3037 singulorum

294 3048 713 3103 necessitatibus
735 3065 897 3104 sexus
921 3050 1194 3123 utriusque
1222 3053 1549 3124 pauperibus
1604 3055 1895 3126 erogabat.

2017 494 2162 551 enim
2188 510 2287 565 per
2322 494 2680 565 semetipsum
2721 502 2811 547 aut
2830 493 3207 549 dedicationes
3237 492 3618 566 ecclesiarum,

2018 591 2110 638 aut
2139 582 2458 639 clericorum
2495 581 2876 650 ordinationes,
2909 597 3003 637 seu
3034 581 3292 638 collectas
3320 597 3618 651 puerorum

2017 670 2457 726 conﬁrmationes
2490 670 2741 740 faciebat,
2798 669 2897 725 sed
2954 670 3211 725 dilectum
3253 686 3406 724 suum
3465 670 3625 724 Gun-

2017 759 2230 814 dulfum
2253 758 2474 815 mittens
2501 773 2600 830 pro
2639 774 2698 814 se
2727 758 2830 815 hoc
2874 756 2996 814 fieri
3043 756 3424 814 amicabilliter
3476 773 3623 830 prae-

2017 846 2250 919 cipiebat
2263 888 2277 903 .

2087 956 2149 1009 In
2177 953 2284 1009 illis
2330 954 2521 1009 diebus
2566 962 2797 1025 praeerat
2846 955 3174 1010 monasterio
3223 957 3287 1011 S.
3329 954 3623 1026 Augustini

2013 1042 2316 1114 Anglorum
2347 1043 2580 1112 apostoli
2611 1043 2697 1097 vir
2725 1051 2979 1097 strenuus
3008 1042 3181 1098 abbas
3213 1042 3419 1100 Guido.
3457 1043 3621 1114 Huic,

2017 1138 2327 1187 constructa
2351 1146 2423 1187 ex
2453 1131 2686 1201 plurima
2743 1139 2896 1202 parte
2952 1130 3180 1188 ecclesia
3229 1147 3393 1204 quam
3461 1140 3623 1187 ante-

2014 1234 2198 1275 cessor
2225 1218 2342 1291 ejus
2369 1219 2719 1274 inchoaverat
2747 1219 2952 1289 placuit
2998 1227 3055 1274 ut
3109 1235 3340 1291 corpora
3394 1227 3621 1275 sancto-

2014 1324 2135 1364 rum
2163 1307 2447 1380 Augustini
2474 1308 2855 1378 sociorumque
2876 1307 2997 1376 ejus
3027 1308 3094 1362 ad
3142 1307 3441 1364 excelsiora
3500 1309 3621 1365 loca

2014 1396 2085 1453 de
2138 1396 2360 1467 antiqua
2439 1396 2671 1452 ecclesia
2753 1395 3193 1451 transferrentur.
3245 1395 3370 1465 Qui,
3420 1396 3621 1467 paratis

2011 1484 2266 1541 omnibus
2292 1501 2413 1556 quae
2444 1492 2589 1540 tanto
2636 1484 2934 1539 ministerio
2990 1484 3305 1540 necessaria
3358 1499 3479 1539 esse
3531 1484 3622 1539 vi-

2011 1573 2295 1641 dabantur,
2323 1573 2504 1644 plures
2532 1589 2759 1628 summa:
2788 1572 3075 1643 probitatis
3103 1571 3247 1628 viros
3298 1579 3352 1626 et
3405 1572 3623 1643 specia-

2004 1660 2132 1718 liter
2158 1663 2375 1717 Patrem
2403 1661 2742 1717 Gundulfum
2773 1661 2843 1715 ad
2870 1677 2929 1717 se
2957 1660 3198 1723 vocavit;
3262 1666 3316 1716 et
3382 1675 3479 1729 per
3505 1658 3622 1729 ejus

1931 1770 1980 1832 Β
2009 1750 2307 1806 sanctitatis
2334 1749 2711 1820 operationem
2761 1749 2907 1820 quod
2935 1748 3267 1820 dispositum
3298 1748 3472 1804 fuerat
3497 1763 3622 1804 cum

2009 1839 2253 1895 maximo
2310 1837 2542 1910 tripudio
2585 1846 2639 1893 et
2693 1854 2905 1893 summa
2973 1838 3261 1893 devotione
3300 1836 3616 1907 complevit.

2006 1929 2124 1984 Hoc
2155 1936 2282 1984 tunc
2311 1926 2570 1998 temporis
2591 1926 2644 1981 in
2665 1926 2858 1997 Anglia
2893 1926 3046 1998 quasi
3077 1925 3619 1981 consuetudinarium

2006 2025 2139 2086 erat,
2173 2025 2232 2070 ut
2259 2032 2382 2070 cum
2411 2014 2606 2085 aliqua:
2635 2014 2911 2085 praecipue
2935 2014 3305 2070 dedicationes
3335 2021 3427 2068 aut
3482 2028 3619 2067 san-

2007 2113 2213 2161 ctarum
2230 2104 2555 2159 mutationes
2604 2103 2963 2172 reliquiarum
3019 2101 3214 2156 alicubi
3262 2100 3384 2157 ﬁeri
3442 2101 3617 2156 debe-

2008 2202 2144 2258 rent,
2176 2191 2436 2247 velociter
2463 2191 2777 2246 Gundulfus
2826 2191 3142 2255 vocabatur,
3200 2197 3259 2243 ut
3311 2205 3411 2260 per
3451 2204 3619 2243 mun-

2008 2282 2195 2335 ditiam
2240 2296 2496 2336 manuum
2551 2280 2719 2352 ipsius
2779 2286 3053 2334 tantarum
3108 2293 3291 2334 rerum
3346 2276 3614 2334 celsitudo

2010 2377 2337 2425 tractaretur
2392 2370 2610 2424 Etcum
2642 2368 2733 2423 alii
2761 2367 3047 2437 pontiﬁces
3075 2367 3130 2421 in
3185 2366 3250 2421 iis
3302 2365 3615 2422 vocationi-

2007 2457 2110 2513 bus
2139 2457 2447 2514 vocantium
2478 2458 2618 2512 datis
2648 2456 2960 2512 muneribus
2989 2456 3137 2527 quasi
3167 2470 3266 2524 pro
3313 2456 3613 2527 gratiarum

2009 2549 2223 2604 actione
2280 2544 2717 2615 laetiﬁcarentur,
2786 2546 2906 2616 ipse
2957 2546 3060 2599 hoc
3114 2543 3264 2598 omni
3328 2543 3618 2599 conamine

2012 2651 2294 2706 respuens,
2327 2649 2484 2689 versa
2514 2634 2631 2689 vice
2682 2633 2991 2690 vocantium
3048 2633 3259 2689 animos
3301 2646 3401 2687 sua
3456 2646 3607 2702 szepe

2008 2722 2376 2779 muniﬁcentia
2404 2721 2731 2778 ueliﬁcabat.

2078 2813 2205 2868 Post
2233 2812 2353 2866 haec
2382 2819 2583 2876 autem,
2616 2812 2796 2880 spatio
2853 2811 3003 2883 quasi
3062 2818 3295 2880 quatuor
3349 2824 3613 2864 annorum

2006 2906 2129 2970 post
2172 2905 2400 2952 mortem
2450 2896 2736 2950 Lanfranci
2794 2903 3074 2963 transacto,
3132 2911 3233 2951 rex
3290 2893 3617 2950 Guillelmus

2005 2985 2160 3058 gravi
2204 2984 2514 3040 inﬁrmitate
2581 2984 2847 3054 detentus,
2901 2999 3120 3040 omnem
3184 2984 3297 3039 fere
3348 2983 3615 3054 populum

2002 3074 2213 3146 Anglia;
2242 3073 2584 3144 desperanda
2608 3074 2778 3127 salute
2806 3073 2934 3127 vitae
2966 3088 3083 3127 sum
3114 3072 3433 3143 ambiguum
3481 3072 3613 3127 red-

300 3136 361 3190 Ῑη
395 3144 598 3231 “imum
630 3137 789 3192 “iam
822 3155 1010 3196 eorum
1032 3141 1275 3231 miseriis
1298 3157 1632 3231 ACOmPQSSUS
1687 3150 1767 3197 θδῐ
1822 3152 1902 3228 υί,
1931 3126 1976 3189 G
2006 3126 2167 3218 didcit.
2208 3126 2451 3217 Venerat
2477 3160 2671 3216 eadem
2692 3167 3011 3229 tempestate
3033 3159 3090 3214 in
3105 3126 3379 3230 Angliam,
3409 3175 3616 3231 urgen-

302 3226 540 3296 quodam
574 3233 840 3296 tempore,
894 3244 1003 3283 non
1032 3227 1197 3300 longe
1227 3245 1258 3282 a
1293 3229 1621 3285 Rovecestra
1670 3226 1904 3302 progreé

298 3312 472 3380 diens,
506 3313 700 3369 viderit
726 3323 927 3370 terram
982 3316 1280 3386 spatiosam
1337 3318 1578 3373 ferendis
1634 3319 1902 3374 messibus

298 3409 470 3477 ptam,
503 3405 603 3459 sed
633 3404 919 3459 arboribus
949 3413 1001 3459 et
1029 3405 1289 3476 vepribus
1335 3414 1672 3477 occupatam.
1728 3408 1902 3472 Hanc,

299 3509 421 3547 cum
452 3500 595 3547 esset
624 3493 681 3571 in
731 3492 1073 3563 possessione
1128 3495 1445 3548 monasterii
1503 3494 1606 3560 sui,
1652 3495 1720 3550 ad
1750 3495 1902 3550 utili-

303 3590 465 3637 tatem
521 3597 801 3637 servorum
869 3581 968 3636 Dei
1022 3583 1090 3636 de
1160 3582 1489 3639 infructuosa
1570 3582 1901 3639 fructuosam

299 3670 544 3725 adhibito
566 3670 749 3725 labore
780 3669 962 3725 facere
1007 3670 1289 3741 disposuit.
1350 3672 1416 3725 Et
1478 3687 1548 3726 ne
1605 3687 1798 3743 expers
1852 3681 1906 3728 et

298 3759 451 3829 quasi
482 3774 684 3815 vacuus
714 3773 744 3812 a
774 3759 1033 3813 mercede
1062 3759 1217 3827 hujus
1246 3759 1486 3814 exercitii
1522 3761 1667 3830 apud
1724 3761 1904 3816 Deum

296 3863 416 3903 esse
446 3846 739 3911 videretur,
770 3854 963 3901 statuta
1011 3846 1119 3913 die,
1154 3847 1281 3903 illuc
1316 3862 1442 3903 cum
1498 3848 1609 3902 suis
1658 3849 1899 3919 veniens,

294 3936 584 3991 fossorium
616 3935 865 3989 manibus
891 3936 1155 4006 propriis,
1190 3952 1323 4007 quas
1360 3935 1531 3991 multa
1570 3936 1903 3991 abstinentia

293 4024 427 4079 satis
459 4031 642 4078 tenues
665 4024 888 4088 fecerat,
935 4023 1215 4078 humiliter
1274 4024 1504 4094 accepit,
1563 4033 1616 4078 et
1664 4025 1900 4095 primum

290 4112 543 4167 laborem
574 4112 892 4181 suscipiens,
927 4113 1133 4182 primos
1164 4112 1386 4166 tribulos
1433 4121 1485 4167 et
1540 4113 1726 4182 spinas
1780 4113 1903 4182 pius

290 4201 537 4274 agricola
567 4201 784 4256 evulsit.
820 4201 1031 4255 Deinde
1078 4201 1373 4256 exhortans
1428 4200 1697 4256 familiam
1744 4216 1901 4255 suam

290 4298 346 4345 et
373 4289 510 4344 alios
548 4296 882 4360 cperatorcs,
919 4289 973 4342 in
1004 4289 1159 4344 brevi
1212 4305 1312 4360 per
1365 4306 1595 4345 manum
1650 4290 1897 4359 ipsorum

288 4377 544 4433 desiderii
574 4378 655 4431 sui
687 4376 937 4432 eﬂ‘ectum
970 4377 1283 4447 complevit,
1315 4377 1500 4449 sicque
1546 4377 1719 4448 ipsam
1776 4378 1896 4432 cul-

2003 3251 2145 3306 tibus
2202 3249 2531 3319 quibusdam
2610 3247 3054 3311 necessitatibus,
3116 3248 3274 3301 Pater
3329 3247 3615 3302 Anselmus

2006 3339 2077 3395 de
2107 3353 2214 3410 quo
2245 3336 2489 3407 superius
2516 3336 2848 3391 mentionem
2882 3335 3131 3401 fecimus,
3165 3334 3256 3405 qui
3287 3343 3412 3389 tunc
3447 3334 3617 3390 abbas

2006 3426 2063 3481 S.
2096 3426 2281 3480 Mariae
2312 3424 2469 3480 Becci
2519 3432 2652 3479 erat.
2713 3423 2978 3478 Videntes
3036 3422 3204 3493 igitur
3260 3422 3501 3492 episcOpi
3562 3430 3619 3477 et

2003 3513 2281 3586 principes
2307 3513 2457 3585 regni
2500 3512 2796 3583 periculum
2831 3509 3119 3565 imminens
3146 3511 3288 3583 regi,
3341 3518 3395 3565 et
3450 3510 3616 3566 deso-

2003 3602 2286 3673 lationem,
2319 3618 2420 3656 nec
2450 3616 2560 3656 non
2588 3607 2641 3654 et
2696 3599 3114 3670 oppressionem
3148 3598 3515 3653 Ecclesiarum
3560 3606 3613 3653 et

2006 3691 2247 3746 maxime
2299 3687 2721 3754 Cantuariensis,
2778 3695 2835 3742 ut
2879 3686 2960 3742 eis
3008 3688 3064 3741 in
3095 3694 3248 3742 tanto
3301 3686 3616 3742 discrimine

2005 3779 2290 3851 primatem
2322 3777 2633 3845 constituat,
2667 3775 2953 3831 humiliter
3009 3774 3325 3846 implorant.
3391 3775 3617 3830 Factum

2007 3875 2091 3923 est
2136 3876 2339 3922 autem.
2400 3866 2571 3919 Audit
2621 3879 2720 3919 rex
2779 3880 2968 3920 eorum
3020 3864 3326 3931 consilium,
3387 3872 3440 3919 et
3494 3864 3617 3933 ipso

2008 3963 2280 4010 annuente
2307 3968 2501 4009 omnes
2530 3953 2739 4022 pariter
2770 3951 3092 4021 providente
3125 3951 3300 4023 gratia
3347 3952 3449 4007 Dei
3501 3955 3618 4005 An-

2004 4044 2236 4097 selmum
2267 4041 2494 4113 eligunt,
2543 4041 2782 4095 electum
2825 4040 3112 4105 advocant,
3168 4047 3436 4106 vocatum,
3492 4038 3621 4095 licet

2006 4132 2133 4188 totis
2155 4130 2365 4185 viribus
2389 4129 2737 4193 renitentem,
2795 4127 3265 4197 archiepiscOpum
3339 4130 3613 4183 statuunt.

2008 4218 2316 4277 Gundulfus
2342 4216 2546 4288 itaque,
2578 4214 2672 4286 qui
2692 4215 2851 4284 hujus
2880 4215 2957 4269 rei
3000 4215 3349 4271 voluntarius
3397 4228 3609 4286 coope-

2004 4315 2155 4362 rator
2182 4306 2406 4372 exstitit,
2457 4303 2821 4359 desideratam
2868 4303 3052 4358 dilecti
3101 4303 3181 4357 sui
3232 4301 3516 4358 dilectoris
3564 4302 3620 4357 in

2007 4396 2220 4469 gremio
2249 4400 2451 4450 sanctae
2479 4390 2763 4447 suavitatis
2792 4391 3042 4446 ardenter
3069 4392 3419 4461 amplectens,
3451 4391 3618 4446 refri-

288 4474 463 4557 lu'al“
490 4482 591 4536 Per
613 4481 801 4521 curam
832 4465 1252 4557 eleemosynal‘ii
1283 4466 1364 4520 δαί
1386 4467 1718 4557 Ρᾶυρθῗίδυε
1745 4481 1884 4520 δθῐη·
1912 4476 1964 4538 Ι)
1991 4465 2203 4557 gerium
2233 4481 2618 4538 consolationis
2648 4479 2872 4547 intimae,
2916 4496 3075 4551 quam
3130 4479 3299 4534 multo
3369 4487 3619 4549 tempore

286 4569 387 4625 per
414 4554 468 4608 in
499 4562 775 4624 posterum
828 4554 1219 4624 possidendam
1278 4553 1624 4611 contradidit.
1658 4555 1788 4610 Haec
1842 4562 1896 4608 et

288 4642 525 4713 plurima
553 4643 776 4713 pietatis
807 4658 993 4714 Opera,
1017 4641 1238 4697 sedulus
1286 4651 1468 4699 custos
1526 4644 1722 4697 domus
1777 4643 1895 4697 Do-

290 4730 423 4785 mini
454 4732 554 4799 sui,
587 4731 825 4801 in0piam
885 4731 1209 4802 patientibus
1271 4731 1479 4801 jugiter
1524 4730 1893 4800 impendebat.

366 4838 536 4910 Igitur
565 4837 901 4907 temporibus
931 4837 1091 4906 hujus
1121 4836 1400 4907 principis,
1462 4836 1738 4893 Guillelmi
1791 4836 1897 4891 sci-

286 4925 414 4982 licet
440 4926 693 4990 Junioris,
730 4927 968 4981 secundo
1010 4932 1132 4997 post
1187 4925 1532 4980 obsidionem
1584 4925 1895 4980 Rotfensem

287 5030 452 5082 anno,
478 5014 805 5069 Lanfrancus
824 5014 1077 5086 egregius
1119 5014 1378 5069 Ecclesia:
1432 5013 1626 5067 Christi
1682 5014 1893 5081 doctor,

289 5104 476 5174 quinto
509 5102 778 5157 Kalendas
807 5102 948 5156 Junii
980 5103 1045 5157 de
1074 5104 1179 5158 hac
1226 5102 1337 5157 vita
1379 5101 1641 5169 sublatus,
1697 5101 1897 5156 multos

288 5199 340 5246 et
369 5190 608 5245 maxime
637 5192 855 5245 Patrem
887 5190 1224 5245 Gundull‘um
1256 5191 1324 5245 de
1352 5204 1449 5243 sua
1489 5197 1666 5244 morte
1715 5189 1897 5244 tristes

287 5283 343 5334 et
388 5278 629 5351 graviter
676 5278 951 5333 desolatus
1002 5278 1237 5348 reliquit.
1300 5277 1550 5348 Suscepit
1606 5277 1771 5347 igitur
1828 5292 1895 5330 ex

284 5376 565 5439 praecepto
598 5368 740 5439 regis
771 5375 822 5422 et
877 5366 1263 5422 consuetudine
1315 5364 1578 5420 Ecclesiae
1630 5363 1895 5420 Roﬂ‘ensis

288 5473 473 5511 curam
504 5456 1007 5527 archiepiscopatus
1038 5456 1093 5509 in
1131 5455 1197 5507 iis
1227 5472 1348 5525 quae
1406 5454 1475 5507 ad
1530 5455 1700 5508 Deum
1760 5468 1892 5523 per-

289 5546 461 5602 tinent
496 5544 861 5601 nominandus
885 5544 1106 5615 prmsul,
1153 5558 1317 5616 quam
1371 5542 1535 5599 etiam
1592 5541 1892 5598 Lanfranco

2005 4587 2103 4643 pro
2133 4577 2305 4625 morte
2349 4567 2639 4625 Lanfranci
2685 4567 3017 4639 perdiderat,
3067 4568 3230 4623 corde
3290 4566 3620 4622 exhilaratus

2001 4660 2224 4731 recepit.
2257 4658 2394 4727 Qum
2425 4667 2604 4713 autem
2642 4655 2800 4711 fuerit
2828 4655 2940 4711 vita
2972 4656 3214 4710 Anselmi
3245 4664 3370 4710 ante
3399 4655 3617 4724 episco-

1999 4756 2187 4821 patum
2218 4756 2271 4801 et
2310 4747 2366 4800 in
2403 4746 2742 4817 episcopatu,
2814 4752 2906 4798 aut
2944 4759 3081 4815 quas
3131 4743 3486 4798 adversitates
3529 4744 3621 4799 vel

2002 4836 2190 4892 exsilia
2222 4850 2319 4906 pro
2346 4834 2599 4889 libertate
2628 4840 2837 4888 sanctae
2885 4830 3145 4888 Ecclesiae
3203 4832 3529 4902 acquirenda
3559 4840 3619 4886 ut

2000 4924 2412 4981 robustissimus
2443 4922 2607 4976 miles
2651 4920 2869 4975 Domini
2904 4920 2958 4973 in
3003 4929 3251 4990 tempore
3308 4936 3407 4975 suo
3461 4921 3620 4976 susti-

2002 5014 2196 5078 nuerit,
2265 5012 2574 5082 quicunque
2672 5009 2911 5079 perfecte
2958 5009 3283 5080 dignescere
3331 5009 3496 5080 cupit,
3564 5009 3622 5064 in

2002 5101 2233 5172 scriptis,
2267 5115 2387 5169 quae
2417 5098 2484 5153 de
2512 5099 2627 5164 eius
2646 5097 2755 5153 vita
2805 5104 2858 5151 et
2912 5097 3224 5151 admirabili
3264 5098 3513 5154 doctrina
3567 5107 3620 5153 et

2001 5189 2283 5244 sanctitate
2304 5186 2450 5242 edita
2481 5193 2632 5253 sunt,
2680 5186 2813 5239 satis
2864 5184 3043 5240 lucide
3098 5186 3335 5257 reperire
3391 5186 3613 5257 poterit.

2002 5278 2118 5333 Nos
2148 5284 2328 5331 autem
2359 5276 2430 5330 ad
2482 5274 2824 5345 propositum
2880 5274 3190 5329 redeamus.

2074 5366 2168 5420 Isti
2194 5364 2362 5437 igitur
2391 5363 2702 5419 Gundulfus
2731 5370 2784 5417 et
2831 5363 3124 5417 Anselmus
3175 5362 3403 5435 gloriosi
3457 5360 3609 5432 prin-

2002 5453 2152 5524 cipes
2174 5461 2346 5517 terrae,
2372 5451 2648 5520 quomodo
2679 5450 2732 5504 in
2748 5449 2857 5504 vita
2886 5466 2985 5503 sua
3020 5449 3073 5503 in
3096 5449 3364 5518 principio
3393 5462 3620 5504 convcr-

2003 5541 2170 5597 sionis
2200 5556 2310 5597 suae
2340 5539 2495 5598 Becci
2522 5539 2926 5605 dilexeruutse,
2971 5538 3046 5592 ita
3086 5538 3141 5590 in
3198 5537 3396 5591 finibus
3458 5544 3615 5591 terrm
