4032 6078
464 289 566 345 827

1570 288 1903 347 GUNDULF
1907 293 1928 346 Ι
1959 285 2349 348 ROFFENSIS
2378 289 2693 347 EPISCOPI

3672 291 3781 348 828

465 429 567 483 per
591 430 876 486 supernam
908 415 1249 472 clementiam
1274 413 1478 485 junctis
1508 417 1905 487 episcOpatibus
1932 418 2062 486 suis,
2092 416 2149 473 A
2177 413 2404 483 speciali
2435 416 2669 485 quodam
2712 416 2978 488 diligebat
3017 430 3223 484 amore,
3264 415 3425 486 hujus
3452 414 3781 487 memoriam

458 520 575 560 non
606 511 730 559 sunt
770 505 1474 577 separati.'Recedentibus
1522 508 1664 562 enim
1696 507 1816 562 aliis
1846 509 2064 579 episco-

466 594 553 664 pis
583 610 614 648 a
641 592 1019 649 communione
1048 595 1284 663 Anselmi
1308 604 1530 666 propter
1559 598 1819 667 quasdam
1853 598 2064 653 discor-

471 683 683 736 diarum
733 682 1061 750 occasiones,
1112 699 1231 755 quae
1261 684 1399 738 inter
1426 686 1601 756 ipsum
1641 694 1691 741 et
1722 688 1876 759 regni
1907 687 2064 757 prin-

468 770 617 839 cipes
656 778 792 824 ortae
840 770 1070 837 fuerant,
1122 770 1431 828 Gundulfus
1476 776 1620 831 dulci
1665 777 1924 849 obsequio
1985 778 2064 832 illi

468 874 686 927 semper
742 867 796 913 et
851 857 1079 915 ﬁrmiter
1133 869 1185 916 et
1240 860 1473 918 ﬁdeliter
1528 865 1773 931 adhaesit,
1825 875 1878 921 et
1923 868 2068 922 inter

462 958 718 1017 u'rosque
764 949 1057 1018 prudenter
1100 952 1517 1020 se‘moderans,
1567 955 1619 1009 in
1651 957 1827 1011 causis
1855 971 2063 1024 eorum,

464 1043 525 1091 et-
564 1036 975 1107 archiepiscopo
1011 1040 1238 1095 omnino
1277 1040 1439 1097 ﬁdem
1488 1047 1741 1112 servavit,
1776 1056 1830 1103 et
1858 1048 2062 1105 adver-

465 1124 636 1179 sarios
665 1125 781 1193 ejus
802 1142 1163 1197 nequaquam
1185 1129 1433 1186 offendit.
1470 1134 1853 1192 Consolatione
1884 1137 2065 1207 itaque

467 1214 702 1284 antiquae
752 1213 1056 1271 dilectionis
1096 1224 1371 1289 percepta,
1421 1222 1509 1276 isti
1571 1241 1819 1293 superna:
1874 1227 2064 1297 patriae

470 1309 765 1372 amatores,
798 1320 935 1373 quos
973 1307 1142 1387 multo
1173 1316 1417 1379 tempore
1450 1320 1601 1368 terra:
1631 1315 1902 1384 marisque
1933 1332 2063 1387 spa-

466 1380 543 1444 tia
594 1403 1003 1462 separaverunt,
1037 1396 1090 1450 in
1121 1382 1284 1452 unum
1334 1400 1623 1469 conjuncti,
1658 1404 1908 1459 dulcibus
1939 1408 2065 1463 vitae

467 1487 687 1535 internae
729 1481 1039 1552 colloquiis,
1086 1486 1280 1556 quibus
1305 1504 1363 1544 se
1410 1490 1551 1545 soliti
1582 1491 1788 1548 fuerant
1818 1496 2064 1551 refovere

466 1567 645 1622 adhuc
674 1568 727 1621 in
776 1570 1014 1627 claustro
1052 1577 1323 1646 monachi,
1355 1578 1548 1634 iisdem
1580 1598 1637 1637 se
1678 1584 1922 1641 refovere
1954 1602 2065 1640 non

456 1654 791 1711 distulerunt
830 1659 942 1728 jam
987 1660 1040 1714 in
1091 1664 1281 1735 Anglia
1320 1671 1613 1725 venerandi
1644 1675 1905 1744 episcopi.
1941 1677 2063 1732 Ste-

2178 510 2231 557 ct
2276 504 2591 573 quotidiana
2640 505 3173 575 commemoratione
3220 510 3275 560 et
3330 520 3509 561 annua
3550 520 3781 574 semper

2176 591 2363 647 facere
2410 595 2695 666 satagebat
2744 595 3112 655 solemnitate.
3161 594 3301 664 Quia
3344 594 3490 653 enim
3546 596 3779 649 multum

2175 690 2514 753 peccatorem
2546 700 2605 740 se
2635 701 2755 740 esse
2784 685 3059 753 credebat,
3093 701 3210 739 eam
3243 700 3365 755 quae
3396 683 3619 739 multum
3651 701 3780 755 pec-

2174 775 2348 827 catrix
2380 774 2576 837 fuerat.
2627 775 2756 845 quid
2802 775 3033 829 multum
3068 774 3340 846 peccatori
3374 773 3548 853 magis
3576 790 3779 829 neces-

2175 862 2374 916 sarium
2414 871 2580 927 esset,
2620 864 2795 935 magis
2836 879 3003 919 nosse
3048 863 3288 925 dicebat,
3322 870 3377 919 et
3422 862 3599 934 magis
3630 861 3777 917 velle

2174 951 2416 1006 misereri
2460 952 2735 1008 credebat.
2772 954 2921 1007 Hanc
2961 952 3127 1025 igitur
3146 952 3462 1007 assiduabat
3491 950 3774 1021 precibus,

2173 1040 2555 1110 interpellabat
2606 1042 2839 1105 ﬂetibus,
2886 1042 3101 1097 caeteris
3125 1041 3458 1111 sequendam
3489 1055 3773 1110 pmpone-

2170 1129 2261 1183 bat
2316 1140 2570 1201 quantum
2630 1132 2910 1203 sequenda
2949 1139 3087 1185 esset
3130 1131 3187 1185 in
3238 1131 3530 1198 semetipso
3561 1128 3773 1200 prmio-

2172 1219 2345 1273 rebat.
2393 1218 2439 1274 Ο
2484 1220 2765 1275 doctorem
2813 1220 3168 1289 sequendum,
3218 1219 3307 1289 qui
3346 1218 3492 1288 quod
3538 1226 3772 1273 cmteros

2173 1306 2481 1362 faciendum
2512 1308 2764 1376 docebat,
2788 1310 2936 1379 prius
2964 1310 3103 1378 ipse,
3128 1316 3184 1362 ut
3212 1308 3395 1362 caeteri
3417 1323 3539 1367 cum
3565 1324 3773 1377 seque-

2173 1404 2377 1461 rentur,
2414 1396 2678 1452 faciebat!
2700 1397 2746 1452 Ο
2777 1398 3090 1469 episcopum
3119 1397 3360 1470 dignum,
3389 1411 3496 1449 non
3528 1396 3775 1468 pecuniis

2172 1485 2269 1539 sed
2301 1486 2561 1557 lacrymis
2590 1487 2962 1558 episcopatum
3013 1487 3300 1557 adeptum!
3338 1486 3501 1540 Fiunt
3528 1484 3775 1556 episc0pi

2173 1574 2392 1646 quidam
2440 1575 2836 1630 simulationem
2887 1575 2986 1631 sub
3019 1575 3287 1630 velamine
3318 1574 3597 1647 religionis
3623 1589 3773 1629 non-

2171 1679 2447 1733 nunquam
2489 1665 2663 1720 minus
2699 1673 2853 1720 caule
2887 1664 3221 1719 ostendendo
3260 1683 3276 1730 ;
3319 1663 3497 1720 factus
3529 1672 3608 1717 est
3665 1663 3769 1716 iste

467 1742 589 1812 pius
631 1745 861 1801 enim'in
891 1748 1121 1805 diversis
1170 1754 1303 1809 locis
1342 1761 1743 1831 convenientes,
1776 1766 1973 1820 mutuis
2002 1783 2059 1822 se

2178 1754 2457 1824 episcopus
2496 1754 2764 1824 lacrymas
2803 1758 2998 1808 multas
3054 1769 3125 1808 ex
3157 1752 3321 1808 corde
3364 1751 3769 1823 profundendo.

469 1833 653 1886 verbis
682 1834 733 1888 in
769 1836 864 1889 Dei
904 1842 1299 1898 succendebant
1330 1861 1566 1903 amorem
1595 1866 1607 1905 :
1651 1854 2061 1926 archiepiscopo

468 1927 649 1975 tamen
693 1923 859 1978 divini
883 1930 1085 1982 amoris
1134 1931 1319 2001 ignem
1371 1936 1703 2006 frequentius
1732 1923 2067 2002 accendente

469 2008 762 2079 loquendo,
814 2014 1071 2086 episcopo
1105 2034 1234 2075 vero
1278 2038 1334 2076 se
1364 2024 1431 2077 ad
1463 2029 1648 2097 ignem
1682 2030 1831 2085 illum
1865 2049 2066 2090 accen-

470 2111 589 2151 sum
632 2102 857 2171 propius
898 2104 1254 2164 calefaciente
1304 2114 1550 2169 tacendo.
1597 2116 2069 2185 Quaesivittamen

468 2187 754 2275 episcOpus
783 2192 1071 2262 aliquando
1117 2205 1293 2253 utrum
1325 2203 1576 2258 omnibus
1604 2223 1725 2275 quae
1754 2210 1808 2263 in
1839 2213 2071 2269 ecclesia

472 2261 776 2332 dicerentur
819 2281 1058 2337 animum
1091 2287 1533 2361 archiepiscopus
1577 2298 1860 2365 mqualiter
1889 2302 2068 2357 inten-

475 2362 627 2420 deret
683 2370 1034 2437 arqualiterve
1080 2375 1354 2432 retineret.
1404 2383 1472 2434 At
1520 2362 1662 2437 ille;
1708 2388 1833 2457 Ego,
1876 2389 2071 2461 inquit,

473 2455 735 2510 omnibus
762 2460 984 2527 quidem
1007 2478 1135 2531 qum
1165 2467 1336 2523 audio
1355 2469 1459 2523 hac
1489 2474 1738 2529 retinere
1751 2455 1964 2535 ivalcns
1994 2482 2077 2534 in-

476 2543 641 2598 tendo
660 2562 676 2599 :
687 2547 781 2600 sed
796 2550 1001 2619 saepius
1012 2555 1248 2623 fugiunt
1274 2573 1399 2612 men
1410 2563 1523 2615 tem
1544 2566 1885 2632 meam,dum
1904 2570 2077 2626 simul

473 2633 667 2687 omnia
697 2651 896 2705 capere
927 2641 1045 2695 uolo
1103 2643 1195 2696 Cui
1228 2646 1513 2717 episcopus
1540 2664 1552 2704 :
1577 2651 1717 2707 Jure
1748 2642 1963 2728 utique,
2000 2659 2077 2713 in-

478 2720 716 2787 quit,ille
732 2726 952 2781 amittit
966 2732 1178 2797 omnia,
1194 2735 1288 2802 qui
1300 2739 1490 2792 omnia
1508 2720 1951 2811 concupiscendo
1964 2764 2078 2804 am-

475 2808 777 2907 plectitur.
800 2813 912 2868 lloc
934 2819 1086 2885 quasi
1108 2820 1358 2876 alludens
1384 2826 1616 2881 dicebat.
1653 2808 1862 2887 Deinde
1896 2838 2083 2907 subin-

480 2894 722 2987 terebat’:
759 2902 868 2970 Ego
899 2909 1089 2960 autem
1123 2924 1237 2962 non
1270 2914 1525 2969 omnibus
1552 2934 1673 2988 quae
1698 2923 1865 2977 audio
1896 2902 2078 2995 (equa-

479 2984 614 3039 liter
629 2982 866 3061 intendo
884 3012 902 3055 ,-
919 2993 1014 3048 sed
1027 3011 1100 3051 ex
1112 3000 1369 3055 omnibus
1388 3018 1463 3056 un
1473 2982 1570 3059 uni
1583 3009 1724 3077 quod
1734 3010 1876 3067 mihi
1896 2982 2078 3083 magis

2173 1842 2285 1896 Hoc
2331 1848 2511 1897 tamen
2560 1843 2737 1917 ipsum
2783 1844 3061 1911 materiam
3110 1842 3472 1917 lacrymarum
3517 1840 3619 1923 sibi
3666 1839 3771 1910 ipsi

2175 1932 2533 2003 prOponebat,
2614 1931 2762 2003 quod
2820 1932 3069 1987 videlicet
3144 1930 3416 2001 quandam
3488 1928 3774 2001 religionis

2179 2022 2419 2097 speciem
2476 2020 2821 2075 ostendendo
2868 2019 3034 2074 factus
3081 2020 3369 2089 episcopus
3412 2017 3603 2075 fuerat.
3665 2019 3769 2105 liae,

2179 2108 2448 2181 inquiens,
2489 2110 2633 2165 mihi
2673 2111 2977 2181 peccatori,
3019 2114 3152 2182 quia
3190 2108 3343 2175 sicut
3373 2107 3598 2180 quidam
3649 2108 3781 2178 epi-

2179 2204 2470 2270 scopatum
2493 2202 2690 2254 emunt
2706 2196 3487 2269 pecuniarumdistractione,
3503 2198 3583 2251 sic
3600 2199 3654 2250 et
3680 2211 3779 2265 ego

2179 2288 2509 2343 sanctitatis
2538 2287 2833 2358 cujusdam
2865 2288 3056 2345 minus
3087 2289 3258 2341 cauta
3288 2286 3670 2365 ostentatione
3695 2283 3716 2334 !
3741 2282 3784 2338 0

2179 2379 2355 2450 gl0ria
2371 2377 2581 2443 inanis,
2615 2376 2746 2447 quid
2762 2377 2980 2451 mihitet
3013 2375 3111 2429 tibi
3137 2374 3165 2427 ?
3193 2371 3361 2441 Quid,
3383 2372 3525 2443 quod
3556 2388 3671 2428 non
3693 2375 3782 2427 est

2180 2483 2389 2523 meum.
2412 2482 2499 2521 me
2520 2470 2807 2521 ostentare
2822 2465 3076 2534 suggeris
3091 2463 3251 2533 quasi
3275 2461 3496 2527 meum?
3509 2460 3620 2516 Imo
3636 2461 3789 2532 quod

2186 2562 2271 2615 est
2291 2556 2462 2615 nihil.
2477 2572 2581 2611 cur
2598 2556 2735 2609 mihi
2749 2554 2949 2623 suades
2970 2557 3031 2608 ut
3043 2552 3341 2608 ostendam
3357 2552 3520 2623 quasi
3536 2549 3787 2621 aliquid?

2192 2645 2333 2713 Quid
2366 2648 2451 2699 est
2485 2645 2626 2718 quod
2660 2646 2719 2697 in
2750 2659 2836 2697 me
2863 2643 3120 2707 invenire
3156 2656 3346 2711 queas,
3397 2655 3501 2710 quo
3538 2654 3628 2692 me
3647 2638 3791 2708 jure

2187 2736 2449 2790 attollere
2469 2733 2787 2791 valeas?Ubi
2801 2729 3524 2788 materiamattolendinon
3540 2728 3786 2793 invenis,

2188 2838 2392 2879 curme
2418 2824 2680 2877 attollere
2706 2823 2909 2891 quieris
2927 2819 2956 2871 ?
2981 2817 3379 2885 anfrancum
3407 2818 3789 2887 archiepisco—

2184 2929 2316 2980 pum
2329 2911 2481 2976 ,dum
2498 2912 2701 2969 viveret
2716 2910 2874 2964 adire
2885 2908 3204 2980 potuisti,et
3220 2907 3370 2961 aleos
3384 2922 3538 2960 nunc
3550 2922 3789 2959 summa:

2182 3001 2480 3071 probitatis
2496 3000 2716 3061 viros,si
2730 3003 2984 3067 homines
2999 2997 3080 3059 ais
3095 2997 3352 3050 invenire
3366 2995 3561 3065 dignos
3574 2995 3784 3050 attolli.

476 3078 561 3127 est
573 3076 728 3131 cordi
744 3080 906 3150 eligo,
925 3084 1081 3155 eique
1094 3087 1405 3145 studiosius
1424 3092 1708 3151 inhaerens
1739 3100 1986 3171 aliquam
2004 3120 2071 3171 ea:

2183 3092 2272 3167 .Ibi
2290 3093 2625 3161 sapientiam
2645 3106 2768 3144 cum
2789 3086 3051 3147 scientia,
3073 3085 3149 3140 ibi
3170 3085 3396 3139 divitias
3419 3084 3639 3143 invenis
3657 3099 3787 3138 cum

473 3178 535 3217 eo
547 3170 1001 3235 superniamoris
1016 3175 1153 3230 mihi
1167 3176 1519 3236 dulcedinem
1535 3170 2082 3257 elicio.0uemadmo-

479 3251 608 3329 dum
644 3257 692 3309 si
710 3258 1025 3341 cuia’groto
1042 3265 1207 3330 plura
1235 3268 1487 3325 cibarum
1512 3290 1717 3341 genera
1744 3279 2079 3355 o/ferantur,

476 3342 577 3413 ille
590 3348 779 3399 autem
797 3364 909 3402 non
927 3354 1114 3407 omnia
1130 3355 1225 3409 sed
1242 3373 1314 3411 ex
1326 3362 1583 3417 omnibus
1598 3382 1773 3421 unum
1790 3346 2083 3443 sibimagis

475 3435 705 3529 gratum
733 3438 1147 3521 velutipomum
1175 3446 1518 3519 eligat,quod
1539 3452 1887 3522 degustando
1900 3435 2083 3529 remre-

477 3520 633 3611 diurn
654 3514 877 3595 aliquod
893 3544 1029 3595 sua?
1048 3514 1409 3607 inﬁrmitatis
1433 3514 1631 3611 capere
1648 3546 1857 3609 valeat.
1880 3547 1945 3603 Et
1966 3514 2083 3605 haec

479 3609 697 3676 quidem
726 3612 842 3681 ille.
876 3616 989 3683 Nos
1020 3627 1200 3673 autem
1222 3624 1313 3693 qui
1345 3626 1461 3691 ejus
1490 3609 1656 3683 vitam
1690 3648 1783 3686 usu
1818 3643 1869 3689 et
1900 3639 2083 3697 auditu

482 3696 1017 3770 satiscognovimus,
1051 3706 1190 3760 hanc
1229 3706 1304 3764 illi
1338 3728 1556 3782 semper
1595 3717 1759 3773 fuisse
1790 3733 2085 3780 consuetu-

476 3783 659 3839 dinem
710 3789 1021 3859 frequenter
1069 3798 1275 3862 experti
1325 3818 1536 3869 sumus.
1584 3806 1893 3876 Aliquando
1936 3815 2080 3867 enim

475 3886 597 3925 cum
646 3875 698 3929 in
746 3877 987 3955 Ecclesia
1035 3883 1165 3938 illud
1238 3887 1514 3945 decantari
1562 3875 1808 3969 audiret..-
1856 3901 2083 3971 A/ﬂicti

469 3968 835 4034 prapeceatis
863 3975 1075 4039 nostris
1107 3979 1334 4033 assidue
1347 3996 1474 4035 cum
1497 3983 1762 4056 larrymis
1780 3968 2081 4060 exspecta-

471 4055 779 4123 musﬁnem
802 4064 1060 4117 nostrum
1082 4081 1094 4122 ;
1131 4065 1213 4118 vel
1239 4067 1367 4123 illud
1390 4085 1402 4122 :
1424 4070 1551 4127 Dies
1565 4055 1811 4139 illa,dies
1830 4077 1932 4133 ira»
1954 4099 1972 4146 ,-
1994 4081 2080 4134 vel

472 4142 617 4197 aliud
668 4146 844 4203 simile
906 4156 1308 4233 compun‘ctioni
1349 4160 1606 4233 amicum,
1677 4165 1825 4221 illico
1874 4169 2083 4223 caateris

474 4233 728 4289 omnibus
772 4237 986 4293 omissis
1016 4241 1087 4307 ei,
1122 4226 1264 4313 quod
1309 4247 1411 4300 sibi
1446 4226 1624 4320 magis
1671 4262 1948 4323 acceptum
1983 4273 2084 4311 au-

471 4320 668 4391 dierat,
704 4324 1047 4383 solummodo
1080 4329 1394 4388 intendebat
1420 4354 1432 4397 ;
1486 4339 1769 4411 oculisque
1800 4320 1853 4396 in
1884 4344 2081 4409 cuylum

469 4410 688 4491 erectis,
709 4411 794 4467 bis
819 4413 951 4469 illud
988 4423 1135 4473 terve
1164 4420 1249 4474 vel
1274 4431 1485 4492 quater
1512 4428 1830 4511 suspiranda
1853 4441 2067 4502 repete-

468 4497 597 4560 bat;
647 4506 923 4571 totumque
953 4519 1013 4559 se
1057 4506 1108 4559 in
1140 4509 1375 4578 gemitus
1422 4497 1695 4585 vocesque
1732 4497 2066 4591 lacrymosas

464 4588 797 4661 resolvebat.
846 4586 1191 4665 Videbamus,
1243 4607 1295 4655 et
1325 4599 1377 4653 in
1422 4599 1683 4672 lacrymas
1714 4586 1796 4681 vel
1835 4586 2071 4677 gemitus

464 4676 651 4731 saltem
685 4678 823 4733 solvi
855 4688 907 4734 et
939 4680 1041 4751 ipsi
1072 4685 1432 4754 cogebamur.
1467 4689 1606 4757 Quid
1641 4676 1766 4746 cum
1800 4676 1864 4747 ad
1900 4690 2070 4766 popu-

466 4763 575 4841 lum
610 4782 915 4823 sermonem
938 4769 1182 4827 faceret?
1207 4776 1512 4846 Aliquando
1540 4763 2067 4852 interrumpenlibus

464 4850 718 4925 lacrymis
777 4856 933 4931 loqui
964 4868 1015 4913 et
1062 4861 1177 4930 ipse
1233 4880 1340 4918 non
1390 4874 1620 4935 poterat,
1674 4884 1774 4926 nec
1812 4850 2070 4941 vpopulus

466 4941 763 5027 quidquam
796 4946 940 4999 aliud
973 4965 1133 5018 quam
1179 4951 1310 5006 ﬁere
1344 4954 1424 5021 vel
1454 4972 1677 5031 gernere
1711 4957 1859 5011 illum
1885 4964 2067 5015 atten-

463 5028 597 5101 dens
628 5037 864 5097 poterat.
907 5034 1207 5093 Cessabant
1239 5042 1424 5109 verba,
1472 5028 2067 5117 lacrj'nimsermoneni

465 5116 776 5187 explebant.
813 5121 921 5195 Hoc
950 5132 1126 5183 autem
1177 5128 1410 5184 maxime
1456 5131 1638 5197 ﬁebat,
1671 5150 1789 5188 eum
1824 5135 1875 5187 in
1910 5136 2065 5201 festi-

463 5201 626 5256 vitate
679 5204 733 5259 B.
770 5206 948 5260 Mariae
997 5208 1337 5281 Magdalenze
1387 5214 1463 5285 de,
1484 5216 1602 5291 ejus
1632 5214 1945 5286 pmnitentia
1976 5220 2061 5291 vel

461 5290 715 5377 lacrvmis
766 5310 1071 5377 sermonem
1118 5298 1183 5351 ad
1231 5302 1489 5372 populum
1523 5303 1775 5361 faciebat.
1811 5290 2061 5379 Loquens

469 5380 671 5453 quippe
694 5381 767 5463 “de
798 5384 913 5453 ejus
938 5386 1275 5455 plenitenlia,
1300 5391 1560 5458 populum
1591 5395 1659 5448 ad
1692 5396 2061 5465 paenitentiam

449 5454 800 5541 provocabat.
858 5474 1107 5553 llecitans
1153 5477 1296 5533 illius
1328 5480 1617 5551 lacrymas,
1667 5483 1969 5555 lacrymans
2014 5491 2067 5541 et

454 5562 570 5631 ipse
604 5569 831 5619 austeros
861 5565 930 5619 ad
961 5563 1228 5638 lacrymas
1257 5570 1645 5626 suceendebat.
1668 5573 1817 5629 Hanc
1857 5574 2066 5646 quippe

2094 4460 2146 4537 Ι)

2180 3188 2461 3259 potentia.
2500 3181 2574 3235 lbi
2608 3179 2824 3235 iuvenis
2857 3177 3001 3233 viros
3029 3175 3430 3228 instrumentis
3452 3178 3791 3228 sanctarum

2184 3252 2469 3330 uirtutum
2486 3252 2885 3339 multipliciter
2905 3269 3155 3331 ornatos,
3180 3274 3232 3318 et
3250 3264 3363 3317 tuis
3380 3261 3791 3331 fraudulentus

2178 3364 2371 3434 plenis
2388 3356 2904 3417 machinationibus
2919 3354 3307 3415 robustissima
3330 3352 3590 3407 resistere
3606 3353 3792 3406 valen-

2183 3453 2541 3520 tes..-lleperca
2553 3449 2793 3501 toremet
2811 3442 2963 3499 nihil
2983 3440 3185 3503 horum
3199 3442 3490 3509 habentem
3508 3440 3788 3510 relinque,

2184 3544 2243 3603 in
2261 3555 2364 3608 quo
2382 3537 2615 3593 nonnisi
2630 3536 2925 3605 peccatum
2938 3534 3097 3601 potes
3112 3528 3646 3613 invenireﬁddebat
3663 3537 3715 3582 et
3733 3544 3792 3582 se

2180 3627 2475 3687 admodum
2525 3623 2694 3679 vereri
2735 3636 2801 3675 ne
2831 3620 2882 3673 ei
2930 3619 3173 3674 eveniret
3205 3617 3347 3687 quod
3403 3616 3619 3701 quidam
3654 3632 3793 3671 eve-

2182 3718 2331 3772 nisse
2363 3714 2632 3783 audierat,
2676 3712 2764 3787 qui
2797 3708 2864 3765 ad
2899 3717 3203 3773 extremum
3242 3706 3485 3773 veniens,
3519 3722 3643 3791 cum
3670 3705 3791 3774 jam

2181 3804 2428 3869 ultimum
2470 3802 2657 3855 efﬂare
2700 3797 2961 3869 spiritum
3021 3795 3263 3859 deberet,
3293 3795 3463 3881 dixit:
3526 3795 3564 3850 0
3606 3794 3792 3864 gloria

2184 3894 2641 3959 inanisquantos
2667 3886 2987 3959 perdidisti,
3011 3900 3251 3956 quorum
3285 3900 3381 3956 ego
3418 3900 3569 3943 unus
3613 3900 3744 3969 sum
3770 3883 3793 3936 .’

2182 3981 2425 4037 Gloriam
2456 3993 2586 4053 ergo
2608 3978 2823 4033 inanem
2855 3984 2904 4029 et
2953 3974 3194 4028 studiose
3236 3974 3462 4037 vitabat,
3509 3980 3557 4027 et
3607 3972 3793 4057 minus

2185 4070 2427 4124 studiose
2449 4084 2565 4135 eam
2597 4082 2655 4137 se
2688 4064 2861 4118 vitare
2893 4062 3135 4117 timebat.
3189 4062 3564 4117 Altereabatur
3604 4061 3793 4132 itaque

2181 4176 2302 4215 cum
2334 4159 2427 4213 illa
2456 4172 2620 4226 smpe,
2654 4159 2711 4207 ut
2742 4154 2944 4235 dictum
2978 4160 3075 4219 est,
3118 4151 3275 4215 velut
3304 4168 3427 4205 cum
3476 4150 3790 4213 adversario

2182 4247 2439 4321 quodam,
2472 4252 2527 4299 ut
2552 4261 2583 4298 a
2611 4260 2671 4298 se
2700 4258 2818 4311 eam
2864 4240 3171 4311 repelleret.
3200 4255 3267 4295 ne
3294 4254 3434 4323 cum
3462 4255 3562 4309 pro
3595 4238 3791 4305 merito

2179 4329 2469 4399 laudabilis
2499 4332 2621 4387 vitae
2651 4330 2720 4385 ab
2751 4330 3003 4384 omnibus
3031 4327 3373 4396 laudabatur,
3410 4328 3459 4383 ei
3499 4329 3788 4399 undecun-

2185 4440 2291 4496 que
2320 4394 2615 4491 subrepere
2661 4425 2867 4489 posset.
2927 4416 3100 4487 Quem
3132 4418 3277 4473 enim
3328 4394 3648 4473 eitollentia
3677 4432 3793 4472 non

2177 4517 2427 4583 tangeret
2475 4509 2677 4578 aliqua,
2711 4522 2847 4589 cum‘
2883 4521 3143 4575 proceres
3171 4505 3328 4577 regni
3359 4506 3481 4561 aliis
3511 4505 3790 4576 episcopis

2176 4601 2349 4677 ipspm
2393 4596 2765 4667 praeferentes,
2817 4595 2992 4678 ipsum
3022 4594 3307 4661 adeuntes,
3342 4594 3511 4664 ipsius
3540 4594 3786 4648 familia-

2177 4688 2391 4756 ritatem
2452 4691 2789 4756 appeterent,
2838 4683 3059 4755 propria
3107 4682 3155 4738 ei
3198 4690 3413 4753 peccata
3459 4682 3787 4749 familiarius

2181 4754 2542 4843 denudantes,
2578 4790 2642 4829 se
2674 4790 2766 4843 per
2800 4754 2923 4827 eum
2954 4771 3306 4827 absolutiores
3331 4768 3448 4825 ﬁeri
3481 4787 3586 4859 non
3616 4771 3785 4853 dubi-

2179 4858 2371 4929 tarent,
2407 4863 2629 4917 tutiores
2654 4861 2887 4931 denique
2918 4876 2987 4916 eo
3018 4876 3076 4915 se
3105 4859 3385 4916 crederent
3414 4858 3522 4931 die,
3556 4874 3664 4927 quo
3693 4862 3785 4916 vel

2177 4953 2297 5021 ejus
2328 4951 2558 5008 osculari
2590 4965 2782 5005 manus
2799 4949 2885 5003 vel
2915 4948 3106 5021 saltem
3138 4964 3258 5027 eum
3290 4947 3475 5021 videre
3494 4948 3785 5021 valerent?

2175 5042 2244 5096 Et
2283 5049 2425 5095 certe
2461 5040 2642 5094 audivi
2673 5054 2703 5091 a
2749 5036 2983 5109 quodam
3014 5036 3142 5115 boni
3181 5037 3468 5091 testimonii
3519 5038 3781 5109 episcopo

2177 5136 2227 5183 et
2256 5130 2499 5185 veritatis
2529 5138 2771 5185 amatore
2794 5129 3002 5201 referri,
3034 5144 3110 5195 se,
3136 5143 3253 5195 cum
3286 5122 3625 5205 gravissimis
3647 5142 3780 5207 car-

2174 5219 2259 5271 nis
2307 5202 2417 5281 suae
2469 5204 2704 5291 stimulis
2771 5230 2825 5275 et
2872 5218 3255 5285 tentationibus
3304 5218 3357 5271 in
3410 5214 3781 5285 adolescentia

2171 5321 2289 5374 sua,
2340 5316 2398 5363 ut
2454 5308 2725 5363 interdum
2782 5310 3001 5365 evenire
3059 5309 3217 5372 solet,
3262 5298 3576 5379 urgeretur,
3614 5300 3777 5389 Gun:

2174 5393 2324 5449 dullo
2382 5396 2695 5465 passionum
2759 5414 2975 5452 suarum
3008 5395 3259 5471 ,nebulas
3309 5393 3473 5474 corde
3508 5406 3648 5463 puro
3707 5406 3781 5463 ex

2174 5482 2390 5555 integro
2423 5485 2883 5551 manifestasse,et
2912 5485 3056 5541 omni
3080 5492 3199 5555 post
3217 5492 3463 5551 tempore
3492 5482 3560 5535 ab
3588 5479 3782 5550 hujus-

2176 5574 2322 5631 modi
2352 5573 2639 5632 criminum
2690 5574 3103 5647 impedimentis
3144 5572 3378 5630 consilio
3409 5579 3462 5629 et
3504 5568 3775 5631 orationi-
