4032 6078
316 333 417 390 8Ξ9

1873 327 1912 380 V
1920 326 2032 383 ΙΤΑ
2043 369 2055 384 .

3511 342 3613 396 830

3319 421 3326 442 Ι

308 427 421 527 ἰήιε,
441 426 904 530 ejusliberiorem
938 467 1074 507 esse.
1108 452 1235 514 Haec.
1267 431 1468 521 quippe
1499 449 1814 508 dicebantur
1843 451 1909 506 de.

2024 440 2260 532 proximi
2307 454 2419 510 Deo
2461 461 2511 508 et
2542 453 2799 513 affinitate
2840 459 3043 532 sanctis
3075 427 3293 532 angelis,
3316 421 3613 532 conjuncti,

307 545 424 602 illo.
461 547 586 614 Ipse
620 552 808 612 tamen
849 558 964 601 non
998 557 1053 595 se
1084 542 1136 594 in
1177 542 1458 594 hominum
1491 555 1580 594 ore
1609 541 1906 610 quiercbat,

306 635 402 688 sed
434 650 488 687 in
523 649 580 687 se
630 632 760 704 quid
802 640 995 692 esseta
1038 646 1094 683 se
1125 630 1377 686 attentius
1425 616 1784 697 disquirebat.
1822 629 1908 680 Illi

311 739 431 786 eum
451 720 768 786 efferebant,
795 721 910 788 ejus
929 719 1224 773 attollendo
1253 718 1442 770 merita
1466 733 1480 792 ἒ
1515 719 1630 784 ipse
1669 718 1910 786 seipsum

304 810 666 880 deprimebat,
714 824 804 862 sua
836 808 902 860 ad
954 810 1265 861 memoriam
1308 805 1613 860 reducendo
1656 814 1903 873 peccata.

307 899 632 968 Siquando.
665 913 791 956 vero
843 896 1072 950 inaniter
1112 903 1390 964 raperetur
1421 903 1570 951 extra
1611 911 1689 960 se,
1725 895 1907 969 quoti-

306 987 469 1054 diana
519 985 974 1054 contemplatione
1013 1001 1069 1037 se
1103 1000 1352 1052 (pararcus
1400 991 1448 1036 et
1477 983 1778 1046 inveniens,
1811 999 1909 1052 per

304 1076 604 1142 custodiam
654 1073 973 1146 humilitatis
1036 1073 1194 1130 citius
1239 1087 1297 1125 se
1345 1070 1635 1132 reducebat
1703 1072 1770 1124 ad
1824 1088 1904 1137 se_

307 1165 483 1227 Dictis
517 1165 698 1232 itaque
749 1162 1082 1234 quibusdam
1121 1162 1187 1215 de
1227 1161 1467 1222 moribus
1494 1161 1627 1229 ejus,
1665 1176 1808 1214 nunc
1841 1160 1908 1213 ad

306 1251 718 1320 exsequendum
758 1235 986 1320 operum
1018 1249 1140 1318 ejus
1171 1248 1415 1303 ordinem
1459 1249 1729 1302 calamum
1771 1262 1905 1302 con-

304 1349 603 1396 vertamus.
631 1402 642 1414 ι
895 1397 899 1402 ,
1001 1389 1009 1400 ,
1586 1397 1590 1414 ι

312 1488 318 1494 ,
349 1429 576 1492 Habito
608 1429 777 1500 igitur
801 1445 922 1484 cum
959 1427 1290 1496 sapientibus
1312 1426 1561 1488 consilio,
1587 1433 1635 1479 et
1667 1427 1904 1480 maxime

306 1519 530 1587 favente
590 1522 644 1572 et
693 1518 949 1579 auxilium
982 1517 1259 1586 praebente
1301 1516 1351 1572 in
1383 1515 1565 1568 multis
1607 1515 1904 1570 venerabili

303 1607 1033 1677 Anselmoarchiepiscopo,
1101 1605 1239 1662 sicut
1282 1606 1331 1656 in
1403 1604 1615 1659 civitate.
1668 1603 1901 1658 Rotfensi

302 1685 677 1766 conStruxerat
722 1697 983 1770 virorum,
1029 1695 1102 1748 ita
1140 1700 1192 1748 et
1227 1694 1544 1754 feminarum
1596 1693 1898 1760 cennobium

2019 543 2112 619 qui
2145 543 2348 597 semina
2377 544 2527 618 pacis
2556 545 2612 597 in
2636 546 2891 622 cordibus
2922 550 3377 619 suissuscipiuut,
3406 560 3464 618 et
3497 553 3610 616 tunc

2018 632 2070 684 in
2121 632 2406 686 manifesto
2455 649 2818 708 per,0perum
2851 639 3254 702 exsecutionem
3298 641 3606 707 ostendunt.

2019 721 2136 773 Istis
2192 723 2406 785 auditis,
2459 722 2674 790 quidam
2709 725 2935 793 cxipsis
2989 727 3350 784 innocentiam
3383 729 3478 780 viri
3505 728 3610 795 Dei

2018 818 2069 862 et.
2135 811 2539 862 sanctimoniam
2610 813 3028 880 considerantes,
3089 817 3290 870 monita
3356 817 3612 881 salutaria

2017 897 2211 950 devote
2257 899 2573 966 Suscipiunt,
2625 902 2970 955 concordiam
3028 920 3148 958 cum
3201 921 3326 974 rege.
3375 905 3609 972 firmant,

2003 985 2220 1039 *fiedera
2253 986 2402 1054 pacis
2446 987 2704 1056 deinceps
2740 990 2964 1044 tenenda
2998 992 3332 1060 promittunt.
3362 993 3472 1054 Pro
3494 995 3613 1050 istis

2017 1090 2146 1145 ergo
2195 1074 2445 1127 amabilis
2482 1077 2651 1129 factus
2697 1085 2780 1130 est
2825 1081 2940 1150 regi
2979 1089 3028 1132 et
3078 1081 3414 1150 principibus
3445 1085 3599 1154 regni

2017 1171 2069 1216 et
2098 1180 2218 1216 cum
2243 1164 2308 1216 de
2337 1163 2454 1216 aliis
2479 1165 2750 1218 nobilibus
2777 1175 2932 1220 terra;
2964 1168 3012 1220 in
3049 1170 3246 1238 palatio
3277 1179 3369 1224 aut
3400 1160 3527 1224 alibi
3561 1172 3615 1226 in

2015 1253 2392 1306 collationibus
2440 1269 2628 1306 eorum
2675 1252 2826 1308 tieret
2870 1257 3090 1322 mentio,
3139 1258 3442 1312 Gundulfus
3475 1240 3614 1334 inter

2015 1357 2124 1407 eos,
2177 1359 2280 1395 non
2323 1350 2378 1394 ut
2420 1342 2618 1407 socius,
2671 1343 2763 1396 sed
2795 1353 2849 1397 ut
2899 1347 3154 1415 superior
3193 1355 3243 1400 et
3276 1349 3424 1416 quasi
3457 1349 3613 1403 Pater

2013 1431 2388 1499 reputabatur.
3475 1493 3499 1516 Η

2089 1519 2284 1573 Videns
2310 1520 2488 1589 itaque
2520 1520 2783 1590 providus
2822 1524 2978 1576 Pater
3008 1538 3302 1593 congruam
3339 1533 3606 1606 opportu-

2011 1607 2228 1660 nitatem
2279 1624 2336 1661 se.
2384 1609 2582 1662 habere
2631 1617 2680 1662 et
2726 1618 2869 1679 temp
2914 1629 2953 1678 s,
2992 1611 3181 1679 inquo
3219 1612 3458 1682 utrisque
3486 1629 3608 1666 mo-

2010 1697 2259 1750 nasteriis
2299 1697 2407 1750 suis
2437 1698 2486 1749 in
2521 1699 2701 1767 aliquo
2735 1701 2994 1767 prodesse
3049 1708 3250 1769 posset,
3288 1701 3526 1755 redditus
3557 1710 3607 1753 et

301 1786 731 1855 inpossessione
775 1801 890 1853 sua,
927 1784 1410 1855 quamhlellingas
1451 1783 1653 1848 dicunt,
1691 1783 1769 1846 vir
1802 1782 1895 1844 Dei
1927 1806 1978 1864 Β
2010 1787 2380 1854 possessiones
2425 1789 2812 1854 monachorum
2865 1805 3102 1852 suorum,
3135 1805 3164 1842 a
3195 1789 3304 1843 suis
3336 1790 3607 1859 quondam

304 1871 574 1936 aedificare
619 1873 847 1944 curavit,
900 1873 1158 1926 Amabilis
1199 1873 1340 1926 enim
1376 1873 1586 1938 utrique
1621 1871 1794 1931 sexui,
1829 1871 1897 1924 ad

299 1962 586 2032 religionis
615 1962 872 2033 pietatem
895 1962 1153 2033 prodesse.
1175 1959 1374 2014 studuit
1405 1967 1456 2014 et
1486 1960 1696 2027 utrique
1727 1958 1902 2012 sexui.

303 2050 836 2126 Iuprzedieto’igitur
859 2051 976 2104 loco
1007 2050 1234 2104 ecclesia
1266 2049 1314 2101 in
1337 2049 1598 2101 honorem
1634 2049 1695 2102 Β.
1728 2049 1906 2103 Marize

301 2154 520 2210 semper
567 2131 795 2209 virginis
845 2143 1163 2208 composita,
1218 2138 1532 2195 compositis
1576 2142 1627 2190 et
1678 2137 1906 2190 officinis

307 2226 586 2296 aliquibus
615 2243 715 2295 pro
748 2229 1008 2295 temporis
1046 2225 1470 2294 Opportmiitate,
1506 2234 1704 2293 quanta
1737 2227 1907 2295 potuit

302 2315 576 2381 instantia,
623 2315 1112 2372 sanctimonialium
1160 2314 1288 2367 inibi
1323 2313 1642 2384 aggregavit
1674 2329 1907 2368 conven-

303 2412 412 2458 tum
441 2422 466 2466 ;,
489 2421 583 2457 eas
615 2405 856 2466 doctrina
890 2404 1103 2456 instanti
1154 2403 1406 2456 erudiens
1439 2402 1685 2464 interius,
1721 2403 1798 2455 eis
1832 2403 1906 2455 in-

303 2493 510 2562 dustria
554 2493 733 2547 solerti
775 2492 898 2564 vitia:
945 2491 1249 2545 necessaria
1295 2506 1594 2558 procurans
1643 2491 1903 2546 exterius.

309 2581 507 2650 Magna
539 2581 802 2649 siquidem
851 2580 1169 2650 providebat
1209 2596 1330 2632 cura
1376 2588 1429 2632 nt
1470 2587 1521 2632 et
1550 2578 1741 2632 animai
1775 2595 1907 2651 pro-

309 2669 490 2732 futura
523 2670 619 2744 “eis
650 2670 872 2738 omnino
903 2684 1118 2736 semper
1161 2669 1432 2728 adessent.
1465 2676 1514 2720 et
1546 2684 1664 2738 quae
1694 2669 1904 2735 corpori

307 2760 621 2818 necesseria
645 2768 798 2812 erant
817 2760 894 2811 eis
922 2774 1195 2825 nunquam
1220 2758 1490 2826 deessent.
1524 2758 1717 2810 Matres
1747 2758 1910 2820 igitur

311 2847 625 2916 spirituales
655 2848 720 2902 de
750 2849 867 2899 aliis
907 2857 1158 2916 acceptas
1198 2847 1545 2898 monasteriis
1593 2846 1796 2914 priores
1828 2846 1909 2898 vel

299 2937 548 2990 custodes
604 2937 681 2990 eis
712 2936 1074 3005 praeficiebat,
1122 2935 1371 3006 redditus
1406 2935 1486 2986 Vtri
1533 2944 1702 2988 terras
1733 2935 1906 3000 nndt‘v

301 3039 510 3093 cunque
544 3031 762 3093 poterat
799 3025 1134 3095 acquirebal,
1184 3040 1368 3076 earum
1403 3025 1680 3076 ecclesiam
1714 3031 1909 3076 ornatu

300 3114 452 3167 vario
515 3116 777 3168 decorare
821 3114 1063 3167 curabat.
1115 3114 1266 3166 Unde
1308 3121 1354 3164 et
1392 3114 1575 3164 Plures
1617 3113 1772 3165 etiam
1806 3128 1906 3165 no-

301 3201 437 3256 biles
472 3203 622 3256 illius
651 3204 964 3269 magisterio
985 3203 1216 3255 subdere
1239 3219 1296 3255 se
1329 3202 1657 3276 gaudebant,
1693 3218 1908 3270 speran-

300 3301 379 3356 tes
409 3307 467 3344 se
511 3308 607 3362 per
641 3293 784 3344 illius
829 3292 1069 3346 obtuurc
1103 3292 1458 3351 sanctitatcn'i,
1492 3289 1633 3357 quod
1670 3307 1761 3356 per
1791 3303 1912 3353 pro—

313 3382 487 3449 priam
528 3397 634 3434 non
664 3389 910 3450 poterant
965 3381 1211 3448 corporis
1245 3379 1618 3447 fragilitatem.
1649 3377 1910 3446 ithl‘mtis-

302 3485 416 3534 sam
453 3478 628 3523 tamen
666 3470 739 3522 eis
765 3471 993 3538 primum
1029 3469 1300 3536 pzzetieere
1332 3467 1522 3529 noluit,
1568 3466 1661 3518 sed
1696 3481 1787 3518 eos
1817 3480 1913 3534 per

298 3551 694 3628 pluresannos
725 3557 943 3627 plepria
987 3573 1108 3609 cura
1144 3572 1335 3623 regere
1375 3553 1600 3624 curavit.
1659 3604 1663 3614 τ

381 3649 434 3698 ln
469 3646 578 3699 illis
609 3645 807 3698 diebus
832 3646 1037 3698 obortis
1069 3635 1292 3712 propter
1324 3643 1625 3696 libertatem
1659 3644 1911 3699 Ecclesia).

313 3734 455 3788 inter
487 3735 694 3788 Patrem
729 3735 1036 3794 Anselmum
1071 3742 1120 3786 et
1152 3749 1334 3803 regem
1367 3732 1578 3803 magnis
1605 3733 1909 3788 discordia-

314 3839 436 3894 rum
469 3823 725 3894 querelis,
762 3823 902 3875 idem
952 3822 1241 3875 Anseln'us
1270 3821 1521 3890 Angliam
1553 3821 1738 3873 exiens
1768 3825 1914 3890 apud

307 3901 630 3982 Lugdunum
679 3912 977 3964 exsulabat.
1034 3910 1270 3980 Contigit
1316 3919 1489 3962 autem
1543 3919 1660 3978 post
1709 3911 1913 3979 aliquot

308 4014 375 4052 an
391 4016 491 4054 nos
524 4009 580 4053 ut.
625 3999 889 4068 ipserex,
923 3999 1120 4069 sagitta.
1152 4013 1458 4066 percussus,
1493 3999 1800 4052 terribiliter
1828 4016 1914 4052 oc-

310 4089 614 4154 cumberet,
670 4095 721 4142 et
752 4089 919 4141 frater
968 4086 1084 4154 ejus
1115 4085 1378 4139 Henricus
1423 4087 1488 4138 ad
1521 4087 1672 4156 regni
1707 4087 1914 4154 fastigia

313 4176 559 4244 sublatus,
601 4184 764 4232 esset.
820 4175 920 4243 Qui
981 4177 1165 4227 statim
1212 4175 1530 4238 Anselmum
1582 4175 1646 4227 ad
1683 4176 1911 4244 patriam

311 4265 613 4332 revocavit,
645 4274 710 4352 let
746 4265 910 4318 laude
944 4265 1166 4334 dignum
1213 4263 1567 4329 Gundulfum,
1602 4263 1734 4316 sicut
1769 4271 1914 4324 ante-

311 4370 556 4424 cessores
608 4355 726 4422 ejus
784 4354 1042 4418 fecerant,
1097 4352 1262 4404 nimia
1325 4352 1668 4405 veneratione
1726 4353 1912 4418 coluit,

307 4437 593 4496 attendens
651 4442 702 4494 in
753 4457 817 4496 eo
863 4441 987 4495 vitae
1047 4441 1136 4494 diu
1187 4441 1430 4510 probatae
1477 4432 1817 4514 sanctitatem
1858 4449 1909 4495 et

2015 1883 2312 1944 separatas,
2352 1875 2670 1929 auctoritate
2739 1876 2885 1944 regis
2942 1877 3156 1938 IIenrici
3230 1887 3281 1932 et
3345 1878 3606 1932 nobilium

2013 1964 2168 2034 regni
2201 1981 2296 2015 nec
2332 1980 2434 2015 non
2486 1973 2532 2016 et
2569 1965 2963 2034 archiepiscopi
2999 1967 3232 2019 Anselmi
3266 1975 3312 2018 et
3343 1983 3438 2020 sua
3474 1982 3606 2038 pro-

2016 2043 2131 2122 pria
2165 2060 2210 2104 et
2241 2054 2465 2104 aliorum
2513 2055 2890 2121 cpiscoporum
2937 2053 3140 2122 Anglia:
3171 2053 3612 2124 corroboralione

2014 2139 2380 2205 confirmatas,
2415 2148 2574 2210 atque
2607 2157 2703 2208 per
2735 2143 2975 2198 chartam
2997 2157 3180 2195 eorum
3207 2144 3475 2205 sanctitas,
3509 2141 3612 2210 οἱς-

2014 2227 2137 2278 dem
2182 2227 2300 2279 tiliis
2349 2229 2458 2288 suis
2503 2229 2853 2283 contradidit.
2915 2231 2973 2283 lit
3008 2221 3149 2296 quod
3195 2238 3600 2296 tunestatutum

2015 2323 2090 2364 est
2119 2313 2362 2380 qtiisrpus
2387 2314 2669 2378 ten'icrario
2701 2329 2830 2365 ausu
2865 2315 3163 2383 infregerit,
3200 2315 3294 2366 nisi
3329 2306 3494 2384 digna
3526 2329 3612 2367 sa-

2017 2401 2154 2464 tisfat
2180 2404 2321 2454 tione
2353 2401 2664 2467 correxerit,
2713 2403 3070 2456 anathematis
3107 2420 3358 2456 mucrone
3389 2419 3613 2469 percus-

2017 2507 2107 2541 sus
2137 2491 2452 2560 sententiam
2488 2492 2850 2543 damnationis
2882 2493 3155 2558 cumJuda
3188 2493 3464 2566 proditore
3497 2507 3613 2544 sor-

2016 2581 2194 2632 tiatur.
2228 2581 2380 2645 Apud
2416 2569 2704 2650 Mellingas
2737 2582 3004 2648 vero,,nbi
3035 2581 3342 2636 mmobium
3377 2581 3610 2661 femina-

2016 2685 2132 2720 rum
2177 2675 2567 2734 construxerat,
2617 2686 2739 2722 cum
2804 2669 2995 2722 eadem
3054 2670 3183 2723 villa
3246 2669 3610 2738 abantiquis

2019 2757 2353 2825 temporibus
2412 2757 2728 2824 campestris
2786 2767 2929 2810 esset
2985 2766 3037 2810 et
3094 2773 3216 2822 raro
3279 2756 3612 2810 incoleretur

2016 2844 2336 2912 habitatore,
2374 2846 2583 2898 favente
2615 2846 2786 2915 gratia
2839 2847 2981 2915 regis
3014 2843 3247 2909 llenriei,
3283 2845 3409 2897 satis
3433 2861 3611 2914 popu—

2017 2935 2203 2990 larem.
2260 2943 2309 2986 et
2362 2932 2705 2987 atllucntibus
2761 2918 3116 3003 undecunque
3178 2933 3350 2986 turbis
3408 2941 3472 2997 et,
3509 2933 3614 2986 sibi

2020 3023 2354 3075 mansionem
2399 3023 2739 3088 facientibus,
2793 3023 2842 3076 in
2873 3025 3065 3077 eodem
3120 3013 3236 3076 loco
3278 3025 3415 3074 sicut
3447 3023 3609 3074 hodie

2018 3120 2259 3180 apparet,
2293 3113 2465 3163 vicum
2517 3114 2879 3179 pergrandem
2930 3122 2974 3164 et
3012 3111 3396 3166 mercatoribus
3426 3095 3612 3180 aptum

2022 3201 2085 3251 ad
2123 3200 2402 3251 utilitatem
2446 3199 2930 3252 sanctimimialiuin
2965 3199 3158 3253 etl'ecit.

2095 3288 2361 3340 Mathildis
2393 3296 2654 3354 praeterea
2690 3289 2881 3339 nobilis
2905 3275 3191 3354 Anglorum
3215 3287 3433 3354 regina,
3470 3301 3612 3339 uxor

2020 3376 2259 3444 ejusdem
2303 3373 2556 3443 prim-ipis
2603 3377 2838 3439 'l'lenriei,
2887 3377 3159 3442 cognitam
3215 3375 3418 3430 habens
3454 3389 3608 3425 reve—

2021 3465 2242 3515 rentiam
2277 3465 2396 3516 vitae
2431 3463 2716 3515 laudabilis
2747 3468 2792 3515 et
2828 3463 3146 3532 dignitatem
3191 3463 3454 3514 honorum
3489 3477 3615 3527 Ope-

2018 3570 2133 3605 rum
2169 3551 2266 3604 viri
2305 3553 2420 3614 Dei,
2454 3551 2574 3620 ejus
2605 3552 2867 3604 sanctitati
2901 3553 3056 3604 valde
3083 3550 3363 3604 familiaris
3403 3549 3613 3620 effecta,

2021 3657 2139 3694 eum
2165 3640 2230 3694 ad
2256 3656 2314 3694 se
2347 3627 2862 3709 frequentervenire
2896 3640 3144 3702 faciebat,
3167 3641 3392 3708 ejusque
3413 3637 3620 3691 salubri

2021 3729 2288 3800 colloquio
2337 3729 2744 3799 intatigahiliter
2781 3723 2962 3781 satiari
2997 3729 3277 3796 cupiebat.
3320 3730 3376 3788 In
3413 3734 3614 3780 tantum

2020 3819 2182 3871 etiam
2234 3833 2476 3870 amorem
2529 3817 2669 3870 illius
2709 3817 3015 3888 amplexata
3047 3826 3125 3870 est
3173 3825 3245 3874 ut.
3280 3831 3400 3868 cum
3451 3814 3618 3867 tilium

2021 3906 2312 3971 genuisset,
2359 3906 2454 3972 ipsi
2500 3906 2805 3974 specialiter
2861 3897 3244 3973 baj’itizamilum
3284 3913 3333 3956 et
3366 3905 3431 3957 de
3463 3919 3618 3957 sacro

2022 3996 2167 4046 fonte
2198 3995 2485 4046 levandum
2530 4010 2649 4046 eum
2684 3995 3107 4046 commendaret.
3144 3993 3302 4059 Quod
3331 4001 3379 4046 et
3414 3993 3487 4044 sic
3524 3992 3610 4045 fa—

2022 4091 2164 4152 ctum
2197 4088 2294 4134 est.
2328 4082 2539 4132 Charus
2561 4081 2738 4149 itaque
2771 4081 2885 4151 regi
2909 4089 2960 4134 et
2983 4082 3207 4151 reginae,
3229 4082 3422 4134 charus
3454 4080 3615 4142 etiam

2023 4170 2168 4234 omni
2218 4169 2420 4237 pepulo
2453 4155 2681 4234 Anglize.
2713 4169 2849 4221 Nam
2897 4185 3016 4221 cum
3049 4169 3196 4221 multi
3258 4167 3399 4236 apud
3431 4182 3618 4237 regem

2023 4275 2113 4311 seu
2162 4258 2401 4328 reginam
2454 4257 2634 4326 aliquo
2694 4256 3081 4326 impedimento
3145 4257 3367 4326 obligati
3415 4265 3612 4318 essent,

2023 4349 2140 4416 ipse
2175 4346 2244 4398 ab
2276 4346 2550 4414 impeditis
2598 4346 2910 4414 requisitas,
2945 4346 3068 4414 pius
3113 4346 3446 4398 interventor
3475 4344 3619 4397 fidu-

2026 4435 2238 4489 cialiter
2269 4435 2335 4487 ad
2367 4450 2458 4488 eos
2503 4435 2812 4499 accedebat,
2851 4442 2900 4488 et
2929 4450 3090 4503 opem
3145 4434 3528 4506 misericqrdize
3558 4442 3623 4508 vet

307 4546 466 4601 quam
487 4531 585 4584 sibi
609 4530 897 4584 exhibebat
925 4530 1063 4582 inter
1091 4544 1343 4598 prospera
1376 4530 1670 4582 ctadversa
1693 4545 1904 4598 mz'ignae
1937 4516 1984 4576 D
2015 4523 2404 4578 rlublevationis
2449 4540 2506 4578 se
2551 4523 2950 4594 requirentibus
2988 4523 3056 4576 ab
3087 4523 3166 4577 eis
3195 4522 3397 4592 szepius
3445 4523 3620 4592 impe-

311 4617 620 4673 devotionis
654 4626 705 4672 et
739 4618 860 4671 fidei
900 4617 1266 4672 securitatem.
1300 4618 1550 4672 Turbatis
1573 4617 1715 4670 enim
1749 4619 1913 4670 rebus

309 4706 380 4760 ob
415 4707 766 4761 mutationem
793 4722 1006 4777 regum,
1048 4705 1319 4776 principes
1342 4705 1560 4773 quidam
1594 4707 1746 4776 regni
1771 4722 1917 4758 secu-

310 4795 451 4847 ritati
487 4795 612 4872 novi
653 4794 798 4862 regis
849 4794 1026 4847 minus
1068 4793 1231 4846 ﬁdem
1278 4801 1574 4858 servantes,
1629 4793 1915 4862 imperium

312 4883 448 4950 ejus,
483 4883 538 4935 in
573 4875 834 4952 quantum
857 4890 1132 4951 poterant,
1167 4881 1534 4946 fraudulentis
1559 4881 1918 4935 machinatio-

310 4971 468 5024 nibus
522 4971 748 5024 titubare
801 4971 1088 5034 faciebant,
1137 4969 1209 5022 illi
1242 4969 1394 5023 subdi
1431 4969 1814 5035 di‘ispicientes.
1854 4972 1921 5021 At

311 5058 642 5124 Gundulfus,
675 5058 976 5128 perspectis
1019 5058 1176 5110 tantis
1224 5057 1739 5126 perturbationibus,
1784 5056 1918 5110 mul-

312 5153 422 5199 tum
457 5146 772 5210 elaboravit,
809 5154 860 5198 ut
906 5145 1060 5214 pacis
1105 5145 1318 5198 vincula
1354 5145 1490 5202 inter
1516 5160 1701 5212 regem
1735 5151 1786 5196 et
1816 5144 1915 5198 ad-

311 5234 584 5288 versarios
616 5235 733 5303 ejus
765 5241 980 5286 nectere
1016 5233 1408 5305 possetVUude
1435 5241 1481 5285 et
1517 5233 1916 5300 perturbatores

309 5323 461 5392 pacis
490 5339 588 5391 per
616 5321 972 5392 semetipsum
1006 5321 1203 5390 smpius
1235 5317 1439 5383 adibat,
1484 5320 1774 5373 ostendens
1821 5336 1912 5373 sa-

308 5410 412 5464 cris
460 5409 946 5476 admonitionibus,
1011 5416 1217 5478 quanta
1265 5408 1405 5461 mala
1454 5424 1521 5462 ex
1583 5408 1912 5462 abundantia

308 5499 594 5551 discordia:
643 5497 770 5551 oriri
816 5497 1012 5561 solent,
1056 5505 1106 5549 et
1162 5496 1292 5566 quid
1344 5504 1619 5549 merentur
1665 5495 1786 5547 mali
1823 5497 1909 5566 qui

311 5587 473 5655 hujus
513 5585 757 5641 scandali
807 5592 1106 5640 sectatores
1151 5585 1410 5650 existunt,
1461 5593 1515 5638 et
1565 5600 1724 5654 quam
1790 5593 1911 5639 sunt

2026 4612 2220 4666 trahat.
2957 4675 2960 4678 ,

2100 4701 2343 4753 Militavit
2389 4706 2574 4754 autem
2618 4702 2729 4754 Deo
2763 4701 2861 4752 sub
2895 4700 3112 4767 regibus
3142 4699 3334 4763 tribus,
3363 4685 3620 4752 omnibus

2028 4789 2094 4840 iis
2130 4790 2327 4842 charus
2359 4797 2407 4842 et
2439 4784 2715 4857 acceptus.
2747 4790 2894 4856 Rege
2935 4804 3058 4840 nam
3092 4786 3382 4840 Guillelmo
3423 4786 3618 4854 primo,

2029 4876 2312 4930 ecclesiam
2363 4875 2688 4946 ltoﬂ'ensem,
2737 4877 3034 4929 Lant‘ranco
3085 4875 3621 4944 sutl'ragante,_con-

2028 4965 2253 5027 struxit;
2309 4974 2568 5034 regimine
2610 4965 2868 5031 secundo,
2923 4965 3076 5017 terris
3125 4965 3394 5033 aliquibus
3439 4965 3618 5016 auxit:

2029 5053 2173 5122 Rege
2206 5052 2436 5114 Henrico
2471 5052 2577 5106 tilio
2610 5054 2803 5122 prioris
2833 5061 2880 5105 et
2915 5054 3082 5106 fratre
3121 5054 3362 5112 sei-undi,
3399 5071 3481 5105 res
3514 5070 3625 5106 mo-

2025 5143 2315 5208 nachorum
2347 5157 2374 5192 a
2420 5141 2527 5193 suis
2564 5143 2732 5211 regize.
2782 5143 3113 5194 auctoritatis
3166 5145 3347 5196 chaita
3381 5143 3628 5211 distinxit

2026 5239 2074 5282 et
2143 5228 2503 5284 cantirmavit.
2576 5231 2772 5282 Annuit
2845 5239 3022 5302 autem
3074 5247 3163 5284 rex
3215 5234 3418 5299 primus
3451 5231 3625 5282 libens

2023 5318 2376 5384 construenti,
2410 5320 2679 5371 secundus
2699 5319 3006 5387 adaugccti,
3043 5320 3225 5382 tertius
3257 5319 3393 5373 conti
3409 5307 3626 5380 curanti,

2026 5406 2273 5459 omnibus
2321 5409 2599 5475 cooperari
2652 5408 3011 5476 gaudentibus
3063 5391 3158 5460 Dei
3211 5405 3414 5458 homini
3482 5406 3626 5471 quod

2025 5495 2224 5545 bonum
2262 5501 2371 5545 erat
2404 5495 2673 5561 operanti.
2725 5494 2844 5561 Quo
2877 5509 3002 5548 vero
3021 5494 3205 5553 modo,
3242 5491 3342 5542 sub
3366 5506 3491 5559 rege
3525 5498 3625 5541 ter—

2027 5583 2119 5651 tio,
2155 5582 2509 5637 Deusdilecto
2532 5597 2630 5636 suo
2649 5582 2878 5648 dederit,
2915 5591 2970 5635 ut
3004 5582 3125 5634 hinc
3157 5581 3204 5632 ei
3237 5580 3496 5647 inciperet
3522 5580 3627 5632 ha:-
