3956 6084
453 242 552 299 831

1538 235 1894 292 GUNDULFI
1943 230 2333 291 ROFFENSIS
2363 227 2685 286 EPISCOPl

3681 225 3788 280 832

448 362 653 419 reditas
699 361 937 432 Domini,
985 363 1101 434 jam
1161 376 1316 419 nunc
1361 376 1593 418 narrare
1650 357 1933 431 incipiam,
1990 374 2060 413 ne
2087 357 2145 419 Α
2169 354 2433 422 residens,
2478 352 2752 425 inquisitis
2787 352 3041 408 attentius
3081 350 3508 408 necessitatibus
3554 364 3781 413 eorum,

448 452 621 507 multa
662 452 839 508 adhuc
868 451 1098 508 dicenda
1139 452 1372 508 dicendo
1402 450 1686 505 fastidium
1714 447 1932 504 lectoris
1961 447 2052 501 in-

453 554 694 595 curram.
754 538 915 608 Quod
976 540 1108 595 nulli
1170 538 1486 595 incredibile
1554 537 1820 605 videatur,
1885 536 2059 592 sciant

453 642 665 697 omnes,
716 629 1019 699 quicunque
1069 631 1191 684 haec
1225 627 1461 683 audituri
1511 633 1659 694 sunt,
1704 625 1854 697 quod
1885 623 2058 679 multo

454 716 721 785 ampliora
768 716 834 771 iis
861 718 961 772 sub
1004 717 1317 773 testimonio
1354 713 1604 772 veritatis
1647 714 1862 770 fuerunt
1888 728 2060 784 opera

458 804 892 875 compunctionis
918 813 972 861 et
1008 805 1229 876 pietatis
1257 804 1430 860 illius.

521 914 677 966 Anno
728 911 895 982 igitur
946 920 1069 967 ante
1110 912 1320 967 obitum
1368 926 1524 966 suum
1553 909 1676 980 plus
1722 909 1903 963 minus
1927 922 2057 962 uno.

446 999 674 1054 verbere
698 1008 933 1070 paterno
954 1000 1179 1070 corripi,
1208 998 1476 1072 gravique
1492 997 1805 1053 inﬁrmitate
1829 1012 2060 1068 oppres-

448 1102 558 1155 sus,
585 1086 792 1142 viribus
820 1090 1066 1161 corporis
1087 1088 1146 1144 in
1174 1088 1291 1145 dies
1321 1089 1497 1159 magis
1524 1087 1809 1159 magisque
1838 1082 2061 1140 destitui

448 1174 634 1244 coepit.
684 1176 883 1232 Tactus
933 1185 1013 1231 est
1043 1185 1227 1233 autem
1271 1184 1324 1230 et
1352 1176 1522 1231 nimio
1552 1174 1747 1245 capitis
1776 1173 1965 1229 dolore
1994 1187 2062 1228 ex

452 1270 507 1317 et
532 1264 720 1334 nimia,
738 1272 797 1318 ut
827 1264 1104 1333 dicebant,
1125 1264 1339 1319 assidua
1361 1263 1729 1337 lacrymarum
1759 1260 2051 1317 effusione.

450 1351 575 1406 Non
622 1352 804 1421 itaque
849 1352 1010 1407 solita
1080 1353 1374 1408 missarum
1428 1352 1714 1407 celebrare
1778 1349 2058 1417 solemnia,

453 1455 564 1494 non
608 1439 969 1510 lacrymarum
1017 1440 1299 1496 eﬂ‘undere
1329 1440 1574 1506 ﬂumina,
1624 1455 1736 1496 non
1758 1438 2062 1495 orationum

460 1528 680 1583 solitum
721 1529 947 1584 reddere
992 1545 1225 1599 pensum
1273 1538 1502 1601 poterat.
1554 1528 1844 1584 Nitebatur
1880 1535 2059 1583 tamen

459 1613 824 1671 inﬁrmitatem
874 1616 1099 1674 vincere
1141 1634 1209 1672 ex
1256 1618 1401 1673 bona
1446 1626 1918 1688 quantumcunque
1953 1631 2059 1688 po-

2160 445 2434 515 lacrymas
2481 441 2659 500 oculis
2700 442 3070 507 fundentibus,
3122 456 3315 498 eorum
3343 439 3586 495 miseriis
3613 453 3787 495 com-

2161 532 2395 603 patiens,
2442 530 2741 588 secundum
2785 532 3008 586 modum
3052 529 3506 601 uniuscujusque,
3537 528 3600 583 in
3627 528 3793 585 victu

2164 628 2219 676 et
2246 620 2423 677 vesitu
2453 618 2533 676 eis
2562 619 2707 690 quod
2736 634 2877 689 Opus
2906 626 3022 674 erat
3048 617 3422 673 ministrabat.

2234 709 2306 763 Et
2332 707 2462 778 quid
2499 707 2746 763 dicemus
2775 707 2845 763 de
2887 707 3135 763 custodia
3164 705 3485 762 humilitatis
3511 706 3641 775 ejus
3661 704 3693 757 ‘2
3724 704 3785 758 In

2166 797 2399 854 secretis
2442 796 2677 869 denique
2723 794 2851 851 filiai
2887 795 3051 867 regis,
3081 796 3237 865 cujus
3264 794 3443 850 omnis
3486 793 3677 865 gloria
3704 802 3785 847 est

2167 886 2237 940 ab
2282 885 2427 940 intus
2472 886 2647 955 (Psal.
2680 900 2827 953 κων,
2863 884 2972 957 ii),
3022 885 3306 939 thesauros
3334 883 3607 939 virtutum
3649 896 3783 936 sua—

2166 990 2286 1030 rum
2333 974 2437 1029 sub
2478 973 2616 1029 clavi
2661 973 2983 1029 humilitatis
3021 988 3316 1043 reponens,
3346 979 3408 1026 ut
3431 971 3650 1026 fructus
3679 984 3781 1023 eo-

2167 1079 2288 1118 rum
2326 1062 2497 1121 in.die
2526 1062 2867 1118 necessitatis
2908 1062 3157 1131 recipere
3182 1068 3390 1131 posset,
3423 1058 3655 1114 nolebat
3680 1073 3782 1111 er-

2169 1151 2358 1206 tollere
2403 1166 2463 1206 se
2492 1166 2656 1220 super
2695 1167 2777 1205 se.
2809 1150 2878 1206 Et
2907 1158 2964 1204 ut
3007 1165 3172 1205 unum
3198 1148 3269 1203 de
3303 1148 3489 1202 multis
3520 1145 3781 1217 profera-

2168 1256 2309 1307 mus,
2362 1240 2418 1294 in
2465 1239 2585 1310 ipso
2612 1254 2754 1294 anno
2784 1238 2840 1293 in
2876 1237 3217 1294 solemnitate
3247 1235 3509 1292 Omnium
3530 1235 3777 1291 Sancto-

2166 1344 2308 1394 rum,
2371 1344 2495 1384 curn
2560 1328 2615 1382 in
2659 1327 2896 1384 ecclesia
2950 1326 3143 1397 majori
3188 1325 3335 1397 apud
3386 1325 3780 1380 Rovecestram

2167 1417 2388 1472 missam
2428 1416 2679 1473 festivam
2706 1416 3055 1482 celebrasset,
3098 1422 3153 1471 et
3179 1429 3279 1485 pro
3310 1430 3367 1468 re
3397 1411 3645 1484 qualibet
3675 1412 3782 1465 sibi

2167 1506 2385 1578 ingrata
2414 1505 2751 1578 aliquantum
2782 1503 2935 1575 quasi
2963 1502 3130 1559 iratus
3158 1502 3484 1568 turbaretur,
3515 1500 3695 1555 astitit
3730 1500 3780 1554 ei

2167 1594 2388 1667 quidam
2443 1594 2513 1648 de
2555 1593 2813 1648 fratribus
2860 1592 2964 1647 sibi
3006 1590 3376 1657 familiariter,
3427 1590 3669 1644 dicens:
3708 1589 3779 1643 Et

459 1710 596 1758 terat
622 1704 1039 1761 consuetudine.
1076 1705 1260 1761 Primo
1290 1678 1619 1779 igitur.quia
1650 1720 1781 1772 non,
1813 1678 1872 1759 ut
1891 1678 2056 1780 priusI

2177 1682 2311 1756 quid
2338 1685 2442 1744 est.
2488 1683 2659 1737 Pater
2679 1682 2710 1735 ?
2749 1680 2896 1739 Unde
2934 1684 3053 1737 lucc
3074 1678 3477 1753 perturbatio?
3510 1678 3580 1732 Et
3602 1692 3780 1780 φαῖνε

452 1791 592 1845 duas
631 1800 860 1861 poterat,
910 1809 1074 1849 unam
1118 1794 1310 1849 saltem
1378 1794 1616 1864 quandiu
1675 1793 1850 1864 potuit
1912 1793 2050 1847 mis-

451 1894 573 1933 sam
618 1879 900 1936 celebrare
943 1882 1250 1953 satagebat.
1301 1881 1622 1937 Orationum
1667 1895 1903 1953 quoque,
1953 1878 2054 1935 etsi

454 1981 566 2022 non
595 1975 785 2035 totum,
819 1969 1085 2025 reddebat
1123 1977 1300 2024 tamen
1332 1985 1454 2026 cum
1483 1969 1732 2041 lacrymis
1772 1968 1917 2039 quod
1946 1983 2052 2039 po-

453 2063 597 2110 terat
622 2072 878 2126 pensum.
918 2057 1400 2130 Elecmosynarum
1428 2073 1557 2115 vero
1587 2057 1905 2129 largitiones
1923 2055 2057 2112 mul-

454 2149 542 2197 tas
589 2159 690 2214 per
734 2145 893 2200 villas
949 2162 1077 2200 suas
1123 2145 1244 2202 ﬁeri
1299 2146 1476 2215 jussit,
1529 2145 1679 2219 quod
1728 2152 1911 2200 tamen
1957 2159 2058 2199 suo

458 2234 761 2288 successori
805 2233 898 2289 diu
942 2233 1188 2290 sufficere
1229 2242 1433 2305 posset,
1475 2241 1534 2289 ut
1562 2233 1799 2305 prudens
1830 2232 2059 2305 dispen-

459 2330 605 2377 sator
650 2321 856 2378 faciens
902 2324 1187 2379 reservari.
1221 2322 1326 2392 Qui
1368 2338 1491 2379 cum
1521 2322 1757 2377 audisset
1782 2338 1936 2377 suum
1966 2322 2057 2377 di-

455 2410 653 2465 lectum
684 2410 1005 2466 dilectorem
1028 2413 1383 2482 praecipuum,
1409 2412 1854 2467 Cantuariensem
1888 2410 2062 2466 archi-

460 2500 775 2570 episcopum
790 2499 1107 2555 Anselmum
1130 2500 1356 2568 dixisse,
1388 2500 1515 2573 quia
1546 2516 1653 2554 non
1678 2508 1794 2555 erat
1816 2498 2061 2570 episcOpi

462 2588 743 2642 morientis
793 2605 882 2642 res
924 2588 1289 2644 ecclesiastica
1342 2589 1445 2644 sibi
1494 2589 1819 2644 commissas
1846 2605 1913 2644 ex
1951 2596 2063 2644 toto

472 2674 740 2741 dividere,
786 2676 884 2731 sed
931 2678 1259 2733 successoris
1307 2678 1390 2732 sui
1437 2679 1623 2732 usibus
1651 2677 1831 2749 aliqua
1878 2693 2062 2732 reser-

466 2777 629 2817 vare:
662 2764 790 2828 Deo,
820 2764 1011 2834 inquit,
1049 2769 1266 2836 gratias
1307 2782 1429 2838 ago,
1461 2768 1592 2839 quia
1626 2766 1770 2821 mihi
1814 2767 2064 2837 facultas

462 2851 795 2921 suppeditat
810 2856 1126 2924 tanta,quw
1135 2870 1445 2925 pauperum
1457 2855 1842 2925 indigentiam
1854 2855 2066 2910 releva-

451 2952 536 3005 re,
552 2942 607 2993 et
615 2940 927 2994 successori
938 2956 1057 2997 meo
1069 2958 1258 2998 secum
1274 2942 1527 2998 homines
1540 2943 1714 2998 etiam
1727 2942 1960 2997 habenti
1971 2942 2067 2999 tri.

2179 1775 2557 1827 commovetur
2573 1773 2854 1826 serenitas
2881 1768 3063 1825 cordis
3082 1768 3261 1824 vestri
3278 1766 3310 1824 Τ
3344 1768 3510 1823 Totus
3526 1765 3779 1839 populus

2159 1859 2331 1915 istius
2341 1860 2593 1915 civitatis
2609 1874 2826 1914 summa
2847 1856 3092 1929 tripudio
3115 1872 3216 1929 pro
3230 1858 3676 1928 recuperatione
3696 1855 3768 1908 vi-

2161 1949 2311 2017 goris
2327 1948 2520 2010 vestri.
2544 1947 2696 2002 sicut
2729 1950 2985 2019 sperant,
3005 1946 3137 2017 quia
3165 1944 3429 1999 insonuit
3460 1941 3630 1997 hodie
3660 1959 3773 1997 vox

2163 2039 2353 2090 vestra
2373 2035 2469 2090 diu
2494 2034 2817 2091 desiderata
2836 2035 2899 2089 in
2912 2034 3144 2089 auribus
3173 2049 3392 2099 eorum,
3424 2048 3543 2088 non
3556 2033 3775 2085 medio-

2166 2125 2343 2179 criter
2371 2126 2648 2185 exsultat,
2664 2127 2722 2178 et
2744 2138 2836 2179 vos
2868 2123 3223 2178 turbamini?
3245 2121 3325 2175 Ad
3356 2120 3473 2175 haec
3501 2120 3600 2175 ille
3622 2137 3636 2174 :
3660 2122 3773 2175 Pro

2165 2228 2275 2279 me,
2326 2212 2520 2283 inquit,
2559 2212 2787 2283 plaudit
2825 2210 3161 2283 paupulus?
3206 2210 3271 2264 Et
3301 2210 3404 2264 hoc
3434 2208 3777 2278 frequentius

2167 2301 2386 2368 iterans,
2434 2299 2953 2369 interrumpentibus
2993 2314 3184 2355 vocem
3230 2297 3561 2368 singultibus
3610 2305 3667 2352 et
3697 2296 3775 2350 la-

2167 2389 2383 2459 crymis,
2415 2389 2482 2443 iis
2525 2388 2768 2444 intentus
2803 2389 3006 2442 diutius
3051 2388 3217 2443 siluit.
3263 2387 3331 2441 Et
3360 2386 3533 2441 dixit:
3572 2386 3614 2440 0
3644 2386 3776 2458 quis

2170 2479 2360 2551 estqui
2369 2493 2471 2550 pro
2484 2493 2573 2533 me
2588 2478 2831 2549 gaudere
2845 2477 3084 2533 debeat?
3098 2479 3236 2532 Ecce
3250 2475 3598 2543 inﬁmitate
3613 2475 3776 2545 gravi

2169 2567 2435 2622 detentus
2452 2568 2671 2621 morior
2687 2585 2704 2628 ,-
2722 2569 2777 2620 et
2790 2565 2924 2637 quid
2947 2564 3114 2620 laude
3136 2565 3375 2633 dignum
3392 2564 3452 2618 in
3473 2563 3634 2617 omni
3655 2563 3775 2618 vita

2170 2670 2297 2711 mea
2314 2655 2397 2726 egi
2416 2658 2446 2707 ν
2461 2655 2569 2710 Nec
2595 2653 2771 2710 etiam
2789 2670 3039 2723 unquam
3057 2652 3445 2708 seintillulam
3464 2668 3649 2706 unam
3661 2654 3780 2721 fer-

2169 2746 2318 2801 voris
2339 2748 2395 2799 et
2420 2744 2631 2799 amoris
2644 2743 2762 2802 Dei.
2794 2746 2862 2797 ut
2884 2742 3123 2812 dignum
3141 2745 3305 2806 esset,
3342 2740 3553 2796 tandiu
3581 2742 3778 2796 vivens

2170 2832 2590 2905 apprehendere
2603 2833 2784 2903 potui.
2810 2831 2936 2887 Haec
2954 2829 3214 2899 prolixius
3243 2844 3567 2898 exsequens,
3602 2830 3774 2883 vitam

2172 2937 2329 2977 suam
2351 2921 2519 2976 armis
2553 2919 2779 2990 justitise
2808 2926 2859 2973 et
2899 2919 3114 2990 pietatis
3142 2934 3309 2989 usque
3337 2918 3395 2972 in
3442 2916 3613 2972 ﬁnem
3648 2933 3776 2991 pro-

460 3030 625 3097 ginta
663 3029 920 3084 novosad
949 3045 1123 3102 usque
1157 3030 1417 3087 redditus
1448 3035 1617 3086 terrae
1640 3033 1861 3103 copiam
1888 3032 2056 3103 possit

2168 3009 2536 3068 videntissime
2566 3008 2775 3064 munire
2804 3023 2910 3063 non
2938 3007 3158 3063 destitit.

459 3120 757 3180 praestare.
795 3117 1097 3187 Pauperum
1124 3118 1310 3190 igitur,
1342 3127 1397 3174 ut
1428 3126 1688 3189 coaperat,
1724 3122 1953 3173 mortem
1984 3119 2057 3173 ad

469 3218 643 3273 usque
674 3220 858 3259 curam
889 3214 1171 3275 paternam
1203 3208 1336 3278 egit,
1368 3223 1471 3263 nec
1507 3215 1685 3261 tamen
1714 3206 2055 3279 episcopium

460 3306 621 3346 suum
686 3309 991 3364 pauperum
1056 3296 1369 3351 miserendo
1431 3295 1780 3368 pauperavit.
1850 3296 2057 3350 Domus

462 3379 730 3451 siquidem
774 3381 949 3437 ﬁdelis
993 3383 1344 3455 dispensator
1378 3392 1431 3439 et
1456 3383 1715 3454 prudens,
1748 3391 1801 3439 et
1828 3383 1883 3437 in
1909 3398 2056 3454 pm-

457 3469 597 3522 senti
634 3470 856 3525 Domini
886 3473 969 3526 sui
1000 3474 1181 3527 servis
1212 3473 1357 3542 quod
1390 3473 1767 3528 necessarium
1799 3480 1910 3528 erat
1938 3472 2056 3526 dis-

461 3555 669 3626 tribuit,
718 3566 771 3613 ct
800 3559 854 3612 in
898 3560 1141 3615 futurum
1172 3561 1318 3632 quod
1346 3561 1597 3616 distribui
1628 3560 1844 3615 abunde
1873 3567 2059 3631 posset

455 3646 729 3713 sapienter
773 3647 1098 3703 reservavit.
1146 3647 1311 3719 Cujus
1346 3648 1640 3717 prudentia
1680 3649 1923 3720 pontifex
1953 3666 2054 3703 ve-

459 3734 736 3786 nerandus
778 3735 1015 3805 cognita,
1048 3737 1163 3804 ejus
1209 3736 1603 3791 distributionis
1650 3738 1798 3808 pium
1829 3738 2055 3794 deside-

458 3818 602 3872 rium
631 3827 686 3874 et
714 3820 1004 3877 discretum
1040 3824 1313 3879 exsultans
1357 3824 1617 3890 laudavit,
1650 3834 1705 3881 et
1741 3824 1810 3881 de
1840 3826 2056 3880 instanti

461 3906 585 3976 ejus
614 3912 1020 3978 perseverantia
1039 3912 1096 3966 in
1116 3912 1259 3967 bono
1290 3911 1405 3968 Deo
1438 3913 1645 3985 gratias
1675 3914 1804 3986 egit.
1832 3914 1902 3968 Et
1934 3930 2056 3970 vere

460 3994 735 4053 laudanda
784 4007 901 4053 erat
944 4000 1065 4069 ejus
1112 4000 1166 4055 in
1215 4002 1470 4073 operibus
1501 4001 1665 4072 justis
1691 4018 2055 4072 perseverans

451 4084 691 4155 devotio,
743 4087 890 4157 quia,
940 4104 1065 4144 cum
1110 4097 1273 4147 tantae
1315 4099 1459 4146 esset
1502 4090 1797 4146 debilitatis
1850 4098 1910 4145 ut
1955 4106 2056 4146 nec

452 4173 621 4228 etiam
669 4190 811 4245 equo
859 4176 1099 4233 insidere
1147 4187 1354 4248 posset,
1402 4179 1501 4234 sed
1542 4177 1799 4235 vehiculo
1841 4178 2057 4234 duobus

451 4263 604 4333 equis
624 4271 831 4334 parato,
865 4281 985 4319 cum
1021 4267 1157 4321 ratio
1187 4267 1469 4338 poscebat,
1504 4267 1573 4323 de
1610 4268 1739 4322 villa
1767 4267 1837 4322 ad
1866 4267 2057 4323 villam

450 4351 856 4419 transferretur,
889 4353 1070 4408 statim
1122 4371 1244 4410 cum
1279 4354 1374 4409 illo
1403 4355 1763 4424 pervenisset,
1794 4355 2057 4411 memoria

2234 3117 2643 3189 Ingravescente
2688 3113 3037 3187 postmodum
3074 3113 3400 3168 infirmitatis
3448 3129 3565 3169 suae
3594 3114 3769 3169 mole-

2161 3205 2283 3272 stia,
2314 3204 2461 3261 venit
2490 3204 2559 3258 ad
2590 3219 2711 3258 eum
2743 3202 2917 3259 dulcis
2956 3202 3166 3257 amicus
3205 3203 3321 3271 ejus
3363 3203 3524 3256 Pater
3568 3204 3769 3257 Ansel-

2159 3310 2305 3361 mus,
2359 3301 2414 3347 et
2460 3292 2649 3347 videns
2703 3308 2827 3346 eum
2865 3291 3012 3347 viam
3056 3290 3324 3346 universae
3372 3292 3557 3346 carnis
3616 3292 3773 3364 quasi

2161 3381 2511 3453 incipientem
2568 3380 2803 3450 ingredi,
2852 3381 2998 3435 facta
3044 3380 3196 3449 prius
3242 3396 3381 3449 pura
3428 3389 3485 3435 et
3530 3380 3771 3450 simplici

2165 3471 2539 3536 confessione,
2572 3469 2643 3523 ab
2663 3468 2920 3522 omnibus
2951 3469 3192 3539 peccatis
3221 3469 3338 3523 vice
3362 3468 3427 3522 Β.
3469 3468 3612 3524 Petri
3641 3484 3770 3523 eum

2162 3558 2418 3623 absolvit,
2448 3566 2501 3613 et
2531 3574 2597 3613 ex
2647 3572 2801 3612 more
2832 3573 3001 3612 sacrae
3046 3557 3318 3612 unctionis
3346 3556 3471 3612 oleo
3522 3556 3767 3611 devotis-

2162 3648 2299 3704 sime
2329 3647 2473 3703 livit.
2535 3646 3011 3702 Commisitaulem
3040 3646 3331 3716 episcopus
3362 3644 3417 3699 in
3449 3646 3572 3714 ejus
3602 3661 3774 3700 vene—

2159 3735 2361 3790 randas
2390 3750 2584 3789 manus
2610 3743 2663 3790 et
2683 3751 2742 3790 se
2771 3742 2825 3789 et
2840 3750 2967 3789 suos
2987 3750 3124 3805 quos
3153 3742 3556 3805 aggregaverat
3587 3733 3770 3791 filios:

2159 3833 2218 3879 ut
2246 3832 2300 3879 et
2329 3839 2472 3890 eum,
2505 3823 2597 3894 qui
2625 3823 2694 3879 de
2723 3824 2827 3879 hoc
2855 3823 3060 3878 mundo
3116 3822 3427 3887 recedebat,
3487 3822 3603 3876 suis
3648 3822 3765 3876 Deo

2160 3912 2414 3983 precibus
2444 3911 2869 3979 commendaret,
2902 3920 2951 3967 et
2984 3927 3103 3979 nos,
3154 3926 3289 3981 quos
3312 3912 3365 3964 in
3399 3911 3504 3966 hoc
3562 3911 3765 3966 saeculo

2158 4000 2519 4073 relinquebat,
2537 4017 2668 4055 cura
2695 4000 2956 4070 pastorali
2986 4002 3108 4055 vice
3144 4016 3242 4054 sua
3265 3999 3771 4055 custodiret.0bor-

2160 4098 2228 4144 tte
2264 4089 2431 4161 igitur
2460 4090 2712 4159 lacrymae
2740 4088 2847 4159 piis
2885 4089 3236 4144 sermonibus
3267 4089 3446 4143 Patric
3476 4088 3651 4142 tluunt
3695 4087 3764 4142 ab

2158 4185 2424 4247 utroque:
2478 4175 2700 4231 madent
2747 4175 2981 4231 filiorum
3028 4177 3500 4233 circumstantium
3565 4191 3753 4248 genae.

2161 4265 2350 4337 Longa
2379 4266 2665 4320 trahuntur
2710 4266 2967 4336 suspiria,
2999 4264 3341 4322 intoleranda
3370 4265 3767 4334 praecogitatur

2164 4353 2391 4410 orbitas.
2435 4354 2654 4408 Peracto
2684 4353 2917 4425 denique
2960 4370 3130 4410 sacras
3164 4354 3430 4409 unctionis
3466 4352 3647 4408 otiicio
3677 4353 3768 4408 di-

446 4456 749 4511 pauperum
775 4442 843 4495 ad
874 4450 1112 4497 mentem
1153 4420 1535 4511 reducebatur,
1568 4452 1622 4498 et
1659 4444 1897 4499 maxime
1922 4460 2055 4513 prte'
2082 4420 2136 4480 D
2164 4442 2308 4499 cedit
2349 4442 2804 4513 archiepiscopus,
2830 4420 3175 4514 quibusdam
3224 4442 3513 4498 advertens
3551 4442 3768 4497 indiciis

447 4529 829 4585 bendariorum
875 4546 1115 4597 suorum,
1167 4546 1396 4601 quorum
1434 4530 1804 4601 procurationi
1836 4532 2051 4586 studio-

450 4618 567 4672 sius
610 4618 952 4690 invigilabat.
1009 4619 1132 4673 Non
1160 4619 1391 4674 credens
1433 4619 1618 4689 itaque
1648 4635 1713 4674 ex
1745 4627 1856 4675 toto
1887 4618 2051 4673 mini-

450 4706 575 4759 stris
605 4706 735 4773 suis,
769 4706 916 4777 quod
962 4722 1020 4762 se
1049 4707 1275 4763 absente
1319 4708 1619 4763 secundum
1647 4707 1859 4762 libitum
1896 4723 2053 4762 suum

453 4795 730 4862 procurati
780 4803 979 4862 essent,
1046 4796 1153 4850 sibi
1195 4797 1306 4851 vim
1356 4797 1581 4866 faciens,
1632 4805 1687 4852 et
1728 4795 2054 4851 inﬁrmitatis

454 4881 756 4951 gravedine
800 4883 1124 4953 postposita,
1170 4893 1229 4939 ut
1259 4885 1439 4957 magis
1470 4885 1744 4940 solitarius
1769 4885 1917 4955 quod
1947 4883 2052 4938 dis-

453 4966 696 5037 ponebat
736 4970 960 5038 explere
1000 4972 1285 5040 potuisset,
1337 4973 1484 5028 circa
1520 4988 1803 5043 vesperam
1856 4988 1925 5027 ne
1983 4972 2054 5027 ab

451 5054 762 5111 hominibus
789 5067 1193 5127 agnOsceretur,
1240 5060 1398 5115 nobis
1428 5061 1774 5128 mirantibus,
1799 5061 2055 5115 manibus

450 5159 670 5198 suorum
709 5160 877 5212 super
923 5161 1124 5217 equum
1166 5146 1460 5215 levabatur,
1511 5157 1565 5203 et
1604 5157 1884 5220 assumpto
1946 5163 2054 5204 uno

452 5241 659 5287 tantum
702 5234 965 5287 monacho
996 5241 1048 5287 et
1076 5234 1291 5289 duobus
1334 5236 1546 5290 famulis
1593 5252 1796 5306 secum,
1830 5237 2055 5292 cellulas

447 5321 710 5378 debilium
742 5328 794 5375 et
822 5336 1010 5376 eorum
1041 5322 1205 5376 etiam
1252 5325 1344 5393 qui
1374 5325 1673 5396 podagrico
1703 5334 1756 5380 et
1785 5326 2052 5397 elephan-

449 5412 587 5466 tioso
616 5410 881 5481 languore
922 5409 1328 5478 dissipabantur
1356 5428 1457 5482 per
1493 5413 1845 5483 semetipsum
1876 5413 2055 5469 visita-

446 5499 559 5565 bat,
609 5507 664 5554 et
708 5499 854 5553 intus
894 5498 1254 5570 progrediens
1279 5508 1330 5555 et
1360 5509 1481 5556 ante
1510 5501 1822 5557 cubiculum
1862 5517 2050 5559 eorum

2165 4532 2310 4603 quod
2340 4531 2654 4600 aliquandiu
2698 4540 2843 4586 esset
2868 4530 2959 4587 ille
2990 4531 3255 4586 victurus.

2233 4622 2300 4673 At
2328 4635 2460 4675 vero
2512 4619 2801 4691 episcOpus
2847 4635 2971 4676 cum
3002 4629 3230 4675 mortem
3275 4620 3625 4691 postmodum
3650 4621 3766 4689 jam

2161 4706 2468 4762 adfuturam
2499 4707 2728 4774 timeret,
2763 4724 2870 4763 nec
2902 4716 2959 4763 ut
2983 4709 3277 4779 episcopus
3307 4708 3362 4762 in
3388 4709 3555 4763 domo
3586 4708 3765 4763 subli-

2162 4795 2413 4861 miorum,
2461 4796 2556 4850 sed
2603 4804 2661 4850 ut
2707 4797 3005 4851 monachus
3053 4800 3109 4851 et
3155 4796 3295 4851 inter
3357 4798 3655 4851 monachos
3712 4799 3766 4851 in

2162 4888 2285 4942 loco
2301 4882 2576 4938 humiliori
2604 4883 2738 4937 mori
2770 4883 2973 4950 mallet,
3005 4883 3144 4938 inter
3172 4898 3365 4938 manus
3393 4883 3767 4939 ministrorum

2162 4986 2224 5026 se
2246 4970 2410 5040 jussit
2442 4970 2634 5037 attolli,
2667 4979 2719 5025 et
2747 4969 2803 5024 in
2831 4971 3119 5026 ecclesiam
3164 4973 3223 5026 Β.
3258 4971 3488 5027 Andreae
3508 4972 3767 5041 apostoli,

2162 5059 2318 5130 cujus
2364 5059 2599 5113 vicarius
2646 5066 2778 5124 erat,
2827 5059 3056 5114 deferri.
3109 5061 3191 5114 lbi
3235 5075 3370 5133 ergo
3401 5060 3455 5112 in
3500 5061 3768 5129 lacrymas

2163 5148 2509 5219 gemitusque
2558 5147 2842 5210 resolutus,
2889 5148 3082 5203 orabat
3124 5148 3432 5217 apostolum
3463 5148 3562 5201 Dei
3595 5149 3765 5217 pium,

2162 5244 2221 5290 ut
2267 5235 2355 5306 pie
2402 5236 2744 5289 misereretur
2780 5234 2944 5301 illius,
2996 5252 3217 5305 prorsus
3255 5236 3560 5307 ignorantis
3579 5241 3763 5290 ‘utrum

2162 5324 2229 5378 ad
2259 5324 2382 5394 ejus
2412 5323 2700 5379 ecclesiam
2716 5324 2829 5393 jam
2859 5324 3088 5378 ulterius
3118 5332 3265 5379 esset
3294 5324 3566 5379 rediturus
3592 5343 3608 5389 ;
3641 5340 3764 5378 eum
3864 5388 3871 5395 ,

2162 5411 2345 5482 itaque
2374 5428 2403 5467 a
2452 5413 2694 5483 peccatis
2724 5412 2835 5466 suis
2865 5412 3195 5481 absolveret,
3229 5412 3610 5467 benedictione
3641 5413 3773 5467 data

2160 5501 2434 5558 licentiam
2465 5501 2703 5557 abeundi
2725 5502 3085 5568 conc-ederet;
3119 5502 3297 5559 locum
3316 5502 3466 5557 illum
3497 5509 3553 5558 et
3582 5516 3773 5558 mona-
