4032 6078
277 322 379 373 833

1834 311 2020 373 VITA.

3484 332 3587 389 834

275 447 410 502 chos
437 446 494 501 in
530 445 649 518 ejus
677 444 998 519 obsequium
1039 453 1401 519 congregatos
1447 459 1575 501 cura
1621 442 1875 518 pervigili
1900 442 1963 506 Α
1991 445 2271 515 defuncto,
2305 447 2466 520 hujus
2496 447 2723 505 actionis
2751 448 3078 519 obscuritas,
3107 446 3244 508 sicut
3271 453 3435 523 paulo
3463 468 3589 527 post

271 536 591 592 custodiret.
624 534 718 589 His
746 535 915 606 igitur
943 534 1280 591 similibusve
1309 543 1490 590 mente
1519 534 1720 589 devota
1747 548 1870 603 pro-

273 623 429 693 fusis,
462 626 518 678 in
546 623 767 678 domum
795 623 1149 689 inﬁrmorum,
1184 631 1241 678 ut
1288 622 1431 677 inter
1476 620 1871 678 monachorum

270 727 465 767 manus
496 710 745 785 spiritum
772 710 1041 779 redderet,
1060 728 1117 766 se
1145 710 1347 767 deferri
1378 711 1540 773 fecit;
1566 709 1659 765 ubi
1688 719 1873 765 tamen

268 799 568 872 aliquando
599 807 723 870 post
751 807 1002 870 tempore
1029 800 1085 855 in
1116 816 1316 871 magna
1343 799 1522 855 cordis
1550 808 1601 854 et
1629 798 1872 870 corporis

266 888 589 944 contritione
626 887 944 959 supervixit.

339 977 547 1046 Quibus
601 977 763 1032 etiam
818 977 1029 1046 diebus,
1061 992 1185 1032 cum
1214 976 1264 1033 ei
1292 977 1433 1034 lecto
1462 975 1806 1034 decumbenti
1838 989 1873 1031 a

268 1065 591 1136 quibusdam
618 1065 925 1134 instaretur,
957 1075 1015 1120 ut
1042 1066 1411 1138 Mellingensis
1449 1065 1686 1122 coenobii
1716 1064 1870 1136 prio-

266 1170 383 1209 rem
413 1153 622 1211 caeteris
661 1153 994 1209 abbatissam
1023 1154 1341 1223 praeﬁceret,
1373 1170 1461 1222 ne,
1498 1170 1565 1209 eo
1594 1153 1871 1219 defuncto,

269 1241 422 1299 locus
474 1242 569 1298 ille
626 1242 744 1299 sine
790 1242 1059 1314 regimine
1105 1250 1427 1311 remaneret,
1458 1243 1661 1298 aliusve
1716 1242 1874 1311 cujus

266 1346 377 1387 non
405 1332 690 1388 interesset
716 1346 883 1402 super
909 1331 1093 1387 locum
1121 1330 1279 1386 illum
1310 1330 1737 1387 dominationem
1769 1329 1874 1389 sibi

266 1428 552 1493 usurparet
585 1438 599 1475 :
638 1420 802 1490 Quid,
834 1420 1026 1492 inquit,
1058 1420 1403 1493 compellitis
1432 1435 1523 1477 me
1542 1422 1753 1491 facere,
1777 1419 1874 1491 qui

266 1526 391 1567 ecce
408 1508 651 1566 morior?
663 1508 807 1582 quod
822 1508 1260 1580 utrumpiaceat
1278 1510 1387 1565 Deo
1400 1525 1636 1581 prorsus
1655 1508 1870 1580 ignoro.

267 1597 492 1653 Ostensa
524 1606 704 1653 tamen
740 1599 905 1668 justae
958 1597 1184 1654 rationis
1232 1598 1573 1665 necessitate,
1605 1603 1659 1651 et
1685 1594 1873 1651 consi-

265 1686 397 1742 lium
417 1686 675 1742 dantibus
703 1701 772 1742 ex
808 1687 913 1741 hoc
940 1702 1070 1758 rege
1100 1694 1153 1741 et
1179 1685 1588 1757 archiepiscopo
1632 1700 1734 1756 per
1779 1683 1872 1739 lit-

1981 534 2038 588 in
2057 535 2253 590 ordine
2283 552 2381 592 suo
2412 537 2698 593 scribendo
2726 538 2957 607 patebit.

2052 622 2303 691 Quadam
2327 632 2507 680 autem
2535 626 2624 681 die
2653 628 2895 696 posthac
2934 630 3420 702 congregationem
3450 648 3582 691 con-

1978 711 2167 767 venire
2188 712 2372 783 jussit,
2403 722 2457 768 et
2483 721 2540 769 ut
2568 714 2624 769 in
2653 714 2894 769 omnium
2925 727 3217 787 conspectu
3264 737 3367 791 pro
3398 721 3583 777 omni-

1981 799 2083 854 bus
2139 800 2380 869 peccatis
2433 801 2545 856 suis
2595 804 2897 873 corporalis
2957 804 3006 859 ei
3064 804 3216 862 ﬁeret
3272 809 3582 879 disciplina,

1979 888 2292 958 postulavit.
2324 887 2432 944 Sed
2459 906 2582 944 cum
2612 891 2715 946 hoc
2746 892 2956 961 fratres,
2990 895 3219 951 multam
3251 896 3586 954 debilitatem

1980 975 2130 1031 illius
2170 975 2592 1045 considerantes,
2628 979 2771 1034 factu
2818 980 3147 1037 horrendum
3200 991 3470 1053 putarent,
3504 1002 3589 1042 re—

1979 1065 2316 1134 sponderunt
2343 1065 2447 1122 hoc
2473 1081 2535 1121 se
2564 1066 2631 1121 de
2662 1066 2756 1121 illo
2786 1067 3006 1137 quidem
3037 1068 3219 1126 facere
3264 1088 3369 1128 non
3398 1089 3584 1143 posse,

1979 1154 2049 1209 de
2077 1154 2273 1224 seipsis
2292 1170 2421 1210 vero
2450 1170 2549 1223 pro
2580 1155 2675 1210 illo
2705 1155 2809 1212 hoc
2824 1156 2970 1212 idem
3002 1173 3191 1214 omnes
3213 1159 3391 1217 facere
3421 1164 3583 1220 velle.

1982 1242 2202 1299 Factum
2231 1250 2312 1299 est
2339 1243 2521 1315 igitur.
2554 1243 2623 1298 Et
2651 1258 2780 1299 ecce
2825 1244 2879 1298 in
2910 1246 3158 1315 sequenti
3188 1247 3427 1305 Sabbato
3474 1267 3578 1307 ve-

1980 1330 2256 1386 nerandus
2284 1332 2457 1399 Pater,
2516 1332 2794 1387 vicinitate
2848 1333 3039 1388 mortis
3083 1349 3396 1405 oppressus,
3448 1339 3585 1394 mul-

1979 1432 2093 1475 tum
2122 1418 2392 1476 debilitari
2423 1420 2628 1491 coapit;
2683 1429 2863 1476 tamen
2918 1421 3101 1494 aliqua
3158 1423 3373 1494 pietatis
3418 1441 3587 1496 opera

1978 1507 2348 1581 indigentibus
2401 1508 2522 1581 ipsa
2570 1510 2662 1565 die
2705 1508 2823 1565 ﬁeri
2854 1511 3131 1582 praecepit,
3160 1520 3213 1567 et
3243 1512 3311 1566 ad
3341 1515 3582 1584 missam,

1979 1613 2101 1667 quae
2131 1598 2187 1653 in
2215 1598 2427 1670 capella
2454 1596 2790 1653 inﬁrmorum
2836 1598 2955 1669 ipso
2986 1599 3241 1656 audiente
3273 1601 3582 1673 dicebatur,

1979 1685 2328 1742 intentionem
2359 1686 2708 1743 devotissime
2752 1687 3015 1759 dirigens,
3049 1704 3172 1743 cum
3220 1689 3587 1762 Evangelium

267 1783 502 1831 terarum
559 1790 782 1830 suarum
819 1776 873 1829 in
904 1774 1194 1845 praesentia
1222 1775 1341 1845 ejus
1369 1773 1640 1830 recitatam
1670 1781 1864 1829 aucto-
1892 1795 1948 1857 Β
1982 1773 2268 1847 legeretur,
2302 1774 2373 1830 ad
2418 1775 2778 1830 reverentiam
2835 1776 2965 1831 tanti
3018 1777 3264 1847 mysterii
3291 1794 3418 1834 sese
3446 1780 3587 1853 erigi

263 1863 498 1932 ritatem,
530 1863 832 1918 astantibus
868 1864 1014 1919 circa
1053 1862 1255 1919 lectum
1310 1862 1481 1934 ipsius
1536 1861 1735 1924 multis,
1766 1875 1864 1916 ac-

266 1951 475 2023 cipiens
525 1951 778 2006 baculum
831 1952 1162 2023 pastoralem
1205 1951 1285 2006 illi
1314 1950 1490 2022 priori
1517 1949 1865 2017 contradidit,

265 2049 321 2096 et
349 2040 591 2110 ejusdem
621 2040 725 2096 loci
764 2041 1000 2111 primam
1043 2041 1369 2095 abbatissam
1417 2056 1538 2096 eam
1568 2038 1863 2102 constituit,

264 2130 384 2200 ipsa
438 2128 637 2184 deinde
688 2130 904 2200 jurante
962 2129 1334 2185 obedientiam
1362 2136 1417 2184 et
1471 2127 1868 2199 subjectionem

266 2216 586 2275 canonicam
643 2217 898 2288 episcopo
950 2222 1007 2273 et
1059 2216 1319 2274 Ecclesite
1348 2215 1610 2286 Roﬁ‘ensi,
1641 2225 1696 2273 et
1738 2216 1870 2288 quia

266 2322 366 2362 nec
395 2322 494 2378 per
520 2323 578 2362 se
604 2322 707 2363 nec
760 2323 861 2378 per
906 2306 1071 2362 alium
1118 2305 1262 2362 idem
1291 2306 1602 2363 coenobium
1656 2305 1866 2360 subtra-

266 2395 400 2450 here
430 2403 717 2451 conaretur
753 2394 1079 2464 subjectioni
1110 2394 1369 2451 Roﬁ‘ensi.

337 2482 547 2539 Deinde
606 2483 753 2539 omni
801 2484 1285 2554 circumspectione
1354 2481 1630 2554 providus,
1690 2490 1869 2539 vestes

267 2588 395 2627 suas
440 2577 497 2628 et
552 2588 776 2644 quasque
826 2573 1060 2628 habebat
1101 2588 1273 2644 parva
1310 2580 1362 2627 et
1389 2572 1520 2629 vilia
1548 2572 1869 2629 indumenta

263 2675 435 2729 usque
465 2657 535 2715 ad
563 2659 788 2730 caligas,
819 2667 877 2715 ut
900 2668 1028 2731 pote
1057 2659 1197 2715 liber
1210 2660 1870 2734 monachus,selevigans

269 2747 339 2802 ab
367 2748 515 2803 omni
543 2747 915 2820 ignominioso
948 2747 1292 2819 proprietatis
1317 2749 1578 2820 pondere,
1611 2748 1867 2805 fratribus

268 2842 322 2892 et
351 2836 542 2908 egenis
597 2837 833 2893 scienter
874 2837 1162 2893 distribuit.
1195 2838 1466 2893 Annulum
1497 2853 1714 2910 quoque
1742 2837 1867 2910 epi-

262 2924 538 2994 scopalem
568 2934 789 2996 gestare
818 2926 1139 2995 formidans,
1169 2942 1293 2982 eum
1322 2926 1536 2982 cuidam
1573 2926 1729 2982 fratri
1757 2926 1866 2982 sibi

263 3012 480 3070 assidue
515 3013 839 3070 ministranti
866 3015 1286 3071 commendavit.
1313 3017 1557 3087 Cumque
1585 3031 1618 3071 a
1645 3014 1867 3087 quibus-

1974 1862 2117 1918 fecit.
2151 1864 2388 1934 Vespere
2417 1862 2557 1919 facto
2586 1864 2931 1932 commutuit,
2964 1872 3017 1919 et
3046 1882 3216 1936 usque
3263 1868 3335 1921 ad
3394 1868 3584 1924 horam

1975 1952 2171 2007 mediae
2226 1952 2400 2007 noctis
2436 1960 2755 2022 exspectans
2810 1954 2929 2009 sine
2983 1968 3140 2018 voce,
3174 1955 3273 2010 sed
3318 1970 3429 2011 non
3468 1956 3584 2013 sine

1974 2057 2135 2096 sensu
2159 2040 2350 2112 jacuit,
2382 2048 2435 2095 et
2463 2042 2620 2096 dictis
2648 2041 2921 2096 Matutinis
2950 2042 3005 2096 in
3038 2044 3325 2114 praesentia
3362 2046 3480 2115 ejus
3507 2046 3579 2100 ad

1975 2129 2120 2184 diem
2167 2128 2578 2198 pertinentibus,
2610 2138 2663 2185 et
2691 2129 2942 2184 omnibus
2970 2131 3131 2186 Horis
3162 2131 3230 2187 de
3277 2134 3338 2187 S.
3382 2134 3578 2202 Maria,

1977 2224 2101 2272 tunc
2128 2216 2350 2273 demum
2399 2217 2644 2288 spiritum
2674 2227 2976 2274 extremum
3008 2221 3220 2275 trahere
3250 2222 3435 2291 C(Bpil.
3468 2222 3580 2276 Ta-

1975 2305 2104 2360 bula
2130 2306 2296 2377 igitur
2323 2306 2393 2361 de
2415 2321 2563 2362 more
2587 2321 2861 2377 percussa,
2892 2306 3120 2379 ipsoque
3147 2324 3310 2378 super
3336 2310 3576 2366 cilicium

1973 2394 2172 2465 posito,
2234 2394 2489 2449 monachi
2554 2410 2769 2449 summa
2818 2411 2941 2450 cum
2996 2396 3342 2453 festinatione
3382 2413 3579 2454 accur-

1975 2490 2115 2552 runt,
2149 2482 2408 2554 Symbolo
2455 2481 2582 2538 ﬁdei
2629 2483 2917 2553 praemisso
2950 2484 3195 2553 psalmos
3225 2485 3579 2557 litaniamque

1974 2579 2271 2639 cantantes,
2302 2571 2501 2627 animae
2529 2572 3058 2628 commendationem
3102 2573 3366 2644 incipiunt
3394 2575 3579 2646 lacry-

1972 2660 2077 2714 mis
2107 2666 2158 2715 et
2187 2658 2525 2716 orationibus
2553 2660 2790 2714 animam
2822 2660 2997 2715 Patris
3026 2662 3395 2732 egredientem
3427 2670 3479 2718 et
3509 2663 3580 2717 ad

1973 2749 2285 2804 Creatorem
2312 2763 2471 2803 suum
2518 2755 2885 2803 revertentem
2941 2750 3279 2804 conducunt.
3326 2749 3580 2822 Cumque

1972 2836 2029 2890 in
2058 2837 2159 2892 hac
2216 2836 2493 2893 tremenda
2547 2835 2954 2906 exspectatione
3000 2835 3186 2907 aliqua
3214 2853 3372 2894 mora
3402 2837 3572 2905 fieret,

1972 2932 2137 2997 atque
2165 2925 2445 2982 orantibus
2474 2925 2731 2979 fratribus
2760 2932 2813 2978 et
2840 2924 3220 2994 psallentibus,
3252 2926 3324 2981 ad
3353 2935 3577 2997 septua-

1969 3014 2241 3086 gesimum
2262 3029 2466 3069 nonum
2485 3013 2758 3085 psalmum
2778 3020 3097 3082 perventum
3123 3013 3316 3070 fuisset
3347 3015 3579 3071 dicendo

265 3103 391 3183 dam
447 3107 753 3176 rogaretur,
812 3111 871 3159 ut
914 3104 1128 3160 cuidam
1181 3105 1298 3160 viro
1354 3105 1610 3177 religioso
1654 3103 1863 3172 abbati,
1893 3138 1945 3204 Ο
1975 3103 2123 3159 circa
2149 3102 2282 3160 illud
2310 3120 2324 3156 :
2355 3104 2503 3159 Deus
2536 3102 2838 3169 virtutum,
2874 3105 3222 3171 convertere,
3268 3104 3484 3175 respice
3513 3104 3583 3161 de

264 3191 483 3247 scilicet
527 3192 598 3247 de
654 3191 822 3259 Bello,
857 3192 948 3263 qui
999 3194 1057 3247 in
1113 3194 1519 3265 exspectatione
1568 3192 1689 3248 ﬁnis
1717 3192 1868 3248 illius

266 3280 411 3350 apud
441 3294 568 3336 eum
607 3281 939 3350 morabatur,
965 3282 1219 3337 eumdem
1265 3282 1524 3338 annulum
1570 3282 1744 3347 daret,
1777 3297 1868 3337 re-

263 3367 481 3438 spondit
512 3386 526 3423 :
558 3369 860 3427 Monachus
888 3375 1013 3437 est;
1040 3371 1192 3427 nihil
1219 3370 1328 3425 sibi
1353 3375 1409 3427 et
1437 3372 1676 3427 annulo.

337 3456 467 3512 Erat
495 3457 551 3511 in
578 3458 775 3531 Anglia
801 3460 860 3514 in
888 3458 992 3513 illis
1019 3458 1211 3514 diebus
1239 3457 1321 3513 vir
1346 3459 1534 3532 magni
1562 3457 1797 3515 nominis
1817 3466 1873 3516 et

266 3542 551 3617 religionis
582 3546 848 3615 famosus,
879 3547 1142 3604 Radulfus
1187 3546 1429 3614 nomine,
1472 3547 1646 3603 abbas
1675 3547 1865 3619 Sagii;

268 3633 361 3706 qui
415 3634 759 3691 infestatione
814 3635 1105 3705 cujusdam
1162 3636 1374 3708 tyranni
1429 3636 1497 3692 de
1542 3636 1871 3694 monasterio

269 3738 372 3778 suo
428 3723 718 3795 expulsus,
747 3724 894 3795 apud
923 3726 1141 3781 Patrem
1197 3726 1546 3795 Anselmum,
1578 3740 1687 3782 non
1717 3724 1873 3797 quasi

262 3810 440 3876 exsul,
472 3812 566 3867 sed
595 3812 949 3885 compatriota
992 3812 1266 3883 manebat,
1297 3813 1400 3885 ipsi
1455 3813 1733 3870 Gondulfo
1762 3830 1871 3869 no-

263 3898 523 3955 tissimus.
556 3900 655 3956 Hic
697 3902 926 3957 audiens
956 3903 1194 3958 amicum
1224 3919 1381 3958 suum
1410 3902 1692 3974 inﬁrmari,
1725 3902 1874 3960 venit

258 3988 330 4044 ad
355 4004 479 4045 eum
506 3989 621 4060 jam
653 3990 801 4046 inter
827 3990 1071 4046 inﬁrmos
1091 3990 1239 4047 diem
1259 3995 1666 4061 exspectantem
1694 3999 1872 4049 extre-

258 4092 428 4133 mum.
449 4077 694 4148 Cumque
715 4078 807 4135 ille
822 4082 947 4150 post
967 4077 1149 4135 dulcia
1175 4080 1408 4136 caelestis
1435 4080 1561 4137 vitae
1575 4080 1869 4153 colloquia,

261 4175 486 4238 accepta
539 4167 750 4223 ultimae
806 4168 1170 4240 separationis
1227 4176 1283 4224 et
1339 4169 1576 4226 abeundi
1631 4169 1869 4238 licentia,

260 4253 452 4311 eﬁusis
481 4255 607 4311 hinc
662 4255 791 4313 inde
847 4254 1084 4328 copiosis
1132 4257 1492 4329 lacrymarum
1529 4258 1870 4322 ﬂuminibus,

261 4359 437 4416 usque
492 4343 564 4400 ad
620 4344 822 4401 ostium
850 4344 1045 4401 domus
1073 4346 1333 4404 recedens
1362 4346 1733 4418 processisset,
1765 4362 1871 4404 vo-

260 4440 383 4489 cato
428 4432 711 4505 episcopus
757 4431 919 4490 fratre
949 4433 1165 4491 interim
1196 4434 1281 4491 cui
1309 4435 1659 4492 commiserat
1688 4451 1867 4491 annu-

1978 3194 2137 3262 ccelo,
2158 3196 2214 3248 et
2248 3191 2387 3258 vide,
2420 3195 2476 3247 et
2503 3188 2672 3247 visita
2690 3194 2912 3246 vineam
2940 3189 3137 3257 istam,
3170 3191 3393 3260 spiritus
3410 3192 3582 3247 Patris

1978 3281 2185 3337 oriente
2212 3293 2411 3335 aurora
2436 3278 2505 3334 de
2550 3292 2781 3347 corpore
2806 3278 3102 3349 egreditur,
3151 3277 3366 3334 vineam
3414 3295 3579 3349 quam

1977 3369 2098 3439 ipse
2131 3367 2489 3438 plantaverat,
2521 3366 2725 3421 scilicet
2782 3365 3265 3437 congregationem
3323 3367 3582 3424 Ecclesia:

1978 3473 2112 3522 suae,
2146 3471 2306 3527 quam
2336 3455 2392 3509 in
2422 3453 2601 3509 studio
2630 3453 2865 3531 ctelestis
2879 3453 3180 3525 disciplina:
3210 3454 3582 3526 multipliciter

1978 3544 2273 3610 erudierat,
2305 3541 2569 3599 custodite
2615 3550 2669 3598 et
2706 3541 3005 3599 visitationi
3060 3542 3257 3598 summi
3312 3543 3582 3600 Creatoris

1978 3633 2318 3707 relinquens.
2358 3634 2568 3702 Corpus
2595 3638 2778 3687 autem
2808 3630 3145 3687 attendentes
3172 3631 3441 3702 relictum,
3472 3633 3582 3688 mi-

1978 3739 2101 3778 rum
2129 3722 2314 3778 dictu!
2373 3720 2562 3777 vident
2608 3720 2894 3777 albescere
2939 3720 3063 3776 miri
3106 3721 3360 3777 candoris
3392 3721 3587 3792 splen-

1980 3812 2131 3881 dore,
2164 3810 2309 3884 quod
2337 3816 2519 3865 natum
2549 3824 2768 3881 semper
2792 3808 3007 3882 nigrum
3038 3808 3182 3865 soliti
3204 3818 3356 3866 erant
3375 3810 3581 3868 videre.

1978 3902 2251 3972 Imputant
2313 3913 2444 3972 ergo
2509 3898 2975 3970 eleemosynarum
3053 3898 3353 3970 largitioni,
3438 3900 3586 3971 quod

1980 3989 2262 4046 albescunt
2288 4002 2509 4049 manus;
2541 3985 2813 4056 imputant
2851 3993 2903 4041 et
2942 3986 3302 4057 lacrymarum
3332 3986 3581 4044 eﬂ'usioni

1980 4087 2035 4134 et
2084 4084 2284 4133 sanctas
2340 4075 2466 4131 vita:
2503 4074 2671 4141 illius,
2740 4074 2886 4143 quod
2928 4077 3100 4130 totum
3149 4076 3312 4130 etiam
3354 4075 3583 4132 albescit

1981 4181 2200 4237 corpus.
2237 4165 2427 4220 Lotum
2466 4162 2644 4232 itaque
2683 4175 2809 4217 cum
2832 4161 3141 4218 reverentia
3168 4162 3335 4218 debiti
3363 4163 3584 4219 honoris

1979 4252 2315 4310 indumentis
2351 4248 2761 4323 pontiﬁcalibus
2804 4248 3053 4319 induunt,
3086 4258 3140 4306 et
3196 4250 3253 4305 in
3291 4250 3583 4307 ecclesiam

1978 4342 2052 4399 B.
2082 4341 2312 4399 Andreas
2350 4338 2579 4413 apostoli
2623 4354 2750 4395 cum
2783 4337 2911 4394 fletu
2956 4342 3012 4393 et
3054 4346 3216 4395 cantu
3259 4347 3384 4395 ante
3412 4339 3587 4410 ipsius

1980 4433 2156 4489 altare
2203 4431 2499 4502 deponunt.
2532 4427 2757 4484 Mittitur
2794 4435 2847 4483 et
2886 4427 3008 4483 sine
3037 4444 3191 4484 mora
3216 4428 3307 4500 qui
3335 4427 3582 4485 Cantua-

259 4520 375 4577 lum
404 4489 580 4590 suum,
611 4489 821 4595 accepit
849 4489 1001 4579 illum
1033 4489 1104 4578 ab
1133 4489 1862 4595 eo,etvstatimsnbjunﬁxit:
1894 4489 1949 4553 Β
1978 4521 2099 4578 riuo
2145 4489 2561 4589 archiepiscopo
2602 4516 2865 4572 Anselmo
2895 4516 3042 4572 chari
3080 4515 3169 4571 sui
3203 4489 3406 4572 obitum
3436 4532 3585 4572 nun-

273 4605 500 4680 Vocate,
533 4609 727 4682 inquit,
758 4611 1034 4670 abbatem.
1067 4609 1172 4682 Qui
1218 4619 1447 4670 vocatus
1500 4612 1680 4683 rediit,
1708 4621 1763 4670 et
1799 4628 1870 4670 ex

266 4706 544 4771 praecepto
572 4699 813 4771 episcOpi
852 4701 1227 4760 recedentibus
1273 4702 1498 4772 cunctis,
1528 4710 1719 4761 tenens
1745 4719 1868 4759 ma-

267 4804 399 4844 num
446 4788 661 4844 abbatis
689 4788 911 4846 immisit
948 4790 1236 4847 annulum.
1273 4790 1379 4860 Qui
1408 4806 1788 4864 expavescens
1815 4797 1873 4849 et

270 4876 339 4932 ad
366 4876 444 4933 rei
474 4877 768 4934 novitatem
796 4878 1205 4951 obstupefactus
1230 4878 1382 4945 Quid
1409 4886 1495 4938 est
1523 4880 1642 4951 hoc,
1674 4882 1868 4954 inquit,

266 4965 503 5023 Domine
532 4967 756 5023 Pater?
782 4984 898 5025 non
927 4971 1012 5024 est
1038 4968 1154 5025 mei
1181 4968 1399 5027 ordinis
1426 4972 1714 5029 annulum
1763 4972 1870 5027 ha-

265 5053 433 5118 bere;
462 5071 587 5111 sum
616 5057 773 5113 enim
804 5056 1002 5114 habitu
1034 5057 1347 5115 monachus
1394 5059 1504 5115 etsi
1551 5073 1667 5115 non
1715 5062 1875 5138 vita;

261 5143 413 5198 unde
441 5144 586 5200 mihi
614 5160 676 5202 re
705 5161 823 5204 non
851 5145 1174 5203 necessaria
1202 5148 1434 5203 onerari
1474 5147 1747 5219 formido.
1789 5148 1872 5203 Ad

265 5231 382 5287 hac
409 5231 699 5304 episcOpus
731 5248 744 5289 :
783 5236 972 5306 Sume,
990 5234 1186 5305 inquit,
1210 5234 1376 5291 illum
1391 5255 1415 5301 ;
1444 5236 1556 5292 erit
1584 5236 1739 5293 enim
1768 5236 1871 5293 tibi

262 5320 642 5390 necessarius,
656 5324 714 5378 et
735 5338 808 5379 ne
821 5324 919 5379 ina
926 5323 1149 5380 bediens
1158 5322 1224 5379 in
1240 5323 1561 5395 recipiendo
1574 5325 1871 5397 persistas,

263 5409 400 5479 quia
426 5408 662 5482 expedit
689 5414 756 5466 ut
782 5410 886 5480 fiat
906 5411 1048 5485 quod
1077 5411 1217 5468 volo.
1242 5411 1394 5468 Tunc
1412 5412 1508 5467 ille
1536 5412 1669 5469 satis
1701 5414 1873 5474 admi.

266 5510 415 5563 rans,
444 5505 498 5554 et
525 5496 781 5555 latentem
835 5499 996 5569 hujus
1046 5499 1126 5556 rei
1181 5514 1404 5556 causam
1447 5516 1676 5573 prorsus
1704 5502 1871 5574 igno-

262 5600 420 5657 rans,
456 5592 678 5659 accepto
735 5586 935 5645 annulo
986 5587 1226 5648 recessit.
1280 5589 1486 5647 Clamit
1517 5597 1719 5661 tamen,
1749 5590 1868 5664 ipso

1975 4610 2091 4677 tiet,
2123 4617 2177 4666 et
2203 4616 2262 4665 ut
2288 4607 2358 4665 ad
2382 4613 2683 4663 extremum
2713 4603 2965 4661 amicitia:
2986 4620 3186 4662 munus
3215 4603 3432 4677 corpori
3460 4604 3583 4676 ejus

1973 4697 2394 4771 persolvendum
2451 4694 2647 4764 veniat,
2704 4701 2885 4768 roget.
2925 4692 3051 4763 Qui,
3091 4693 3280 4750 nuntio
3334 4702 3580 4764 accepto,

1978 4787 2295 4859 quantocius
2322 4787 2703 4842 Rovecestram
2733 4782 2960 4850 accedit,
2994 4790 3047 4837 et
3091 4782 3251 4839 amici
3282 4784 3579 4855 exsequias

1979 4875 2162 4932 debita
2190 4874 2324 4931 satis
2351 4872 2721 4941 veneratione,
2752 4879 2916 4941 prout
2953 4869 3319 4943 episcopalem
3350 4870 3584 4928 decebat

1979 4963 2321 5039 dignitatem,
2348 4978 2449 5034 per
2477 4961 2662 5018 omnia
2708 4974 3032 5032 exsequens,
3065 4976 3190 5015 eum
3242 4968 3366 5017 ante
3412 4960 3581 5017 altare

1982 5052 2235 5110 Crucitixi
2285 5051 2553 5118 ecclesiae,
2582 5065 2745 5120 quam
2772 5049 2893 5121 ipse
2938 5066 2972 5104 a
3017 5047 3384 5106 fundamentis
3438 5064 3580 5107 con-

1980 5150 2269 5211 struxerat,
2297 5138 2595 5197 tumulavit.

2053 5231 2100 5288 Ο
2130 5238 2363 5303 quantus
2403 5226 2615 5284 interim
2658 5228 3047 5287 monachorum
3077 5229 3274 5298 luctus,
3305 5246 3441 5303 quos
3465 5229 3584 5304 ipse

1981 5320 2416 5395 aggregaverat!
2476 5315 2523 5373 Ο
2577 5326 2809 5387 quantus
2862 5320 3354 5376 sanctimonialium
3403 5321 3580 5391 ﬂetus,

1980 5427 2115 5483 quas
2140 5417 2195 5467 et
2222 5408 2369 5481 ipsas
2396 5405 2600 5464 mundo
2642 5407 3007 5465 subduxerat!
3059 5410 3106 5465 Ο
3136 5416 3368 5480 quantus
3395 5408 3585 5479 populi

1978 5502 2250 5574 planctus,
2291 5513 2457 5570 super
2509 5511 2675 5567 quem
2728 5495 3163 5555 benedictionem
3218 5511 3373 5552 suam
3428 5494 3586 5552 toties

1979 5590 2226 5649 fuderat!
2260 5587 2306 5647 Ο
2336 5593 2570 5660 quantus
2598 5599 2898 5659 pauperum
2914 5585 3171 5658 gemitus,
3194 5601 3330 5656 quos
3348 5587 3580 5656 paterno
