4032 6078
407 262 510 315 839

1464 258 1793 316 PHILIPPI
1830 263 1849 314 Ι
1882 258 2356 318 FRANCORUM
2399 262 2626 318 REGIS

3612 274 3738 326 840

403 392 459 438 et
480 382 798 455 patientiam
813 392 1053 440 vestram
1066 383 1267 439 amodo
1284 382 1620 457 diligendum
1635 383 1997 454 disposuisse.
2027 386 2085 446 Α
2113 389 2397 445 monastici
2428 389 2642 446 ordinis
2672 390 2952 464 religione,
3004 393 3131 450 dein
3180 410 3319 450 vero
3366 397 3745 454 exteriorum

405 472 608 528 Verum
648 472 771 542 quia
800 472 982 527 multis
1025 480 1079 527 et
1123 472 1338 543 magnis
1382 471 1718 543 praepeditus
1745 473 2003 544 negotiis,

404 561 643 634 peccatis
675 561 833 629 meis,
856 561 1052 629 fateor,
1085 560 1456 632 exigentibus,
1498 567 1699 615 vestrae
1728 560 2004 615 sanctitati

406 648 723 704 satisfacere
752 648 1005 720 neglexi,
1056 665 1198 704 nunc
1242 648 1446 704 obnixe
1490 649 1774 720 deprecor,
1808 657 1865 703 ut
1888 664 2001 717 me,

396 735 523 793 licet
552 737 901 805 immeritum,
936 735 1200 808 deinceps
1230 737 1289 790 in
1312 737 1653 792 orationibus
1674 737 1869 791 vestris
1889 753 2005 792 sus-

397 824 631 895 cipiatis,
664 834 923 895 quatenus
952 841 1052 895 per
1094 841 1186 881 eas
1234 825 1289 878 in
1336 825 1587 896 praesenti
1624 832 1677 880 et
1722 824 1778 878 in
1822 825 2001 881 futuro

393 928 611 968 merear
639 913 907 983 adjuvari.
939 912 1175 969 Conﬁdo
1219 914 1365 969 enim
1396 914 1543 985 quod
1572 929 1831 985 magnam
1852 913 1999 984 apud

393 1002 569 1056 Deum
597 1001 803 1056 habent
830 1002 1105 1057 ﬁduciam.
1135 1003 1293 1058 Nunc
1322 1001 1487 1073 igitur
1514 1002 1794 1072 sequendo
1828 1001 1999 1057 vesti-

392 1090 485 1160 gia
512 1091 988 1159 praedecessorum
1018 1099 1348 1159 nostrorum,
1373 1090 1768 1146 monasterium
1797 1100 1997 1146 sancta:

392 1180 579 1234 Marias
608 1194 824 1249 semper
854 1178 1081 1250 virginis
1119 1184 1435 1250 sanctasque
1483 1179 1658 1248 Fame,
1703 1180 1761 1234 in
1792 1195 1898 1250 quo
1928 1196 1996 1234 ex

390 1266 715 1321 infirmitate
743 1270 798 1321 et
826 1265 1037 1321 incuria
1067 1266 1492 1321 inhabitantium
1522 1267 1702 1322 omnis
1730 1267 1922 1338 religio
1943 1275 1996 1321 et

393 1356 726 1412 monasticus
779 1356 914 1411 ordo
969 1355 1191 1426 penitus
1235 1362 1324 1410 est
1351 1356 1674 1423 annullatus,
1722 1364 1776 1409 et
1824 1354 1995 1426 (quod

394 1444 768 1501 miserabilius
797 1447 899 1513 est)
931 1443 1294 1515 prostibulum
1324 1443 1523 1499 factum
1562 1459 1692 1499 esse
1721 1443 1993 1499 condole-

393 1550 535 1601 mus,
564 1549 664 1603 pro
692 1532 866 1587 salute
908 1532 1104 1586 animae
1152 1548 1289 1587 mea:
1335 1548 1435 1603 per
1470 1539 1797 1601 praesentem
1828 1532 1993 1586 char-

395 1622 594 1675 tamin
643 1622 839 1676 cellam
894 1621 1057 1675 vobis
1108 1621 1229 1688 jure
1276 1625 1544 1690 perpetuo
1601 1620 1994 1691 possidendum

391 1710 681 1777 tradimus,
715 1709 1084 1776 concedimus,
1132 1716 1183 1763 et
1223 1709 1542 1763 auctoritate
1589 1709 1756 1780 regia
1786 1708 1990 1763 conﬁr-

392 1815 602 1854 mamus
634 1815 645 1851 :
669 1806 935 1868 quatenus
964 1813 1063 1867 per
1085 1797 1389 1852 sanctitatis
1411 1805 1601 1852 vestra)
1619 1797 1988 1868 prudentiam,

389 1891 449 1942 et
477 1885 779 1942 orationum
810 1894 1115 1941 vestrarum
1146 1885 1457 1940 instantiam
1496 1886 1631 1941 ordo
1662 1886 1990 1940 monasticus

388 1975 594 2031 ibidem
623 1975 981 2035 reformetur;
1016 1982 1069 2029 et
1098 1974 1345 2030 Ecclesia
1373 1973 1496 2042 Dei,
1538 1990 1658 2043 quas
1707 1976 1990 2043 hactenus,

392 2064 532 2134 proh
579 2063 771 2119 dolor!
811 2062 1139 2117 adulterinis
1189 2063 1394 2117 foedata
1446 2069 1532 2117 est
1586 2063 1990 2132 complexibus,-

393 2160 446 2207 et
474 2160 621 2208 tanto
652 2160 898 2223 tempore
928 2168 960 2205 a
988 2151 1217 2207 servitio
1256 2150 1358 2206 Dei
1385 2150 1607 2221 privata
1635 2158 1733 2217 est,
1748 2167 1874 2207 cum
1903 2166 1989 2206 ec-

387 2240 576 2296 clesiae
608 2249 812 2296 vestrm
842 2239 972 2294 ﬁliis
1002 2240 1072 2295 de
1101 2239 1250 2294 valle
1281 2240 1649 2309 lacrymarum
1671 2238 1986 2305 ascendere,

386 2336 440 2384 et
463 2329 733 2385 canticum
763 2330 1038 2402 graduum
1071 2345 1130 2383 se
1159 2334 1379 2384 cantare
1395 2328 1828 2400 congratulatum
1849 2327 1993 2383 Con-

389 2417 672 2473 fortamini
709 2417 896 2489 itaque
926 2417 982 2471 in
1012 2417 1244 2472 Domino
1273 2416 1409 2471 nihil
1449 2416 1780 2481 haesitantes,
1805 2416 1989 2472 scien-

387 2510 581 2580 tesque
609 2506 875 2562 auxilium
916 2522 1101 2562 meum
1152 2505 1310 2561 vobis
1356 2506 1411 2559 in
1458 2505 1607 2560 nullo
1654 2506 1984 2561 defuturum.

386 2595 579 2651 Valete
610 2596 709 2666 (1).

1199 2685 1276 2739 ΙΙ.

394 2772 644 2845 Philippi
675 2774 827 2845 regis
855 2773 1093 2845 epistola
1120 2773 1192 2845 ad
1219 2772 1572 2845 eumdem.—
1590 2772 1685 2829 Illi
1709 2776 1991 2829 monaste-

470 2844 625 2898 rium
646 2844 710 2896 S.
741 2844 1002 2914 Μαρίοήὶ
1030 2844 1325 2898 Pariensis
1355 2846 1668 2899 committit
1693 2846 1757 2899 in
1788 2845 1988 2900 metio-

466 2931 593 2970 rem
623 2918 841 2970 statum
875 2914 1318 2969 restituendum.

739 3002 1015 3071 (MAEILL.
1043 3001 1142 3057 ubi
1170 3018 1369 3074 supra,
1398 3018 1455 3073 p.
1490 3002 1639 3073 316.)

2116 478 2562 548 depopulatione,
2596 483 2657 535 ut
2685 482 2847 551 pauci
2872 482 3092 549 fratres,
3142 485 3232 555 qui
3268 483 3448 541 adhuc
3490 486 3567 541 ibi
3620 503 3744 541 re-

2113 575 2443 635 manserant,
2475 568 2545 623 de
2579 569 2749 624 rebus
2780 569 3045 640 ecclesiae,
3086 576 3247 641 prout
3275 576 3575 632 monachos
3609 577 3739 631 de—

2111 662 2214 723 cet,
2247 656 2542 711 sustentari
2573 673 2685 713 non
2716 658 2983 727 valerent,
3013 666 3065 715 et
3103 660 3219 730 jam
3257 678 3397 733 pene
3426 664 3500 719 ad
3528 680 3736 721 saecu-

2111 743 2389 801 laritatem
2428 747 2658 815 redacti,
2683 748 3061 819 unusquisque
3083 749 3153 804 de
3174 751 3395 823 proprio
3406 767 3528 821 suo,
3545 758 3737 824 prout

2109 837 2345 902 poterat,
2377 849 2509 889 eum
2557 851 2763 907 magna
2812 836 3139 893 necessitate
3178 843 3234 894 et
3279 841 3494 896 ordinis
3525 847 3730 897 trans-

2108 922 2390 991 gressione
2420 921 2524 977 sibi
2554 923 2910 994 procurabat.
2949 926 3031 980 De
3056 926 3158 982 hac
3197 944 3335 999 ergo
3366 929 3732 987 desolatione

2105 1027 2227 1066 cum
2249 1027 2410 1081 supra
2436 1011 2582 1067 dicto
2615 1012 2817 1068 abbate
2840 1015 3395 1072 Haimonerationem
3412 1029 3724 1090 ponentes,

2104 1115 2231 1154 cum
2282 1116 2341 1155 se
2381 1117 2643 1157 excusare
2693 1118 2807 1157 non
2852 1107 3056 1171 posset,
3089 1111 3144 1159 et
3180 1121 3280 1175 per
3309 1107 3721 1180 negligentiam

2105 1204 2259 1244 suam
2288 1189 2473 1244 omnia
2502 1190 2621 1246 hac
2650 1191 2914 1246 accidisse
2957 1199 3346 1264 cognosceret,
3384 1199 3719 1253 assensione

2105 1278 2359 1349 ejusdem
2390 1286 2443 1333 et
2472 1279 2878 1349 supplicatione
2921 1280 3154 1336 fratrum
3193 1282 3298 1338 loci
3342 1283 3509 1353 ipsius
3547 1286 3717 1340 habi-

2101 1367 2756 1433 tatorum,admonitione
2775 1384 2992 1439 quoque
3012 1371 3335 1439 eptimatum
3359 1378 3708 1442 nostrorum,

2104 1462 2159 1509 et
2187 1456 2548 1527 suggestione
2577 1458 2940 1527 quorumdam
2986 1459 3375 1530 religiosorum
3427 1462 3709 1529 virorum,

2102 1543 2214 1600 hoc
2243 1544 2538 1599 consilium
2557 1544 2776 1601 salubre
2799 1545 3122 1615 reperimus,
3150 1550 3506 1605 utecclesiam
3526 1552 3711 1622 ipsam

2103 1631 2158 1686 in
2190 1649 2384 1687 manus
2412 1633 2660 1689 ordinate
2690 1637 2749 1689 et
2779 1636 3081 1690 monastice
3120 1637 3707 1708 viventium,abbatis,

2017 1737 2071 1798 Β
2102 1721 2369 1777 videlicet
2397 1722 2668 1777 Bernardi
2713 1726 2769 1778 et
2816 1723 3211 1779 monachorum
3251 1726 3435 1782 Sancti
3483 1729 3710 1785 Martini

2100 1810 2333 1882 Majoris
2362 1811 2705 1881 Monasterii,
2758 1813 2828 1866 ad
2873 1814 3296 1868 restaurandum
3337 1816 3706 1888 traderemus,

2097 1900 2249 1969 quod
2279 1904 2333 1955 et
2362 1899 2596 1955 fecimus
2623 1914 2729 1969 pro
2749 1901 3132 1972 redemptione
3152 1902 3346 1958 animae
3362 1908 3706 1974 nostrae,etc.

2169 1989 2370 2042 Actum
2410 1995 2493 2043 est
2546 1989 2651 2044 hoc
2695 1989 2945 2044 I’arisius
2988 1990 3208 2061 publice
3242 1991 3299 2045 in
3345 1992 3476 2046 aula
3523 1995 3705 2066 regia,

2099 2092 2284 2132 coram
2340 2077 2663 2147 subscriptis
2706 2077 2948 2146 testibus,
2997 2093 3144 2133 anno
3200 2081 3272 2135 ab
3321 2083 3433 2137 Inc.
3480 2082 3704 2138 Domini

2101 2167 2259 2233 1093,
2292 2166 2483 2220 indict.
2503 2185 2541 2234 ι,
2566 2169 2759 2236 epecta
2788 2182 2948 2234 xxvi,
2979 2184 3015 2220 x
3044 2167 3172 2222 Kal.
3208 2169 3408 2237 Martii,
3442 2180 3706 2241 regnante

2098 2256 2363 2326 Philippo
2392 2270 2727 2327 rege,anno
2758 2256 3134 2312 ordinationis
3165 2273 3277 2311 suae
3308 2275 3499 2314 xxxvr.

2173 2360 2527 2441 (liis_litteris
2552 2360 2808 2441 apposita
2850 2368 2987 2441 sunt.
3023 2360 3185 2441 signa
3232 2363 3409 2441 ipsius
3456 2364 3704 2441 Philippi

2096 2434 2282 2507 regis,
2304 2431 2550 2507 Ursionis
2582 2431 3020 2507 Silvanectensis
3034 2431 3297 2507 episcopi,
3320 2437 3577 2507 Hugonis
3592 2431 3706 2491 fra-

2099 2502 2192 2560 tris
2224 2503 2462 2572 Philippi
2494 2503 2660 2573 regis,
2695 2502 2962 2557 \‘Vidonis
2983 2502 3238 2572 dapiferi‘
3268 2502 3441 2573 regis:
3482 2507 3706 2562 Adelel-

2096 2575 2173 2629 mi
2191 2573 2587 2631 constabularii
2618 2574 2787 2643 regis,
2821 2574 3069 2629 Simonis
3098 2574 3166 2629 de
3196 2573 3401 2641 Nielfo,
3426 2576 3703 2634 Goisleini

2098 2644 2244 2717 regis
2272 2643 2617 2717 camberlarii
2647 2644 2880 2717 reginae,
2931 2653 2985 2698 et
3030 2645 3305 2717 Harduini
3344 2650 3703 2705 camberlarii

2094 2716 2327 2789 reginae,
2361 2716 2853 2789 etgaliorumtEx
2884 2716 3197 2789 _monachis
3238 2718 3363 2789 huic
3420 2720 3702 2776 sanctioni

2096 2786 2403 2859 praesentes
2426 2786 2660 2842 fuerunt
2697 2787 2986 2857 Hilgodus.
3025 2788 3125 2854 qui
3152 2788 3271 2858 fuit
3309 2790 3699 2847 Suessionum

2096 2861 2389 2943 episcopus
2406 2862 2476 2942 ⁶ετ
2504 2859 2775 2943 Andreas.
2796 2861 2993 2943 frater
3021 2859 3166 2943 ejus,
3192 2861 3699 2943 Ro-tbfrtus‘Pm-i-

2093 2929 2300 2985 siensis
2328 2929 2485 3001 prior
2514 2929 2859 3001 supradicti
2908 2929 3164 2997 cwnobii,
3215 2935 3273 2985 et
3320 2932 3592 2987 Robcrtus
3622 2935 3691 2990 de

2100 2999 2500 3073 Castellatqui
2520 3000 2636 3069 fuit
2673 2999 2907 3073 dapifcr,
2938 3014 3111 3071 supra
3135 3002 3336 3073 scripti
3363 3005 3515 3073 regis
3553 3004 3698 3059 Phi-

459 3092 667 3148 Notum
690 3068 760 3147 sit
786 3090 1038 3145 omnibus
1066 3068 1274 3145 habere
1304 3068 1417 3147 nos.
1434 3068 1705 3162 capellam
1744 3090 1986 3147 domini-

2105 3071 2262 3144 lippi.
2277 3068 2571 3127 Habertus
2585 3068 2976 3127 cancellarius
2988 3068 3227 3143 scripsit
3242 3068 3297 3128 et
3309 3068 3694 3146 subscripsit.)

388 3195 529 3249 cam,
563 3180 619 3235 in
650 3179 859 3235 honore
889 3177 1035 3233 beati
1081 3178 1467 3235 Bartholomaai
1498 3178 1729 3250 apostoli
1759 3184 1819 3235 et
1844 3179 1989 3235 beati

384 3267 650 3342 Maglorii
679 3266 1011 3323 confessoris
1039 3275 1420 3337 constructam,
1454 3268 1614 3323 sitam
1653 3269 1708 3323 in
1738 3267 1987 3325 Parisio-

385 3374 514 3413 rum
542 3357 767 3413 civitate
788 3356 953 3425 juxta
995 3355 1179 3410 aulam
1227 3358 1461 3428 regiam,
1500 3373 1621 3427 quss
1657 3356 1925 3412 hactenus
1952 3374 1987 3411 a

383 3445 625 3518 propriis
653 3444 947 3500 abbatibus
978 3459 1089 3499 non
1122 3451 1232 3499 tam
1274 3446 1584 3517 gubernata
1621 3461 1786 3517 quam
1817 3447 1984 3502 deso-

390 3536 503 3590 lata
532 3534 846 3598 videbatur,
880 3533 1122 3587 maxime
1150 3539 1397 3601 tempore
1428 3532 1717 3588 Haimonis
1746 3533 1981 3603 abbatis,

385 3640 487 3695 per
510 3623 677 3693 cujus
706 3622 970 3677 incuriam
994 3621 1054 3675 in
1083 3626 1290 3675 tantum
1322 3620 1621 3676 annihilata
1660 3630 1777 3677 erat
1803 3623 1984 3692 primo

2849 3231 2947 3285 III.

2095 3357 2349 3433 Philippi
2390 3357 2541 3430 regis
2574 3358 2809 3433 epistola
2839 3357 2917 3433 ad
2950 3358 3006 3415 S.
3046 3360 3382 3433 Anselmum
3426 3361 3697 3433 Lugduni

2191 3432 2551 3487 exulantem.
2573 3461 2642 3470 —
2671 3433 2733 3488 Ut
2753 3431 3018 3502 Galliam,
3036 3432 3276 3488 visitare
3296 3431 3591 3504 dignetur.

2164 3536 2333 3605 (Vide
2362 3552 2537 3606 supra
2565 3536 2704 3591 inter
2732 3536 3010 3606 epistolas
3039 3537 3314 3605 Anselmi,
3348 3538 3448 3593 lib.
3482 3555 3562 3607 Iv,
3588 3555 3678 3611 ep.

2092 3628 2182 3692 50,
2216 3624 2377 3694 hujus
2399 3624 2528 3679 torni
2557 3626 2665 3680 col.
2698 3625 2848 3694 230.)

464 3745 541 3813 (1)
565 3722 706 3799 V’ide
737 3744 926 3800 Ivonis
954 3742 1241 3815 epistolam
1271 3744 1360 3810 '70,
1401 3744 1473 3800 ad
1502 3745 1807 3801 Galterium
1838 3746 2189 3805 Meldensem
2216 3747 2562 3820 episcopum.

396 3842 796 3852 ——_———

395 3859 800 3870 ._—_—-————

812 3840 3638 3885 Μ

1051 4043 2176 4166 JUBAMENTUM
2289 4047 3037 4166 PHILIPPI

1664 4307 1887 4365 REGIS
1923 4308 2399 4367 FRANCORUM

749 4474 865 4544 Quo
896 4472 1241 4534 Bertradam
1268 4476 1555 4550 pellicem,
1579 4476 1819 4549 iubente
1845 4475 2116 4551 pontiﬁce
2144 4480 2415 4552 Romano,
2447 4496 2506 4539 se
2534 4479 2925 4540 dimissurum
2958 4482 3302 4555 pollicetur.

1632 4657 1859 4728 (Lana,
1894 4656 2146 4727 Concil.,
2178 4658 2253 4727 Χ,
2285 4658 2438 4732 658.)

450 4969 471 4993 α
507 4944 745 5016 Audias,
796 4954 849 5002 tu
899 4942 1219 5011 Lamberte,
1267 4942 1648 5000 Atrebatensis
1688 4942 1968 5016 episcopo,
1995 4914 2052 4977 D
2086 4966 2107 4993 ‹‹
2141 4951 2397 5001 mutuum
2426 4944 2765 5017 colloquium
2810 4955 2867 5002 et
2912 4945 3367 5012 contubernium,
3400 4947 3513 5003 nisi
3564 4947 3675 5004 sub

378 5055 402 5084 ‹‹
437 5035 531 5106 qui
554 5034 645 5089 hic
673 5034 977 5104 apostolica
1025 5035 1155 5089 vice
1194 5031 1450 5104 fungeris
1483 5049 1496 5096 ;
1528 5032 1759 5088 audiant
1788 5029 1971 5087 archi-

379 5147 401 5173 υ
438 5123 703 5193 episcopi,
736 5127 794 5177 et
814 5125 1119 5192 praesentes
1145 5120 1416 5191 episcOpi,
1447 5122 1596 5191 quod
1618 5137 1729 5193 ego
1764 5120 1973 5190 Philip.

376 5234 397 5261 (ι
432 5227 557 5283 pus,
590 5226 696 5267 rex
718 5209 1402 5278 Francorum,’peccatum
1419 5213 1476 5263 et
1499 5209 1971 5265 consuetudinem

379 5324 401 5350 «
437 5300 684 5355 carnalis
726 5302 783 5354 et
829 5299 1038 5354 illicita:
1084 5296 1299 5367 copulae
1335 5312 1497 5367 quam
1536 5298 1810 5354 hactenus
1844 5314 1971 5352 cum

374 5409 398 5439 «
426 5388 705 5444 Bertrada
751 5388 1003 5455 exercui,
1047 5384 1292 5441 ulterius
1324 5401 1443 5440 non
1491 5387 1821 5442 exercebo:
1870 5385 1971 5442 sed

374 5499 396 5526 α
434 5486 721 5547 peccatum
748 5477 902 5532 istud
933 5483 988 5532 et
1028 5473 1300 5547 ﬂagitium
1332 5473 1553 5544 penitus
1584 5482 1638 5530 et
1669 5475 1787 5530 sine
1813 5474 1971 5529 omni

374 5585 396 5615 α
432 5566 834 5623 retractatione
864 5566 1084 5635 abjuro.
1123 5563 1267 5619 Cum
1298 5562 1495 5620 eadem
1514 5579 1733 5635 quoque
1762 5562 1970 5620 femina

2082 5057 2104 5082 α
2139 5032 2465 5091 testimonio
2494 5049 2851 5106 personarum
2872 5035 3105 5091 minime
3129 5044 3539 5107 suspectarum,
3566 5053 3680 5093 non

2083 5141 2106 5166 α
2139 5119 2378 5176 habebo.
2412 5121 2551 5175 Haec
2579 5122 2784 5189 omnia,
2819 5121 2963 5175 sicut
2989 5119 3189 5175 litterae
3229 5137 3388 5191 papae
3420 5121 3677 5177 dicuntet

2082 5229 2104 5257 ‹‹
2140 5223 2243 5264 vos
2257 5207 2594 5281 intelligitis,
2610 5210 2735 5264 sine
2753 5209 2904 5265 omni
2917 5209 3062 5264 male
3082 5208 3320 5279 ingenio
3336 5209 3676 5265 observabo.

2082 5319 2105 5344 α
2140 5296 2229 5353 Sic
2258 5313 2344 5352 me
2375 5298 2529 5352 Deus
2574 5296 2829 5369 adjuvet,
2878 5300 2934 5351 et
2977 5298 3096 5353 haec
3132 5305 3493 5353 sacrosancta
3543 5297 3679 5354 Jesu

2083 5406 2105 5434 α
2138 5383 2355 5441 Christi
2384 5384 2720 5458 Evangelia.
2756 5409 2779 5435 υ

2149 5473 2415 5531 Similiter
2462 5478 2521 5530 et
2582 5475 2845 5531 Bertrada
2904 5488 3031 5531 cum
3087 5472 3680 5531 excommunicationis

2076 5561 2293 5619 vinculo
2322 5563 2651 5633 solveretur,
2672 5562 2838 5620 tactis
2868 5563 3240 5621 sacrosanctis
3269 5559 3596 5635 Evangeliis
3615 5562 3674 5620 in
