4032 6078
475 319 590 378 843
1291 310 1579 365 PHILIPPI
1612 311 1631 363 Ι
1674 306 1922 364 FRANC.
1965 306 2174 363 REGIS
2204 305 2608 362 EPITAPHUM
2638 305 2960 362 TRIPLEX.
3673 317 3791 371 διε

476 443 534 498 in
562 441 812 498 dominus
831 435 1226 512 episc0palibus
1249 435 1496 504 ejusdem
1534 432 1792 488 Ecclesia:
1819 448 1849 487 a
1870 432 2072 489 comite
2100 431 2155 490 A
2185 430 2387 499 fenum,
2419 446 2572 498 oves,
2597 440 2650 486 et
2669 431 2854 497 boves,
2887 441 2939 488 et
2966 436 3163 488 catera
3179 432 3451 502 animalia,
3479 439 3794 512 omniaque

481 532 712 587 Henrico
743 526 1069 600 cognomino
1100 524 1397 594 Stephano,
1429 529 1481 575 et
1509 521 1677 576 Adela
1707 536 1872 575 uxore
1927 519 2064 587 ejus,
2183 520 2393 592 reliqua
2414 520 2794 592 mobilia,qua3
2839 531 3196 594 congregata,
3245 524 3328 578 vel
3375 527 3601 582 collecta
3661 529 3797 584 fue-

472 617 819 684 conccssione
875 613 1111 668 ﬁliorum
1154 627 1377 666 suorum
1435 609 1730 676 Willelmi,
1775 607 2072 664 Theobaldi
2182 610 2308 674 rint,
2340 610 2456 664 sive
2484 609 2538 662 in
2564 609 2718 677 urbe,
2749 611 2863 665 sive
2917 619 3068 665 extra
3117 612 3334 679 urbem,
3380 622 3503 670 ante
3541 617 3792 686 obitum,

473 708 702 773 Odonis,
728 702 1008 774 Stephani,
1033 701 1314 755 remissam
1343 707 1395 754 et
1438 698 1742 752 libertatem
1799 697 2073 768 praedictis
2179 697 2266 752 vel
2294 697 2599 752 discessum
2628 699 2876 768 episcopi
2931 699 3240 770 cujuslibet,
3299 702 3495 759 intacta
3550 721 3794 762 manere

471 795 723 854 domibus
751 799 805 848 et
855 791 1017 846 rebus
1060 790 1115 844 in
1173 789 1380 844 eisdem
1445 786 1683 842 collectis
1722 802 1755 839 a
1799 785 2075 856 praedictis
2180 786 2506 841 ﬁrmamus:
2567 786 2676 842 illis
2708 787 2990 858 profutura
3031 789 3228 859 quibus
3264 791 3551 863 episcopus
3595 811 3794 852 reser-

477 883 766 942 comitibus
783 882 1037 936 donatam
1061 878 1501 944 concederemus,
1533 884 1585 930 et
1602 883 1781 930 nostra
1800 890 2070 947 pragma-
2178 892 2327 943 vare,
2361 876 2444 930 vel
2477 876 2696 942 donare,
2729 892 2822 932 seu
2845 893 2943 947 per
2993 893 3074 949 se,
3119 894 3213 934 seu
3269 895 3368 950 per
3428 897 3791 940 (nconomum

476 974 584 1031 tica
612 971 885 1029 sanctione
913 968 1269 1024 ﬁrmaremus.

2198 980 2336 1020 suum
2368 963 2686 1031 decreverit,
2719 975 2777 1021 ut
2797 965 3035 1036 majores
3055 982 3304 1036 personm
3333 968 3619 1038 Ecclesiae,
3653 975 3704 1028 si
3727 973 3790 1030 id

551 1062 718 1131 Cujus
759 1059 851 1129 pio
899 1056 1168 1113 desiderio
1217 1055 1588 1120 assentientes,
1640 1062 1694 1108 et
1749 1051 2069 1124 mquissimse
2179 1054 2439 1125 episcopo
2461 1054 2643 1126 aliqua
2669 1057 2954 1113 occasione
2985 1065 3259 1127 praevento
3311 1057 3486 1115 facere
3544 1077 3659 1117 non
3703 1062 3789 1118 li-

473 1148 822 1230 postulationi
859 1162 1050 1202 aurem
1098 1145 1437 1211 inclinantes,
1485 1142 1778 1197 secundum
1825 1150 2066 1197 tenorem
2177 1145 2370 1201 cuerit.
2405 1145 2768 1202 Concedimus
2796 1145 2964 1200 etiam
2997 1153 3052 1200 ut
3075 1148 3304 1215 exactio,
3331 1163 3452 1220 quae
3502 1149 3784 1208 defunctis

473 1240 680 1311 scripti,
713 1237 856 1307 quod
887 1235 953 1290 de
984 1233 1254 1304 praedictis
1299 1232 1459 1286 rebus
1517 1231 1790 1302 praztaxati
1845 1231 2069 1286 comites
2178 1233 2465 1304 episcopis,
2497 1233 2582 1288 vel
2607 1233 3008 1289 discedentibus
3038 1234 3150 1289 ﬁeri
3181 1236 3319 1292 solet
3377 1237 3430 1292 in
3472 1241 3784 1296 servientes

475 1331 592 1385 fieri
626 1329 998 1391 decreverunt,
1019 1331 1218 1377 nostrae
1247 1320 1540 1388 majestatis
1604 1319 1919 1375 auctoritate
1981 1337 2068 1375 res
2177 1323 2416 1394 episcOpi
2445 1322 2530 1377 vel
2558 1323 2814 1385 rusticos,
2847 1323 2918 1377 de
2939 1331 3139 1379 caetero
3160 1341 3455 1395 numquam
3485 1326 3596 1383 ﬁat.

475 1423 804 1490 prmtaxatas
833 1428 866 1467 a
895 1427 1067 1481 prava
1090 1410 1475 1465 consuetudine
1498 1409 1819 1474 liberamus,
1844 1409 2068 1463 domum
2248 1410 2376 1463 Haec
2415 1407 2596 1461 omnia
2626 1407 2759 1462 sicut
2785 1424 2816 1461 a
2841 1407 3109 1478 praedictis
3137 1410 3427 1467 comitibus
3457 1429 3785 1470 concessum

475 1507 700 1572 scilicet,
733 1511 786 1557 et
815 1502 1006 1556 domus
1062 1499 1308 1567 ejusdem
1352 1499 1578 1568 ferrum,
1626 1498 1930 1569 plumbum,
1977 1498 2067 1551 vi-
2173 1503 2255 1554 est
2285 1505 2337 1552 et
2364 1493 2660 1564 ﬁrmatum,
2691 1505 2744 1551 et
2764 1511 2884 1563 nos,
2905 1505 2961 1550 ut
2991 1497 3306 1566 prmdictum
3364 1509 3465 1564 est,
3524 1504 3779 1560 concedi-

479 1605 638 1659 trum,
670 1593 898 1663 lignum,
932 1588 1160 1658 lapides,
1207 1595 1566 1656 caeteramque
1611 1585 2064 1656 suppellectilem,
2177 1597 2312 1650 mus,
2343 1592 2393 1640 et
2427 1599 2522 1655 per
2540 1584 2938 1656 pragmaticam
2977 1587 3314 1643 sanctionem
3371 1599 3610 1646 nostram
3676 1591 3777 1647 ﬁr-

480 1684 682 1741 scilicet
702 1680 928 1744 tabulas,
963 1676 1491 1745 scamna,scabella,
1533 1690 1664 1736 vasa
1705 1675 1932 1743 vinaria,
1983 1677 2067 1732 le-
2177 1672 3079 1747 mamustestiﬁcante[testiﬁcato]
3110 1678 3421 1735 charactere
3443 1681 3610 1736 nostri
3672 1698 3785 1738 no-

479 1784 620 1836 ctos,
660 1785 875 1826 necnon
896 1767 1158 1840 coquinas
1187 1767 1464 1829 ethorrea,
1524 1760 1795 1836 granaria,
1847 1751 2065 1819 cellaria
2093 1783 2149 1850 B
2179 1763 2364 1825 minis,
2395 1771 2445 1817 et
2475 1760 2657 1835 sigillo
2675 1771 2872 1818 nostrae
2895 1764 3209 1832 majestatis.

478 1859 788 1924 toreularia,
849 1858 1050 1921 furnos,
1108 1855 1493 1923 furnorumque
1529 1853 1743 1918 domos,
1822 1853 1938 1907 sive
2011 1853 2066 1905 in
2251 1852 2529 1922 Philippus
2554 1851 2651 1906 Dei
2683 1853 2856 1924 gratia
2878 1853 3205 1909 Francorum
3237 1872 3350 1912 rex.

478 1951 633 2016 urbe,
657 1949 772 2003 sive
811 1955 959 2002 extra
979 1945 1191 2014 urbem,
1223 1943 1389 2000 silvas
1409 1951 1466 1996 ut
1503 1957 1610 1996 non
1635 1941 1952 2008 vendantur,
1976 1958 2076 1997 uec
2254 1944 2443 1996 Actum
2474 1945 2528 1994 et
2551 1940 2924 1996 confirmatum
2957 1943 3129 1998 Paris.
3162 1960 3305 2001 anno
3349 1946 3647 2006 Dominica
3684 1950 3787 2005 In-

479 2037 838 2102 succidantur,
871 2051 970 2090 nec
999 2032 1225 2098 dentur;
1267 2047 1539 2087 annonam
1582 2047 1817 2102 quoque,
1866 2029 2072 2100 vinum,
2183 2029 2508 2086 camationis
2532 2030 2688 2098 1105,
2711 2047 2853 2086 anno
2883 2046 3010 2088 vem
3039 2033 3193 2104 regni
3227 2036 3391 2092 nostri
3410 2052 3561 2092 var.

482 2213 3776 2242 me

1439 2345 2162 2452 PHILIPPI
2265 2346 2319 2445 Ῑ
2421 2347 2867 2456 REGIS

1504 2549 2211 2648 EPITAPHIUM
2265 2550 2788 2650 TRIPLEX.

1187 2755 1538 2834 (Ducunsxa,
1571 2761 1830 2818 Historia:
1858 2759 2208 2817 Francorum
2241 2756 2588 2833 Scriptores,
2622 2767 2761 2816 tom.
2800 2756 2890 2830 IV,
2926 2762 3074 2822 167.)

1257 3012 1298 3067 Ι.
2109 3012 2158 3074 C
2188 3029 2420 3102 Augusti
2442 3029 2604 3087 ternis
2624 3028 2934 3088 conscendit
2963 3030 3018 3087 in
3047 3030 3212 3088 aethra
3243 3029 3518 3102 Kalendis,

478 3111 564 3167 Ex
585 3105 762 3166 veteri
784 3102 923 3162 libro
943 3119 1048 3159 ms.
1085 3100 1358 3205 lex:
1383 3102 1598 3160 Petavii
1643 3101 1921 3160 senatoris
1956 3104 2069 3160 Pa-
2279 3100 2294 3102 “
2321 3121 2488 3176 Annis
2517 3128 2725 3192 Sceptra
2753 3136 2950 3178 novem
2980 3120 3155 3194 vigies
3181 3128 3233 3176 ει
3261 3119 3345 3184 bis
3375 3100 3564 3194 agetis.

1131 3209 1408 3248 νιειςηεῑε.

477 3289 696 3359 Septem
719 3283 935 3340 milleno
964 3286 1178 3339 centum
1201 3281 1360 3336 simul
1386 3281 1527 3337 adde
1555 3289 1786 3344 resecto,

475 3379 734 3447 Tuncque
761 3374 898 3429 scies
918 3387 1136 3437 annum,
1175 3371 1377 3442 Regem
1410 3370 1638 3427 subiisse
1669 3370 1978 3440 Philippum

479 3469 787 3537 Ingressum
817 3461 1008 3517 mortis
1039 3460 1175 3514 dirae
1209 3459 1339 3513 nulli
1373 3460 1672 3528 renuentis,

479 3559 721 3626 Augusto
747 3556 965 3620 quartas
995 3549 1124 3604 Orbi
1147 3546 1398 3620 signante
1423 3547 1709 3616 Calendas,

486 3645 546 3698 In
579 3641 710 3696 feria
730 3638 871 3693 dicta
903 3635 1162 3707 Sylvestri
1193 3635 1446 3707 dogmate
1476 3642 1690 3706 quarta.

2923 3335 3020 3388 ΙΙΙ.

2184 3503 2298 3561 Rex
2329 3503 2536 3560 fueram
2558 3503 2827 3574 praedives
2845 3520 3030 3574 opum,
3062 3503 3356 3576 linguaque
3383 3505 3634 3576 disertus,

2184 3593 2476 3661 Progenies
2504 3606 2714 3664 regum,
2749 3591 2943 3647 virtute
2971 3599 3184 3662 potens,
3217 3606 3390 3666 genus
3412 3593 3599 3650 altum.

2188 3680 2374 3736 Gloria
2403 3691 2610 3752 magna
2634 3680 2785 3747 mihi,
2821 3696 2927 3750 qua
2949 3681 3185 3736 tenditur
3213 3683 3409 3738 amula
3428 3683 3622 3738 virtus.

1227 3761 1297 3816 II.
2187 3769 2301 3826 [Iac
2330 3769 2626 3824 tumulatus
2654 3770 2820 3824 humo
2846 3777 3049 3825 naturae
3071 3769 3256 3826 debita
3283 3769 3442 3838 solvi,

2188 3857 2277 3913 Ac
2303 3858 2440 3914 cinis
2469 3857 2523 3912 in
2555 3859 2793 3913 cinerem
2832 3858 2980 3914 sensi
3020 3859 3178 3914 datus
3221 3874 3348 3920 ecca
3391 3860 3524 3933 quid
3577 3873 3787 3919 essent.

2189 3949 2344 4004 lleus
2373 3947 2384 4000 l
2414 3946 2547 4016 quid
2561 3947 2758 4015 honor,
2791 3948 2925 4018 quid
2951 3961 3107 4017 opes,
3153 3947 3286 4020 quid
3329 3949 3525 4020 gloria,
3584 3948 3790 4020 quidve

3365 4033 3622 4110 [potestas
3649 4037 3680 4090 τ

2191 4129 2285 4181 Ast
2311 4125 2463 4197 petii,
2488 4125 2798 4192 Benedicte,
2815 4132 2962 4180 tuam
2983 4125 3274 4195 specialius
3301 4128 3500 4189 aedem,

2194 4215 2497 4270 Etheream
2527 4215 2768 4270 concede
2794 4229 2931 4286 rogo
2962 4215 3214 4286 precibus
3241 4215 3372 4270 mihi
3389 4217 3574 4272 sedem
3591 4255 3605 4270 .

2193 4304 2366 4358 Julius
2395 4303 2602 4358 exactis
2631 4305 2758 4358 dum
2783 4303 2996 4359 lucibus
3027 4304 3126 4360 iret
3165 4305 3232 4359 ad
3255 4319 3465 4375 assem,

2112 4383 2165 4442 D
2198 4393 2430 4464 Spiritus
2451 4395 2726 4464 Augustas
2756 4393 2917 4448 cessit
2945 4408 3096 4448 meus
3123 4401 3248 4449 ante
3278 4395 3572 4450 Kalendas.

2197 4483 2304 4546 Qui
2321 4482 2461 4553 legis
2482 4483 2616 4547 haec,
2656 4481 2903 4536 meritam
2932 4480 3100 4536 minui
3128 4483 3258 4538 mihi
3285 4482 3488 4538 Judiois
3516 4483 3659 4538 imm

2197 4573 2392 4643 Exige,
2426 4569 2520 4626 sed
2550 4570 2804 4640 precibus
2833 4570 3017 4627 faveas
3052 4572 3154 4642 his,
3191 4569 3405 4628 Christe
3431 4571 3788 4642 Redemptor.

665 3887 751 3943 Ea:
781 3886 893 3943 alio
923 3885 1173 3954 eiusdem
1205 3883 1424 3941 domini
1443 3883 1661 3940 Petavii
1688 3883 1894 3940 codice.

480 3992 808 4052 Francorum
837 4009 1076 4047 summus
1106 3990 1234 4048 latet
1264 3993 1366 4046 hac
1393 3991 1584 4054 tellure
1609 3990 1906 4062 Philippus,

627 4084 744 4138 Rex
774 4083 874 4136 fuit
895 4081 984 4138 hic
1013 4081 1196 4154 magni
1223 4080 1513 4154 progenies
1541 4080 1761 4136 Priami.

487 4175 728 4243 Corpore
757 4187 1032 4241 procerus,
1067 4170 1214 4228 vultu
1245 4169 1491 4226 stellante
1518 4185 1738 4225 serenus

627 4260 862 4330 Imperio
890 4260 1096 4329 species
1126 4273 1368 4330 congrua
1399 4258 1681 4312 Romuleo.

487 4352 752 4408 Strenuus
782 4348 837 4402 in
867 4347 1042 4411 bellis,
1077 4347 1227 4419 regni
1261 4347 1519 4401 defensor
1549 4345 1706 4411 aviti,

629 4438 833 4494 Sollers
861 4435 1110 4504 consilio,
1143 4435 1402 4504 providus
1432 4434 1674 4503 eloquio.

487 4527 724 4600 Insignis
747 4526 967 4596 pietate,
999 4523 1163 4580 trucis
1188 4524 1454 4580 coercitor
1483 4521 1600 4586 irae,

625 4615 814 4673 Verbis
845 4614 1134 4685 jocundus,
1168 4613 1411 4670 moribus
1428 4620 1480 4668 et
1507 4611 1775 4684 placidus.

1684 4897 2576 4942 ψ
