1978 3042
243 161 295 189 8L7

788 152 819 180 S.
842 149 998 179 HUGONIS
1017 147 1159 177 ABBATIS
1182 148 1346 178 CLUNIAC.

1856 153 1911 179 848

248 223 388 260 dignitatis
402 226 517 256 tempus,
533 222 560 246 et
587 216 688 250 multis,
716 223 783 260 quos
809 213 951 260 praeceptis
979 212 1046 260 reli-
1060 211 1088 242 A
1138 213 1164 238 3.
1179 211 1330 245 Pontiﬁces.
1359 212 1405 248 qui
1434 213 1485 260 sub
1513 216 1589 260 tanto
1614 213 1746 248 magistro
1774 214 1910 242 virtutem

246 255 334 305 giosae
346 267 407 295 vitae
422 255 529 296 imbuit,
545 260 689 289 admodum
703 258 834 305 salutare._
845 258 913 305 Nam
925 264 940 284 e
947 255 1042 305 schola

248 301 309 350 ejus
325 309 453 346 episcopi,
465 306 625 339 cardinales,
635 303 787 350 pontiﬁces,
809 302 914 350 virique
977 301 1042 349 vita

244 344 451 385 sanctimoniam
466 359 543 380 sacro
557 351 631 379 cultu
642 348 761 384 insignes
775 346 910 382 prodiere.
930 344 1041 372 Clunia-

243 408 341 430 censes
356 398 455 434 quippe
470 395 588 424 caelitum
603 392 693 421 choris
707 392 824 419 insertos
838 391 868 418 Β.
883 388 1041 434 Monndum

240 450 267 474 et
281 445 310 472 s.
325 432 483 472 Udalricum
511 439 550 466 illi
579 437 697 467 debent;
728 442 842 471 quorum
857 434 902 461 ille
926 435 940 460 3
969 432 1041 460 Junii

242 489 317 525 apud
331 495 389 519 eos,
406 486 451 513 hic
465 491 531 512 vero
547 485 580 510 to
596 481 657 509 Julii
672 480 778 512 colitur,
792 478 923 506 admissus
925 477 968 525 ~ab

242 520 275 562 Si.
291 533 405 568 Hugone
419 529 454 557 ad
468 527 645 556 monasticum
666 524 806 568 habitum,
831 530 892 550 cum
905 520 1041 568 __Gera_ldo

239 565 369 614 episcopo
397 577 494 610 postea
519 569 640 600 Ostiensi
669 568 762 614 facto:
794 567 837 614 Pe
868 566 965 614 quibus
988 565 1041 614 ista

241 609 588 649 ChroniconCluniacense
604 623 611 642 :
629 624 641 639 ι
658 614 710 640 iste
720 611 854 640 Geraldus
868 610 919 638 fuit
946 609 1039 637 Ratis-

241 664 373 702 ponensis
388 662 508 690 civitatis
522 658 708 689 scholasticus,
724 660 750 684 et
765 658 878 702 rogatus
888 663 904 681 a
931 653 1039 702 Sigill-

242 697 334 738 darico
350 707 416 736 adiit
428 707 580 734 Romanam
595 703 689 730 urbem
704 709 766 730 cum
795 699 924 735 praedicto
952 697 1038 726 Ulda-

237 755 304 788 rico,
321 757 348 780 et
375 752 485 779 obtenta
513 747 683 776 absolutione
712 753 823 772 suorum
853 744 1037 778 peccatorum,

240 798 425 833 exploratores
439 794 568 822 virtutum
583 794 716 819 venerunt
735 789 771 816 ad
786 789 815 816 S.
831 788 983 833 Hugonem,
1013 790 1040 814 et

237 832 288 870 sub
303 841 361 876 ipso
376 840 403 867 in
418 836 587 866 Cluniacensi
599 832 766 862 monasterio
793 832 939 876 secundam
956 838 1037 866 rege-

1096 260 1268 290 comparunt,
1285 264 1345 290 quas
1361 264 1410 284 eos
1422 257 1541 291 primum
1556 257 1591 284 ad
1606 265 1711 284 sacram
1740 266 1908 294 purpuram,

1095 298 1193 327 deinde
1208 299 1243 327 ad
1257 308 1335 328 suum
1351 300 1542 329 ecclesiastica
1557 301 1700 336 dignitatis
1715 302 1824 337 apicem
1836 311 1907 331 eve-

1096 343 1144 377 xit,
1161 344 1290 371 Urbanus
1304 344 1330 371 li
1343 347 1370 372 et
1385 344 1534 381 Gregorius
1548 346 1597 373 VII
1611 349 1673 372 sunt
1690 353 1697 373 :
1711 345 1758 374 ille
1774 354 1807 374 ex
1825 355 1910 375 cano-

1095 387 1157 415 nico
1173 388 1296 424 regulari
1310 388 1413 416 ordinis
1427 388 1455 416 S.
1471 389 1624 425 Augustini,
1642 398 1723 426 quem
1735 391 1764 417 in
1779 391 1907 420 Romano

1095 432 1268 459 Lateranensi
1298 433 1463 460 monasterio
1487 434 1630 469 professus
1662 434 1764 468 fuerat,
1803 436 1907 464 arctius

1095 476 1209 504 vivendi
1223 476 1371 504 institutum
1387 485 1522 512 quan-ens,
1537 478 1703 506 monachum
1719 478 1747 506 in
1776 480 1906 507 ccenobio

1096 520 1127 547 S.
1144 520 1284 548 Trinitatis
1299 521 1414 548 Cavensi
1439 521 1545 556 induit;
1574 522 1694 557 indeque
1721 524 1865 558 profectus
1880 524 1906 552 in

1095 564 1225 596 Galliam,
1241 565 1311 592 inter
1326 565 1634 599 Cluniacenses,saneto
1648 567 1769 602 primum
1779 567 1905 602 Odiloni,

1094 616 1128 637 ac
1145 609 1247 637 deinde
1261 610 1411 637 successori
1426 610 1485 644 ejus
1499 610 1528 638 S.
1546 611 1656 646 Hugoni
1674 612 1860 639 erudiendum
1875 621 1905 640 se

1094 653 1180 687 dedit,
1195 661 1212 681 a
1227 653 1362 689 Gregorio
1377 653 1437 687 VII,
1467 654 1578 690 quicum
1608 655 1636 682 in
1665 655 1809 689 Cluniaco,
1839 657 1904 684 dum

1095 702 1207 733 uterque
1221 698 1374 726 monachus
1389 698 1478 726 adhuc
1491 702 1558 731 erat,
1575 704 1696 727 sanctam
1727 700 1904 728 familiarita-

1094 746 1147 769 tem
1159 746 1344 776 contraxerat,
1361 742 1532 770 cardinalitia
1545 751 1665 778 purpura
1679 744 1815 776 donatus;
1831 753 1902 773 anno

1094 786 1204 814 tandem
1220 787 1300 821 1088,
1316 786 1449 815 universae
1477 787 1609 815 Ecclesiae
1635 792 1737 822 rector,
1764 789 1796 816 S.
1832 790 1901 817 Petri

1092 830 1258 865 pontificium
1287 831 1451 858 cathedram
1476 831 1609 859 ascendit.
1635 832 1687 860 Hic
1715 840 1793 865 vero,
1810 832 1839 860 id
1863 838 1902 861 est

237 874 405 914 nerationem
425 883 608 916 susceperunt.
638 879 700 914 Ipse
726 884 790 905 vero
818 875 953 904 Geraldus
979 878 1037 902 erat
1050 887 1077 918 Β
1093 874 1307 911 GregoriusVlI,
1317 875 1601 903 Hildrebrandusante
1608 876 1796 911 pontiﬁcatum
1803 877 1900 912 dictus,

237 929 383 965 sapientia,
411 925 526 955 consilio
541 933 571 952 ac
599 930 705 951 morum
734 921 869 957 gravitate
896 918 1038 965 insigniter

235 964 410 1010 prapollens,
421 978 476 998 non
489 973 551 1005 post
563 967 662 995 multos
677 973 766 993 annos
787 964 884 1012 major.
889 964 966 1012 prior
975 971 1039 1012 con-

233 1007 351 1051 stitutus,
377 1024 408 1043 ac
438 1013 614 1050 postmodum
638 1011 751 1046 jubente
782 1008 937 1043 apostolicae
965 1007 1039 1035 sedis

233 1061 353 1104 prmsule
368 1058 501 1096 Gregorio
530 1056 716 1104 scilicet-VII,
737 1053 882 1104 "Ostiensis
908 1051 1037 1104 Ecclesia:

235 1097 395 1142 pontiﬁcatu
411 1102 583 1130 sublimatur.
600 1100 683 1134 Cujus
698 1097 771 1126 sedis
783 1105 874 1142 curam
889 1097 1037 1142 rexitcurn

239 1139 348 1178 summa
376 1145 557 1175 sollicitudine
586 1144 750 1177 creditaque
773 1140 823 1168 sibi
847 1139 1039 1176 negotiationis

236 1195 370 1222 talentum
384 1191 503 1219 Domino
515 1197 564 1217 suo
575 1196 635 1216 cum
645 1186 783 1222 duplicata
792 1189 933 1221 reportans
941 1192 1036 1217 usura,

236 1238 337 1266 meruit
347 1235 457 1264 audire:
472 1235 555 1269 Euge,
563 1240 640 1261 serve
651 1232 719 1260 bona
732 1233 760 1258 et
773 1230 876 1265 ﬁdelis,
903 1229 980 1256 intra
1005 1228 1036 1256 in

236 1282 373 1319 gaudium
382 1278 495 1309 Domini
504 1278 548 1306 tui
557 1276 667 1312 (Matth.
684 1283 749 1309 xxv,
758 1276 789 1302 2i
795 1275 815 1310 ).
827 1274 954 1319 Sanctum
965 1280 1034 1319 quo-

234 1317 285 1363 que
295 1325 464 1356 Uldaricum,
494 1321 593 1350 divinis
620 1319 798 1357 magniﬁcum
823 1317 973 1363 exercitiis,
999 1317 1030 1344 S.

231 1361 312 1407 l-lugo
327 1369 411 1397 abbas
419 1367 454 1395 ad
463 1364 631 1394 sacerdotale
639 1362 796 1400 promoveri
818 1362 883 1407 fecit
904 1361 1034 1394 officium,

230 1406 338 1449 sibique
361 1411 498 1441 constituit
527 1408 705 1444 Capellanum
736 1411 762 1435 et
788 1406 976 1439 consiliorum,
1009 1408 1036 1433 et

234 1458 298 1494 quia
313 1456 416 1485 sciebat
431 1462 492 1483 eum
516 1453 615 1481 virtute
641 1460 673 1479 ac
700 1450 835 1486 sapientia
863 1453 946 1477 totum
967 1457 1035 1494 esse

235 1493 425 1538 compositum,
435 1506 483 1526 suo
498 1497 579 1525 etiam
590 1496 670 1533 gregi
684 1495 756 1530 apud
771 1494 846 1522 illum
855 1493 1035 1522 confessionis

230 1545 397 1583 praeparavit
412 1541 612 1571 aditum.Unde
633 1539 801 1568 accedebant
829 1538 866 1583 ad
889 1546 952 1583 eum
980 1542 1033 1565 tam

231 1582 313 1619 senes
324 1596 405 1625 quam
412 1588 541 1623 juvenes,
554 1584 671 1613 diversis
678 1582 851 1620 passionibus
861 1582 1028 1615 laborantes,

232 1639 309 1664 tanto
337 1633 467 1662 sincerius
495 1634 594 1667 quanto
620 1628 740 1657 securius
772 1626 952 1656 conscientias
966 1634 1029 1653 suas

232 1680 271 1708 illi
286 1678 454 1716 aperientes.
464 1677 527 1711 Ipse
537 1682 602 1703 vero
610 1681 672 1702 cum
681 1679 787 1719 summa
797 1671 927 1719 charitatc
936 1678 1031 1719 omnes

227 1723 402 1760 suscipiebat,
419 1725 444 1749 et
458 1728 536 1748 more
551 1717 745 1754 sapientissimi
773 1716 872 1744 medici
901 1716 1031 1760 congruis

232 1775 373 1804 quousque
387 1763 552 1802 poenitentia:
567 1761 698 1790 remediis
712 1760 834 1789 curabat.
851 1760 903 1787 Iste
920 1759 1029 1804 veros.

228 1803 380 1844 Uldaricus,
396 1818 431 1837 ex
445 1807 542 1836 illustri
564 1805 691 1842 prosapia
717 1805 912 1832 Bannariorum
934 1803 1032 1831 Batia-

227 1863 308 1893 ponte
323 1853 439 1882 civitatis
447 1854 618 1887 procreatus,
634 1849 708 1877 velut
723 1848 820 1876 lucifer
834 1848 910 1893 inter
929 1851 1028 1875 caetera

228 1892 286 1935 poli
301 1898 404 1931 sidera,
420 1896 460 1924 sic
475 1895 544 1922 inter
557 1893 727 1930 cognationis
741 1901 798 1920 suae
812 1892 951 1920 relucebat
979 1899 1032 1919 no—

230 1943 286 1971 bile
300 1946 427 1970 stemma.
443 1941 546 1968 Caetera
559 1938 618 1974 ejus
633 1937 762 1965 virtutum
777 1937 871 1964 merita
891 1939 918 1963 et
944 1935 1032 1963 mira-

233 1987 297 2016 cula
309 1986 337 2013 in
351 1985 421 2013 libro
435 1987 575 2021 gestorum
584 1982 643 2017 ejus
653 1981 799 2015 habentur,
827 1979 958 2008 festivitas
986 1987 1034 2006 seu

231 2031 317 2067 ipsius
331 2028 490 2058 solemnitas
505 2027 578 2063 apud
593 2034 644 2054 nos
659 2025 748 2062 agitur
759 2024 866 2053 decima
876 2024 920 2052 die
930 2023 1034 2052 mensis

231 2076 305 2104 Julii.
317 2087 327 2099 η
348 2074 416 2103 Herc
426 2073 460 2101 de
469 2071 586 2100 Geraldo
598 2071 727 2106 episcopo
733 2073 882 2105 sanctoque
891 2068 1016 2097 Udalrico
1024 2088 1031 2095 .

228 2121 260 2149 Β.
277 2119 400 2147 Morandi
414 2118 475 2146 Vita
489 2115 592 2149 brevis,
608 2122 658 2143 suo
682 2118 804 2149 tempore
832 2112 922 2141 danda
950 2115 1038 2140 exstat

229 2164 259 2192 in
273 2163 441 2192 Bibliotheca
455 2159 637 2193 Cluniacensi,
649 2158 702 2186 col.
716 2158 766 2185 501
787 2161 814 2186 et
844 2156 1032 2193 sequentibus.

1093 926 1128 946 ex
1143 919 1259 946 coanobii
1275 919 1463 947 Cluniacensis
1479 921 1577 954 priore,
1595 929 1611 947 a
1627 920 1744 949 Nicoiao
1755 922 1781 948 ΙΙ
1794 922 1825 948 in
1839 929 1901 950 car-

1093 962 1225 990 dinalium
1241 964 1386 999 collegium
1403 964 1525 997 allectus,
1543 969 1568 991 et
1583 972 1656 992 anno
1678 966 1746 993 1073
1777 967 1899 994 unanimi

1094 1007 1202 1034 Patrum
1216 1015 1352 1035 consensu
1368 1016 1431 1035 cum
1446 1008 1545 1043 insrgni
1565 1009 1697 1036 Ecclesia:
1711 1010 1900 1039 emolumento

1092 1051 1217 1086 pontifex
1233 1052 1395 1086 enuntiatus,
1412 1056 1484 1080 tanta
1499 1053 1599 1080 virtute
1614 1060 1646 1081 ac
1662 1053 1723 1081 vita
1745 1055 1899 1083 sanctimo-

1092 1095 1137 1123 nia
1151 1095 1251 1123 eﬁ'ulsit
1264 1100 1293 1123 ut
1308 1096 1417 1124 nomine
1441 1096 1542 1125 exinde
1563 1101 1718 1125 sanctorum
1748 1098 1828 1126 fastis
1853 1099 1899 1126 in-

1091 1140 1191 1175 scripto
1206 1148 1268 1167 cum
1287 1140 1381 1168 iisdem
1398 1145 1424 1167 et
1432 1148 1538 1168 sacrum
1549 1141 1650 1169 cultum
1661 1142 1796 1170 obtineat.
1807 1143 1898 1171 Multa

1091 1184 1151 1219 ejus
1165 1184 1199 1211 ad
1210 1185 1238 1212 S.
1249 1185 1392 1220 Hugonem
1403 1189 1467 1212 tom.
1477 1185 1567 1213 XXVI
1576 1186 1762 1214 Conciliorum
1773 1187 1898 1222 epistola

1091 1232 1215 1260 exstant;
1232 1237 1295 1256 nam
1322 1229 1368 1256 illa
1396 1229 1425 1256 in
1454 1232 1625 1265 tempestate,
1655 1238 1737 1267 quam
1760 1236 1898 1267 perpetuo

1090 1273 1205 1301 dissidio
1220 1273 1353 1301 adversus
1368 1273 1529 1309 Gregorium
1559 1279 1586 1302 et
1613 1274 1767 1303 Ecalesiam
1796 1276 1898 1304 Henri-

1090 1325 1139 1346 cus
1154 1318 1191 1345 ΙΙΙ
1210 1318 1359 1353 imperator
1384 1318 1546 1352 concitarat,
1577 1323 1745 1355 opportunus
1773 1320 1898 1356 pontiﬁci

1090 1362 1252 1390 oonsiliarus
1269 1362 1327 1396 fuit,
1344 1366 1372 1390 et
1391 1362 1482 1390 arduis
1511 1364 1538 1390 in
1567 1372 1713 1392 commune
1740 1364 1782 1392 rei
1815 1365 1896 1393 Chri-

1090 1406 1185 1434 stianae
1200 1407 1416 1435 omolumentum
1433 1408 1581 1435 tractandis
1597 1408 1714 1443 negotiis
1729 1408 1894 1444 prtfectus:

1090 1450 1117 1478 in
1130 1450 1233 1486 quibus
1248 1454 1414 1487 quantopere
1428 1451 1550 1486 pontifex
1565 1452 1734 1479 desideraret
1749 1453 1811 1488 ejus
1826 1460 1895 1490 ope-

1090 1502 1161 1527 ram,
1178 1502 1314 1531 quamque
1328 1495 1509 1523 necessariam
1524 1503 1584 1523 eam
1611 1495 1736 1530 haberet,
1765 1497 1820 1532 Ep.
1850 1499 1893 1532 6!,

1090 1538 1138 1566 lib.
1155 1541 1180 1574 t,
1197 1539 1325 1575 exprimit
1341 1547 1348 1567 :
1367 1551 1378 1564 ιι
1395 1540 1521 1572 Proinde,
1539 1540 1673 1575 inquiens,
1688 1545 1784 1569 noscat
1797 1541 1894 1577 religio

1090 1588 1190 1618 vestra,
1205 1583 1334 1619 quoniam
1362 1584 1405 1620 qui
1423 1585 1583 1619 denegatam
1613 1585 1690 1611 nobis
1712 1586 1890 1619 praesentiam

1086 1632 1204 1656 vestram
1230 1629 1362 1656 hactenus
1389 1635 1450 1656 eum
1482 1629 1663 1656 admiratione
1698 1629 1890 1664 sustinuimus,

1086 1672 1217 1707 deinceps
1228 1672 1288 1699 sine
1297 1672 1382 1700 multa
1393 1672 1527 1700 anxietate
1538 1677 1564 1700 et
1578 1673 1676 1700 mentis
1683 1674 1890 1709 perturbatione

1088 1716 1159 1744 ferre
1172 1723 1226 1744 non
1237 1724 1390 1752 possumus.
1406 1716 1561 1744 Meminisse
1573 1716 1645 1744 enim
1658 1717 1765 1745 debetis
1784 1722 1851 1753 quot
1865 1722 1893 1746 et

1086 1765 1187 1795 quanta
1200 1760 1311 1796 negotia
1326 1760 1354 1787 in
1368 1764 1457 1788 vestra
1473 1768 1553 1788 manu
1582 1765 1609 1788 et
1636 1762 1782 1789 confratris
1806 1762 1893 1790 nostri

1087 1804 1192 1832 Giraldi
1209 1804 1342 1832 Ostiensis
1358 1804 1477 1840 episcopi
1507 1805 1691 1841 pasuerimus,
1707 1815 1769 1842 quae
1782 1810 1895 1842 propter

1089 1848 1240 1877 absentiam
1257 1853 1372 1877 vestram
1387 1853 1432 1877 aut
1446 1848 1570 1885 neglecta
1589 1853 1703 1885 pereunt
1717 1854 1764 1878 aut
1778 1858 1894 1886 compe-

1089 1896 1192 1931 tentem
1207 1892 1290 1921 tinem
1319 1893 1420 1921 habere
1434 1901 1488 1920 non
1515 1897 1641 1928 possunt.
1667 1893 1804 1928 Quoniam
1833 1903 1894 1923 cum

1090 1937 1235 1972 praefatum
1253 1936 1413 1972 episcopum
1429 1937 1455 1964 in
1471 1937 1581 1965 servitio
1596 1938 1628 1966 S.
1648 1938 1721 1965 Petri
1735 1938 1809 1966 ultra
1818 1947 1895 1967 mon-

1089 1985 1129 2009 tes
1144 1980 1180 2009 ad
1194 1988 1287 2017 regem
1303 1980 1435 2014 misimus,
1450 1989 1500 2009 vos
1514 1985 1656 2009 venturum
1671 1982 1893 2011 aastimabamus.

1091 2025 1275 2061 Quapropter,
1314 2024 1365 2053 etsi
1400 2025 1540 2060 commoti,
1573 2025 1747 2054 dilectionem
1775 2031 1895 2056 vestram

1090 2069 1185 2097 intimo
1202 2076 1407 2097 commonemus
1430 2069 1537 2104 aﬁ‘eclu,
1565 2073 1594 2097 ut
1620 2078 1669 2098 nos
1696 2070 1723 2097 in
1748 2070 1841 2099 multis
1868 2075 1896 2100 et

1091 2114 1198 2149 magnis
1213 2113 1345 2150 angustiis
1372 2113 1475 2149 positos
1491 2114 1651 2149 quantocius
1673 2114 1783 2143 visitare
1813 2123 1894 2144 cure-

1093 2158 1134 2191 tis,
1154 2170 1165 2182 »
1197 2161 1250 2186 etc.
1274 2158 1314 2185 Ita
1335 2158 1369 2185 ad
1384 2165 1444 2185 eum
1460 2162 1560 2192 praeter
1586 2158 1673 2186 multa
1686 2159 1823 2193 ejusmodi
1841 2160 1896 2188 alia

230 2208 278 2237 His
306 2206 469 2237 accensendi
489 2208 550 2232 sunt
578 2204 698 2231 illustres
739 2209 848 2238 quoque
876 2209 909 2229 ex
942 2200 1038 2229 eadem
1090 2202 1230 2237 pontifex;
1248 2203 1325 2237 cujus
1338 2210 1400 2237 quae
1415 2201 1573 2229 difficillima
1588 2207 1666 2230 erant
1688 2211 1749 2230 cum
1776 2203 1896 2232 Henrico

236 2252 331 2281 schola
344 2251 397 2280 viri
411 2250 572 2279 Goderanus
587 2247 730 2283 episcopus
750 2245 945 2280 Xuntonensis,
974 2245 1036 2272 Du-
1049 2238 1079 2271 D
1094 2247 1177 2275 modo
1191 2250 1344 2274 memorato
1359 2246 1469 2282 negotia
1488 2246 1525 2274 sic
1541 2246 1662 2275 tractavit
1689 2251 1719 2274 ut
1744 2247 1899 2283 periculosa

230 2305 334 2325 rannus
349 2294 570 2330 archiepiscopus
586 2292 747 2325 Tolosanus,
763 2293 789 2318 et
803 2290 883 2326 Ηυιο
896 2289 952 2317 dux
968 2289 1037 2316 Bur-

235 2341 344 2378 gudite;
363 2347 477 2376 quorum
492 2341 655 2374 postremus,
685 2334 795 2363 Roberti
810 2334 844 2369 ll,
874 2333 1037 2378 Burgundite

237 2377 324 2420 ducis,
340 2393 375 2412 ex
389 2383 505 2411 Henrico
521 2382 580 2417 ejus
595 2380 651 2408 ﬁlio
677 2387 775 2416 nepos,
805 2378 945 2406 sanctioris
972 2377 1038 2405 vitae

232 2430 365 2458 incensus
378 2427 524 2460 desiderio,
540 2424 702 2460 transcripto
717 2422 808 2452 Odoni
832 2422 908 2450 fratri
926 2422 1037 2456 ducatu,

238 2473 266 2501 ei
279 2473 394 2508 scilicet,
409 2471 454 2507 qui
470 2469 629 2499 Cistercium
650 2468 732 2505 paulo
759 2472 823 2503 post
849 2467 983 2501 fundavit,
1011 2466 1039 2493 in

237 2516 369 2546 Cluniaco
384 2515 434 2543 sub
449 2515 481 2543 S.
501 2514 621 2550 Hugone
634 2513 799 2541 monachum
814 2511 912 2546 induit,
921 2515 1040 2547 postque

239 2567 294 2589 tres
308 2560 411 2588 ibidem
426 2562 527 2587 sanctae
538 2566 571 2586 ac
584 2565 687 2586 severa
700 2556 764 2586 vitae
779 2564 865 2584 annos
879 2556 951 2583 diem
958 2555 1038 2590 obiit,

243 2613 315 2634 anno
331 2603 432 2632 Christi
447 2604 527 2636 1097,
538 2602 617 2636 cujus
631 2601 703 2636 apud
714 2600 906 2628 Cluniacenses
915 2600 1040 2635 sepulcro

239 2650 294 2678 hoc
308 2643 475 2685 epitaphium
492 2646 649 2682 inscriptum
663 2645 785 2681 legitur:
815 2644 863 2672 Hic
890 2644 1041 2681 requiescit

240 2695 286 2723 vir
299 2692 472 2722 celebranda
486 2690 639 2724 memoriae,
654 2697 776 2725 magnus
790 2689 888 2717 “sculi
898 2691 1041 2725 contemp-

240 2741 295 2772 tor,
311 2738 389 2773 Hugo
396 2737 456 2765 dux
471 2735 654 2772 Burgundtw,
666 2734 823 2763 monachus
833 2734 1039 2767 Cluniacensir.

237 2785 334 2819 pauca
339 2781 477 2811 sacerdos.

1092 2289 1127 2318 ad
1143 2295 1248 2326 tempus
1263 2294 1425 2326 tempestate
1439 2290 1563 2318 liberarit
1577 2290 1749 2326 pontiﬁcem;
1766 2295 1792 2319 et
1821 2291 1897 2319 Hen-

1093 2334 1189 2368 ricum,
1205 2335 1320 2362 solutum
1337 2342 1390 2370 quo
1406 2334 1547 2362 tenebatur
1568 2334 1749 2363 anathematis
1777 2336 1898 2370 vinculo,

1091 2378 1221 2407 Ecclesiae
1230 2379 1347 2407 amicum
1356 2379 1461 2407 fecerit.

1129 2424 1155 2451 ι.
1172 2424 1252 2452 Arcta
1267 2424 1292 2452 ei
1307 2423 1483 2452 necessitudo
1507 2432 1568 2452 cum
1593 2424 1622 2451 Β.
1653 2424 1732 2453 Petro
1760 2424 1897 2454 Damiano

1093 2467 1255 2502 intercessit,
1284 2469 1366 2504 cujus
1392 2467 1495 2496 litteras
1523 2468 1626 2504 aliquot
1650 2468 1686 2496 ad
1710 2477 1772 2496 eum
1795 2469 1898 2498 missas

1094 2511 1262 2541 Bibliotheca
1278 2512 1466 2541 Cluniacensis
1481 2511 1595 2549 colligit.
1613 2512 1674 2540 Fuit
1689 2516 1781 2541 autem
1797 2513 1827 2542 S.
1843 2513 1898 2542 Pe—

1095 2560 1152 2584 trus
1163 2556 1316 2585 Damianus
1331 2556 1359 2584 in
1372 2556 1510 2591 Cluniaco,
1528 2556 1620 2592 ibique
1635 2556 1671 2585 Sr
1698 2557 1824 2594 Hugonis
1847 2566 1898 2586 re—

1095 2600 1151 2628 latu
1166 2600 1300 2628 terribilia
1309 2600 1361 2629 ista
1373 2601 1501 2637 exempla
1529 2600 1632 2636 didicit,
1659 2609 1720 2636 qua
1747 2601 1900 2630 referuntur

1095 2644 1123 2672 in
1138 2644 1253 2680 epistola
1267 2647 1312 2680 15,
1327 2644 1376 2672 lib.
1393 2653 1412 2672 ιι
1428 2654 1434 2675 ;
1465 2649 1492 2672 et
1519 2644 1616 2673 eodem
1640 2645 1779 2674 hortatore
1807 2646 1899 2674 Vitam

1095 2688 1131 2716 B.
1148 2688 1272 2717 Odilonis
1287 2688 1465 2725 conscripsit;
1481 2689 1520 2717 ita
1534 2689 1607 2718 enim
1623 2689 1900 2726 Damianusloquitur

1096 2733 1125 2760 in
1139 2733 1200 2768 ejus
1214 2734 1349 2770 prologo:
1367 2745 1378 2757 «
1403 2734 1495 2770 Hugo,
1526 2733 1712 2762 Cluniacensis
1737 2734 1898 2763 monasterii

1095 2781 1183 2817 rector
1196 2780 1223 2806 et
1232 2777 1381 2814 spiritualis
1396 2778 1490 2821 milites
1503 2778 1558 2807 dux
1572 2785 1604 2807 ac
1622 2778 1778 2819 pmcipuns
1807 2778 1899 2821 infor-
