4032 6078
238 311 342 366 849

1364 316 1542 372 VITA.
1582 349 1654 359 —-
1691 319 2144 379 COMMENTAR.
2190 323 2413 378 PREV.

3436 331 3539 384 850

232 442 429 523 mater,
461 435 568 493 hoc
580 436 712 492 mihi
737 437 949 497 laboris
967 441 1202 512 injunxit
1219 450 1274 498 ut
1290 443 1468 498 Vitam
1486 443 1544 497 Β.
1569 444 1837 514 0dilonis,
1868 447 1924 509 Α
1951 456 2131 504 autem
2162 449 2304 504 illius
2333 447 2581 506 ecclesiae
2597 449 2887 507 abbatibus
2910 460 2963 507 et
2978 451 3544 523 momchis,tanquam

241 522 551 580 decessoris
581 525 832 584 videlicet
854 530 960 596 sui,
985 532 1206 602 proprio
1235 530 1377 604 stylo
1405 533 1677 589 succincte
1706 549 1839 605 per-

235 612 584 684 stringerem,
616 623 674 669 ut
701 631 766 671 ex
815 617 920 686 his,
954 635 1075 690 qum
1103 621 1159 674 in
1212 620 1570 676 anterioribus
1623 622 1841 694 paginis

236 699 400 755 latius
430 702 839 772 reperiebantur
895 721 1016 763 esse
1071 707 1283 774 diffusa,
1333 708 1558 764 utiliora
1612 726 1838 780 quaeque

235 788 525 862 magisque
552 793 863 849 necessaria
919 795 1074 851 brevi
1102 796 1427 867 compendio
1481 796 1828 854 deﬂorarem.

238 878 407 948 Cujus
433 894 538 950 ego
586 882 903 952 compulsus
931 883 1180 955 imperio,
1211 901 1320 940 non
1350 885 1608 941 luculenti
1660 903 1834 943 venu-

234 973 433 1021 statem
455 968 772 1037 aucupabor
799 970 1021 1041 eloquii,
1053 973 1152 1028 sed
1195 972 1326 1029 sicut
1380 989 1450 1028 ex
1477 973 1674 1030 oblatis
1720 976 1838 1047 api-

238 1053 394 1110 cibus
423 1055 767 1126 deprendere
795 1066 1009 1128 potero,
1041 1075 1165 1116 cum
1188 1061 1288 1117 Dei
1320 1061 1704 1132 omnipotentis
1733 1079 1836 1119 au-

236 1142 390 1210 xilio,
451 1159 587 1200 mese
640 1145 853 1203 veritati
886 1147 1167 1204 deservire
1211 1150 1456 1206 tentabo.
1490 1175 1512 1200 υ
1550 1151 1836 1208 Desiderio

242 1247 460 1303 quoque
488 1234 688 1289 abbate
704 1235 1009 1304 Casinensi,
1041 1254 1256 1293 summo
1284 1246 1477 1309 postea
1505 1239 1758 1311 pontifice
1787 1253 1840 1300 et

241 1321 458 1378 Victore
488 1320 563 1376 ΙΙΙ
592 1324 886 1395 appellato,
945 1325 1291 1382 familiariter
1341 1327 1443 1382 fuit
1493 1344 1624 1383 usus
1680 1330 1839 1400 Hugo

239 1417 457 1466 sanctus
508 1426 523 1479 ;
575 1428 701 1468 nam
755 1412 1016 1468 Casinum
1048 1414 1192 1470 circa
1220 1431 1309 1470 an.
1343 1417 1479 1471 1083
1538 1418 1837 1487 profectus,

236 1497 377 1554 inter
421 1515 552 1556 suos
579 1517 643 1555 ac
685 1501 1011 1558 Casinenses
1041 1504 1343 1560 monachos
1398 1505 1840 1561 communionem

239 1587 556 1642 meritorum
585 1605 706 1644 cum
739 1605 804 1646 eo
845 1590 1272 1665 instituithuod
1329 1592 1405 1648 ita
1428 1593 1529 1648 lib.
1560 1609 1620 1648 in
1667 1594 1842 1650 Chro-

236 1674 346 1730 nici
376 1676 704 1746 Casinensis,
735 1696 857 1752 cap.
889 1683 978 1748 50,
1011 1682 1118 1737 Leo
1161 1681 1422 1737 Ostiensis
1463 1681 1672 1752 prodit:
1702 1704 1724 1729 α
1748 1683 1843 1736 llis

1946 533 2149 589 nostris
2200 533 2472 606 episcopis
2509 542 2563 591 et
2597 535 2896 603 canonicis,
2944 543 3000 592 et
3052 536 3193 594 vivis
3223 544 3277 592 et
3317 536 3544 593 mortuis

1945 620 2273 678 faceremus.
2315 643 2338 670 ιι

2015 729 2048 799 g
2075 728 2145 783 ΙΙ.
2179 729 2582 800 Imperatorem
2626 747 2693 788 ac
2713 747 2909 804 regum
2929 749 3064 804 erga
3085 733 3158 789 S.
3188 734 3474 804 Hugonem

2371 819 2727 876 observantia
2773 821 3111 893 singularis.

2016 906 2068 959 6.
2095 904 2288 961 Saeculi
2317 905 2652 977 principibus
2695 907 2944 978 impense
2971 909 3170 966 charus
3218 910 3388 966 etiam
3443 909 3546 965 fuit

1943 994 2123 1066 Hugo.
2145 994 2222 1048 Ex
2242 994 2328 1048 his
2356 994 2620 1067 dignitate
2635 996 2841 1067 primus
2869 997 3236 1053 nominandus
3256 999 3542 1065 Henricus,

1944 1081 2238 1152 imperator
2259 1082 2419 1152 hujus
2447 1082 2685 1140 nominis
2731 1085 2799 1153 ΙΙ,
2831 1101 2926 1141 rex
2987 1086 3390 1142 Germanorum
3445 1087 3543 1152 Ill,

1944 1170 2032 1226 cui
2061 1186 2184 1226 cnm
2213 1170 2329 1242 ipse
2383 1187 2525 1227 anno
2584 1172 2718 1228 1051
2783 1195 2805 1219 α
2859 1174 2928 1229 de
2983 1174 3195 1230 reddita
3222 1175 3450 1230 sanitate
3491 1178 3549 1229 et

1947 1273 2210 1314 concessa
2223 1259 2482 1314 divinitus
2510 1260 2607 1315 lilii
2622 1259 2917 1332 adoptione
2948 1286 2971 1310 ιι
3005 1267 3151 1318 esset
3186 1278 3286 1332 per
3338 1262 3548 1318 litteras

1947 1347 2292 1418 gratulatus;
2325 1347 2505 1404 denuo
2561 1349 2741 1404 eidem
2797 1350 3044 1406 scribens
3099 1350 3412 1420 imperator,
3471 1351 3551 1407 sic

1948 1435 2218 1490 concludit
2250 1435 2537 1506 epistolam
2572 1454 2584 1490 :
2623 1458 2647 1483 α
2682 1435 2840 1505 Quod
2868 1446 3053 1493 autem
3082 1447 3133 1494 te
3164 1455 3264 1510 pro
3319 1439 3549 1510 longin-

1950 1522 2154 1594 quitate
2188 1523 2398 1579 itineris
2422 1524 2641 1598 negasti
2667 1525 2906 1596 potuisse
2935 1526 3139 1592 venire,
3181 1527 3320 1582 sicut
3368 1527 3552 1597 jussi-

1950 1627 2094 1677 mus,
2181 1627 2489 1682 quanquam
2562 1621 2835 1685 gratanter
2915 1623 3062 1669 tuum
3118 1615 3552 1686 suscepissemus

1957 1700 2269 1766 adventum,
2315 1717 2380 1755 eo
2436 1701 2766 1773 ignoscimus
2795 1705 3000 1770 tenore,
3041 1710 3099 1758 ut
3151 1701 3206 1758 in
3251 1704 3454 1759 Pascha
3481 1703 3554 1759 ad

242 1764 581 1863 temporibus
628 1767 788 1838 [iugo
842 1769 1192 1837 venerabilis,
1237 1769 1601 1826 clnniacensis
1649 1769 1833 1838 abbas,

1952 1805 2052 1843 nos
2081 1764 2362 1844 Coloniam
2393 1764 2599 1857 venias,
2625 1789 2672 1844 si
2701 1798 2781 1845 est
2808 1789 2928 1846 ﬁeri
2949 1764 3228 1862 possibile,
3263 1799 3552 1863 quatenus,

240 1853 326 1907 vir
381 1853 505 1910 vita
560 1870 624 1910 ac
678 1855 841 1912 famae
897 1857 1150 1925 celebris,
1209 1858 1279 1914 ad
1337 1858 1507 1914 Patris
1563 1858 1841 1915 Benedicti

239 1939 428 1998 limina
455 1945 690 2000 devotus
711 1945 957 2002 advenit.
997 1945 1172 2015 Quem
1201 1947 1546 2003 venerabilis
1603 1947 1840 2004 Deside-

241 2030 373 2099 rius,
405 2040 463 2086 ut
489 2039 694 2088 tantum
727 2034 956 2090 decebat
983 2035 1183 2102 virum,
1217 2050 1418 2108 magno
1460 2052 1582 2091 cum
1629 2037 1844 2092 honore

238 2119 555 2190 suscipiens,
613 2129 670 2176 et
709 2122 1020 2178 societatem
1105 2123 1546 2180 Cluniacensium
1618 2125 1843 2180 fratrum

240 2217 436 2264 nostra
463 2211 881 2282 congregationi
910 2211 1276 2284 coniungens,
1327 2212 1479 2268 initio
1531 2212 1758 2279 fcedere,
1790 2220 1847 2268 et

238 2303 438 2352 nostra:
468 2299 614 2367 apud
645 2298 769 2352 illos
797 2308 851 2354 et
880 2299 1095 2354 illorum
1109 2300 1254 2370 apud
1281 2317 1382 2355 nos
1399 2301 1845 2374 congregationis

236 2385 557 2440 memoriam
591 2394 857 2457 perpetuo
913 2387 1226 2444 habendam
1281 2389 1591 2461 singulares
1634 2390 1710 2445 illi
1739 2391 1846 2446 viri

238 2474 614 2530 decreverunt.
651 2497 673 2522 ι·

309 2583 362 2634 5.
385 2579 542 2644 Quid
579 2597 723 2636 nunc
751 2581 1050 2638 Galliarum
1079 2583 1368 2655 episcopos
1395 2584 1598 2648 dicam,
1629 2601 1728 2656 per
1783 2586 1841 2641 S.

248 2667 537 2739 Hugonem
566 2671 898 2726 monasterio
939 2671 1282 2728 Cluniacensi
1329 2672 1610 2728 devinctos
1634 2674 1663 2726 ‘?
1694 2674 1845 2728 Duos

244 2757 405 2812 nobis
431 2757 651 2814 exhibet
679 2760 946 2833 spicilegii
963 2761 1243 2816 Acheriani
1267 2770 1445 2817 tomus
1461 2763 1529 2817 Vl
1551 2763 1605 2817 in
1638 2761 1847 2818 Misce!-

242 2845 413 2900 laneis
469 2846 842 2917 epistolarum,
890 2849 1152 2904 Araldum
1183 2859 1236 2904 et
1291 2850 1694 2913 Isembardum,
1741 2866 1844 2920 per

235 2949 376 3003 quos
406 2934 692 3006 insigniter
709 2937 1096 2992 commendata
1125 2938 1843 3008 disciplina,etlocnpletata

231 3023 472 3094 quadam
501 3031 660 3079 tenus
677 3024 923 3081 Ecclesia
954 3026 1326 3082 Cluniacensis
1383 3035 1482 3083 est.
1521 3048 1543 3077 ι
1578 3027 1833 3094 Araldus,

225 3112 493 3168 Ecclesiae
519 3113 873 3168 Carnotensis
899 3114 1190 3186 episcopus
1214 3123 1266 3170 et
1296 3115 1543 3184 ejusdem
1574 3115 1838 3170 Ecclesia:
1863 3135 1912 3200 Ο

222 3200 488 3255 canonica
527 3201 858 3265 fraternitas,
888 3203 1034 3258 bona
1088 3203 1237 3258 fama
1291 3204 1547 3259 virtutum
1605 3203 1828 3258 Clunia-

215 3289 404 3344 censis
434 3289 751 3346 monasterii
779 3299 1036 3363 tanquam
1065 3292 1313 3348 ﬂorentis
1341 3292 1557 3355 hortuli,
1617 3292 1825 3346 suavis-

217 3377 365 3432 simo
392 3377 632 3433 liliorum
649 3387 813 3448 atque
840 3395 1083 3434 rosarum
1112 3380 1285 3436 odore
1301 3380 1528 3450 periisti,
1548 3389 1602 3435 et
1617 3380 1824 3434 idcirco

216 3464 482 3520 habenda:
499 3467 853 3522 fraternitatis
879 3468 1126 3536 ejusdem
1174 3469 1489 3524 monasterii
1548 3467 1822 3522 desiderio

215 3552 480 3608 divinitus
507 3555 772 3626 inspirati,
817 3555 1169 3627 praebendam
1219 3556 1514 3627 quamdam
1569 3555 1822 3610 fratribus

212 3642 468 3712 praedicti
489 3645 798 3698 monasterii
829 3644 884 3698 in
913 3652 1213 3713 perpetuos
1239 3661 1366 3698 usus
1395 3644 1700 3698 concedunt
1730 3661 1742 3696 :
1791 3666 1813 3690 ιι

209 3737 273 3784 ut
302 3730 530 3785 habetur
557 3748 706 3786 num.
739 3734 806 3786 23
842 3751 856 3794 ;
891 3731 1110 3798 deinde,
1142 3748 1291 3786 num.
1325 3733 1394 3786 2L
1428 3751 1441 3786 :
1479 3753 1503 3782 ι
1539 3731 1818 3786 Isembar-

207 3817 315 3872 dus
369 3818 547 3890 gratia
617 3820 718 3875 Dei
768 3820 1191 3875 Aurelianorum
1247 3820 1535 3891 episcopus
1590 3829 1644 3874 et
1701 3827 1814 3874 tota

209 3912 576 3978 congregatio
593 3915 794 3962 sanctae
810 3907 998 3963 Crucis
1040 3948 1054 3960 .
1105 3948 1118 3962 .
1175 3948 1188 3962 .
1236 3908 1305 3962 ab
1335 3909 1812 3978 Hugonevenera-

209 3995 310 4049 bili
340 3995 541 4049 abbate
571 3996 905 4051 Cluniacensi
924 4005 977 4050 et
1016 3996 1354 4051 sanctissima
1383 3998 1811 4068 congregatione

1951 1876 1994 1931 si
2019 1877 2280 1932 audemus
2299 1877 2498 1946 dicere,
2525 1879 2774 1934 eumdem
2803 1895 3052 1948 puerum,
3085 1896 3192 1950 quo
3221 1881 3300 1934 ita
3340 1880 3553 1936 lutatus

1951 1979 2030 2033 es,
2048 1964 2118 2019 de
2147 1980 2303 2020 sacro
2360 1963 2510 2020 fonte
2540 1965 2869 2036 susciperes,
2927 1975 2984 2022 et
3039 1966 3340 2036 spiritualis
3396 1977 3555 2038 pater

1951 2060 2058 2107 tuae
2107 2051 2494 2108 benedictionis
2549 2069 2772 2109 munere
2814 2054 3088 2126 signares,
3137 2055 3328 2126 sicque
3390 2055 3553 2110 simul

1952 2139 2151 2210 expiati
2181 2141 2455 2196 fermento
2484 2141 2826 2210 delictorum,
2889 2142 3132 2212 paschali
3211 2143 3558 2200 solemnitate

1951 2245 2261 2285 mereamur
2315 2228 2514 2301 perfrui
2587 2231 2790 2302 azymis
2855 2231 3096 2287 caelestis
3136 2229 3346 2302 gloria.
3391 2253 3414 2279 ιο
3475 2233 3555 2287 Ita

1953 2316 2152 2373 factum
2192 2333 2336 2373 anno
2364 2318 2634 2388 sequenti,
2665 2327 2718 2373 et
2746 2326 2980 2388 paterno
3009 2319 3233 2375 nomine
3287 2320 3556 2376 Henricus

1953 2411 2292 2476 nuncupatus
2348 2422 2504 2477 puer,
2562 2407 2862 2476 imperator
2917 2415 3112 2479 postea
3177 2407 3557 2479 appellationis

1951 2493 2104 2549 istius
2135 2495 2225 2561 IIl,
2276 2512 2381 2550 rex
2435 2495 2548 2557 IV;
2581 2495 2755 2563 cujus,
2787 2495 3044 2550 defuncto
3091 2503 3250 2565 patre
3304 2495 3555 2565 orphani,

1952 2587 2128 2638 mater
2153 2583 2340 2652 vidua,
2377 2606 2398 2631 ιι
2419 2582 2770 2638 dilectissimo
2791 2583 2936 2638 Patri
2958 2591 3011 2637 et
3025 2583 3177 2638 omni
3233 2583 3556 2653 acceptione

1953 2672 2120 2743 digno
2150 2671 2334 2726 abbati
2364 2671 2601 2743 Hugoni,
2625 2693 2656 2721 π
2680 2687 2822 2726 anno
2844 2672 2980 2726 1056
3009 2671 3226 2742 scripsit
3241 2670 3553 2742 epistolam,

1953 2775 2076 2829 quae
2096 2769 2178 2814 est
2207 2760 2273 2815 16
2302 2759 2357 2813 in
2416 2759 2703 2830 Spicilegii
2758 2759 3044 2814 Acheriani
3097 2759 3145 2813 ΙΙ
3195 2757 3557 2814 Miscellaneis

1952 2847 2067 2914 (ubi
2089 2847 2404 2918 praecedens
2434 2863 2651 2919 quoque
2678 2854 2736 2902 et
2782 2846 2900 2904 alie
2954 2861 3080 2902 mox
3135 2845 3366 2903 citandaa
3404 2845 3554 2902 refe-

1950 2939 2160 3004 runtur)
2190 2935 2245 2990 in
2277 2936 2419 2992 hunc
2439 2951 2658 2990 sensum
2693 2953 2708 2990 :
2736 2959 2759 2983 α
2778 2933 2923 3003 Quia
2952 2933 3016 2990 in
3037 2936 3257 2991 luctum
3285 2950 3450 2991 versa
3463 2939 3553 2991 est

1949 3023 2179 3079 cithara
2215 3025 2480 3094 mcanb
2509 3041 2642 3092 xxx,
2675 3025 2790 3094 31),
2845 3039 2948 3094 pro
3002 3023 3206 3096 gaudio
3263 3023 3548 3096 gemitum,

1949 3121 2003 3168 et
2057 3129 2156 3184 pro
2186 3112 2565 3178 exsultatione,
2598 3128 2763 3184 quam
2788 3113 2981 3169 litterae
3034 3121 3230 3167 vestrae
3287 3112 3546 3179 fecerant,

1944 3201 2122 3255 refero
2151 3200 2560 3255 lamentabilem
2592 3200 2890 3270 planctum.
2949 3201 3056 3256 Cor
3081 3207 3265 3255 tamen
3307 3215 3549 3257 marore

1943 3289 2199 3359 pavidum
2229 3287 2432 3359 refugit
2459 3304 2528 3343 ex
2547 3296 2660 3343 toto
2677 3288 2906 3343 referre.
2938 3286 3290 3358 Quapropter
3316 3297 3370 3344 et
3415 3289 3546 3360 quia

1937 3375 2098 3430 velox
2129 3376 2274 3430 fama
2305 3375 2594 3441 malorum,
2627 3383 2685 3430 ut
2704 3375 2862 3442 solet,
2893 3390 3072 3431 meum
3103 3374 3259 3432 vobis
3292 3375 3543 3430 dolorem

1932 3463 2222 3531 nuntiavit,
2259 3479 2455 3534 precor
2477 3471 2534 3518 ut
2564 3464 2863 3518 Dominum
2893 3479 3094 3530 meum,
3141 3477 3304 3533 quem
3335 3462 3540 3518 diutius

1930 3552 1984 3606 in
2017 3567 2187 3606 carne
2209 3567 2430 3607 servare
2461 3552 2726 3617 noluistis,
2746 3552 2937 3606 saltem
2968 3551 3171 3607 orando
3200 3567 3323 3606 cum
3353 3559 3534 3606 vestro

1929 3648 2196 3697 conventu
2251 3641 2567 3696 defunctum
2624 3642 2739 3696 Deo
2777 3640 3172 3696 commendatis
3205 3657 3218 3702 ;
3251 3637 3537 3712 ﬁliumque

1927 3738 2165 3785 vestrum
2196 3729 2288 3784 diu
2319 3729 2746 3784 sibihaerendem
2761 3728 2877 3784 fore
2907 3745 2972 3784 ac
2989 3729 3105 3786 Deo
3135 3728 3365 3802 dignum
3385 3728 3532 3784 obti-

1926 3819 2118 3885 neatis,
2147 3826 2201 3874 et
2229 3818 2429 3884 turbas,
2459 3820 2506 3873 si
2561 3835 2686 3891 quae
2739 3826 2927 3874 contra
2975 3833 3102 3874 cum
3131 3819 3187 3873 in
3232 3818 3430 3875 vestris
3449 3818 3530 3873 vi-

1924 3908 2062 3962 cinis
2119 3907 2364 3978 partihus
2417 3907 2573 3977 regni
2619 3907 2701 3962 sui
2758 3907 3022 3975 oriantur,
3078 3906 3244 3962 etiam
3299 3907 3528 3964 consilio

1923 3997 2114 4050 sedare
2141 3995 2420 4050 studeatis.
2445 3995 2600 4060 Vale,
2635 3997 2815 4050 Pater.
2850 4015 2876 4046 ι

1989 4086 2044 4137 7.
2103 4084 2224 4137 Non
2273 4083 2446 4138 defuit
2472 4082 2720 4151 partibus
2741 4082 2853 4136 suis
2899 4083 3079 4154 Hugo,
3117 4081 3215 4138 sed
3243 4083 3522 4152 pessimo-

1917 4187 2036 4226 rum
2093 4170 2522 4226 consiliariorum
2575 4169 2888 4224 adulatoriis
2918 4170 3366 4242 suggestionibus
3424 4172 3522 4227 de-

205 4083 316 4138 sibi
345 4084 640 4140 commissa
694 4085 892 4155 rogati,
941 4092 994 4139 ut
1051 4101 1148 4155 pro
1177 4085 1433 4139 anteriori
1490 4085 1727 4141 dictione
1757 4094 1811 4140 et

202 4172 466 4228 societate
495 4188 658 4242 quam
689 4173 919 4227 invicem
950 4173 1202 4238 inierant,
1227 4173 1578 4244 prehendam
1621 4175 1804 4243 cujus-

198 4261 332 4315 dam
363 4261 632 4326 canonici,
666 4262 910 4316 ecclesias
937 4270 990 4316 et
1025 4263 1164 4316 Petri
1185 4271 1238 4317 et
1295 4263 1553 4317 fratribus
1598 4263 1801 4317 ibidem
1915 4269 2172 4332 pravatus
2221 4258 2478 4328 paulatim
2534 4258 2797 4314 Henricus
2826 4259 2920 4325 ΙΙΙ,
2946 4259 3200 4314 Ecclesiae
3216 4258 3518 4315 libertatem

195 4349 558 4404 servientibus
587 4359 850 4419 perpetuo
867 4349 1174 4405 habendam
1203 4352 1596 4419 concederent,
1626 4374 1648 4398 ιν
1679 4393 1690 4404 .
1729 4392 1744 4407 .
1785 4397 1794 4407 .
1910 4366 1972 4403 ac
1986 4351 2106 4417 jura
2135 4347 2412 4413 violando,
2449 4361 2546 4416 per
2576 4345 2915 4401 manifestam
2968 4347 3365 4403 contumaciam
3424 4348 3514 4402 in-

193 4451 263 4492 ea
286 4438 494 4492 ratione
526 4447 849 4505 annuet-unt,
900 4447 956 4492 ut
1015 4450 1065 4492 et
1095 4440 1248 4508 ipsos
1301 4456 1424 4505 nos,
1468 4441 1644 4511 inquit
1671 4441 1798 4510 epi-
1829 4488 1880 4511 η
1911 4438 2408 4507 obedientiamque,
2440 4436 2656 4490 tandem
2687 4436 3054 4491 commeruita
3074 4435 3340 4507 Gregorio
3371 4451 3515 4506 papa

200 4488 492 4492 --ην--η
528 4488 849 4505 ----τ------τι
905 4488 955 4492 π-
1023 4488 1064 4492 ν-
1095 4488 1246 4508 τη-
1301 4488 1424 4505 -ην
1468 4488 1643 4511 "-1—--
1675 4488 1762 4510 νιι-
2839 4488 2963 4491 η
2997 4488 3039 4490 κ-
3087 4488 3248 4507 γένυν
3319 4488 3330 4490 τ
3371 4488 3393 4504 τ
3427 4488 3508 4506 τ-

190 4542 419 4595 scopus,
471 4529 524 4579 in
583 4545 678 4580 suo
717 4527 1092 4594 instrumento,
1131 4551 1152 4575 «
1187 4528 1240 4581 in
1271 4535 1606 4583 consortium
1638 4545 1795 4582 suum
1829 4488 1882 4548 Ι)
1917 4527 2007 4580 Vl]
2065 4524 2537 4587 excommunicari,
2597 4527 2649 4578 in
2707 4525 2977 4596 Augustin
3029 4525 3336 4595 principum
3376 4540 3508 4580 con-

189 4614 513 4683 reciperent,
575 4625 624 4668 rt
685 4632 1124 4685 unumquemque
1155 4618 1538 4671 cationicorum
1576 4628 1790 4671 nostro-
1908 4623 2066 4669 ventu
2099 4614 2662 4684 privandusimperio,
2701 4615 2802 4666 nisi
2835 4613 2975 4666 intra
3012 4628 3219 4667 annum
3252 4629 3376 4669 cum
3411 4614 3508 4668 Ec-

189 4719 336 4768 rum,
371 4711 629 4772 tanquam
660 4721 824 4756 unum
855 4719 922 4756 ex
955 4706 1234 4758 monachis
1267 4705 1523 4769 facerent,
1557 4714 1609 4759 et
1636 4706 1797 4759 nabis
1901 4703 2069 4757 clesia
2125 4702 2413 4756 retlivisset
2475 4703 2530 4754 in
2583 4703 2844 4770 gratiam.
2891 4701 3040 4755 Tunc
3086 4716 3205 4755 sese
3252 4701 3306 4754 in
3353 4709 3504 4757 arcto

189 4793 498 4845 orationum
531 4800 582 4844 et
627 4792 1105 4860 eleemosynmum
1137 4802 1186 4844 et
1243 4802 1563 4846 ceterorum
1619 4794 1794 4848 bene-
1899 4793 2136 4861 positum
2159 4794 2366 4853 videns,
2400 4791 2705 4861 Hugonem,
2759 4789 2917 4857 cujus
2959 4789 3185 4843 consilia
3237 4797 3288 4844 et
3333 4791 3508 4845 moni-

188 4877 457 4932 factorum
517 4894 732 4933 suorum
764 4880 1108 4948 participium
1159 4883 1347 4934 darent
1380 4899 1392 4937 :
1426 4892 1477 4935 et
1533 4882 1791 4936 uniuscu-
1903 4880 2076 4934 tiones
2129 4888 2390 4949 paternas
2447 4878 2673 4933 forsitan
2699 4879 2887 4932 audire
2936 4879 3274 4949 neglexerat,
3336 4879 3503 4951 capit

179 4967 388 5038 jusque
419 4969 801 5022 canonicorum
861 4977 1163 5023 nostrorum
1193 4969 1397 5023 obitum
1429 4979 1477 5022 et
1535 4972 1792 5026 anniver-
1899 4969 2186 5038 respicere,
2219 4967 2346 5021 etin
2381 4967 2589 5021 Italiam
2635 4982 2797 5020 causa
2843 4965 3199 5021 absolutionis
3247 4967 3501 5037 petenda

183 5056 385 5109 sarium
428 5055 607 5109 obitus
661 5057 825 5123 diem,
886 5066 1139 5126 tanquam
1193 5058 1350 5111 unius
1399 5061 1788 5112 monachorum
1901 5065 2284 5128 transgressus,
2343 5056 2536 5110 eodem
2566 5054 2957 5110 interveniente
3014 5063 3175 5124 atque
3237 5071 3335 5126 pro
3377 5055 3498 5126 ipso

184 5159 409 5199 suorum
487 5145 935 5212 claustrensium,
993 5145 1270 5214 precibus,
1329 5146 1685 5216 eleemosynis
1741 5158 1794 5204 et
1897 5146 2221 5214 spondente,
2254 5151 2579 5200 consecutus
2608 5150 2690 5198 est
2710 5143 2967 5215 gratiam,
3002 5159 3148 5198 anno
3180 5144 3335 5200 1077.
3387 5144 3498 5200 Sed

180 5232 401 5286 caeteris
429 5231 864 5287 solemnitatibus
877 5235 1318 5287 commendarent
1352 5252 1364 5295 ;
1395 5235 1438 5286 si
1473 5250 1602 5288 vero
1631 5233 1790 5288 alicui
1897 5233 2049 5288 brevi
2081 5235 2150 5288 ad
2182 5233 2454 5304 ingenium
2488 5231 2666 5300 rediit,
2700 5241 2790 5287 aut
2821 5232 3000 5303 potius
3028 5234 3360 5303 paenitentia
3391 5234 3494 5288 lar-

178 5323 572 5374 canonicorum
598 5321 834 5390 placeret
864 5323 1188 5375 monachum
1238 5321 1374 5386 ﬁeri,
1405 5322 1448 5375 si
1499 5323 1633 5376 nihil
1661 5323 1789 5376 dare
1897 5339 2018 5375 vam
2049 5323 2202 5376 exuit
2231 5321 2531 5386 simulator,
2565 5337 2632 5376 eo
2661 5337 2875 5392 quoque
2889 5337 3230 5394 progressus,
3247 5329 3338 5376 aut
3355 5321 3493 5376 anti-

179 5408 351 5462 vellet
407 5409 494 5462 vel
535 5419 746 5477 posset,
777 5409 944 5480 gratis
983 5409 1324 5479 reciperent;
1361 5416 1599 5464 nostrum
1659 5427 1788 5465 vero
1893 5427 2036 5480 papa
2066 5419 2244 5466 creato
2264 5412 2506 5464 schisma
2535 5411 3055 5480 perniciosissimum
3075 5409 3359 5477 suscitarit,
3418 5411 3490 5465 ad

181 5497 636 5566 anniversarium,
663 5501 762 5552 hoc
789 5505 872 5552 est
893 5497 1139 5567 episcOpi
1173 5507 1424 5568 tanquam
1465 5499 1680 5554 abbatis
1704 5500 1786 5554 sui
1894 5499 2182 5553 multarum
2217 5499 2517 5553 animarum
2546 5499 2774 5561 ruinam,
2799 5501 3075 5570 totiusque
3107 5497 3324 5567 imperii
3351 5513 3487 5552 con-

183 5585 431 5641 facerent
487 5594 540 5640 et
581 5603 952 5642 successorum
1011 5601 1254 5642 meorum
1319 5587 1610 5657 quotannis
1641 5602 1654 5656 ;
1689 5603 1788 5642 nos
1895 5588 2164 5644 fusionem
2183 5595 2514 5645 extremam.
2547 5588 2660 5644 Sed
2689 5587 2781 5660 qui
2809 5586 3047 5643 ﬁdelium
3075 5586 3316 5643 omnium
3329 5600 3488 5642 com-
