3956 6084
464 319 564 376 851

1557 309 1614 365 S.
1657 305 1968 364 HUGONIS
2006 305 2293 361 ABBATIS
2334 302 2654 362 CLUNIAC.

3665 304 3775 357 852

463 461 684 504 munem
711 441 917 499 Patrem
948 441 1017 496 de
1045 437 1185 496 Petri
1215 437 1344 493 sede
1374 444 1599 492 conatus
1629 442 1706 489 est
1744 433 2052 497 exturbare,
2085 431 2141 490 A
2170 429 2416 486 effectum
2449 439 2634 486 nostra
2663 428 2898 502 dirlgere
2926 431 3187 502 dignetur
3205 445 3390 501 opera,
3415 451 3438 476 η
3465 430 3558 483 illa
3578 426 3772 497 utique

467 538 583 608 ipse
614 549 644 590 a
672 533 896 605 proprio
921 530 1034 584 ﬁlio
1064 528 1296 583 Henrico
1338 526 1405 579 IV
1437 525 1680 594 dejectus
1707 523 1776 576 ab
1832 519 2060 590 imperio

469 631 554 680 est
606 638 745 677 anno
787 619 947 673 1105.
1001 618 1155 671 Tunc
1211 615 1423 672 consilii
1472 614 1646 682 inops,
1682 629 1703 662 ι
1739 609 2060 665 charissima

469 721 627 783 atque
657 708 1013 764 dilectissimo
1031 705 1170 760 Patri
1201 703 1437 774 ilugoni,
1469 710 1522 758 et
1552 699 1822 756 universis
1859 697 2063 754 sanctis

471 799 726 854 fratribus
756 794 1121 860 Cluniacensis
1149 792 1406 858 cmoobii,
1428 790 1641 845 dulcem
1659 786 1754 841 ﬁlii
1785 785 2058 848 allectum,

465 903 529 948 ac
556 887 814 944 devotum
872 882 1072 945 fratris,
1105 883 1216 937 imo
1273 881 1419 938 servi
1467 877 1807 948 obsequium,
1847 898 1869 924 ι
1903 873 2060 928 defe-

462 993 603 1043 rens,
635 974 855 1044 scripsit
882 971 1189 1043 epistolam,
1221 986 1344 1040 qum
1402 968 1455 1022 in
1508 967 1664 1022 dictis
1706 961 2064 1018 Miscellaneis

465 1074 548 1124 est
605 1063 838 1125 decima,
897 1063 1000 1116 hoc
1057 1059 1337 1115 exordio:
1395 1079 1417 1104 ιι
1480 1054 1616 1124 Quia
1665 1062 1808 1107 tuam
1844 1066 2064 1119 semper

466 1154 722 1226 pietatem
753 1160 806 1207 et
835 1158 1107 1220 paternam
1131 1162 1262 1219 erga
1292 1161 1389 1202 nos
1433 1142 1853 1199 sollicitudinem
1899 1139 2060 1195 beni-

471 1259 579 1315 gne
608 1240 816 1312 experti
844 1255 1048 1301 sumus,
1088 1237 1163 1290 ita
1193 1243 1248 1292 ut
1269 1236 1338 1290 de
1387 1231 1567 1288 multis
1595 1246 1742 1299 saepe
1785 1227 2058 1299 periculis,

465 1331 574 1390 tuis
630 1328 832 1384 sanctis
888 1325 1221 1382 orationibus
1275 1322 1563 1380 credamus
1630 1334 1726 1376 nes
1783 1318 2060 1382 liberatos,

463 1420 690 1482 idcirco,
722 1419 878 1472 Pater
905 1413 1247 1478 charissime,
1279 1413 1346 1466 ad
1370 1420 1421 1465 te
1453 1417 1572 1480 post
1601 1410 1795 1470 Deum,
1827 1405 1976 1477 quasi
1993 1405 2062 1460 ad

467 1507 742 1579 singulare
772 1504 1041 1576 refugium
1074 1500 1413 1556 necessitatis
1443 1507 1659 1562 neeum,
1692 1495 2058 1554 recurrimus;

466 1603 522 1654 et
549 1604 608 1650 ut
631 1594 776 1663 apud
805 1600 856 1648 te
884 1591 1075 1650 saltem
1107 1589 1443 1644 miseriarum
1471 1594 1773 1642 nostrarum
1810 1583 2061 1638 solatium

465 1684 832 1750 inveniamus,
861 1679 1136 1738 humiliter
1162 1678 1532 1747 deprecamur.
1560 1677 1624 1728 Et.
1669 1676 1872 1728 utinam
1903 1671 2062 1727 nobis

467 1773 803 1841 contingeret
834 1769 1032 1826 faciem
1065 1776 1208 1822 tuam
1239 1766 1541 1837 angelicam
1600 1761 1951 1831 corporaliter
1981 1760 2056 1814 vi-
2087 1783 2142 1844 Β

467 1861 617 1924 dere,
650 1867 706 1914 ut
736 1859 838 1914 tuis
865 1857 1024 1914 aliusi
1054 1856 1306 1927 genibus,
1339 1862 1499 1924 caput
1528 1859 1789 1915 nostrum,
1821 1849 1969 1921 quod
1990 1850 2060 1904 de

467 1952 618 2005 fonte
654 1947 878 2003 salutari
924 1944 1230 2012 suscepisti.
1283 1945 1338 1997 in
1367 1945 1547 2000 sinum
1606 1939 1904 1996 sanctitatis
1955 1946 2061 1992 tum

467 2037 808 2096 familiariter
834 2050 1118 2105 possumus
1145 2032 1436 2098 reclinare,
1467 2031 1654 2100 ibique
1707 2035 1927 2098 peccata
1955 2041 2060 2082 uo-

463 2135 573 2185 atra
603 2124 872 2190 deﬂendo,
924 2120 1326 2178 multitudinem
1383 2119 1787 2176 tribulationum
1845 2123 2060 2174 nostra-

464 2229 588 2273 rum
642 2229 741 2284 per
781 2211 1044 2270 ordinem
1077 2225 1328 2264 enarrare
1363 2207 1375 2262 Ι
1413 2229 1436 2259 ι
1472 2207 1533 2264 Id
1585 2219 1714 2262 vero
1740 2220 1864 2261 cum
1889 2206 1946 2259 in
1964 2204 2064 2260 hoc

462 2301 690 2373 epistola
719 2300 915 2356 ditl'use
943 2297 1466 2365 lamentabiliterque
1487 2295 1720 2359 fecisset,
1752 2291 1968 2348 tandem
1987 2292 2064 2348 sic

465 2390 738 2449 concludit
769 2407 783 2443 :
822 2413 843 2437 -
880 2387 988 2443 Sed
1013 2388 1127 2456 jam
1187 2394 1400 2454 tempus
1453 2392 1533 2439 est
1556 2392 1660 2438 tam
1694 2382 1872 2452 longe)
1901 2379 2065 2436 mise-

463 2480 666 2536 riarum
694 2485 997 2532 nostrarum
1029 2474 1312 2543 tragmdize
1342 2471 1506 2528 finem
1537 2472 1840 2540 imponere,
1900 2483 2061 2540 quam

379 2549 385 2554 -
467 2567 676 2624 idcirco
713 2573 836 2631 tum,
870 2566 1033 2621 Pater
1060 2561 1449 2627 amantissime,
1479 2559 1662 2630 pietati
1720 2557 1921 2614 deﬂere
1971 2572 2065 2612 ou-

460 2655 718 2719 ravimus,
751 2653 878 2724 quia
905 2652 961 2708 in
1011 2653 1128 2707 Deo
1185 2659 1237 2705 et
1288 2649 1425 2705 inte
1464 2661 1660 2722 magna
1690 2656 1743 2706 et
1769 2643 2064 2717 singularis

461 2750 692 2813 spesest
719 2739 877 2796 nobis
904 2737 1117 2797 consilii
1145 2744 1200 2796 et
1229 2735 1420 2794 auxilii
1463 2737 1649 2792 salutis
1695 2743 1748 2793 et
1803 2732 2065 2789 libertatis

465 2838 691 2886 nostrae.
717 2829 874 2885 Unde
902 2835 1014 2884 toto
1043 2825 1240 2884 aﬂ‘ectu
1270 2834 1322 2880 ct
1349 2825 1622 2881 desiderio
1656 2824 1845 2890 animi,
1891 2829 2064 2878 totum

464 2916 753 2973 consilium
792 2923 1032 2972 nostrum
1064 2923 1170 2971 tum
1206 2913 1334 2971 ﬁdei
1391 2912 1798 2980 committimus,
1828 2919 1882 2966 et
1900 2909 2067 2981 quid-

469 3006 600 3078 quid
659 3005 728 3061 de
757 3011 967 3068 nostra
1015 3019 1150 3068 ,cum
1234 3002 1533 3075 apostolico
1604 3000 2061 3065 reconciliatione,

467 3095 733 3167 quidquid
778 3095 853 3151 de
897 3109 1033 3163 pace
1089 3098 1145 3149 et
1195 3091 1402 3148 unitate
1450 3099 1646 3146 sancte
1673 3091 1931 3145 Romana:
1961 3088 2069 3142 Ec-

465 3183 666 3250 clesiae,
695 3184 852 3240 salvo
882 3182 1094 3238 honore
1117 3188 1320 3248 nostro,
1353 3179 1666 3242 faciendum
1700 3193 1820 3234 esse
1873 3177 2066 3232 decre-

465 3273 632 3340 veris,
664 3278 837 3328 totum
874 3286 975 3326 nos
1031 3269 1304 3326 factuoros
1356 3268 1471 3324 sine
1508 3268 1676 3323 dubio
1722 3267 1835 3322 Deo
1867 3265 2067 3335 tibique

469 3361 859 3431 promittimus.
886 3359 1108 3414 Festina
1161 3371 1312 3429 ergo,
1348 3359 1506 3414 Pater
1545 3355 1888 3416 charissima,
1914 3352 2072 3408 nobis

471 3450 773 3515 consulere,
810 3464 910 3505 nec
940 3456 991 3504 te
1022 3447 1302 3516 pmniteat,
1329 3459 1660 3516 quaesumus,
1679 3444 1776 3499 etsi
1835 3459 1944 3498 non
1973 3458 2071 3512 pro

473 3537 569 3594 ﬁlii
601 3538 942 3601 liberatione,
973 3537 1103 3606 quia
1130 3535 1478 3604 peccavimus
1508 3534 1562 3589 iu
1589 3535 1788 3589 emlum
1809 3542 1864 3588 et
1888 3548 2072 3588 coram

473 3634 527 3682 te
557 3625 723 3698 (Luc.
755 3641 852 3690 xv,
902 3626 1016 3694 tt).
1040 3623 1236 3681 saltem
1292 3636 1394 3693 pro
1449 3623 1775 3679 mercenarii
1805 3623 1877 3678 tui
1901 3621 2073 3678 salute

478 3714 750 3770 laborare.
787 3734 812 3764 ι

507 3842 510 3845 -
550 3803 602 3856 8.
637 3802 798 3858 Hisce
829 3818 925 3872 per
953 3804 1250 3858 monachos
1285 3802 1670 3857 Cluniacenses
1712 3799 1936 3856 directis
1966 3814 2076 3855 non

478 3896 782 3955 contentus,
811 3906 998 3946 rursus
1026 3891 1180 3959 alias,
1209 3891 1414 3946 ibidem
1446 3889 1839 3960 subsequenter
1891 3889 2078 3960 legen-

479 3979 600 4046 das,
632 3979 841 4034 addidit
877 3995 976 4050 per
1001 3980 1136 4035 alios
1164 3979 1405 4047 nuntios,
1438 4002 1460 4028 ι
1495 3978 1779 4051 quidquid,
1811 3977 2078 4046 lioetpec-

481 4076 635 4124 cator
664 4077 843 4124 tamen
873 4068 1163 4138 spiritualis
1193 4067 1356 4134 filius,
1415 4068 1665 4124 devotius
1721 4075 1775 4122 et
1827 4065 2080 4120 humilius

478 4164 712 4227 poterat,
779 4173 879 4213 suo
932 4158 1422 4214 desiderantissime
1452 4164 1506 4211 et
1535 4155 1735 4211 dilecto
1788 4155 1930 4209 Patri
1986 4170 2081 4223 ap-

483 4261 712 4316 precans
744 4265 760 4312 ;
793 4247 988 4316 quibus
1001 4259 1206 4301 rursum
1230 4247 1344 4314 ejus
1370 4243 2077 4316 paternitatissanctitatem,

483 4332 630 4388 velut
661 4332 1000 4402 publicanus,
1049 4341 1391 4402 peccatorum
1421 4347 1644 4386 suorum
1680 4329 1972 4401 refugium,
2007 4337 2079 4394 et,

485 4429 545 4476 ut
573 4421 897 4492 naufragus,
929 4421 1116 4476 salutis
1143 4429 1380 4490 portum,
1401 4419 1898 4476 desiderantissime
1918 4418 2083 4472 devo-

2096 3135 2147 3200 C

2169 520 2237 575 de
2267 519 2475 590 quibus
2506 520 2558 573 in
2588 517 2784 573 eadem
2801 520 3028 590 epistola
3048 519 3124 573 sic
3141 528 3255 574 erat
3273 517 3568 589 pollicitus.
3605 539 3630 566 ε
3666 519 3780 573 Νο-

2170 613 2281 662 tum
2310 609 2538 666 facimus
2560 609 2834 663 serenitati
2865 616 3058 666 vestrm
3087 608 3231 679 quod
3260 623 3361 678 pro
3415 607 3778 676 reparatione

2168 697 2683 766 ecclesiarum,quai
2715 696 2914 751 nostris
2957 697 3313 768 temporibus,
3371 697 3577 751 nostris
3632 709 3774 766 pec-

2169 787 2322 853 catis,
2356 787 2458 840 heu
2491 787 2501 839 l
2534 793 2870 850 sonuerunt,
2903 786 3154 841 omnibus
3183 785 3378 850 modis,
3413 791 3576 856 prout
3625 785 3776 838 Deus

2169 877 2312 932 vires
2345 875 2578 942 dederit,
2614 875 2864 930 volumus
2894 875 3166 938 laborare,
3213 883 3265 932 et
3321 874 3465 928 sanis
3520 873 3776 930 censiliis

2169 965 2416 1020 omnium
2440 965 2704 1018 bonorum
2731 961 2931 1020 smodo
2975 965 3342 1034 acquiescere,
3392 964 3438 1017 si
3471 978 3580 1033 quo
3607 962 3774 1016 modo

2169 1055 2449 1109 valeamus
2469 1053 2716 1123 dispersa
2744 1049 3024 1125 colligere,
3056 1061 3110 1108 et
3169 1053 3373 1107 hiantia
3400 1065 3583 1108 cuneo
3618 1049 3773 1105 schi-

2171 1139 2352 1197 smatis
2407 1141 2620 1197 unionis
2665 1141 2885 1213 glutino
2941 1141 3263 1208 coadunare,
3317 1145 3482 1212 atque
3550 1140 3772 1193 ruinam

2170 1230 2449 1296 Ecclesiae,
2504 1245 2628 1300 quae
2665 1245 2762 1300 per
2791 1245 2890 1285 nos
2919 1231 3062 1285 facta
3091 1237 3196 1296 est,
3250 1230 3401 1299 pacis
3446 1235 3500 1284 et
3550 1229 3777 1296 justitite

2170 1317 2558 1372 instauratione
2585 1331 3028 1387 recompensare.
3083 1317 3352 1372 Praeterea
3392 1314 3776 1387 signiﬁcamus

2170 1405 2348 1469 vobis,
2381 1405 2524 1476 quod
2545 1405 2588 1459 si
2621 1405 2733 1460 Deo
2755 1405 2988 1475 pr0pltio
3033 1417 3270 1476 regnum
3327 1411 3378 1458 et
3409 1403 3774 1458 sacerdotium

2170 1493 2226 1548 in
2281 1509 2448 1548 unum
2497 1493 2815 1565 recolligere
2853 1495 3170 1564 poterimus,
3229 1501 3355 1564 post
3396 1491 3774 1548 conﬁrmatam

2170 1596 2360 1654 pacem
2391 1583 2467 1637 ire
2491 1581 2789 1637 Jerusalem
2811 1583 3168 1652 disponimus,
3201 1589 3254 1637 et
3281 1581 3471 1636 videre
3525 1585 3773 1636 sanctam

2169 1679 2368 1726 terram
2400 1670 2453 1725 in
2483 1687 2591 1740 quo
2623 1671 2886 1725 Dominus
2908 1681 3098 1726 noster
3125 1669 3176 1724 in
3207 1684 3370 1726 carne
3417 1671 3572 1726 vtam
3601 1675 3688 1726 est
3723 1677 3774 1724 et

2171 1775 2298 1816 cum
2329 1759 2646 1816 hominibus
2663 1764 3025 1816 conversatus
3042 1765 3126 1816 ut
3143 1757 3482 1828 (Barttchm,
3502 1759 3620 1828 88),
3655 1759 3776 1831 ipso

2169 1850 2404 1921 propitio
2431 1849 2590 1903 valde
2617 1846 3004 1919 desideramus,
3065 1855 3124 1903 ut
3181 1849 3254 1904 ibi
3299 1848 3616 1918 expressius
3645 1863 3771 1903 eum

2169 1938 2479 2004 adoremus,
2505 1936 2597 1992 ubi
2627 1950 2750 1992 eum
2783 1938 2988 2008 alapas,
3049 1945 3228 2009 sputa,
3259 1936 3496 2010 ﬂagella,
3529 1953 3768 2003 crucem,

2170 2035 2422 2094 mortem,
2481 2025 2808 2097 sepulturam
2838 2041 3058 2096 passum
3100 2037 3218 2081 esse
3235 2041 3336 2098 pro
3380 2026 3545 2082 nobis
3566 2039 3768 2098 cogno-

2169 2116 2369 2172 vimus.
2416 2139 2436 2163 η
2472 2117 2600 2171 Htec
2628 2114 2740 2177 ille,
2771 2129 2912 2184 quas,
2940 2125 2994 2169 ut
3013 2112 3464 2183 notatBaronlus,
3501 2131 3527 2162 υ
3559 2114 3778 2184 aliaque

2170 2209 2401 2274 possent
2429 2203 2666 2259 hominis
2696 2203 2932 2259 maxime
2964 2204 3040 2274 pii
3068 2204 3308 2258 animum
3338 2204 3646 2268 insinuare,
3676 2203 3776 2258 sed

2171 2293 2319 2365 quod
2340 2293 2418 2350 sio
2472 2300 2822 2363 comparatus
2871 2301 3030 2360 esset,
3089 2299 3148 2348 ut
3172 2307 3294 2348 cum
3351 2292 3774 2362 deprimeretnr,

2174 2390 2297 2437 tunc
2350 2381 2578 2436 subdole
2634 2383 2704 2437 ad
2764 2380 3062 2436 fallendum
3109 2381 3213 2436 sibi
3290 2381 3498 2436 larvam
3556 2380 3778 2450 pietatis

2170 2470 2468 2537 induceret,
2526 2485 2688 2540 quam
2736 2485 2866 2524 mox
2925 2470 3236 2540 deponeret,
3281 2483 3407 2524 cum
3458 2469 3604 2538 quod
3634 2474 3781 2524 esset

2171 2566 2399 2618 conatus
2453 2557 2724 2626 effecerat,
2777 2558 2904 2626 jure
2967 2559 3276 2632 meritoque
3321 2573 3415 2614 eos
3471 2571 3609 2628 quos
3666 2573 3776 2628 ap-

2174 2647 2396 2718 pellavit
2446 2655 2704 2716 patronos
2785 2655 3025 2712 sanctos,
3083 2656 3170 2702 est
3241 2655 3496 2718 expertus
3547 2647 3777 2711 ultores,

2172 2743 2347 2792 morte
2393 2735 2674 2806 repentina
2702 2734 2964 2792 multatus
3002 2750 3146 2792 anno
3176 2737 3335 2802 1106,
3383 2749 3438 2790 tv
3489 2733 3618 2790 fdus
3662 2737 3778 2789 Au-

2173 2824 2338 2895 gusti.
2375 2847 2396 2872 υ

2246 2918 2297 2967 9.
2331 2912 2606 2970 Credibile
2633 2921 2714 2969 est
2745 2913 2982 2984 Philippi
3014 2912 3260 2969 Franci.
3289 2911 3440 2984 regis
3492 2911 3776 2984 pmniten-

2175 3001 2304 3059 tiam
2352 3001 2701 3058 sinceriorem
2779 3001 2990 3072 fuisse;
3023 3002 3117 3073 qui
3162 3002 3232 3058 ab
3289 3002 3504 3058 incesto
3587 3002 3782 3058 decem

2176 3105 2442 3146 annorum
2497 3091 2751 3160 pellicatu
2780 3092 3005 3148 tandem
3036 3091 3270 3148 Parisius
3327 3092 3611 3146 absolutus
3639 3107 3782 3146 anno

2178 3179 2336 3244 ttot,
2367 3194 2476 3234 non
2507 3187 2649 3235 metu
2680 3181 2882 3236 terreni
2913 3181 3132 3251 imperii
3161 3181 3463 3247 amittendi,
3522 3180 3621 3235 sed
3676 3195 3783 3234 cm-

2177 3267 2324 3322 lestis
2375 3269 2580 3323 certius
2626 3269 2994 3338 consequendi
3052 3269 3346 3335 desiderio,
3389 3290 3412 3318 α
3447 3269 3524 3324 ad
3576 3270 3682 3324 hoc
3725 3284 3786 3323 se

2178 3371 2287 3412 non
2315 3357 2645 3426 dedignatus
2673 3364 2758 3412 est
2793 3358 3071 3426 inclinare,
3103 3367 3160 3413 ut
3189 3357 3334 3428 quod
3360 3365 3532 3412 restat
3558 3360 3785 3426 tempo-

2181 3445 2254 3498 ris
2278 3444 2582 3512 nobiscum,
2648 3469 2670 3496 υ
2704 3446 2878 3516 inquit
2935 3446 2997 3501 S.
3057 3448 3217 3518 Hug‘o
3243 3446 3444 3514 (eidem
3474 3445 3788 3501 rescribam

2181 3532 2413 3601 epistola
2444 3535 2533 3600 18,
2560 3533 2616 3587 in
2644 3535 2938 3604 prmcitatis
2994 3535 3380 3605 Miscellaneis)
3423 3557 3446 3584 ι
3492 3533 3790 3590 unanimen

2182 3635 2247 3676 ac
2295 3621 2622 3677 concordem
2654 3623 2844 3678 vivere
2873 3623 3017 3680 velle
3049 3625 3308 3680 fateretur
3339 3661 3352 3677 .
3390 3663 3402 3676 .
3441 3665 3453 3677 .
3494 3662 3510 3678 .
3547 3622 3614 3677 Et
3642 3637 3788 3694 quo-

2182 3708 2347 3776 niam,
2381 3710 2558 3780 pergit
2581 3709 2724 3766 idem
2745 3712 2926 3783 Hugo,
2961 3714 3348 3781 Deusjanuam
3392 3713 3553 3768 nobis
3610 3712 3786 3767 dulcis

2185 3797 2591 3864 familiaritatis,
2652 3799 2724 3853 ad
2775 3816 2874 3855 vos
2913 3801 2982 3856 de
3010 3817 3069 3856 se
3095 3801 3485 3872 alloqueudum
3514 3801 3734 3872 aperuit
3775 3822 3793 3869 -,

2185 3902 2328 3942 nunc
2350 3886 2508 3942 vobis
2536 3887 2772 3956 primum
2807 3889 3100 3960 aperimus.
3152 3891 3297 3961 quod
3353 3890 3424 3946 de
3463 3891 3624 3946 vobis
3674 3903 3790 3946 non

2186 3989 2327 4030 nunc
2372 3976 2609 4043 primum
2646 3976 2889 4048 cogitare
2918 3979 3185 4049 capimus
3205 3984 3262 4034 et
3278 3986 3490 4050 optare,
3535 3985 3599 4033 ut
3642 3992 3783 4048 pm-

2185 4063 2492 4132 peusiorem
2513 4063 2769 4120 aﬂ‘cctum
2795 4074 2851 4121 et
2878 4067 3230 4124 intentionem
3274 4071 3536 4138 majorem
3587 4067 3793 4122 amodo

2186 4151 2432 4206 habeatis
2487 4153 2558 4207 ad
2621 4153 2850 4209 bonum.
2904 4155 2987 4209 Ad
3035 4171 3245 4224 verum,
3278 4156 3423 4224 dico,
3466 4157 3793 4221 bonum,ad

2185 4252 2454 4294 summum
2473 4241 2732 4308 bonuum,
2751 4243 2893 4312 quod
2913 4245 3056 4298 Deus
3082 4253 3190 4300 est.
3212 4244 3260 4299 Ο
3277 4259 3475 4316 magna
3491 4245 3687 4310 amice,
3709 4258 3794 4300 re-

2187 4329 2491 4384 cordamini
2507 4331 2634 4400 quia
2652 4347 2739 4386 me
2755 4333 3049 4403 aliquando
3078 4333 3552 4405 interrogastis,an
3569 4334 3791 4403 aliquis,

2192 4432 2430 4487 unquam
2462 4419 2532 4474 de
2558 4419 2785 4490 regibus
2816 4420 2990 4474 factus
3021 4429 3100 4474 est
3128 4424 3448 4476 monachus.
3485 4422 3793 4492 Respondi,

492 4509 638 4565 tione
686 4491 1008 4578 deposceret
1061 4516 1116 4564 et
1165 4510 1222 4564 in
1267 4509 1412 4564 illius
1465 4509 1691 4564 consilio
1745 4507 2085 4576 aliorumque
2111 4491 2165 4553 D
2193 4507 2375 4559 etiam.
2409 4507 2518 4562 Sed
2551 4508 2653 4563 etsi
2683 4509 2751 4562 de
2781 4509 2929 4563 nullo
2956 4509 3064 4565 alio
3080 4511 3211 4565 certi
3232 4525 3498 4580 essemus,
3532 4512 3704 4566 solius
3733 4512 3794 4566 S.

490 4598 878 4670 religiosorum
907 4599 1179 4663 virorum,
1214 4613 1350 4669 quos
1378 4597 1448 4651 ad
1481 4597 1584 4653 hoc
1613 4596 1813 4651 habere
1841 4595 2022 4657 vellet,
2056 4619 2080 4638 ιο

493 4694 659 4742 totam
697 4703 917 4742 causam
959 4704 1018 4742 se
1047 4701 1248 4757 ponere
1276 4686 1616 4756 proﬁteretur
1652 4685 1888 4740 facturus
1941 4683 2086 4753 quod

488 4775 583 4830 ille
612 4775 954 4844 disposuerit.
989 4776 1238 4846 Denique
1265 4776 1434 4830 tertiis
1461 4775 1676 4841 litteris,
1693 4774 1874 4829 testari
1904 4772 2090 4827 volens

497 4879 650 4934 spem
695 4865 1082 4920 misericordias
1138 4865 1336 4920 divina:
1378 4863 1776 4934 consequendae
1833 4860 2091 4931 exemplo

500 4952 688 5022 populi
721 4953 1024 5021 lsraelitici,
1058 4975 1081 5001 υ
1116 4953 1204 5024 qui
1238 4968 1470 5022 peccans
1500 4968 1532 5006 a
1564 4952 1796 5007 Domino
1818 4949 2090 5021 punieba-

499 5051 603 5106 tur,
649 5042 917 5108 pmnitens
972 5042 1176 5112 dignua
1223 5042 1376 5097 venia
1418 5041 1780 5110 judicabatur,
1835 5039 1929 5093 diu
1986 5048 2087 5103 est,

499 5127 690 5198 inquit,
717 5129 858 5194 quod
883 5127 1157 5186 inﬁrmum
1190 5140 1441 5196 vestrum,
1473 5131 1613 5183 sicut
1650 5128 1926 5186 solebatis.
1983 5143 2091 5180 non

501 5216 777 5278 visitastis,
809 5224 862 5270 et
899 5217 1042 5286 quod
1074 5217 1508 5272 adhortationum
1556 5227 1608 5271 et
1661 5216 2090 5273 consolationum

500 5305 753 5360 fomentis
777 5304 1062 5359 contritum
1118 5314 1356 5360 vestrum
1404 5322 1510 5361 non
1561 5305 1806 5362 curastis.
1842 5327 1864 5353 ι
1900 5304 2091 5358 Postea

505 5406 654 5462 vero,
676 5408 774 5463 per
803 5408 990 5463 preces
1010 5394 1183 5462 ipsius
1198 5402 1358 5465 atque
1401 5395 1834 5450 Cluuiacensium
1867 5395 2091 5448 fratrum

502 5482 874 5538 commendari
914 5482 1029 5538 Deo
1084 5491 1254 5552 optat,
1291 5506 1314 5531 α
1349 5492 1405 5537 ιιι
1435 5483 1525 5552 qui
1558 5499 1676 5550 nos,
1709 5483 1901 5554 inquit,
1933 5484 2093 5540 bonae

504 5570 795 5626 voluntatis
848 5579 1109 5639 prmventt
1145 5571 1531 5642 misericordia,
1618 5574 1688 5626 ad
1763 5573 2093 5628 fructuosum

2195 4595 2520 4648 Guutramni
2575 4595 2902 4652 Francorum
2940 4598 3084 4669 regis
3129 4599 3439 4669 exemplum
3495 4599 3794 4666 sufﬁceret,

2194 4681 2308 4750 qui,
2342 4681 2542 4737 relictis
2569 4684 2750 4738 saeculi
2780 4687 2998 4756 pompis
3018 4695 3071 4740 et
3093 4687 3477 4742 vanitatibuset
3497 4687 3798 4754 illecebris,

2195 4771 2367 4824 factus
2405 4779 2486 4826 est
2539 4774 2834 4827 monachus
2865 4813 2879 4827 .
2919 4816 2930 4828 .
2963 4813 2978 4829 .
3015 4816 3027 4829 .
3061 4777 3274 4830 liloveat
3321 4777 3485 4830 etiam
3564 4790 3666 4831 vos
3739 4793 3806 4834 ac

2197 4864 2496 4928 perterrent
2566 4863 3054 4931 contemporalium
3112 4863 3522 4934 vicinarumque
3580 4873 3804 4922 vosuo-

2198 4962 2337 5014 rum,
2369 4947 2633 5002 Willelmi
2660 4949 2780 5004 dico
2812 4951 3112 5021 Anglorum
3141 4953 3287 5022 regis
3309 4953 3591 5007 etHenrici
3613 4954 3806 5023 hope.

2197 5035 2413 5103 ratoris,
2448 5036 2808 5092 lamentabilis
2840 5055 3002 5093 casus
3030 5042 3484 5112 plangendusque
3511 5042 3806 5108 interitus;

2200 5140 2427 5192 quorum
2457 5125 2591 5179 alter
2619 5126 2779 5182 unius
2802 5127 3016 5197 sagitta
3044 5130 3168 5194 ictu,
3200 5145 3312 5184 non
3343 5131 3394 5182 in
3427 5129 3592 5195 bello,
3624 5133 3804 5186 sedis

2199 5210 2388 5278 bosco,
2422 5222 2693 5268 momento
2724 5215 2985 5283 temporis
3015 5216 3217 5270 interiit
3247 5216 3576 5276 ;alteriutar
3601 5220 3810 5274 multos

2199 5314 2433 5371 angores
2459 5317 2765 5372 gravesque
2787 5319 3080 5369 aerumnas,
3107 5320 3244 5374 quas
3301 5305 3395 5358 diu
3445 5305 3805 5362 sustinuerat.

2199 5405 2388 5459 nuper,
2414 5393 2554 5444 sicut
2587 5406 2684 5445 vos
2705 5391 2978 5447 audivisse
3001 5393 3109 5461 jam
3141 5393 3442 5461 credimus,
3499 5393 3737 5450 defecit.
3777 5414 3802 5448 s

2199 5476 2333 5544 Quae
2361 5479 2632 5533 credimus
2658 5479 2775 5548 ipso
2803 5495 2912 5550 quo
2939 5481 3205 5538 Henricus
3233 5481 3370 5536 obiit
3393 5497 3536 5537 anno
3573 5483 3802 5554 scripta.

2201 5567 2321 5622 Rex
2375 5576 2552 5623 autem
2609 5568 2918 5624 Willelmus
2973 5571 3070 5640 (uti
3149 5570 3212 5624 21
3272 5571 3471 5641 Aprilis
3517 5572 3591 5626 ad
3623 5572 3806 5627 Vitam
