4032 6078
272 256 375 312 853

271 463 371 531 lib.
402 480 461 538 Il,
494 486 647 529 num.
680 476 770 543 43)
800 476 1009 532 obierat
1040 493 1184 534 anno
1216 483 1375 549 1100,
1412 494 1597 536 mense
1627 463 1873 538 Octobr-ii

270 558 354 614 Dc
380 567 633 617 extrema
670 563 727 617 S.
762 564 1081 621 Guntramni
1131 575 1287 624 atate
1318 583 1490 640 pauca
1520 571 1765 641 quaedam
1814 586 1881 626 ex

277 648 602 722 Fredegario
631 651 918 722 habemus,
953 656 1162 727 prolata
1194 659 1260 713 ad
1293 662 1358 713 28
1390 661 1579 727 Martii,
1603 661 1657 714 in
1687 662 1882 731 quibus

276 735 405 801 licet
438 739 582 797 nulla
610 741 681 798 sit
709 744 912 800 mentio
941 746 1319 815 monachatus,
1351 750 1480 805 satis
1509 756 1687 806 tamen
1715 762 1877 805 vero-

278 825 457 889 simile
512 844 632 889 esse
687 831 982 901 credimus,
1032 836 1178 905 quod
1234 836 1277 891 si
1324 836 1382 895 in
1436 838 1770 896 monasterio
1816 839 1873 894 S.

275 915 540 984 Marcelli,
586 918 643 975 in
689 936 798 990 quo
843 923 1086 994 sepultus
1121 924 1334 993 colitur,
1384 926 1546 983 etiam
1594 927 1878 997 aliquanto

277 1012 531 1076 tempore
582 1008 718 1068 vixit
762 1018 819 1066 et
857 1010 1011 1081 obiit,
1043 1013 1234 1069 saltem
1280 1014 1335 1070 in
1366 1016 1663 1073 monasticae
1692 1017 1875 1073 habitu

272 1093 504 1166 abierit;
536 1096 672 1153 sicut
714 1100 859 1169 apud
917 1101 1258 1159 Prumienses
1307 1103 1616 1174 imperator
1670 1107 1872 1161 Letha-

270 1183 407 1254 rius,
450 1200 573 1243 cum
603 1187 706 1245 hac
734 1196 914 1246 tamen
951 1190 1275 1261 diﬂ‘erentia,
1308 1194 1455 1264 quod
1495 1195 1637 1250 hunc
1666 1203 1872 1251 constet

271 1271 499 1345 imperio
521 1275 812 1348 iregcoque
864 1279 1093 1337 cessisse
1139 1298 1238 1352 per
1275 1282 1728 1339 renuntiationem
1766 1298 1872 1354 pu-

271 1359 516 1433 blicam;
547 1363 616 1423 de
643 1364 985 1423 Guntramno
1015 1369 1151 1425 nihil
1207 1371 1315 1428 tale
1360 1371 1590 1444 legatur.
1624 1374 1752 1429 Utut
1780 1374 1869 1437 sit,

269 1452 523 1523 exemplo
566 1453 658 1512 tali
698 1455 862 1526 Hugo
905 1457 1091 1527 utitur,
1124 1460 1474 1533 hertatusque
1520 1477 1709 1533 regem
1745 1485 1765 1511 ι
1799 1462 1870 1518 ad

271 1554 463 1597 veram
514 1543 888 1613 pcnnitantiam
961 1555 1012 1605 et
1077 1550 1489 1606 convertionem
1554 1551 1868 1621 perfectam,

267 1643 390 1698 quae
418 1646 518 1688 nec
548 1631 779 1690 liciiiori
811 1651 911 1693 nec
948 1638 1164 1694 certiori
1198 1638 1285 1695 via
1325 1640 1493 1710 possit
1534 1639 1873 1711 apprehendi

268 1733 433 1826 quam
464 1722 784 1781 monachica
805 1725 1169 1793 professione,
1205 1749 1228 1775 υ»
1276 1727 1359 1783 sic
1393 1729 1619 1784 demum
1646 1730 1871 1789 conclu-
1898 1767 1951 1826 Β

270 1807 352 1867 dit
381 1825 394 1867 :
432 1832 453 1857 ‹‹
486 1809 629 1869 Ecce
657 1813 938 1884 principes
963 1815 1358 1885 apostolorum,
1385 1818 1601 1887 judices
1636 1819 1872 1890 impera»

271 1903 448 1956 torum
503 1907 558 1957 et
610 1914 806 1973 regum
843 1906 897 1959 ct
936 1903 1110 1970 Orbis,
1143 1906 1315 1976 parati
1345 1913 1469 1962 sunt
1498 1908 1744 1978 recipere
1770 1926 1873 1965 vos

275 1984 332 2040 in
381 1987 605 2045 domum
648 2006 800 2047 suam
849 1991 989 2048 hanc
1023 1993 1455 2059 Cluniacenscm.
1488 2012 1649 2068 quam
1694 1998 1873 2053 Patres

273 2076 444 2133 nostri
507 2078 714 2148 asylum
767 2080 1097 2151 pwnitentiae
1154 2084 1588 2142 nominaverunt.
1648 2087 1715 2141 Et
1773 2102 1874 2142 nos

274 2164 445 2236 parati
494 2181 683 2224 sumus
737 2182 836 2225 vos
876 2174 934 2228 ut
981 2185 1173 2243 regem
1202 2172 1422 2241 habere,
1455 2182 1513 2229 ut
1539 2184 1727 2247 regem
1758 2184 1873 2231 tra-

272 2264 581 2316 ctare.....
620 2280 643 2306 ι

345 2377 432 2430 to.
467 2372 733 2430 Caeterum
763 2375 882 2432 haec
913 2392 1127 2449 quoque
1175 2377 1267 2448 pia
1304 2394 1369 2435 ac
1414 2387 1596 2435 sancta
1644 2378 1875 2451 Philippi

270 2460 421 2537 regis
479 2464 741 2536 cogitata,
766 2473 823 2519 ut
880 2466 1135 2522 accidere
1190 2467 1325 2522 solet
1383 2468 1693 2523 hominibus
1741 2469 1880 2524 inter

268 2550 441 2608 multa
470 2568 533 2609 ac
560 2566 763 2626 magna
800 2553 932 2610 vitia
975 2556 1282 2626 praesertim
1331 2558 1571 2612 carnalia
1600 2558 1877 2613 invetera-

272 2643 362 2711 tis,
408 2641 492 2697 vel
540 2656 661 2697 sera
703 2642 790 2698 vel
834 2656 1031 2713 parum
1074 2642 1317 2699 efﬁcacia
1367 2645 1614 2707 fuerunt;
1658 2647 1881 2717 ipseque

271 2742 372 2786 rex
400 2731 555 2802 prius
576 2745 739 2802 quam
778 2742 1004 2808 regnum
1037 2740 1311 2788 terrenum
1339 2741 1538 2803 sponte
1568 2735 1878 2805 dimitteret,

274 2835 307 2875 e
338 2818 493 2874 terris
522 2816 765 2874 sublatus
796 2829 878 2876 est
907 2835 1050 2877 anno
1082 2820 1251 2884 1108;
1290 2822 1385 2877 sed
1415 2820 1560 2894 quod
1590 2825 1745 2879 vivus
1774 2838 1883 2879 non

276 2906 453 2981 potuit
506 2904 596 2965 vel
637 2907 898 2983 neglexit,
947 2916 1194 2964 mortuus
1235 2909 1466 2983 quadam
1511 2918 1669 2966 tenus
1716 2908 1885 2969 voluit

276 2994 542 3068 obtinere,
575 3002 822 3053 extrema
874 2996 1148 3054 voluntate
1179 2994 1466 3070 mandans,
1500 3007 1554 3054 ut
1582 3001 1637 3055 in
1670 3000 1884 3056 Floria-

277 3086 429 3144 censi
459 3082 734 3143 Benedicti
766 3086 973 3143 ordinis
1016 3087 1267 3143 coenobio
1312 3089 1682 3145 tumularetur.
1711 3089 1880 3146 Aldc-

273 3175 417 3232 fonsi
465 3174 847 3246 Hispaniarum
906 3175 1054 3247 regis
1096 3179 1197 3232 hoc
1241 3178 1459 3233 nomine
1491 3166 1579 3247 VI,
1625 3186 1683 3233 ut
1711 3180 1878 3251 regiae

270 3264 564 3320 infirmitati
609 3266 803 3337 aptior,
836 3262 913 3321 sic
964 3263 1245 3323 efﬁcacior
1300 3267 1549 3322 voluntas
1599 3266 1718 3322 fuit.
1777 3268 1878 3323 Hic

270 3353 414 3425 apud
476 3352 694 3410 fratrem
750 3350 1007 3410 Sancium
1062 3353 1153 3410 diu
1206 3354 1469 3425 captivus,
1513 3356 1571 3409 Β.
1629 3355 1875 3427 llugonis

270 3448 433 3513 atque
476 3442 905 3499 Ciuniacensium
954 3444 1344 3499 monachorum
1387 3443 1638 3513 precibus
1682 3444 1871 3507 vitam,

266 3528 593 3600 libertatem,
626 3546 850 3605 regnum
878 3546 937 3588 se
968 3532 1170 3587 debere
1194 3531 1533 3598 aestimabat;
1561 3546 1693 3605 ergo
1729 3532 1875 3587 circa

271 3636 472 3675 annum
507 3623 643 3676 1070
673 3623 811 3676 hanc
839 3621 908 3676 ad
937 3637 1062 3678 eum
1112 3620 1396 3692 epistolam
1442 3621 1613 3689 dedit,
1654 3628 1779 3691 quae
1805 3624 1870 3675 19

270 3713 483 3767 occurit
509 3711 564 3766 in
594 3710 957 3767 Miscellaneis
1002 3708 1287 3782 Bpicilegii
1320 3709 1601 3765 Acheriani
1630 3704 1720 3777 Vl,
1745 3726 1869 3780 quae

275 3825 297 3850 ε
332 3800 550 3872 Hugoni
581 3798 878 3857 venerabili
929 3804 982 3854 et
1026 3796 1489 3855 excellentissimo
1521 3798 1703 3854 abbati
1734 3797 1867 3854 Clu-

267 3890 631 3955 niacensium,
671 3890 931 3944 virtutum
985 3887 1211 3944 ﬂoribus
1251 3887 1419 3957 claro,
1462 3887 1649 3943 fomite
1704 3886 1867 3943 virtu-

265 3986 383 4034 tum
419 3977 659 4045 suﬂ‘ulto,
684 3985 848 4050 atque
887 3985 1095 4033 cuncta
1122 3976 1423 4032 dulcedinis
1469 3975 1724 4030 melliiluo
1773 3992 1863 4030 se-

264 4069 550 4137 niori,....
595 4084 698 4124 nec
725 4082 834 4123 non
882 4072 1090 4124 cuneta:
1145 4064 1496 4120 nobilissimae
1549 4078 1860 4136 congrega-

261 4157 397 4214 tioni
448 4158 589 4214 Petri
642 4164 697 4213 et
733 4155 905 4223 Pauli,
938 4156 1054 4227 ipse
1112 4155 1464 4220 Aldefonsus,
1523 4153 1699 4225 gratia
1756 4153 1858 4207 Dei

257 4248 639 4319 Hispaniarum
693 4262 809 4314 rex,
846 4261 971 4302 cum
1026 4245 1175 4301 omni
1229 4243 1516 4299 devotione
1562 4242 1760 4297 mentis
1807 4249 1859 4297 et

256 4336 516 4409 corporis.
539 4377 554 4392 .
584 4377 597 4390 .
631 4378 644 4390 .

257 4433 478 4481 aeterna
524 4422 747 4497 gaudia,
782 4431 944 4496 atque
980 4432 1300 4495 perpetuam
1354 4421 1763 4493 prosperitatem
1802 4428 1856 4474 et

1408 264 1586 321 vm.
1618 294 1690 308 --
1718 264 2177 329 COMMENTAR.
2212 269 2438 349 rem.

269 379 328 465 _S.
364 380 600 439 Anseimi
642 382 859 453 plenius
900 384 1222 444 describitur
1268 390 1323 446 in
1355 385 1597 447 Historia
1626 392 1881 465 Eadmeq
1910 404 1964 465 Α

709 4351 855 4391 verte
907 4334 1180 4390 charitatis
1245 4331 1568 4400 custodiam,
1626 4329 1856 4401 vitaeque
1963 4343 2197 4399 praeesse
2237 4327 2435 4398 pariter
2472 4337 2522 4384 et
2563 4330 2827 4400 prodesse
2858 4332 3086 4397 videtur,
3126 4355 3146 4379 η

1964 4417 2121 4485 1077,
2154 4417 2225 4471 ad
2254 4417 2573 4473 imitandum

3476 283 3579 339 854

2065 399 2151 450 11.
2204 397 2372 452 Tanto
2424 397 2636 454 aﬂectui
2693 414 2922 473 eumque
2976 403 3171 458 secutis
3222 401 3471 475 pluribus
3527 420 3590 465 se

1991 485 2241 540 maximis
2265 486 2548 543 beneﬁciis
2576 484 2717 555 aliis,
2744 489 2908 562 digne
2949 498 3000 545 et
3037 499 3312 563 gratanter
3353 506 3588 564 respon-

1988 588 2149 628 surus
2189 575 2368 648 Hugo,
2400 579 2841 633 constitutionem
2896 579 3083 649 edidit,
3130 604 3152 629 α
3181 582 3435 637 omnibus
3470 580 3590 639 fra-

1987 661 2158 719 tribus
2208 664 2263 723 iu
2311 664 2651 731 Cluniacensi
2700 669 2966 737 ctenobio,
3038 677 3147 725 tam
3222 674 3587 741 praentibus

1984 766 2147 821 quam
2179 746 2394 821 futuris,
2424 754 2499 808 sic
2531 755 2745 811 ediccns
2769 775 2781 813 :
2808 758 3007 815 Notum
3038 758 3125 824 sit,
3159 774 3257 815 nos
3284 760 3353 815 de
3384 761 3587 819 domno

1983 837 2212 895 Alfonso
2238 840 2620 911 Hispaniarum
2652 861 2799 916 rege.
2832 855 3016 903 nostro
3059 847 3205 905 ﬁdeli
3252 851 3450 916 amico,
3494 853 3591 921 qui

1982 933 2131 985 tanta
2159 943 2222 983 ac
2255 929 2381 988 taiia
2412 931 2553 987 bona
2580 933 2738 990 nobis
2770 934 2916 1001 fecit,
2951 944 3002 991 et
3020 937 3196 994 adhuc
3226 938 3593 996 indesinenter

1983 1015 2266 1075 facit.....
2319 1019 2460 1075 lluic
2508 1037 2723 1093 quoque
2780 1038 3047 1081 mensurae
3092 1026 3273 1094 bene,
3327 1028 3588 1087 conferta

1980 1104 2139 1188 simul
2168 1115 2220 1163 et
2248 1108 2550 1180 ccagitatee,
2584 1110 3077 1179 supereﬂluentiam
3121 1116 3325 1173 addere
3352 1122 3583 1188 cupien-

1983 1201 2079 1262 tes,
2111 1186 2360 1253 dedimus
2384 1197 2433 1252 ei
2477 1198 2534 1255 in
2583 1200 2818 1255 ecclesia
2874 1200 3153 1259 beatorum
3211 1186 3579 1273 apostolorum

1980 1282 2125 1338 Petri
2170 1292 2224 1341 et
2254 1284 2400 1341 Pauli
2445 1300 2606 1355 nova,
2638 1300 2801 1358 quam
2829 1288 2949 1359 ipse
2978 1292 3049 1347 de
3077 1292 3318 1363 pmpriis
3347 1294 3583 1350 faculta-

1980 1371 2127 1429 tibus
2156 1375 2532 1430 construxisse
2578 1376 2810 1443 videtur,
2848 1394 3011 1435 unum
3060 1381 3231 1436 altare
3269 1382 3336 1437 de
3383 1383 3583 1452 praci-

1979 1460 2119 1532 puis,
2152 1478 2257 1533 que
2285 1462 2491 1519 scilicet
2527 1463 2713 1521 divina
2760 1467 3014 1536 mysteria
3055 1468 3259 1525 ibidem
3311 1472 3584 1528 celebrata

1979 1550 2137 1613 saluti
2165 1550 2284 1621 ejus
2310 1552 2526 1608 valeant
2553 1553 2876 1625 suﬂragari;
2907 1572 3032 1611 cum
3064 1573 3194 1613 vero
3236 1559 3404 1629 hujus
3437 1567 3584 1615 tem-

1978 1640 2186 1710 poralis
2201 1641 2327 1701 vitae
2354 1657 2571 1701 cnrsum
2599 1642 2785 1699 debito
2809 1642 2914 1701 fine
2936 1646 3310 1717 compleverit,
3335 1650 3587 1719 exceptis

1978 1726 2195 1793 ofﬁciis.
2245 1730 2425 1787 missis
2488 1740 2653 1802 atque
2725 1732 3106 1803 eleemosynis,
3166 1753 3289 1808 quis
3336 1753 3439 1808 pro
3485 1737 3584 1792 illo

1980 1819 2196 1889 agenda
2242 1828 2385 1886 sunt,
2419 1835 2531 1875 uno
2579 1836 2722 1878 anno
2772 1821 2825 1877 in
2867 1823 3177 1891 supradicto
3223 1827 3374 1885 altari
3422 1826 3585 1881 missa

1979 1907 2285 1975 specialiter
2310 1923 2411 1977 pro
2440 1908 2534 1965 illo
2565 1918 2804 1967 canatur.
2845 1933 2868 1959 ι
2913 1910 3121 1968 Omitto
3156 1930 3280 1985 quis
3318 1914 3375 1969 in
3422 1914 3587 1971 anni-

1978 1996 2221 2051 versaris
2244 1998 2336 2053 die
2365 1998 2560 2066 ipsius,
2611 2022 2632 2049 α
2676 1999 2814 2055 sicut
2843 2016 2941 2071 pro
2981 2001 3183 2057 domno
3220 2002 3457 2059 Henrico
3480 2004 3590 2058 imo

1981 2092 2230 2154 paratore
2260 2088 2527 2158 Augusto,
2567 2111 2590 2138 ιι
2623 2088 2862 2145 secundo
2893 2088 3166 2156 videlicet,
3198 2091 3411 2163 agenda
3441 2107 3589 2163 prai-

1982 2172 2186 2241 scribit,
2247 2196 2268 2222 «
2303 2174 2360 2230 in
2409 2175 2657 2232 omnibus
2712 2184 2767 2232 et
2823 2178 3073 2249 reginam
3131 2180 3253 2248 ejus
3297 2180 3591 2253 conjugern

1983 2260 2395 2319 devotissimam
2451 2265 2636 2321 volens
2678 2263 2797 2321 ﬁeri
2836 2267 3157 2337 participem
3186 2276 3239 2323 et
3281 2270 3591 2324 anniversa-

1986 2349 2126 2407 rium
2144 2351 2261 2421 ejus
2290 2351 2426 2409 sicut
2448 2352 2811 2423 imperatricis
2839 2355 3067 2426 Agnetis
3104 2355 3216 2429 agi.
3254 2379 3276 2406 ι
3306 2358 3435 2429 Legi
3468 2358 3594 2412 sin-

1986 2439 2116 2510 gula
2161 2449 2388 2509 possunt
2437 2443 2495 2496 in
2541 2442 2672 2498 dicti
2712 2442 2998 2515 Spicilegii
3029 2443 3408 2514 Miscellaneis,
3440 2459 3590 2501 num.

1988 2529 2085 2591 20;
2122 2531 2238 2587 haec
2256 2530 2407 2587 enim
2436 2530 2567 2587 satis
2593 2536 2736 2599 sunt,
2770 2540 2826 2585 ut
2854 2532 3100 2605 Hugonis
3126 2548 3257 2608 erga
3286 2550 3412 2591 suos
3440 2535 3598 2591 bene-

1986 2616 2225 2675 factores
2253 2619 2528 2690 gratitude
2556 2629 2937 2691 cognoscatur.

2028 2731 2149 2787 ‘42.
2210 2733 2409 2789 Traseo
2466 2734 2535 2791 ad
2606 2736 2883 2807 principes
2954 2734 3177 2793 secundi
3250 2737 3482 2808 ordinis,
3539 2740 3596 2794 in

1992 2819 2196 2894 quibus
2231 2844 2252 2870 ‹‹
2287 2820 2654 2887 Theobaldus,
2687 2826 2788 2881 Dei
2820 2827 2996 2903 gratia
3029 2827 3357 2882 Francbrum
3388 2843 3592 2895 comes,

1993 2910 2046 2965 ct
2101 2925 2240 2966 uxor
2294 2912 2410 2979 ejus
2465 2912 2871 2970 Adelaidis....
2930 2916 3230 2970 sanctitatis
3286 2916 3594 2993 ctreligio-

1992 2995 2098 3064 nis,
2130 3015 2250 3070 quae
2280 3015 2444 3070 penes
2474 2996 2829 3058 Cluniacense
2858 3002 3153 3076 collegium
3183 3002 3369 3059 divina
3408 3004 3593 3077 gratia

1992 3086 2256 3159 largiente
2300 3089 2477 3158 patior
2502 3088 2875 3160 celebriorque
2912 3090 3232 3161 habebatur,
3266 3090 3373 3146 ﬁde
3412 3100 3464 3145 et
3505 3091 3597 3148 de-

1987 3177 2205 3231 votione
2234 3178 2483 3246 permoti.
2519 3176 2767 3233 Odonem
2798 3178 2987 3246 tilium,
3017 3180 3187 3233 sacris
3216 3179 3593 3251 regeneratio-

1986 3264 2069 3317 nis
2117 3264 2384 3334 mysteriis
2425 3266 2816 3332 renovandum,
2860 3260 3193 3321 destinarunt
3239 3267 3459 3341 Hngoni
3490 3282 3589 3323 ve-

1983 3349 2206 3405 nerabili
2264 3350 2446 3407 abbati
2505 3350 2729 3423 ejusque
2781 3353 3089 3422 conventui,
3171 3353 3291 3423 rati,
3352 3368 3592 3424 superna

1982 3439 2323 3511 dispensante
2381 3441 2688 3505 clementia.
2764 3441 2867 3497 sibi
2930 3454 3040 3497 non
3117 3441 3275 3498 inane
3350 3442 3588 3501 futurum

1980 3522 2356 3601 religiosiores
2387 3542 2547 3600 quam
2577 3530 2798 3586 ditiores
2820 3530 2875 3585 in
2924 3530 3134 3587 Christo
3184 3530 3442 3589 habuisse
3484 3548 3586 3611 pa-

1976 3625 2189 3681 rentes;
2223 3616 2294 3673 ad
2325 3619 2483 3688 cujus
2512 3621 2701 3693 gratiae
2731 3627 2783 3675 et
2814 3621 3147 3677 defensionis
3168 3621 3581 3694 propensiorem

1979 3705 2230 3762 eﬁ'ectum
2287 3706 2749 3779 efﬁcatioremqne
2792 3711 3231 3781 profectum...
3258 3752 3270 3764 .
3322 3709 3578 3766 Cluniaco

1976 3793 2305 3850 monasterio
2357 3797 2658 3852 concedunt
2704 3805 2758 3853 et
2813 3799 3018 3854 donant
3060 3798 3350 3871 quamdam
3390 3798 3575 3855 villam

1974 3898 2099 3954 quas
2129 3883 2419 3940 Cossiacus
2462 3884 2710 3940 dicitur:
2750 3908 2771 3935 »
2823 3886 3241 3943 lnstrumentum
3298 3886 3573 3959 integrum

1970 3971 2204 4026 habetur
2233 3972 2287 4026 in
2309 3974 2423 4043 jam
2454 3973 2629 4029 citatis
2658 3972 3037 4043 Miscellanels,
3070 3990 3218 4030 num.
3250 3979 3339 4043 22,
3359 3983 3414 4032 et
3442 3990 3573 4032 mox

1969 4074 2121 4115 num.
2156 4062 2223 4116 25
2249 4062 2492 4131 sequitur
2540 4084 2561 4111 α
2603 4062 2837 4118 Donatio
2890 4063 3131 4119 ecclesia;
3176 4063 3230 4117 in
3270 4071 3443 4118 castro
3501 4063 3571 4118 de

1966 4150 2212 4215 Avilonc,
2249 4149 2391 4205 i‘acta
2421 4134 2490 4205 ab
2533 4151 2762 4223 Hugone
2809 4151 2947 4207 duce
2977 4150 3298 4224 Burgundla:
3328 4152 3397 4207 ad
3428 4151 3567 4206 Clu-

1966 4239 2223 4293 niacense
2282 4239 2686 4309 monasterium,
2746 4240 2839 4295 ubi
2900 4241 3130 4297 domans
3187 4242 3343 4313 llugo
3395 4240 3567 4296 abbas

3194 4344 3335 4385 anno
3371 4328 3567 4385 Christi

2629 4444 2651 4468 α
2687 4421 2890 4475 multos
2925 4428 3204 4490 potentum
3234 4434 3297 4473 ac
3338 4418 3562 4473 divitum

256 4512 510 4575 saiutem,
567 4528 668 4568 nec
720 4528 829 4568 non
880 4511 1145 4585 quidquid
1199 4511 1499 4581 sublimius,
1543 4531 1607 4569 ex
1664 4512 1853 4568 intimo
1885 4502 1939 4564 D
1970 4505 2131 4574 hujus
2164 4506 2366 4574 saeculi,
2410 4509 2502 4578 qui
2534 4508 2718 4564 divina
2746 4509 2925 4564 edocti
2958 4508 3359 4580 przedicatione,
3394 4504 3565 4561 facul-

259 4604 445 4668 corde,
466 4601 801 4674 amplexibili
820 4600 1129 4669 dilectione,
1144 4600 1197 4655 in
1215 4602 1452 4657 Domino
1467 4602 1592 4659 Jesu
1605 4602 1853 4657 Christo»

260 4699 534 4764 precatur,
566 4690 764 4746 deinde
802 4690 880 4746 sic
918 4690 1182 4761 loquitur:
1220 4712 1240 4738 ιι
1280 4688 1495 4759 Quanta
1547 4699 1619 4757 te,
1654 4691 1861 4763 glorio-

260 4779 473 4836 sissime
502 4780 675 4847 Pater,
692 4779 981 4835 devotione
1004 4780 1251 4851 diligam.
1275 4820 1288 4834 .
1317 4819 1330 4832 .
1352 4820 1366 4834 .
1389 4819 1401 4832 .
1424 4820 1437 4833 .
1464 4779 1555 4834 Ad
1577 4782 1681 4837 hoc
1701 4782 1859 4850 scito,

261 4868 598 4923 sanctissime
633 4869 816 4938 Pater,
864 4883 1107 4929 censum.
1160 4883 1319 4938 quem
1376 4869 1533 4923 Pater
1578 4885 1729 4924 meus
1785 4869 1862 4923 illi

259 4957 602 5012 sanctissimo
631 4956 751 5012 loco
794 4956 1134 5011 Cluniacensi
1183 4956 1375 5012 solitus
1403 4965 1517 5013 erat
1546 4959 1693 5025 dare,
1732 4973 1858 5033 ego,

256 5055 527 5101 annuente
556 5044 692 5109 Deo,
725 5046 779 5100 in
810 5045 1002 5100 diebus
1029 5046 1152 5099 vitm
1193 5061 1330 5100 mea:
1377 5046 1669 5116 duplicabo
1692 5069 1737 5099 η.
1767 5089 1777 5099 .
1803 5089 1813 5100 .
1838 5087 1851 5101 .

262 5140 376 5190 tum
399 5143 454 5189 ut
484 5132 629 5189 idem
659 5133 753 5189 ﬁat
782 5150 811 5188 a
839 5134 1242 5190 successoribus
1271 5135 1490 5203 regibus
1539 5142 1859 5191 testamento

263 5239 323 5279 se
352 5222 560 5279 cavisse
591 5221 821 5285 indicat;
864 5222 1180 5291 Robertnm,
1208 5224 1261 5277 in
1306 5224 1412 5277 vita
1448 5230 1499 5277 et
1543 5232 1717 5278 morte
1759 5226 1863 5279 sibi

266 5310 600 5378 adfuturum,
635 5309 865 5380 relinqui
896 5309 951 5363 in
1001 5324 1101 5364 suo
1142 5326 1314 5381 regno
1344 5311 1659 5382 suppliciter
1688 5314 1864 5382 depo-

269 5396 374 5455 scit
407 5417 422 5454 :
454 5414 519 5454 ac
553 5415 654 5470 pro
685 5397 1010 5454 stabiliendo
1041 5397 1244 5452 ibidem
1288 5398 1515 5454 Romani
1546 5398 1710 5454 officii
1742 5416 1865 5469 usu,

269 5488 340 5543 ad
368 5486 617 5560 Hugonis
647 5487 1065 5557 persuasionem
1096 5488 1511 5558 suscepto,petit
1540 5486 1642 5541 sibi
1674 5504 1705 5543 a
1724 5505 1872 5559 papa

273 5576 549 5649 impetrari
584 5576 648 5631 D.
674 5574 967 5631 Geraldum
990 5574 1338 5631 cardinalem.

1966 4603 2104 4650 tates
2130 4612 2161 4649 a
2189 4596 2422 4651 Domino
2456 4598 2557 4652 sibi
2589 4598 2811 4654 collatas
2841 4599 2894 4652 in
2934 4598 3185 4652 meliores
3226 4612 3358 4652 usus
3386 4603 3554 4651 trans-

1968 4684 2160 4753 tulere,
2209 4686 2619 4741 ethredantes
2663 4702 2719 4742 se
2748 4687 2801 4741 in
2849 4686 2956 4742 hoc
2999 4684 3219 4755 smculo,
3251 4692 3305 4740 at
3348 4684 3561 4756 superni

1967 4773 2120 4843 regni
2169 4771 2511 4827 efficerentur
2543 4775 2812 4830 heeredes.
2865 4775 2986 4829 Mox
3018 4788 3158 4828 anno
3209 4774 3346 4829 1078
3377 4773 3566 4845 Wido,

1966 4859 2258 4929 aliquando
2313 4876 2498 4917 comes
2542 4863 2969 4929 Matisconensis,
3017 4862 3357 4934 perpendens
3407 4876 3569 4934 quam

1969 4951 2170 5007 inutilis
2224 4961 2301 5011 est
2339 4957 2515 5012 omnis
2560 4955 2735 5008 honor
2780 4954 2941 5023 hujus
2993 4950 3200 5019 saeculi,
3242 4951 3353 5007 imo
3406 4966 3567 5021 quam

1970 5062 2174 5102 nocuus
2219 5056 2271 5100 ct
2326 5044 2679 5099 illecebrosas
2718 5040 2787 5095 ad
2845 5052 3101 5096 aeternam
3160 5039 3566 5095 damnationem

1970 5136 2342 5191 misericordia
2372 5132 2568 5188 Christi
2614 5148 2671 5185 se
2720 5130 2970 5185 visitante
3015 5137 3067 5185 et
3122 5129 3439 5199 inSpirante,
3471 5142 3573 5199 pro

1974 5226 2091 5293 ejus
2120 5240 2303 5280 amore
2325 5239 2392 5278 ex
2423 5229 2533 5277 toto
2563 5219 2893 5275 renuntiavit
2921 5217 3124 5274 saeculo
3153 5216 3208 5272 in
3240 5218 3570 5273 monasterio

1974 5312 2339 5377 Cluniacensi,
2372 5319 2428 5365 ut
2466 5308 2668 5365 ibidem
2700 5306 2937 5380 regulari
2972 5306 3270 5378 disciplinae
3301 5304 3571 5371 subditus,

1978 5402 2347 5472 paenitentiam
2395 5408 2582 5471 ageret
2622 5406 3006 5468 peccatorum;
3045 5412 3071 5446 ν
3102 5403 3154 5449 et
3199 5393 3396 5448 multos
3441 5405 3577 5463 prae-

1981 5498 2126 5544 terca
2183 5487 2381 5543 fundos
2425 5487 2666 5555 donavit,
2699 5503 2837 5558 quos
2881 5490 3127 5541 recenset
3164 5482 3577 5535 instrumentum

1982 5580 2124 5634 inter
2170 5578 2282 5648 jam
2340 5592 2487 5649 saepe
2543 5576 2689 5632 dicta
2751 5572 3027 5648 Spicilegil
3083 5570 3152 5625 VI
3209 5564 3555 5625 Misceilanea
