3956 6084
405 258 512 313 855

1501 249 1561 305 S.
1611 249 1924 308 HUGONIS
1971 249 2262 306 ABBATIS
2309 249 2624 305 CLUNIAC.

3629 253 3741 307 856

409 395 563 437 num.
595 381 664 437 26
724 375 1037 450 legendum.
1086 376 1266 446 Atque
1323 373 1441 429 haec
1495 374 1809 444 speciminis
1851 390 2013 429 causa
2041 376 2096 436 A
2131 374 2306 429 abbas
2337 374 2726 441 Cluniacensis,
2757 375 3010 443 salutem,
3043 375 3275 448 gratiam
3314 383 3368 431 et
3395 374 3744 432 benedictio-

413 467 704 535 suﬂiciunt,
771 467 928 538 plura
982 463 1127 519 enim
1183 461 1440 538 colligere
1486 477 1594 520 non
1648 471 1732 518 est
1789 462 2013 518 instituti

410 557 603 614 nostri.

414 680 562 752 ﬁll].
582 680 862 738 Fundatio
892 678 1376 735 Hareiniaccmis.
1413 677 1615 733 Cultu:
1635 676 1699 732 S.
1733 675 2012 748 Hugom‘s.

953 768 1278 837 Scriptores
1312 767 1470 821 Vitau

485 859 573 913 13.
606 857 747 913 Cura
775 858 833 913 S.
869 855 1092 928 Hugoni
1119 855 1220 909 fuit
1250 870 1358 910 non
1398 855 1561 910 modo
1608 854 1836 910 fundata
1880 853 2016 909 alias

413 946 664 1002 cmnobia
692 945 747 1000 in
792 947 868 1001 rei
915 961 1041 1002 cum
1089 943 1406 1013 temporalis
1450 951 1562 997 tum
1609 959 1781 998 sacrae
1826 943 2018 1014 vigore

413 1049 771 1102 conservare,
805 1033 902 1089 sed
932 1043 984 1088 et
1015 1047 1162 1088 nova
1198 1032 1431 1101 insuper
1459 1031 1623 1086 etiam
1653 1047 1756 1101 pro
1798 1030 2016 1086 feminis

415 1123 670 1178 condere.
705 1124 765 1176 In
794 1123 862 1177 iis
891 1120 1273 1176 Marciniacum
1304 1128 1404 1188 est,
1443 1135 1550 1175 non
1591 1119 1784 1191 procul
1814 1118 2020 1188 oppido

417 1211 651 1266 Semuro
685 1226 750 1268 ac
779 1211 962 1284 Ligeri
1000 1225 1181 1279 amne,
1225 1209 1285 1262 in
1326 1209 1642 1280 episcopatu
1670 1207 2021 1279 Augustodu-

416 1299 571 1354 nensi
602 1299 761 1354 situm
787 1319 801 1366 ;
838 1300 907 1354 de
935 1299 1094 1368 cujus
1125 1296 1441 1352 fundatione
1469 1296 1523 1350 in
1558 1295 1892 1350 Cluniacensi
1922 1296 2020 1348 Bi-

418 1388 696 1443 bliotheca
751 1389 855 1442 hoc
911 1387 1281 1458 fragmentum
1347 1385 1663 1440 tabularum
1726 1393 2017 1455 superest:

423 1499 447 1524 α
483 1477 545 1530 In
585 1475 808 1531 nomine
836 1473 1055 1530 Domini
1093 1473 1262 1529 nostri
1305 1475 1434 1528 Jesu
1466 1473 1678 1527 Christi.
1711 1474 1911 1527 Notum
1957 1472 2025 1526 sit

417 1563 680 1618 omnibus
737 1562 995 1617 fratribus
1052 1561 1246 1615 nostris
1297 1561 1610 1630 cunctisque
1666 1569 1870 1615 sanctae
1925 1559 2024 1615 Dei

419 1650 680 1706 Ecclesia:
709 1650 854 1716 filiis,
887 1650 1014 1722 quia
1062 1665 1166 1722 ego
1215 1649 1382 1704 frater
1429 1650 1608 1721 Hugo,
1643 1649 2023 1704 Cluniacensis

2117 479 2265 531 nem,
2297 471 2352 519 et
2380 478 2524 519 nunc
2549 468 2604 519 et
2634 464 2689 519 in
2727 471 3076 535 perpetuum.
3116 465 3237 518 Non
3284 463 3473 530 lateat,
3505 479 3540 518 ο
3580 463 3739 530 ﬁliae,

2121 551 2534 624 praecordialem
2598 551 2914 608 charitatem
2985 559 3241 619 vestram,
3305 575 3328 599 ι
3395 559 3503 606 etc.
3593 550 3739 608 Vide

2121 641 2301 713 infra.

2196 752 2282 802 15.
2316 748 2579 803 Humatus
2609 748 2708 802 fuit
2747 749 2804 804 S.
2857 749 3036 821 Hugo,
3069 756 3128 803 ut
3176 748 3482 803 Cbronicon
3515 749 3737 804 Clunia-

2123 851 2286 893 cense
2315 845 2514 905 narrat,
2544 838 2596 890 in
2643 838 2855 907 majore
2884 838 3136 904 ecclesia,
3171 852 3334 906 quam
3365 837 3487 906 ipse
3533 837 3586 891 in
3636 839 3736 892 ho-

2126 940 2315 980 norem
2363 926 2728 996 apostolorum
2782 927 2920 980 Petri
2964 935 3014 980 ct
3052 925 3201 980 Pauli
3231 925 3550 992 construxit,
3583 934 3736 980 retro

2127 1013 2300 1069 altare
2353 1013 2702 1083 matutinale;
2738 1014 2956 1069 demum
2999 1014 3271 1069 relevatus
3319 1021 3420 1080 est,
3469 1021 3523 1069 et
3569 1030 3740 1083 super

2128 1102 2302 1171 majus
2330 1103 2498 1157 altare
2542 1104 2700 1158 dictae
2747 1103 2993 1159 basilica;
3039 1119 3184 1158 nunc
3227 1118 3424 1173 corpus
3481 1103 3597 1171 ejus
3637 1119 3732 1156 re-

2129 1191 2374 1261 quiescit.
2409 1191 2595 1246 Paucis
2624 1197 2748 1261 post
2777 1199 3008 1247 mortem
3039 1192 3218 1258 annis,
3241 1199 3490 1261 tempore
3525 1191 3741 1247 scilicet

2132 1280 2307 1335 Pontii
2348 1279 2560 1334 abbatis
2615 1281 3026 1336 successoribus
3081 1280 3214 1348 ejus,
3253 1295 3285 1334 a
3324 1279 3527 1334 Calisto
3577 1281 3626 1334 ll
3681 1281 3739 1333 in

2129 1368 2328 1423 Album
2385 1367 2616 1423 caelitum
2673 1369 2876 1423 relatus
2938 1368 3082 1422 fuit:
3119 1369 3188 1422 de
3243 1383 3354 1438 quo
3402 1367 3474 1422 ad
3531 1368 3735 1422 dictum

2132 1457 2383 1512 Pontium
2423 1457 2524 1512 ista
2566 1458 2623 1510 in
2660 1473 2757 1512 sua
2781 1457 3013 1527 epistola
3044 1459 3202 1528 Hugo
3256 1457 3561 1512 monachus
3599 1457 3740 1512 scri-

2132 1547 2239 1617 psit
2273 1565 2284 1600 :
2319 1545 2439 1611 Hic,
2480 1545 2718 1601 Calistus
2763 1547 2970 1602 scilicet
3000 1547 3069 1612 ll,
3105 1547 3348 1601 secundo
3388 1544 3734 1612 Cluniacum,

2129 1634 2306 1701 rediit,
2365 1633 2548 1704 ibique
2604 1635 2803 1689 festum
2852 1635 3157 1690 Domiuica
3200 1633 3646 1690 Circumcisionis
3685 1643 3739 1689 et

363 1777 366 1780 λ
421 1739 610 1807 abbas,
643 1747 878 1810 pmenle
907 1754 970 1792 ac
1016 1745 1342 1809 cooperante
1391 1737 1575 1792 divino
1624 1737 1849 1802 auxilio.
1882 1752 2018 1793 con-
2050 1738 2103 1798 Β
2133 1723 2496 1795 Apparitionis
2525 1723 2720 1779 devote
2753 1724 2985 1795 peregit.
3178 1723 3308 1776 dum
3357 1723 3499 1778 ἰηιει·
3539 1731 3738 1778 cetera

421 1828 639 1882 eiliante
669 1835 829 1896 atque
853 1827 1083 1896 juvante
1113 1841 1371 1897 germano
1402 1834 1586 1880 nostro
1619 1825 1840 1881 domino
1871 1824 2024 1880 Gau-

423 1916 564 1971 frido
597 1914 998 1983 Sinemurensi,
1032 1915 1210 1970 locum
1251 1915 1416 1969 istum
1462 1915 1864 1984 Marciniacum,
1897 1930 2027 1985 par-

422 2019 550 2059 vum
580 2004 711 2059 satis
738 2003 936 2074 primo,
977 2009 1032 2058 et
1061 2003 1215 2075 quasi
1258 2002 1539 2075 quoddam
1587 2003 1797 2072 asylum
1845 2002 2025 2057 asolo

421 2091 650 2148 fundavi
705 2091 1101 2164 construxique
1158 2090 1489 2160 temporibus
1547 2090 1769 2146 nostris.
1810 2091 2024 2146 Bonum

425 2181 628 2236 etenim
656 2179 817 2235 nobis
845 2179 1020 2234 visum
1048 2186 1148 2247 est,
1182 2186 1239 2232 ut
1267 2179 1405 2234 sicut
1446 2195 1544 2250 per
1572 2187 1883 2234 sanctorum
1915 2179 2026 2233 Pa-

419 2273 562 2323 trum
621 2275 931 2323 uostrorum
983 2266 1357 2322 fundationem
1410 2275 1721 2336 peccatores
1779 2267 2025 2322 homines

420 2356 734 2412 Cluniacum
767 2355 1059 2422 habebant,
1093 2355 1136 2408 si
1167 2355 1367 2411 saeculo
1397 2363 1451 2410 et
1480 2355 1696 2426 pompis
1727 2355 1844 2425 ejus
1871 2357 2024 2410 abre-

423 2445 674 2499 nuntiare
724 2443 947 2512 vellent,
979 2443 1057 2498 ita
1111 2447 1166 2498 et
1219 2443 1614 2513 peccatricibus
1667 2443 1910 2511 feminis,
1953 2443 2026 2497 de

419 2533 623 2588 mundo
670 2532 881 2603 laqueis
928 2532 998 2587 ad
1043 2531 1224 2587 locum
1274 2533 1418 2587 hunc
1460 2532 1796 2602 fugientibus
1825 2537 1881 2586 et
1924 2547 2023 2603 pro

420 2621 732 2677 commissis
762 2620 872 2675 suis
887 2636 950 2675 ex
973 2620 1136 2675 corde
1161 2619 1720 2692 gementibus,divina
1735 2620 2024 2675 clementia

421 2711 581 2781 regni
612 2708 851 2764 caelestis
875 2724 986 2764 non
1016 2708 1294 2764 clauderet
1322 2709 1625 2778 introitum,
1659 2717 1761 2764 etc.
1797 2709 1888 2763 Eis
1917 2725 2020 2763 au-

422 2805 532 2851 tem
551 2797 774 2869 gravius
801 2796 999 2851 mortis
1028 2805 1247 2852 aeterna:
1276 2797 1555 2852 immineat
1588 2797 1908 2868 periculum,
1931 2798 2024 2867 qui

428 2887 572 2942 hanc
601 2886 821 2939 domum
850 2885 1165 2940 ancillarum
1199 2886 1298 2940 Dei
1328 2901 1394 2941 ac
1421 2885 1754 2942 beatissimus
1779 2885 2021 2957 Virginis

418 2987 622 3030 vexare
653 2973 739 3030 vel
766 2972 1085 3045 impugnare
1133 2989 1242 3029 non
1288 2973 1625 3042 erubescant,
1664 2997 1684 3023 υ
1739 2982 1842 3030 etc.
1894 2975 2024 3030 Late

418 3063 476 3118 in
504 3063 697 3117 laudes
753 3062 914 3132 hujus
966 3061 1200 3117 cocuobii
1251 3071 1305 3118 et
1335 3061 1499 3116 vitam
1531 3062 1584 3116 in
1614 3077 1680 3117 eo
1709 3062 2022 3132 religiosam

417 3150 782 3224 profitentium
811 3150 914 3206 lib.
955 3165 972 3205 ι
1003 3150 1247 3207 Miracul.
1301 3151 1360 3206 S.
1383 3151 1570 3206 Petrus
1612 3151 1936 3206 venerabilis
1965 3167 2026 3206 se

421 3237 672 3308 effundit,
728 3239 1000 3312 dicitque;
1055 3253 1182 3295 cum
1241 3239 1444 3294 dictum
1496 3239 1804 3295 coenobium
1847 3240 2026 3296 subito

421 3327 564 3384 forte
621 3326 873 3384 incendio
930 3335 1241 3398 correptum
1293 3328 1407 3398 jam
1456 3327 1513 3382 in
1551 3327 1670 3398 ipsa
1725 3328 2027 3398 penetralia

421 3415 610 3488 ignem
641 3415 972 3486 admitteret,
1005 3416 1275 3487 Hugoque
1330 3417 1708 3488 Lugdunensis
1759 3416 2027 3488 archiepi-

418 3521 618 3576 scopus
648 3503 860 3560 clausas
888 3503 1330 3560 sanctimoniales
1357 3505 1426 3558 ad
1450 3520 1735 3575 egressum
1755 3505 2025 3574 invitaret,

421 3593 714 3665 quamdam
762 3608 831 3648 ex
887 3608 1073 3647 earum
1127 3609 1379 3660 numero,
1414 3592 1620 3648 Gislam
1679 3593 2028 3665 appellatam,

423 3679 770 3752 respondisse
823 3679 1197 3748 archipraesuli
1230 3698 1242 3733 :
1281 3702 1304 3726 ι
1339 3680 1472 3748 Nos,
1500 3681 1678 3746 Pater,
1722 3681 1882 3737 timor
1928 3682 2028 3737 Dei

423 3777 479 3824 et
532 3775 870 3838 praeceptum
924 3766 1137 3822 abbatis
1193 3769 1388 3835 nostri,
1415 3776 1474 3822 ut
1530 3769 1719 3841 ignem
1766 3778 2030 3826 aeternum

429 3856 672 3912 evadere
718 3870 1035 3927 possemus,
1092 3855 1235 3910 intra
1265 3856 1366 3911 bos
1418 3872 1554 3927 quos
1602 3859 1780 3914 cernis
1831 3858 2031 3914 limites

427 3959 602 4016 usque
633 3943 701 3998 ad
733 3951 965 3999 mortem
994 3959 1381 4014 permansurae
1412 3946 1666 4009 inclusit;
1713 3947 1854 4002 unde
1884 3947 2032 4004 nullo

428 4043 590 4105 pacto
620 4031 739 4089 ﬁeri
761 4039 1025 4103 potest,ut
1049 4033 1232 4104 aliqua
1252 4034 1570 4090 necessitate
1590 4035 1850 4106 praeﬁxos
1876 4037 2033 4092 nodis

427 4124 763 4196 poenitentiae
805 4123 1085 4190 terminos,
1119 4124 1311 4180 saltem
1355 4124 1510 4196 pedis
1537 4142 1718 4197 passu,
1749 4136 2033 4199 transgre-

431 4214 664 4283 diamur,
696 4211 802 4267 nisi
828 4212 900 4267 ab
931 4211 1045 4280 illo,
1079 4212 1170 4283 qui
1212 4213 1266 4267 in
1309 4215 1528 4269 nomine
1573 4215 1789 4269 Domini
1828 4217 1883 4268 in
1929 4217 2034 4272 hoc

429 4317 529 4358 nos
557 4301 770 4356 inclusit
810 4299 952 4366 loco,
999 4300 1297 4356 solvamur.
1337 4326 1358 4349 η
1423 4303 1554 4358 Inde
1603 4319 1736 4359 vero
1787 4311 1930 4359 tanta
1977 4304 2034 4358 in

430 4391 604 4447 Deum
660 4388 858 4446 fiducia
904 4397 1138 4445 erectum
1201 4389 1364 4445 fuisse
1431 4391 1916 4463 archiepiscopum,
1979 4401 2037 4447 ut

2131 1812 2328 1884 sapius
2361 1819 2552 1883 ageret
2581 1812 2648 1866 de
2677 1811 2790 1868 vita
2827 1820 2880 1866 et
2925 1811 3199 1866 miraculis
3239 1812 3299 1866 Β.
3329 1811 3598 1882 Hugonis,
3631 1826 3741 1865 non

2131 1900 2492 1973 quorumlibet
2534 1899 2804 1955 chartulas
2849 1916 3012 1970 super
3040 1899 3123 1953 bis
3162 1899 3437 1968 profusius
3486 1907 3741 1954 exaratas

2131 1988 2378 2053 attendit,
2410 1989 2504 2043 sed
2533 2003 2793 2058 personas
2822 1987 3166 2043 authenticas
3197 1989 3254 2040 in
3292 1987 3477 2041 medio
3508 1986 3744 2042 Clunia-

2131 2077 2306 2133 censis
2343 2075 2562 2145 capituli
2604 2081 2980 2145 praesentatas,
3013 2075 3082 2130 de
3111 2083 3298 2130 sancto
3330 2091 3452 2144 quae
3481 2075 3744 2128 viderant

2129 2173 2183 2221 et
2224 2165 2505 2220 audierant
2546 2165 2782 2219 validius
2830 2171 3128 2229 attestatas,
3161 2171 3438 2235 gratanter
3481 2163 3736 2232 accepit;

2130 2254 2423 2324 episcopus
2472 2268 2600 2307 vero
2649 2261 2701 2307 et
2748 2253 3116 2307 cardinalibus
3171 2253 3372 2323 pariter
3427 2251 3740 2306 assentien-

2133 2343 2289 2410 tibus,
2324 2343 2393 2397 ad
2450 2341 2667 2395 laudern
2722 2349 2774 2394 et
2818 2341 3054 2413 gloriam
3109 2341 3325 2396 Domini
3386 2340 3552 2394 nostri
3610 2341 3740 2394 Jesu

2129 2431 2354 2498 Christi,
2387 2429 2621 2483 natalem
2670 2429 2803 2482 tanti
2851 2429 3199 2494 confessoris,
3240 2436 3318 2482 tot
3358 2436 3410 2482 et
3441 2428 3602 2482 tantis
3634 2428 3742 2482 vir-

2129 2520 2334 2574 tutibus
2363 2517 2668 2589 approbati,
2702 2517 2951 2573 festivum
2981 2517 3095 2571 ﬁeri
3135 2531 3281 2588 papa
3329 2516 3589 2582 decrevit,
3625 2525 3737 2570 etc.

2128 2609 2340 2664 Nomen
2386 2607 2775 2678 MarterIOgio
2807 2622 2904 2662 suo
2937 2605 3244 2661 Galesinius
3293 2607 3362 2660 ad
3407 2621 3442 2658 v
3487 2604 3615 2658 Julii
3649 2605 3736 2658 in-

2127 2697 2362 2766 scripsit,
2419 2695 2613 2765 reliqui
2688 2710 2838 2760 vero,
2893 2703 2949 2749 ut
3021 2694 3314 2760 Crevenus,
3375 2694 3737 2764 Maurolycus,

2127 2787 2394 2848 Molanus,
2417 2784 2724 2851 Meuardus,
2743 2784 2958 2839 Μίνωας
2987 2783 3056 2837 ad
3089 2787 3154 2838 29
3171 2783 3370 2853 Aprilis
3394 2800 3406 2843 ;
3441 2797 3550 2852 quo
3572 2783 3738 2836 etiam

2130 2874 2210 2929 his
2238 2873 2415 2929 verbis
2455 2873 2836 2944 Martyrologio
2881 2873 3128 2927 Romano
3163 2871 3495 2926 inscribitur.
3531 2871 3595 2925 In
3625 2887 3740 2925 caa-

2128 2963 2288 3018 nobio
2318 2961 2659 3017 Cluniacensi
2691 2962 2747 3016 S.
2773 2961 3018 3031 Hugonis
3047 2959 3280 3015 abbatis.
3316 2959 3462 3014 Obiit
3490 2959 3584 3014 ille
3623 2959 3740 3029 qui-

2129 3051 2250 3105 dem
2308 3049 2441 3104 {eria
2493 3067 2546 3104 1v
2591 3057 2712 3120 post
2755 3050 2962 3103 Pascha
3010 3065 3174 3118 supra
3219 3055 3482 3115 notatum,
3518 3048 3657 3103 sicut
3685 3056 3740 3102 et

2134 3141 2191 3196 S.
2250 3139 2554 3208 Alselmus;
2614 3155 2736 3209 quae
2794 3138 2929 3192 feria
2975 3153 3098 3192 cum
3148 3153 3204 3190 1v
3271 3137 3549 3191 Kalendas
3610 3136 3740 3189 Maii

2131 3245 2226 3284 seu
2267 3231 2331 3283 28
2361 3227 2557 3298 Aprilis
2581 3226 2755 3289 cadit;
2790 3227 2889 3281 sed
2919 3226 3055 3281 obiit
3096 3225 3184 3281 die
3229 3224 3738 3295 advesperascente,

2133 3325 2245 3382 aut,
2279 3325 2335 3371 ut
2394 3317 2487 3371 alii
2537 3317 2847 3385 loquuntur,
2892 3323 3072 3381 nocte,
3100 3323 3153 3370 et
3196 3314 3321 3370 ideo
3371 3322 3483 3368 tam
3543 3330 3576 3368 a
3606 3314 3741 3367 Vita:

2134 3405 2450 3462 auctoribus
2507 3421 2670 3476 quam
2727 3403 2783 3457 in
2841 3402 3124 3459 obituariis
3197 3405 3415 3456 notatus
3465 3401 3567 3456 fuit
3620 3402 3741 3456 dies

2135 3510 2195 3548 ut
2261 3493 2551 3561 Kalendas,
2633 3493 2777 3564 quod
2838 3491 3080 3562 praedicti
3158 3490 3511 3563 manyrologi
3569 3489 3737 3546 secuti

2136 3586 2254 3634 sunt
2267 3620 2278 3632 .

2212 3689 2298 3739 16.
2329 3685 2506 3738 Vitam
2526 3683 2685 3755 primi
2715 3683 3045 3754 scripserunt
3077 3682 3198 3738 Gilo
3228 3691 3282 3738 et
3322 3683 3488 3738 Ezelo
3518 3681 3740 3737 Clunia-

2139 3788 2330 3831 censes
2359 3775 2634 3839 monachi,
2666 3774 2740 3828 uti
2773 3781 2992 3828 testatur
3021 3773 3392 3839 Hildebertus,
3427 3787 3556 3827 mox
3585 3786 3742 3826 com-

2139 3863 2542 3918 memoramlus.
2578 3863 2654 3917 Ea
2683 3877 2750 3916 an
2798 3864 3014 3932 uspiam
3064 3862 3273 3933 integre
3303 3861 3525 3917 exstet?
3556 3861 3745 3915 nesci-

2139 3967 2292 4012 mus;
2329 3952 2714 4021 compendium
2757 3950 2978 4022 aliquod
3028 3951 3231 4006 habere
3280 3949 3439 4004 nobis
3473 3948 3743 4014 videmur,

2140 4055 2208 4095 ex
2254 4055 2355 4093 ms.
2389 4040 2618 4094 cu‘nobii
2661 4039 2984 4095 Bodecensis
3014 4053 3156 4094 anno
3191 4039 3348 4103 1640,
3384 4046 3597 4092 erutum
3624 4054 3657 4091 a
3686 4038 3745 4090 P.

2139 4129 2345 4183 Joanne
2375 4130 2633 4184 Gamans.
2659 4129 2767 4183 Etsi
2801 4130 2946 4185 enim
2979 4129 3102 4184 istic
3131 4143 3241 4182 non
3268 4127 3488 4199 legatur
3513 4127 3570 4180 id
3599 4126 3749 4198 quod

2140 4218 2310 4272 solum
2343 4234 2376 4272 a
2404 4234 2462 4272 se
2487 4218 2832 4272 immutatum
2862 4217 3204 4272 Hildebertus
3235 4218 3516 4288 praefatur,
3547 4225 3750 4270 caetera

2143 4315 2320 4362 tamen
2350 4307 2434 4360 his
2465 4305 2648 4362 verbis
2679 4315 2942 4376 concepta
2973 4315 3116 4372 sunt,
3138 4316 3194 4360 ut
3220 4314 3406 4377 pateat
3435 4320 3502 4359 ex
3534 4304 3599 4358 iis
3628 4319 3748 4358 esse

2143 4397 2449 4466 desumpta,
2470 4413 2590 4466 quae
2637 4395 2755 4466 ipsa
2785 4397 2899 4451 sola
2939 4413 3049 4466 pra:
3080 4395 3249 4451 oculis
3280 4395 3500 4460 habuit;
3534 4394 3749 4454 addens-

432 4478 667 4535 tlammis
698 4477 934 4550 grassari
965 4477 1101 4532 ultra
1131 4478 1436 4548 prohibitis,
1469 4480 1733 4536 exstincto
1761 4481 1830 4536 ad
1859 4482 2028 4552 impe-
2057 4477 2110 4536 D
2143 4501 2263 4554 qua
2293 4484 2446 4547 vidit,
2480 4501 2601 4554 qua:
2632 4484 2868 4546 audivit;
2896 4485 3148 4553 quaedam
3179 4484 3342 4538 etiam
3372 4483 3652 4550 omittens,
3673 4481 3744 4536 ob

432 4568 572 4624 rium
630 4567 777 4639 igne,
808 4566 951 4636 quod
1001 4567 1276 4637 reliquum
1337 4577 1450 4622 erat
1502 4569 1774 4640 religiosae
1814 4571 2028 4638 domus,

433 4657 637 4714 clausis
666 4656 825 4712 etiam
863 4663 1004 4710 tanta
1025 4655 1084 4709 in
1114 4656 1427 4728 egredieudi
1461 4659 1781 4713 necessitate
1825 4659 2032 4713 sancti-

435 4744 784 4812 monialibus,
816 4745 883 4800 ab
914 4745 1161 4800 incendio
1193 4745 1401 4800 salvum
1441 4747 1758 4802 constiterit.
1789 4748 1868 4801 Ad
1900 4765 2034 4820 quas

433 4835 654 4890 crebras
683 4833 738 4888 S.
773 4835 1064 4905 llugoncm
1097 4834 1300 4888 litteras
1329 4835 1562 4904 dedisse,
1595 4837 1784 4907 plenas
1825 4836 2032 4891 saluta-

432 4923 584 4978 ribus
613 4921 850 4988 monitis,
883 4923 1105 4977 omnino
1136 4931 1284 4978 extra
1307 4924 1531 4978 dubium
1565 4935 1675 4987 est;
1710 4925 1763 4978 in
1809 4927 2032 4980 Clunia-

438 5011 583 5067 censi
645 5009 987 5065 Bibliotheca
1045 5027 1151 5066 non
1211 5011 1312 5066 nisi
1356 5028 1518 5068 unam
1564 5014 1880 5086 reperimus,
1914 5031 2033 5084 qua:

436 5098 748 5169 hujusmodi
779 5102 878 5154 est.

508 5192 598 5244 14.
645 5213 668 5232 οι
702 5185 1042 5242 Dulcissimis
1090 5188 1302 5243 ﬁliabus
1355 5191 1736 5264 sororibusque
1777 5192 2034 5248 amantis-

435 5280 606 5346 simis,
638 5274 822 5333 saaculi
850 5292 1056 5346 pompa
1086 5278 1286 5346 exutis,
1319 5287 1373 5333 et
1415 5281 1730 5336 Marciniani
1759 5283 1826 5335 ad
1858 5284 2034 5338 hono-

430 5385 548 5424 rem
588 5377 640 5424 et
671 5367 884 5422 laudem
933 5375 1134 5420 sancta:
1187 5375 1239 5422 et
1285 5367 1580 5426 individua:
1608 5370 1901 5436 Trinitatis,
1933 5371 2035 5426 sub

428 5457 726 5529 patrocinio
759 5456 827 5509 Β.
859 5453 1044 5508 Mariae
1083 5470 1300 5524 semper
1341 5457 1576 5528 Virginis
1619 5469 1669 5514 et
1717 5469 2031 5515 sanctorum

428 5545 796 5617 apostolorum
826 5543 970 5601 Petri
1003 5551 1056 5602 et
1079 5543 1248 5614 Pauli,
1281 5547 1650 5618 congregatis,
1669 5551 1828 5606 frater
1844 5551 2026 5622 Hugo,

2137 4575 2398 4629 rationem
2426 4574 2481 4626 in
2512 4571 2743 4644 prologo
2773 4573 3092 4642 expositam,
3127 4588 3356 4644 quorum
3387 4588 3511 4642 pars
3532 4586 3655 4626 cum
3689 4570 3746 4624 in

2141 4663 2284 4716 dicto
2315 4678 2414 4714 ms.
2448 4671 2728 4732 appareat,
2762 4677 3063 4733 congruum
3093 4661 3349 4714 duximus
3369 4661 3439 4714 ad
3472 4660 3744 4728 majorem

2139 4750 2561 4805 satisfactionem
2608 4750 2822 4805 lectoris
2877 4750 3096 4817 curiosi,
3126 4757 3180 4804 et
3221 4750 3290 4804 de
3332 4749 3469 4818 ipsis
3527 4747 3748 4803 omissis

2133 4839 2398 4908 judicium
2450 4839 2550 4892 sibi
2600 4839 2835 4893 liberum
2893 4855 3015 4894 esse
3065 4838 3315 4905 volentis,
3363 4853 3472 4892 non
3520 4837 3746 4907 quidem

2138 4929 2337 4998 primo,
2378 4927 2472 4983 sed
2503 4928 2662 4982 tertio
2705 4929 2824 4982 loco
2870 4928 3042 4997 ipsam
3091 4927 3236 4980 illam
3281 4925 3560 4996 epitomen
3591 4925 3742 4990 dare,

2139 5017 2437 5086 praemissis
2492 5025 2549 5070 ut
2604 5016 2946 5086 dignioribus
2998 5016 3111 5083 jam
3160 5015 3288 5068 dicti
3341 5013 3749 5076 Hildeberti,et

2139 5104 2403 5176 Raynaldi
2467 5120 2621 5176 mque
2687 5104 3009 5159 venerandis
3075 5101 3560 5159 lucubrationibus.
3627 5101 3751 5156 Fuit

2140 5203 2322 5248 autem
2352 5192 2699 5248 Hildebertus
2757 5195 2812 5257 (θ.
2856 5194 3005 5262 cujus
3060 5193 3222 5248 etiam
3261 5191 3397 5262 style
3437 5190 3746 5245 dedimus?

2141 5283 2343 5355 Aprilis
2403 5283 2574 5337 Vitam
2619 5285 2674 5339 S.
2715 5283 2897 5336 Maria
2926 5283 3257 5353 Egyptiacae
3303 5279 3530 5335 metrica
3576 5295 3745 5350 para-

2140 5373 2323 5442 phrasi
2351 5374 2699 5442 exornatam)
2745 5387 2812 5426 ex
2853 5371 3019 5440 ipsius
3061 5371 3120 5425 S.
3152 5369 3400 5440 Hugonis
3449 5367 3745 5437 disciplina

2138 5470 2190 5515 et
2220 5462 2570 5525 monasterio,
2603 5461 2672 5514 ad
2715 5460 3020 5515 scholarum
3069 5457 3556 5513 Cenomanensium
3603 5457 3744 5526 regi-

2140 5565 2263 5605 men
2284 5557 2582 5620 promotus,
2612 5558 2726 5604 tum
2763 5547 3177 5604 archidiaconus
3205 5547 3404 5602 deinde
3443 5555 3497 5601 et
3531 5544 3740 5617 episco~
