4032 6078
297 270 400 325 857

1857 266 2016 323 Vl'l'A
2026 305 2041 321 .

3496 273 3598 327 858

296 409 399 467 pus
430 391 623 459 factus,
655 404 797 446 anno
842 391 1002 457 1097,
1043 397 1097 445 et
1142 388 1427 461 scripsisse
1483 387 1698 447 videtur
1749 390 1896 445 circa
1921 390 1979 451 A
2008 388 2407 463 Lugdunensis,
2452 400 2622 463 atque
2674 408 2876 449 annum
2915 409 3082 450 unum
3129 394 3187 450 in
3231 409 3297 450 ea
3335 393 3603 467 dignitate

299 491 502 532 annum
535 476 693 542 1115,
725 481 918 544 postea
945 488 1088 529 anno
1118 474 1257 530 1125
1277 478 1498 528 evectus
1525 471 1598 527 ad
1626 472 1895 544 archiepi-

297 573 580 636 scopatum
609 564 1004 618 Turonensein.
1041 561 1125 616 Ab
1158 562 1264 617 hoc
1292 559 1552 631 scriptam
1599 559 1776 615 Vitam
1832 559 1891 617 S.

296 652 549 725 Hugonis
579 668 647 707 ex
678 648 950 706 Sirmondi
981 649 1153 706 nostri
1179 649 1526 705 collectaneis
1568 664 1673 717 ms,
1730 663 1893 704 acce-

298 742 497 814 pimus,
529 747 583 797 et
613 754 736 796 cum
767 738 927 795 editis
954 737 1011 793 in
1041 738 1187 793 Surii
1209 736 1532 794 collectione
1560 751 1625 793 ac
1678 735 1893 792 Biblio-

300 834 457 888 theca
478 827 814 886 Cluniacensi
845 826 1188 883 contulimus.
1215 827 1452 883 Alteram
1482 825 1680 895 Vitam,
1728 841 1893 898 quam

298 919 489 976 damus
518 934 583 973 ex
613 934 715 972 ms.
746 916 936 973 codice
964 914 1322 972 serenissima:
1358 914 1644 971 Christina:
1682 915 1892 989 regina

299 1007 510 1064 Suceiaa
537 1014 591 1062 et
621 1005 728 1061 alio
759 1004 929 1061 nostri
959 1002 1180 1076 collegii
1209 1002 1472 1070 Duaceni,
1513 1003 1682 1058 multa
1711 1004 1894 1074 expli-

302 1103 514 1153 cantem
546 1110 668 1165 quse
692 1093 840 1164 prior
866 1109 976 1148 non
1004 1092 1205 1165 attigit,
1237 1091 1488 1163 quaedam
1530 1091 1692 1147 abiis
1747 1093 1893 1149 dicta

301 1185 644 1250 reticentem,
676 1180 974 1251 composuit
1003 1180 1313 1253 Raynaldus
1335 1179 1458 1249 jam
1487 1187 1612 1236 ante
1636 1180 1892 1237 nomina-

294 1276 403 1335 tus,
438 1284 550 1323 non
579 1266 762 1331 frater,
794 1274 851 1320 ut
878 1265 1120 1321 scribunt
1160 1265 1584 1335 Sammarthani,
1642 1265 1739 1321 sed
1794 1266 1893 1335 (uti

298 1357 471 1428 liquet
488 1372 553 1411 ex
580 1353 837 1411 venerab.
872 1352 1027 1410 Petro
1059 1352 1418 1421 Cluniacensi,
1451 1353 1545 1407 lib.
1579 1370 1658 1420 Ill,
1717 1353 1882 1426 epist.

297 1446 351 1515 2,
375 1454 431 1501 et
458 1444 678 1516 propria
707 1443 851 1498 illius
880 1442 1199 1513 assertione)
1230 1458 1401 1514 nepos
1429 1441 1605 1514 ipsius
1648 1443 1705 1499 S.
1766 1443 1889 1498 Hu-

290 1534 481 1606 gonis;
506 1531 902 1589 Vezeliacensis
930 1530 1123 1599 abbas,
1153 1531 1211 1586 in
1258 1531 1481 1587 dioecesi
1537 1531 1889 1602 Augustodu-

295 1621 449 1678 nensi
477 1620 594 1689 (ubi
622 1621 766 1675 enim
796 1619 1237 1676 sanctimoniales
1267 1619 1501 1690 fuerant)
1542 1634 1685 1675 anno
1746 1619 1887 1675 1108

288 1709 609 1767 constitutus
636 1708 915 1781 praefatus,
946 1708 1092 1778 quod
1121 1707 1165 1762 si
1190 1708 1329 1764 forte
1384 1706 1595 1764 altioris
1657 1707 1887 1777 alicujus

292 1799 501 1871 ingenii
530 1797 630 1853 viri
658 1797 896 1852 studium
943 1796 997 1851 in
1053 1798 1156 1852 hoc
1208 1811 1371 1868 opere
1420 1800 1584 1852 antea
1611 1796 1889 1851 desudarit

287 1886 581 1955 (bisautem
603 1882 787 1939 verbis
798 1883 1016 1939 videtur
1030 1882 1331 1939 Hildeberti
1350 1884 1613 1955 scripturn
1630 1881 1879 1953 innuere,

290 1970 439 2042 quod
477 1967 547 2024 ad
568 1983 697 2023 suas
725 1983 919 2022 manus
949 1982 1057 2023 non
1084 1969 1418 2039 pervenerit)
1451 1967 1596 2022 illius
1614 1983 1753 2040 opus
1772 1981 1887 2022 ma-

278 2060 458 2131 jorum
488 2060 649 2124 atque
694 2050 1029 2121 sapientium
1055 2054 1296 2106 virorum
1332 2050 1668 2107 excellentiae
1724 2052 1887 2107 relin-

287 2136 585 2210 quendum,
615 2152 771 2192 suum
804 2150 929 2191 vera
958 2134 1229 2190 minorum
1280 2142 1448 2205 atque
1486 2134 1665 2190 minus
1712 2150 1886 2208 capa-

295 2226 441 2282 cium
502 2224 681 2280 studio
747 2222 1154 2279 attribuendum
1181 2230 1353 2294 putet.
1423 2222 1614 2279 Nullos
1705 2233 1887 2281 autem

293 2314 507 2386 priores
536 2329 596 2368 se
659 2320 908 2369 auctores
935 2310 1081 2378 citat,
1140 2318 1327 2381 utpote
1365 2312 1470 2367 hoc
1499 2321 1887 2384 argumentum

294 2407 527 2453 tractans
553 2397 690 2454 sicut
752 2396 951 2468 partim
1015 2394 1147 2461 vidi,
1188 2395 1363 2465 inquit
1416 2396 1470 2450 in
1522 2394 1649 2463 ﬁne,
1689 2397 1886 2467 partim

295 2486 560 2541 relatione
605 2484 967 2557 probabilium
1032 2483 1271 2538 virorum
1336 2482 1523 2553 didici,
1569 2501 1690 2555 qua
1752 2501 1887 2542 vero

294 2590 456 2645 prosa
513 2574 821 2645 scripserat,
881 2572 1073 2627 eodem
1140 2578 1312 2627 metro
1376 2573 1771 2647 perstringens,
1808 2574 1887 2630 sic

293 2662 570 2718 concludit
602 2681 615 2716 :

363 2759 506 2823 Haec,
530 2759 709 2813 Pater
724 2758 898 2829 Hugo,
943 2760 1033 2814 tui
1074 2758 1355 2830 Ragnaldi
1394 2757 1549 2815 dicta
1591 2760 1813 2831 nepotis

428 2846 689 2918 Suscipe,
722 2862 926 2917 quaeso,
955 2849 1070 2920 pic,
1095 2863 1291 2919 meque
1321 2851 1500 2917 tuere,
1533 2849 1730 2903 Pater.

354 2934 420 2988 Et
446 2934 700 3004 quoniam
740 2942 852 2988 tum
884 2934 989 2989 alia
1019 2934 1290 3007 quaedam,
1313 2942 1424 2990 tum
1454 2944 1665 3006 tempus
1693 2935 1885 2992 mortis

291 3030 453 3092 atque
482 3021 770 3094 regiminis
797 3021 889 3078 hic
919 3022 1226 3093 expressius
1254 3022 1654 3092 continuantur,
1704 3031 1756 3081 et
1796 3039 1883 3080 res

282 3110 466 3166 brevis
495 3119 592 3176 est,
627 3126 728 3165 nec
776 3110 903 3165 alibi
943 3110 1155 3182 uspiam
1207 3121 1407 3180 exstat,
1465 3113 1668 3184 placuit

282 3200 420 3253 hanc
444 3214 511 3254 ex
541 3199 733 3254 eodem
762 3198 972 3271 reginae
1007 3215 1109 3254 ms.
1136 3201 1685 3273 addere.Raynaldus
1706 3210 1885 3258 autem

283 3286 444 3341 etiam
478 3286 596 3357 ipse
661 3302 803 3341 anno
870 3289 1007 3343 1128
1066 3287 1239 3345 factus
1292 3299 1376 3346 est
1448 3290 1887 3362 archiepiscopus

2004 479 2211 550 vivens,
2266 479 2517 537 Cluniaci
2573 480 2814 551 sepultus
2867 492 2949 539 est
2993 484 3094 539 sub
3143 484 3249 539 hoc
3283 482 3597 555 epitaphio:

2005 568 2104 624 Hic
2128 569 2428 641 requiescit
2461 570 3126 644 Ragnaldus,,'quondam
3146 572 3319 628 abbas
3359 575 3416 628 et
3436 587 3597 643 repa-

2001 661 2165 799 zator
2202 657 2615 801 Viifeliacensis,
2646 663 2703 715 et
2730 665 2933 732 postea
2960 659 3420 733 archiepiscopus
3443 658 3596 731 Lug-

2039 760 2222 801 uncns
2286 784 2300 799 .

2039 760 2275 802 unctius
2286 784 2300 799 .

2074 853 2163 906 17.
2204 851 2365 922 Hugo
2430 852 2594 909 etiam
2663 854 2966 912 monachus
3028 852 3421 921 Cluniacensis,
3477 860 3602 924 post

2001 940 2184 996 sancti
2226 947 2455 997 mortem
2495 957 2532 997 a
2586 943 2777 999 Pontio
2835 959 3145 1001 successore
3196 950 3477 1013 susceptus
3531 941 3607 997 ad

2001 1027 2273 1097 ordinem,
2295 1028 2471 1101 primo
2500 1029 2569 1085 ad
2597 1031 2759 1086 istum
2790 1049 2946 1088 suum
2964 1033 3221 1088 abbatem
3249 1039 3370 1103 post
3398 1046 3600 1085 annum

2003 1119 2140 1172 1120
2168 1117 2460 1187 epistolam
2521 1119 2757 1189 scripsit,
2789 1122 2874 1177 cui
2925 1122 3091 1176 multa
3155 1120 3228 1175 de
3275 1120 3333 1175 S.
3365 1119 3600 1191 Hugone

2000 1203 2251 1273 inseruit,
2282 1205 2468 1261 danda
2505 1222 2573 1262 ex
2630 1208 2965 1266 Bibliotheca
3007 1208 3368 1275 Cluniacensi,
3417 1207 3601 1278 primo

2000 1291 2122 1349 loco
2154 1293 2295 1349 inter
2321 1294 2597 1361 Analecta,
2620 1295 2677 1350 in
2708 1313 2813 1367 qua
2841 1298 3003 1353 etiam
3034 1300 3149 1372 agit
3190 1301 3261 1357 de
3316 1296 3605 1355 canoniza-

1999 1379 2151 1437 tione
2171 1380 2234 1436 S.
2266 1382 2514 1454 Hugonis
2545 1383 2690 1440 facta
2720 1385 2959 1441 Cluniaci
2989 1403 3089 1457 per
3117 1388 3404 1444 Callixtum
3423 1387 3473 1441 II
3494 1398 3601 1455 pa-

1998 1485 2144 1540 pam,
2176 1471 2438 1541 supplens
2467 1469 2716 1541 quadam
2754 1472 2826 1527 ab
2855 1474 2975 1529 aliis
3002 1476 3227 1532 omissa.
3261 1476 3470 1546 Quibus
3490 1487 3601 1527 non

1997 1559 2239 1615 contenti
2262 1558 2645 1615 Cluniacenses
2659 1571 2966 1637 congerunt
2986 1579 3115 1619 eum
3136 1564 3401 1637 integram
3418 1562 3599 1617 Vitam

1996 1647 2383 1719 scribet-equa
2394 1648 2557 1703 etiam
2587 1649 2705 1721 ipsa
2718 1658 2940 1722 propter
2959 1652 3337 1725 antiquitatem
3358 1649 3599 1720 scripto-

1914 1740 1969 1801 B
1998 1736 2075 1791 ris
2104 1735 2219 1791 dari
2248 1736 2580 1807 merebatur,
2615 1738 2719 1793 nisi
2775 1738 2905 1795 satis
2941 1749 3089 1797 esset
3139 1741 3198 1796 in
3262 1740 3603 1797 Bibliotheca

1994 1824 2355 1893 Cluniacensi,
2389 1832 2444 1880 et
2480 1841 2550 1881 ex
2579 1825 2686 1883 hac
2732 1826 2789 1880 in
2832 1835 3107 1899 postrema
3161 1829 3306 1886 Surii
3360 1827 3598 1883 editione

1992 1921 2226 1969 exstare.
2259 1913 2448 1985 Itaque
2502 1929 2566 1969 ea
2595 1921 2804 1969 tantum
2848 1923 3063 1971 utemur
3089 1917 3160 1972 ad
3214 1914 3592 1971 illustrandam

1993 2002 2170 2058 Vitam
2202 2001 2461 2071 primam,
2484 2017 2607 2073 quas
2634 2010 2813 2057 autem
2843 2003 3146 2075 singularia
3173 2005 3378 2059 ibidem
3393 2002 3600 2058 haben.

1994 2100 2080 2148 tur
2106 2089 2491 2147 Analectorum
2522 2100 2688 2163 caput
2714 2094 2748 2147 2
2778 2093 3130 2149 constituent.
3163 2091 3418 2162 Denique
3455 2104 3596 2146 ano-

1992 2195 2188 2251 nymus
2213 2178 2437 2249 quidam
2466 2180 2798 2236 notabiliora
2827 2181 3075 2251 quaedam
3109 2188 3324 2251 puncta,
3372 2180 3433 2233 B.
3478 2178 3598 2233 Hu-

1992 2267 2155 2342 gonis
2191 2267 2440 2339 regimen
2467 2268 2927 2341 sanctitatemque
2954 2269 3344 2325 concernentia
3384 2265 3592 2322 descri-

1994 2356 2120 2428 psit,
2187 2370 2419 2428 quorum
2472 2372 2601 2426 pars
2663 2357 2721 2411 in
2764 2356 3056 2428 pnecitatis
3083 2356 3220 2413 Vitis
3246 2356 3459 2428 integre
3487 2354 3593 2409 de-

1992 2444 2198 2513 scripta
2239 2451 2441 2512 exstat,
2471 2445 2578 2499 nisi
2635 2444 2760 2501 hinc
2789 2445 2844 2499 in
2901 2445 3021 2500 illas
3059 2446 3374 2500 translatam
3433 2441 3594 2497 malis

1992 2533 2249 2600 credere;
2314 2548 2442 2603 pars
2496 2532 2882 2590 Analectorum
2951 2540 3119 2605 cnput
3180 2536 3212 2588 3
3275 2531 3596 2603 implebunt.

1991 2622 2236 2693 Hymnus
2266 2620 2501 2693 quemin
2529 2621 2747 2677 laudem
2777 2621 2842 2677 S.
2881 2621 3126 2693 Hugonis
3151 2619 3374 2690 scripsit
3418 2634 3593 2674 vene-

1990 2710 2182 2765 rabilis
2236 2709 2442 2777 Petrus,
2503 2717 2627 2780 post
2683 2709 2933 2765 Pontium
2987 2708 3167 2764 abbas
3219 2706 3590 2775 Clunacensis,

1991 2806 2170 2854 exstat
2196 2799 2341 2853 inter
2368 2797 2516 2852 illius
2542 2811 2715 2865 Opera
2744 2797 2799 2851 in
2820 2797 3101 2868 praecitata
3116 2795 3588 2861 Bibliotheca,col.

1992 2890 2115 2955 135,
2190 2886 2428 2957 scriptus
2476 2901 2575 2956 per
2617 2884 2840 2941 modum
2881 2884 3198 2955 sequentia,
3251 2890 3304 2939 et
3358 2899 3598 2939 summa—

1991 2975 2136 3030 rium
2166 2973 2303 3030 Vitze
2335 2972 2702 3046 complectens
2732 2990 2747 3036 ;
2782 2972 3092 3028 testimonia
3135 2971 3300 3027 etiam
3348 2971 3598 3041 antiquo-

1722 3058 1883 3169 :ﬁ;‘;
1909 3088 1960 3152 ο
1986 3078 2107 3119 rum
2137 3063 2208 3118 de
2226 3062 2432 3169 eodem
2480 3069 2666 3169 santho
2710 3058 3193 3169 collectamvidebis
3234 3058 3342 3115 col.
3392 3061 3496 3169 ιτδὲ
3543 3067 3598 3113 et

1994 3151 2347 3221 sequentibus
2373 3169 2388 3218 ;
2421 3166 2543 3221 quas
2598 3151 2705 3205 huc
2735 3148 3102 3205 transcribere
3130 3162 3316 3217 opera:
3353 3146 3594 3217 pretium

1994 3255 2106 3295 non
2134 3240 2442 3296 videbatur.

1703 3567 2174 3715 VITA

1098 3806 1423 3863 AUCTORE
1451 3805 1898 3866 HILDEBERTO
1927 3808 2432 3868 CENOMANENSI
2461 3812 2808 3870 EPISCOPO

1802 3938 2124 3953 *-

892 4063 1286 4122 PROLOGUS.

362 4154 462 4209 Dei
491 4153 671 4225 gratia
700 4153 996 4210 venerabili
1017 4161 1178 4224 atque
1217 4153 1673 4209 reverendissimo
1702 4153 1886 4210 abbati

1995 4067 2187 4123 Pontio
2254 4069 2352 4137 (i),
2381 4066 2755 4135 Hildebertus,
2787 4067 3122 4138 professione
3180 4080 3307 4124 sace
3337 4065 3438 4122 dos
3498 4065 3595 4151 (Ξ),

1992 4156 2105 4211 vita
2132 4163 2407 4228 peccator,
2440 4171 2600 4227 spem
2630 4155 2857 4227 adipisci
2888 4171 3252 4212 communem.
3286 4156 3597 4226 Congruum

358 4306 435 4378 (t)
467 4305 689 4378 Pontius
716 4304 903 4378 abbas,
957 4320 1019 4361 ex
1055 4304 1384 4361 monasterio
1439 4305 1496 4361 S.
1546 4305 1722 4378 Pontii
1774 4305 1877 4361 To-
1904 4279 1958 4340 D
1988 4308 2115 4362 dem
2148 4322 2278 4363 mox
2308 4307 2409 4362 sub
2438 4307 2684 4363 Honorio
2714 4322 2859 4378 papa
2889 4307 2935 4361 II
2986 4304 3183 4378 obierit
3234 4319 3382 4378 anno
3436 4302 3598 4378 1125.

292 4376 589 4448 meriarum
621 4376 934 4448 Cluniacum
965 4385 1348 4448 transgressus,
1371 4376 1755 4432 monasterium
1771 4392 1895 4431 cum

285 4447 449 4502 laude
472 4449 609 4502 rexit
640 4447 833 4517 primis
855 4447 1140 4503 duodecim
1170 4453 1263 4502 aut
1290 4448 1533 4518 pluribus
1562 4448 1735 4518 annis,
1769 4463 1892 4501 cum

289 4518 395 4573 ista
424 4519 633 4581 omnia,
668 4534 791 4589 quae
833 4518 975 4572 infra
1012 4518 1185 4572 daturi
1243 4535 1447 4586 sumus,
1508 4517 1890 4574 scriberentur.

290 4589 501 4644 Deinde
531 4597 796 4658 pertaesus
843 4591 1331 4643 murmurationum
1380 4590 1642 4644 adversus
1678 4605 1735 4643 se
1792 4589 1894 4659 gli-

292 4660 711 4731 scentium,qua3
743 4667 921 4714 tamen
938 4668 1161 4715 eatenus
1190 4675 1297 4714 non
1328 4668 1692 4731 proruperant
1720 4659 1891 4724 foras,

290 4746 323 4785 a
355 4729 569 4785 Calixto
588 4729 636 4784 li
667 4730 813 4784 circa
841 4746 1037 4784 annum
1065 4734 1200 4786 1122
1230 4729 1439 4786 absOlvi
1468 4729 1639 4801 petiit,
1672 4739 1724 4785 et
1771 4730 1895 4785 licet

288 4817 458 4872 aegre,
517 4800 830 4872 impetravit
889 4810 1088 4872 tamen,
1138 4815 1204 4855 ac
1258 4801 1688 4872 Hierosolymam
1740 4801 1890 4856 abiit.

289 4870 568 4927 Stitl‘icitur
595 4871 644 4925 ei
668 4871 826 4942 Hugo
847 4871 1227 4926 Marciacensis
1255 4871 1440 4942 prior;
1474 4870 1613 4926 alius
1666 4872 1757 4942 ab,
1789 4888 1893 4927 au-

290 4950 441 4997 ctore
470 4950 759 5012 postrema:
782 4942 918 4997 Vita:
946 4943 1058 5009 (hic
1089 4942 1234 4998 enim
1262 4941 1295 4997 a
1324 4942 1512 4998 Pontio
1545 4942 1614 4996 ad
1645 4941 1893 4998 ordinem

290 5012 798 5085 admissusfuerat,
831 5011 984 5085 istius
1014 5029 1143 5068 vero
1172 5013 1336 5085 longa
1360 5013 1415 5068 in
1444 5021 1633 5068 sancta
1658 5029 1891 5069 conver-

294 5085 510 5139 satione
532 5083 641 5139 vita
674 5084 947 5138 laudaturi
984 5099 1091 5154 quo
1123 5082 1287 5138 intra'
1312 5082 1478 5139 breve
1528 5091 1745 5153 tempus
1802 5100 1893 5139 ex-

292 5155 507 5226 stincto,
556 5154 778 5226 cligitur
820 5155 1006 5226 Petrus
1063 5154 1415 5226 Venerabilis,
1447 5170 1673 5226 exrquo,
1729 5154 1820 5208 lib.
1854 5170 1895 5209 ιι

288 5224 693 5292 Miraculorum,
726 5224 899 5279 Pontii
935 5225 1107 5278 Vitam
1130 5225 1418 5288 scribente,
1450 5224 1714 5280 habemus
1772 5225 1894 5281 Hie-

289 5295 574 5365 rosolymis
605 5311 883 5350 reversum
913 5303 1127 5364 captata
1188 5296 1479 5352 occasione
1507 5296 1776 5351 invasisse
1801 5312 1894 5351 ar-

292 5375 444 5423 mata
475 5383 635 5421 manu
691 5366 1029 5430 Cluniacum,
1062 5367 1242 5438 itaque
1298 5367 1483 5438 egisse
1534 5375 1594 5421 ut
1641 5375 1893 5438 tanquam

293 5437 677 5493 scliismaticus
739 5436 1198 5492 excommunicari
1256 5436 1512 5492 meruerit
1577 5453 1698 5491 cum
1752 5436 1892 5507 suis,

297 5509 526 5563 Romam
594 5516 773 5563 tamen
845 5507 915 5561 ad
997 5523 1217 5562 causam
1316 5508 1599 5564 dicendam
1692 5524 1895 5566 evoca-

300 5588 388 5635 tus
441 5580 538 5646 sit,
590 5587 643 5633 et
690 5586 816 5650 post
843 5578 1005 5633 latam
1038 5577 1357 5634 sententiam
1396 5579 1764 5652 impccnitens,
1799 5581 1897 5637 ibi-

2000 4378 2290 4458 Indignum
2336 4378 2574 4458 proinde
2601 4386 2684 4435 est
2711 4375 2907 4458 quodis
2933 4392 2964 4458 ξι
2998 4377 3199 4458 Wione
3232 4375 3408 4430 Fastis
3436 4375 3601 4458 Bene-

2003 4444 2225 4503 dicti'nis
2289 4444 2601 4505 ascribatur
2660 4444 2746 4505 ad'
2794 4451 2861 4503 29
2924 4447 3196 4514 Januarii,
3264 4461 3388 4501 cum
3449 4444 3601 4500 titulo

2002 4519 2193 4574 sancti.
2226 4518 2335 4575 Sed
2364 4520 2418 4574 in
2448 4522 2553 4577 hoc
2574 4536 2728 4590 aeque
2778 4529 2980 4574 temere
3035 4518 3214 4573 Wion
3270 4517 3400 4590 egit,
3434 4529 3599 4587 quam

2000 4589 2351 4662 negligenter
2378 4592 2433 4645 in
2462 4588 2697 4661 eo,quod
2726 4605 2867 4645 anno
2899 4588 3311 4662 1122Cluniaci
3328 4594 3597 4662 mortuum

2002 4657 2230 4737 diierit,
2257 4657 2589 4737 quemipse'
2630 4662 2904 4737 Honorius
2934 4675 3128 4737 _papa_
3156 4658 3341 4737 scribit
3392 4657 3599 4737 abiisse

2004 4732 2188 4802 Romae
2209 4726 2674 4802 'inipmniténtem,
2704 4732 2758 4786 in
2789 4726 2980 4786 litteris
3025 4726 3055 4784 ὁ
3095 4731 3253 4802 Petro
3272 4726 3601 4802 Venerabili

2002 4801 2151 4857 dicto
2181 4799 2530 4858 loco—relatis.
2563 4805 2683 4867 Ipse
2711 4812 2891 4857 tamen
2949 4803 3144 4855 Petrus
3198 4799 3369 4855 videri
3421 4804 3600 4867 potest

2004 4888 2070 4927 ex
2101 4872 2282 4943 aliqua
2312 4876 2567 4943 passione
2588 4870 2825 4941 loeutus,
2856 4887 2983 4927 cum
3013 4877 3156 4928 totos
3183 4871 3371 4943 decem
3416 4870 3599 4941 Ipsius

2001 4958 2174 5016 annos
2195 4941 2352 5016 iant‘e
2410 4945 2713 5015 depositam
2774 4942 3089 5016 dignitatem
3126 4985 3140 5010 ,
3209 4941 3485 5016 turbarum
3549 4948 3606 4995 et

2003 5013 2435 5086 discordiarum,
2480 5012 2733 5086 quamvis
2798 5012 2960 5086 foras
2990 5028 3096 5068 non
3168 5012 3564 5086 erumpentium
3586 5052 3604 5078 ,

2004 5091 2133 5140 nota
2160 5083 2476 5148 dedecorat;
2505 5082 2606 5141 eos
2661 5086 2805 5140 enim
2862 5083 2996 5139 satis
3042 5092 3298 5138 excusant
3330 5082 3421 5139 tot
3475 5082 3604 5137 illu-

2004 5155 2135 5209 stria
2165 5157 2433 5225 encomia,
2466 5156 2657 5212 Pontio
2686 5156 2889 5212 tributa
2913 5154 2982 5208 ab
3012 5153 3099 5221 iis,
3131 5157 3226 5225 qui
3278 5155 3356 5225 de
3395 5154 3451 5208 S.
3486 5153 3604 5207 Hu-

2003 5241 2154 5351 golnrli
2181 5237 2432 5299 egerunt,
2478 5228 2710 5300 aliisque
2765 5230 2821 5283 in
2878 5224 3215 5283 Bibliotheca
3257 5224 3604 5280 Cluniacensi

2003 5314 2060 5351 re
2085 5314 2115 5351 a
2142 5314 2209 5351 is.

2001 5306 2209 5353 relatis.

2077 5369 2155 5439 (2)
2185 5363 2734 5439 Quamvissacerdos
2763 5365 2907 5439 idem
2930 5367 3027 5439 hic
3069 5364 3245 5421 valeat
3288 5363 3431 5439 quod
3478 5363 3603 5433 cpi-

2005 5435 2242 5510 scopus;
2275 5436 2599 5510 bumilitatis
2636 5445 2817 5493 tamen
2868 5436 2966 5492 fuit
2998 5438 3157 5492 istum
3207 5435 3386 5507 potius
3439 5449 3602 5503 quam

2006 5507 2149 5565 hunc
2178 5507 2395 5566 titulum
2418 5523 2731 5580 usurpasse.
