4032 6078
338 234 448 286 859
1449 233 1505 287 S.
1536 226 1848 286 I-lUGONlS
1888 219 2189 280 ABBATIS
2222 222 2536 280 CLUNIAC.
3539 213 3688 267 860

349 357 681 414 humanibus
709 359 1011 414 actionibus
1039 358 1243 414 exitum
1273 356 1576 427 pollicetur,
1607 354 1743 409 nihil
1774 365 1936 422 supra
1969 349 2026 410 Α
2055 357 2144 404 tuo
2183 349 2364 404 veniat
2385 347 2612 418 judicio,
2645 352 2729 406 vel
2774 352 2822 406 si
2865 351 3304 424 supprimendum
3337 351 3682 415 censueris,

359 448 501 508 vires
527 447 786 518 profiteri.
821 461 957 516 quas
985 447 1240 517 profecto
1264 445 1504 518 quisquis
1534 442 1814 498 attendere
1844 455 1944 496 ne-
2050 439 2270 495 omnino
2293 438 2606 495 delitescat.
2645 439 2818 494 Minus
2862 450 3040 498 tamen
3073 439 3200 497 mihi
3234 442 3407 513 placet
3438 452 3682 512 appro-

355 535 536 608 gligit,
568 529 658 591 aut
687 537 739 591 in
785 536 973 590 vitium
1017 536 1238 604 labitur,
1287 543 1386 589 aut
1414 531 1635 590 omnino
1663 527 1944 597 deﬁciens,
2050 528 2231 582 batum
2278 528 2579 597 producere
2625 543 2787 598 quam
2837 532 3107 587 occultare
3139 531 3408 597 vitiosum,
3444 529 3687 599 turpior

366 625 529 681 tristis
546 630 600 680 et
620 624 874 680 confusus
895 624 1072 678 audit:
1097 625 1192 679 Hic
1212 623 1371 678 homo
1392 623 1624 693 increpa
1645 617 1944 687 cedi/icore,
2049 619 2193 672 enim
2219 617 2430 688 jactura
2462 625 2544 672 est
2572 631 2769 673 nomen
2820 620 3065 677 amittere
3094 627 3463 690 comparatum
3483 627 3681 691 quam

295 752 297 754 -
362 718 418 770 et
449 729 840 770 consummare
861 729 975 768 non
1003 712 1382 785 potuittLuc.
1418 728 1528 778 xw,
1563 712 1670 780 30).
1705 705 1949 777 Quorum
2052 707 2275 761 minime
2319 719 2692 777 comparasse.
2735 708 3028 765 Conservet
3079 716 3128 763 te
3175 707 3451 763 Dominus
3499 705 3682 760 Deus

360 817 464 873 ego
510 808 754 857 neutrum
786 801 1064 856 incurrere
1091 802 1293 858 veritus
1342 817 1481 868 sum,
1514 800 1641 853 dum
1672 807 1776 853 tuae
1806 797 1948 867 peti-
2051 795 2179 850 ﬁliis
2210 796 2523 865 adoptionis
2570 809 2702 864 suae,
2737 796 2894 854 Pater
2943 806 3152 854 sancte.
3191 797 3423 853 Noveris
3469 801 3684 850 autem

366 884 526 945 tionis
594 890 906 945 auctoritate
979 889 1313 960 compulsus,
1391 888 1757 958 qualicunque
1813 886 1950 955 style
2051 887 2180 959 quia
2229 887 2360 942 mihi
2401 886 2577 942 vicem
2626 885 2903 958 rependis,
2953 889 2996 943 si
3041 885 3225 962 diligis
3273 897 3381 954 me,
3431 893 3486 940 et
3526 895 3677 940 cras

357 978 527 1034 vitam
558 979 625 1034 B.
676 979 925 1051 Hugonis
963 980 1239 1036 memoriae
1267 978 1652 1034 commendare
1681 976 1946 1046 disposui.
2050 994 2153 1048 pro
2183 991 2290 1031 me.

363 1068 460 1123 Cui
502 1083 633 1124 sane
681 1067 854 1123 labori
899 1068 1021 1124 licet
1050 1069 1224 1138 impar
1259 1081 1440 1122 meum
1488 1066 1756 1123 senserim
1787 1067 1948 1137 inge-
2695 1065 2919 1124 CAPUT
2964 1065 3005 1122 Ῑ.

360 1156 532 1227 nium,
567 1157 731 1212 malui
761 1165 941 1212 tamen
979 1157 1239 1213 ridiculus
1267 1156 1498 1226 scriptor
1525 1171 1686 1227 quam
1718 1155 1814 1210 tibi
1839 1156 1955 1211 ino-
2053 1154 2300 1212 Natales
2329 1157 2384 1212 S.
2438 1157 2702 1230 Hugonis,
2736 1158 3017 1229 susceptio
3065 1153 3295 1212 habitus
3326 1151 3666 1220 monastici,

363 1245 586 1307 hediens
635 1246 883 1301 inveniri.
931 1245 1159 1316 Speravi
1186 1262 1254 1302 ex
1301 1245 1612 1302 obedientia
1639 1247 1950 1315 praemium,
2269 1244 2518 1316 dignitas
2548 1245 2850 1301 abbatialis
2883 1247 2937 1302 et
2968 1246 3220 1301 virtutes
3259 1245 3320 1298 in
3353 1259 3437 1298 ca.

364 1335 617 1392 ruborem
668 1350 797 1390 vero
837 1351 904 1389 ex
954 1335 1190 1400 defectu,
1233 1334 1440 1390 credidi
1481 1341 1571 1390 tua
1617 1334 1954 1390 correctione
2129 1334 2179 1388 1.
2231 1333 2431 1388 Beatus
2477 1334 2660 1405 itaque
2709 1332 2886 1402 Hugo,
2938 1332 3160 1388 natione
3217 1329 3511 1391 1Eduensis
3563 1331 3670 1399 (5),

363 1422 683 1494 prta-veniri;
709 1424 852 1492 quod
873 1424 1051 1478 adhuc
1073 1423 1233 1480 etiam
1264 1423 1451 1488 credo,
1477 1423 1688 1492 postulo
1720 1437 1953 1494 precor;
2057 1425 2337 1494 generosis
2366 1423 2675 1494 parentibus
2719 1421 2966 1491 illustris,
3019 1419 3385 1496 pieerogativa
3409 1419 3535 1474 vita
3567 1433 3670 1490 pa-

368 1526 466 1581 pro
520 1527 742 1567 munere
799 1520 1162 1580 suscepturus,
1232 1511 1279 1566 si
1336 1527 1625 1567 removeas
1671 1511 1741 1566 ab
1783 1511 1957 1566 oculis
2059 1512 2190 1566 riter
2245 1519 2296 1566 et
2363 1513 2618 1568 virtutum
2678 1511 2846 1568 titulis
2904 1511 3172 1567 illustrior
3245 1508 3367 1564 fuit.
3427 1509 3484 1565 Is
3539 1522 3670 1562 cum

368 1599 632 1670 quidquid
697 1599 912 1672 linguas
937 1601 1166 1656 senseris
1213 1601 1527 1659 formidare.
1562 1600 1815 1656 Oiiiciosa
1871 1616 1958 1656 res
1988 1665 2029 1672 __
2060 1599 2431 1657 inﬁrmitatem
2463 1602 2723 1657 evasisset
2754 1600 3021 1670 infantiae,
3075 1597 3374 1654 Dalmatius
3405 1597 3482 1668 (6)
3513 1599 3674 1667 pater

367 1695 472 1758 est,
522 1695 575 1743 et
607 1665 861 1759 prudenti
907 1699 1065 1761 grata
1105 1691 1370 1762 scriptori,
1419 1691 1706 1755 correctio,
1738 1706 1801 1745 ea
1832 1691 1956 1763 qui-
1982 1665 2036 1725 Β
2066 1690 2184 1754 eius
2233 1691 2319 1746 vir
2349 1691 2558 1747 sciliCet
2607 1689 2922 1762 consularis,
2974 1693 3280 1762 materque,
3310 1684 3671 1758 Aremburgis

368 1776 493 1831 dem
549 1776 680 1831 mihi
724 1778 918 1848 placet,
969 1779 1066 1834 sed
1105 1796 1228 1834 cum
1276 1795 1511 1850 perone
1553 1779 1796 1851 corrigit,
1849 1793 1959 1833 non
2064 1783 2144 1852 (7)
2172 1781 2408 1848 nomine,
2451 1781 2595 1834 circa
2625 1779 2982 1834 eruditionem
3014 1778 3168 1848 pueri
3200 1775 3482 1830 diversum
3505 1785 3667 1846 gere-

365 1865 559 1928 turba;
591 1881 715 1921 sero
746 1867 895 1922 enim
926 1868 1232 1937 reprimiter
1261 1870 1470 1936 vitium,
1502 1885 1625 1924 cum
1649 1869 1768 1938 jam
1790 1883 1959 1939 popu-
2068 1872 2196 1926 bant
2245 1867 2516 1924 affectum.
2565 1867 2776 1923 Devota
2825 1865 3089 1937 siquidem
3122 1865 3238 1922 Deo
3264 1863 3488 1929 femina,
3521 1861 3669 1918 litte-

370 1953 454 2011 lus
481 1954 698 2010 insultat
730 1955 944 2012 vitioso.
986 1957 1072 2012 Ex
1104 1959 1208 2014 hoc
1236 1966 1414 2013 autem
1445 1959 1718 2028 praecipue
1745 1958 1960 2011 veniam
2069 1976 2252 2015 rarum
2304 1957 2507 2013 studiis
2555 1955 2678 2011 ideo
2727 1954 2986 2013 censebat
3034 1969 3157 2010 eum
3224 1951 3670 2022 mancipandam,

369 2043 629 2099 conﬁteor
670 2045 1069 2114 postulandam,
1102 2047 1247 2116 quod
1293 2051 1425 2116 post
1451 2047 1733 2116 amplioris
1760 2046 1964 2102 littera-
2073 2048 2198 2120 quia
2251 2045 2492 2103 nondum
2547 2053 2674 2100 nato
2723 2043 3052 2116 promissum
3098 2042 3355 2098 divinitus
3400 2039 3679 2096 asserebat

378 2140 512 2188 turea
550 2133 720 2198 viros,
776 2134 1064 2190 Eaelonem
1113 2137 1188 2202 (3)
1235 2134 1428 2204 loquor
1487 2143 1650 2206 atque
1689 2136 1962 2201 Gitonem,
2074 2137 2344 2193 sacerdoti
2388 2134 2733 2207 dignitatem.
2779 2133 2912 2188 Cum
2957 2131 3100 2187 enim
3149 2132 3270 2202 ipsa
3300 2130 3356 2184 in
3385 2136 3538 2184 utero
3568 2128 3674 2184 ha-

378 2221 468 2291 qui
517 2221 586 2276 de
632 2220 949 2276 beatissimo
992 2223 1220 2294 Hugone
1269 2223 1362 2278 illo
1392 2223 1683 2295 vigilanter
1717 2224 1965 2294 scripisse

375 2309 650 2382 leguntur,
699 2324 860 2366 ausus
900 2311 1002 2365 sim
1043 2312 1479 2381 pertractandam
1529 2314 1756 2385 aggredi
1786 2321 1964 2367 mate-

375 2399 537 2466 riam,
597 2414 734 2470 quos
787 2399 936 2456 velut
989 2416 1020 2456 a
1085 2399 1251 2472 longe
1295 2409 1528 2468 secutus,
1587 2417 1684 2472 pro
1743 2402 1968 2457 homine

376 2487 590 2557 simiam
635 2487 893 2558 pinxisse,
940 2496 993 2544 et
1038 2487 1278 2558 ﬁnxisse,
1309 2506 1412 2559 pro
1457 2488 1715 2562 amphora
1747 2505 1968 2546 urceum

376 2576 643 2631 inveniar.
682 2577 944 2632 Caeterum
991 2579 1432 2648 praesumptionis
1456 2579 1615 2648 hujus
1668 2588 1858 2636 auctor
1891 2587 1971 2635 est

377 2664 616 2733 Pontius,
669 2679 898 2721 acumen
941 2666 1144 2738 ingenii
1187 2682 1413 2736 sperans
1452 2668 1508 2722 in
1534 2683 1642 2736 me,
1683 2667 1840 2737 cujus
1866 2683 1970 2739 ego

385 2762 494 2818 non
542 2763 662 2801 sum
709 2750 963 2806 conscius
994 2752 1139 2821 apud
1165 2767 1276 2806 me.
1315 2752 1522 2824 Lingua
1551 2753 1723 2807 Pontii
1753 2765 1972 2807 causam

384 2835 572 2902 movit,
623 2838 909 2892 auctoritas
941 2839 1073 2910 egit,
1123 2839 1320 2910 religio
1368 2841 1656 2910 peroravit.
1708 2841 1975 2898 Resistere

384 2923 576 2979 Pontio
623 2923 859 2993 difﬁcile,
891 2927 981 2998 qui
1011 2927 1079 2982 ad
1129 2928 1529 2997 impetrandum
1558 2929 1796 3000 quodam
1825 2945 1973 3000 prte-

2074 2229 2227 2282 beret
2273 2224 2552 2296 puerperii
2602 2222 2842 2290 labores,
2888 2229 2941 2274 et
2966 2220 3276 2291 periculum
3309 2216 3670 2276 formidaret;

2074 2316 2363 2388 religiosus
2388 2313 2615 2386 quidam
2663 2319 2972 2380 sanctasque
3000 2308 3274 2380 Opinionis
3303 2304 3576 2374 sacerdos,
3607 2301 3679 2358 ad

2075 2407 2245 2461 altare
2289 2399 2506 2459 Domini
2555 2395 2874 2456 sacrificium
2901 2413 2997 2470 pro
3025 2413 3088 2453 ea
3117 2396 3391 2453 oblaturus
3419 2391 3677 2460 accessit,

2077 2495 2274 2552 deinde
2303 2507 2516 2547 sacrum
2538 2489 2836 2546 celebranti
2857 2487 3189 2556 mysterium,
3214 2483 3361 2540 velut
3389 2481 3680 2552 cujusdam

2077 2583 2230 2654 pueri
2260 2581 2469 2651 species
2499 2579 2554 2632 in
2581 2577 2746 2634 calice
2788 2575 3035 2646 apparuit
3065 2572 3501 2629 inaestimabilem
3539 2585 3680 2640 prae-

2080 2673 2261 2728 ferens
2321 2669 2651 2726 claritatem.
2727 2665 2919 2722 Relata
2974 2663 3131 2719 matri
3175 2662 3317 2719 visio
3380 2658 3680 2716 sacerdotis

2081 2759 2403 2816 auctoritate
2455 2756 2618 2811 fidem
2662 2753 2978 2826 promeruit,
3026 2752 3151 2808 ideo
3195 2751 3419 2823 dignum
3467 2763 3590 2804 esse
3619 2756 3681 2802 ut

2083 2847 2378 2906 ministerio
2419 2847 2690 2903 dicaretur
2718 2842 2928 2911 calicis,
2980 2842 3070 2911 qui
3099 2837 3394 2913 promissus
3423 2838 3477 2894 in
3507 2836 3679 2894 calice

2084 2937 2394 2994 videbatur.
2447 2938 2516 2990 At
2559 2942 2733 3005 pater,
2785 2928 3056 2988 liaaredem
3106 2928 3426 2985 transitoria
3467 2941 3680 2998 posses-

382 3013 628 3082 rogativo
673 3015 870 3084 gratim
917 3015 1002 3072 vel
1065 3017 1227 3072 silens
1273 3018 1582 3087 adjuvetur.
1636 3018 1733 3072 His
1793 3019 1973 3090 itaque

2093 3027 2245 3083 tionis
2292 3024 2633 3092 desiderans,
2680 3021 2958 3078 szecularis
3005 3018 3211 3074 militia:
3249 3013 3484 3089 insignia
3508 3029 3681 3085 puero

383 3101 579 3171 victus,
639 3111 933 3161 retractare
976 3112 1202 3161 conatus
1257 3121 1381 3161 sum
1443 3123 1564 3178 quae
1600 3109 1715 3178 jam
1772 3109 1975 3177 scripta

383 3189 647 3262 legeram,
680 3207 786 3247 non
817 3192 881 3246 de
913 3193 1019 3248 illis
1067 3202 1320 3265 tanquam
1353 3198 1420 3250 de
1450 3197 1578 3251 visis
1602 3194 1803 3268 aliquid
1833 3206 1974 3253 atte-

385 3280 529 3334 stari.
563 3282 736 3336 Nemo
777 3289 958 3337 autem
1000 3285 1239 3350 miretur,
1291 3301 1413 3341 cum
1444 3287 1496 3340 in
1529 3288 1780 3356 praesenti
1810 3303 1975 3356 opere

383 3368 580 3424 viderit
625 3370 868 3424 additum
917 3372 1146 3444 aliquid,
1179 3389 1302 3428 cum
1327 3385 1695 3444 suppressum,
1728 3383 1836 3430 tum
1869 3377 1979 3430 im-

388 3465 670 3527 mutatum,
725 3461 871 3531 quod
901 3476 1009 3515 non
1057 3472 1442 3532 apposuerunt,
1475 3466 1619 3533 quod
1651 3481 1756 3520 non
1788 3474 1976 3520 tacue-

389 3555 535 3614 runt,
568 3548 714 3618 quod
761 3549 915 3603 aliter
962 3550 1310 3619 scripserunt,
1343 3552 1434 3623 qui
1465 3552 1534 3606 de
1565 3553 1810 3625 Hugonae
1841 3555 1978 3610 scri-

385 3645 611 3704 pserunt
641 3645 767 3689 ante
799 3653 904 3690 me.
928 3638 1147 3702 Addidi,
1182 3639 1376 3706 fateor,
1401 3640 1494 3694 sed
1525 3642 1668 3710 quod
1699 3642 1814 3711 ipse
1844 3641 1980 3712 vidi,

395 3724 489 3777 sed
520 3724 667 3794 quod
700 3725 902 3790 audivi,
924 3727 1011 3780 cui
1034 3725 1396 3782 testimonium
1414 3729 1690 3798 perbibeo,
1715 3738 1765 3785 et
1796 3747 1980 3788 verum

395 3819 476 3866 est
500 3812 862 3867 testimonium
883 3830 1078 3868 meum.
1109 3815 1252 3870 Sanc
1273 3816 1416 3888 quod
1440 3819 1662 3874 omnino
1682 3821 1978 3891 suppressi,

393 3898 518 3954 ideo
549 3901 753 3956 factum
803 3910 901 3972 est,
934 3905 987 3956 ni
1032 3904 1088 3958 id
1119 3906 1265 3974 quod
1296 3907 1490 3960 lectum
1531 3907 1831 3963 calumnias
1859 3924 1983 3965 mo-

392 4004 520 4044 vere
569 3997 797 4060 poterat,
837 3994 1142 4049 auctoritati
1189 3996 1475 4068 derogaret
1499 4011 1688 4052 eorum
1716 4015 1837 4069 quae
1868 3999 1983 4054 sine

389 4075 516 4132 ﬁdei
561 4078 805 4148 periculo
836 4089 888 4135 et
917 4077 1074 4136 scribi
1125 4091 1412 4153 potuerunt
1450 4093 1500 4141 ct
1524 4087 1688 4142 credi.
1721 4090 1984 4144 Mutatum

395 4170 576 4221 autem
602 4168 704 4223 hoc
730 4167 903 4223 solum
935 4169 1148 4240 Opinor,
1194 4174 1335 4242 quod
1367 4175 1772 4246 Andegavensis
1803 4193 1986 4231 comes

399 4255 730 4327 Gaufredus,
780 4261 1108 4330 cognomine
1166 4263 1438 4318 Martellus
1483 4264 1584 4333 (Δ),
1614 4265 1665 4318 in
1730 4264 1983 4320 abbatem

396 4347 821 4416 prmsumpsisse
868 4357 1238 4404 memorantur
1281 4351 1592 4422 Hugonem,
1639 4354 1800 4424 cujus
1855 4353 1975 4425 quia

388 4431 632 4504 praefatis
661 4435 1012 4506 scriptoribus
1043 4439 1262 4494 veridici
1293 4441 1515 4496 defuere
1562 4443 1835 4512 relatores,
1871 4443 1978 4498 fal-

393 4521 566 4578 sitatis
614 4533 794 4580 notam
834 4525 1189 4583 incurrerunt.
1239 4528 1516 4601 Quidquid
1565 4531 1764 4600 itaque,
1822 4541 1982 4602 prout

397 4611 634 4683 desuper
678 4614 810 4668 mihi
853 4615 1037 4670 datum
1086 4625 1186 4687 est,
1225 4620 1465 4687 exaravi,
1498 4620 1580 4676 vel
1613 4619 1665 4673 in
1688 4634 1887 4675 manus
1916 4636 1984 4675 ex

464 4765 541 4832 (3)
589 4763 788 4819 Hezelo
837 4781 908 4819 ex
947 4768 1207 4823 canonico
1253 4770 1536 4825 Leodiensi
1588 4773 1756 4826 lactus
1786 4787 1982 4827 mona-

397 4833 529 4913 cltus
564 4849 594 4913 _a
629 4836 782 4913 [τευ-ρ
831 4836 1156 4913 Venerabili,
1186 4840 1277 4913 lib.
1323 4855 1399 4904 in,
1435 4859 1494 4913 p.77
1521 4847 1572 4913 2,
1616 4843 1886 4912 laudatur,
1918 4847 1985 4898 de

391 4905 660 5028 lsingulari
689 4905 910 4961 scientia
933 4909 1310 4980 eteloquentia
1334 4928 1346 4971 ;
1381 4905 1449 4965 de
1471 4912 1663 4968 Gitone
1690 4914 1820 4967 nihil
1853 4905 1982 4970 alibi

412 4990 641 5028 egimus.

412 4990 641 5046 egimus.

469 5047 548 5113 (4)
576 5047 723 5101 Infra
750 5063 1142 5126 nempeAnum.
1183 5056 1270 5115 33,
1295 5054 1475 5126 agitur
1503 5054 1571 5109 de
1605 5055 1671 5108 iis
1702 5070 1823 5126 quae
1853 5055 1992 5110 inter

399 5117 684 5193 Hu‘gonem
731 5128 806 5193 et,
833 5120 1166 5193 Gautridum,
1194 5117 1669 5193 Ande'gavensem,
1713 5117 1819 5180 non
1855 5128 1993 5180 Mar-

400 5187 608 5254 tellum,
643 5190 746 5244 sed
778 5189 952 5244 ﬁlium
987 5190 1212 5247 Martelli
1244 5187 1550 5261 Barbatum,
1584 5187 1702 5250 acta
1742 5199 1990 5251 fuerunt:

401 5275 468 5338 an
515 5269 692 5314 autem
724 5261 1002 5338 praedicti
1030 5272 1298 5338 auctores,
1357 5265 1426 5338 ad
1477 5268 1707 5321 nominis
1753 5283 1993 5323 errorem

399 5329 636 5400 aliquem
667 5332 829 5385 etiam
878 5331 1183 5387 addiderint
1230 5329 1292 5388 in
1315 5336 1512 5406 reipsa,
1545 5340 1816 5394 nescimus
1847 5339 1996 5393 divi-

396 5415 525 5454 nare
535 5441 548 5456 .

471 5472 549 5540 (5)
594 5471 1053 5541 Augustodunum
1100 5475 1334 5546 antiquis
1368 5478 1616 5549 Augusta
1646 5479 1940 5537 ﬁduorum
1975 5497 1988 5534 :

2081 3116 2405 3173 destinabat.
2451 3110 2608 3170 Unde
2637 3127 2760 3166 cum
2795 3109 2913 3179 jam
2947 3107 3243 3183 pupillares
3273 3120 3445 3160 annos
3471 3103 3684 3173 attigis-

2082 3215 2182 3272 set,
2233 3201 2368 3261 eum‘
2411 3217 2534 3258 cum
2580 3197 2777 3255 comvis
2812 3197 3044 3268 urgebat
3077 3196 3329 3265 equitare
3365 3191 3680 3262 juvenibus,

2087 3311 2286 3367 equum
2343 3291 2560 3347 llectere
2617 3289 2671 3342 in
2727 3303 2941 3358 gyrum,
2993 3284 3209 3341 vibrare
3255 3283 3493 3348 hastam,
3521 3277 3683 3334 facile

2085 3385 2335 3455 clypeum
2366 3377 2730 3445 circumferre,
2753 3385 2824 3445 et,
2846 3373 2992 3446 quod
3022 3373 3113 3428 ille
3145 3372 3304 3426 altius
3331 3369 3681 3434 abhorrebat,

2087 3472 2278 3546 spoliis
2324 3470 2522 3524 instare
2565 3475 2618 3520 et
2661 3463 2886 3534 rapinis.
2940 3463 3204 3517 Caeterum
3256 3459 3345 3514 ille
3385 3458 3477 3514 alii
3515 3464 3684 3546 natus

2089 3545 2442 3632 professioni,
2475 3554 2723 3626 corporis
2763 3550 3210 3607 incommoditate
3241 3548 3465 3602 militem
3496 3545 3683 3600 detra-

2089 3650 2270 3707 ctabat
2315 3656 2368 3702 et
2397 3653 2602 3701 mente.
2641 3643 2724 3698 Ad
2766 3656 2915 3696 arma
2963 3639 3140 3693 minus
3176 3637 3390 3703 habilis,
3438 3633 3688 3689 indocilis

2090 3739 2160 3792 ad
2208 3734 2478 3805 rapinam,
2523 3737 2667 3784 totus
2703 3727 2820 3796 jam
2866 3725 2935 3780 ad
2968 3724 3239 3780 Christum
3267 3730 3320 3777 et
3349 3728 3538 3775 natura
3568 3727 3685 3773 tra-

2091 3824 2324 3880 hebatur
2372 3829 2424 3875 et
2475 3818 2667 3890 gratia.
2713 3815 2866 3871 Unde
2901 3829 3022 3868 cum
3072 3810 3278 3883 praefati
3314 3810 3563 3878 juvenes,
3595 3807 3687 3863 die

2093 3913 2326 3987 quadam
2361 3907 2580 3981 pauperi
2603 3920 2823 3961 vaccam
2846 3902 3139 3968 auferrent,
3163 3900 3263 3955 tiro
3293 3897 3493 3952 Christi
3523 3897 3686 3987 vehes

2092 3985 2300 4058 menter
2348 3996 2598 4060 indoluit,
2652 3991 2788 4048 nulli
2826 4000 3047 4047 consors
3078 3989 3134 4043 in
3190 3989 3368 4058 culpa,
3402 3987 3523 4058 quia
3554 3985 3691 4040 nulli

2093 4104 2324 4150 censors
2371 4087 2426 4142 in
2491 4084 2704 4155 rapina.
2765 4083 2889 4151 Ipse
2958 4087 3136 4134 tamen
3183 4075 3690 4147 recompensatione

2092 4194 2273 4239 annua
2311 4178 2570 4246 jacturam
2628 4171 2874 4243 proximo
2901 4167 3218 4232 restituens,
3262 4164 3382 4235 ejus
3411 4163 3688 4235 querelam

2093 4266 2416 4339 euppressit,
2463 4261 2716 4334 repressit
2760 4262 3081 4331 egestatem.
3133 4256 3211 4308 ita
3250 4253 3348 4308 Dei
3377 4253 3606 4308 famulus
3633 4260 3689 4306 et

2094 4358 2392 4414 officiosam
2439 4351 2666 4424 pauperi
2711 4346 2965 4421 injurlam
3015 4351 3068 4400 et
3115 4343 3374 4398 damnum
3419 4341 3542 4398 facit
3569 4356 3689 4399 esse

2085 4448 2440 4502 fructuosum.

2161 4538 2214 4590 2.
2262 4532 2320 4584 In
2362 4524 2620 4598 pupillari
2660 4523 2838 4578 adhuc
2883 4519 2976 4575 ille
3003 4515 3324 4574 constitutus
3369 4523 3547 4582 aetate,
3579 4529 3693 4568 mo-

2094 4635 2274 4680 rosam
2328 4614 2511 4672 verbis
2535 4621 2588 4668 et
2634 4620 2757 4667 actu
2804 4606 3128 4681 praferebat
3171 4610 3522 4660 senectutem.
3568 4603 3689 4658 Jam

2096 4775 2222 4830 hinc
2250 4765 2530 4825 [Eduensis
2562 4773 2613 4820 et
2661 4761 3167 4838 Augustodunensis
3206 4757 3512 4833 promiscue
3542 4772 3693 4812 usur-

2137 4852 2309 4899 antur.
3366 4896 3368 4898 _

2097 4863 2595 4983 pagtilyrbalmatius
2644 4905 2808 4983 castri
2853 4899 3306 4983 Dominus,_quod
3339 4896 3694 4983 .Sinemurum

2098 4972 2246 5051 olim,
2287 4997 2426 5036 nunc
2477 4979 2670 5034 Semur
2706 4975 2918 5040 dicitur,
2957 4975 3109 5052 7_vel
3142 4972 3197 5028 ε’
3224 4972 3391 5052 leucis
3422 4975 3695 5052 Augusto-

2102 5041 2246 5113 duno
2270 5052 2521 5108 dissitum
2545 5065 2740 5102 versus
2761 5048 3208 5120 septentrionem,
3239 5041 3454 5120 medica
3484 5041 3702 5120 circiter

2101 5111 2244 5182 inter
2298 5123 2585 5178 Divionem
2645 5127 2697 5173 et
2753 5111 3066 5173 Av'atlonam
3128 5115 3235 5171 via.
3295 5111 3699 5182 Sammarthani

2101 5181 2250 5254 aliud
2280 5195 2333 5248 in
2362 5190 2612 5248 Briennia
2657 5189 2921 5262 oppidum
2953 5189 3251 5260 assignant,
3285 5185 3454 5239 multo
3486 5181 3702 5254 longius

2103 5267 2373 5325 dissitum.

2176 5321 2258 5407 (7)
2309 5331 2820 5407 Aremburgis,__ctti
2866 5324 3467 5407 iidem_8ammartl_i_ani
3499 5321 3709 5407 addunt

2106 5376 2544 5482 cogn/omentum:
2571 5376 2636 5458 de
2665 5376 2853 5482 'Vcrgy
2875 5416 2971 5482 seu
3010 5398 3310 5472 Vergiaco;
3345 5392 3707 5468 Burgundicis

2105 5471 2376 5550 conjugiis
2404 5476 2633 5546 posthac
2675 5471 2874 5542 saepius
2903 5471 3162 5527 innexum
3195 5479 3418 5525 nomen.
