4032 6078
313 278 411 337 861

1877 282 2054 342 VITA.

3513 293 3617 349 862

314 411 440 459 tunc
476 402 893 459 inescrabiliter
933 403 1215 460 lasciviam
1262 411 1591 476 persecutus,
1623 406 1904 463 humilita-
1933 410 1988 470 Α
2014 409 2213 476 silium,
2257 422 2420 483 quam
2464 411 2653 486 religio
2681 411 2749 467 ad
2796 414 3141 484 exemplum.
3192 414 3291 469 His
3332 412 3608 470 celebrem

315 500 423 548 tem
454 490 729 562 pudicitiae
775 494 1063 562 assumpsit
1102 494 1403 549 custodem.
1442 496 1562 549 Jam
1606 500 1740 551 tunc
1769 497 1914 551 mol-

311 581 467 637 liorls
512 581 688 636 cultus
716 588 768 636 et
813 582 1135 637 deliciarum
1164 590 1523 654 contemptor,
1556 585 1616 637 in
1644 584 1916 640 illecebris

312 668 600 725 illecebras
656 669 947 740 ignoravit.
990 670 1123 725 Cum
1185 671 1483 739 juvenibus
1525 671 1664 726 nihil
1719 672 1913 741 juveni

312 764 513 830 praeter
572 763 787 813 etatem
840 757 965 814 fuit.
1034 756 1234 831 Magna
1277 759 1355 814 illi
1414 774 1537 814 cum
1604 761 1914 830 raptoribus

314 846 611 915 discordia,
643 859 811 917 super
861 846 1094 902 afﬂictos
1140 848 1276 903 mira
1300 849 1638 920 compassio.
1676 849 1914 904 Verbum

310 936 410 991 Dei
435 935 610 991 tenaci
632 935 1051 991 commendabat
1072 938 1369 1007 memoriae,
1397 936 1652 1007 frequens
1664 938 1913 994 ecclesim

311 1024 579 1090 visitator,
622 1024 716 1079 sed
747 1024 1011 1087 furtivus;
1061 1025 1288 1081 timebat
1317 1026 1459 1081 enim
1484 1034 1700 1096 patrem
1731 1042 1910 1094 suum,

311 1113 423 1170 otio
452 1122 505 1168 et
534 1112 747 1168 inertiae
794 1114 1051 1169 virtutum
1092 1114 1362 1184 primitias
1393 1120 1790 1186 assignantem.
1831 1116 1911 1171 Eo

312 1210 556 1273 tempore
603 1201 1089 1259 Autissiodurensis
1137 1203 1425 1277 episcOpus
1471 1205 1631 1276 Hugo
1680 1205 1756 1275 (8)
1804 1220 1910 1261 no-

311 1292 480 1358 mine,
543 1291 966 1351 Cabilonensetn
1012 1306 1229 1362 quoque
1292 1292 1633 1351 consulatum
1693 1301 1910 1351 strenue

308 1379 671 1452 gubernabat.
715 1378 887 1449 Hujus
931 1393 1100 1437 causa
1140 1381 1200 1435 B.
1252 1382 1411 1454 llugo
1459 1383 1578 1449 ejus
1615 1394 1908 1452 pronepos,

308 1469 399 1527 vix
441 1482 475 1523 a
510 1475 665 1538 patre
710 1466 1089 1539 proficiscendi
1136 1468 1461 1524 Cabilonum‘
1504 1468 1781 1525 licentium
1816 1477 1908 1525 ex-

307 1557 494 1614 torsit.
529 1556 889 1614 Prmlibatain
919 1558 1020 1612 hac
1038 1557 1171 1613 urbe
1191 1559 1574 1630 grammatica,
1602 1574 1711 1631 quo
1740 1559 1908 1614 intro-

308 1647 600 1702 duceretur
639 1647 709 1700 ad
751 1645 1061 1700 divinarum
1103 1646 1443 1702 altitudinem
1482 1647 1905 1717 Scripturarum,

298 1734 504 1827 juveni
538 1733 828 1827 quoddam
860 1733 1027 1827 velut
1052 1735 1250 1789 ostium
1297 1735 1659 1827 aperuit._lbi
1692 1734 1907 1791 tandem
1935 1766 1988 1827 Β

192 1863 196 1866 ι
310 1822 541 1893 diruptis
568 1822 919 1878 saecularibus
940 1823 1291 1888 indumentis,
1313 1824 1483 1895 elegit
1510 1824 1755 1894 abjectus
1787 1838 1909 1880 esse

304 1911 363 1968 in
391 1913 558 1969 domo
597 1913 698 1967 Dei
726 1912 827 1976 sui,
858 1912 1036 1983 magis
1073 1928 1236 1982 quam
1286 1912 1531 1968 habitare
1561 1914 1620 1967 in
1650 1913 1913 1969 taberna-

306 2000 445 2057 culis
471 2009 817 2071 peccatorum
838 2002 1015 2071 (Psai.
1034 2015 1198 2068 nm,
1234 2000 1347 2072 ii).
1370 2002 1517 2056 Illud
1544 2001 1714 2072 igitur
1740 2002 1915 2070 Even;

307 2090 541 2162 gelicnm
578 2103 833 2145 secutus:
868 2089 974 2157 Qui
1006 2104 1120 2145 non
1151 2089 1376 2160 baiulat
1402 2105 1632 2146 crucem
1654 2105 1818 2145 suam
1855 2094 1913 2146 et

306 2180 563 2251 sequitur
583 2193 696 2245 me,
718 2183 934 2235 nonest
950 2193 1041 2233 me
1058 2178 1271 2250 dignus
1294 2179 1459 2247 (Luc.
1490 2193 1614 2247 xxv,
1635 2180 1699 2232 17
1704 2190 1746 2247 ),
1764 2186 1914 2248 patre

308 2266 604 2333 nesciente,
636 2266 731 2339 qui
758 2264 1052 2336 suspiranti
1080 2266 1151 2320 ad
1180 2265 1434 2335 patriam,
1461 2274 1517 2321 et
1545 2266 1729 2322 verbis
1757 2265 1909 2321 obsi-

308 2354 487 2413 stebat
511 2362 568 2409 et
593 2354 884 2424 exemplis,
917 2353 1234 2409 Cluniacum
1252 2355 1431 2423 venit;
1465 2355 1526 2408 Β.
1558 2353 1779 2410 Odiloni
1813 2356 1910 2425 (9),

309 2459 418 2515 quo
448 2451 575 2499 tunc
603 2443 866 2512 temporis
895 2441 1095 2497 abbate
1121 2441 1410 2512 prcfatum
1432 2441 1772 2513 gloriabatur
1796 2458 1913 2498 crs-

313 2529 561 2599 nobium,
609 2530 741 2600 quid
791 2530 957 2585 animi
1004 2538 1223 2602 gereret
1265 2530 1544 2585 indicavit.
1588 2531 1799 2587 Dehinc
1845 2545 1913 2586 ex

318 2633 472 2675 more
519 2618 814 2690 capitulum
861 2618 1158 2690 ingressus,
1203 2634 1330 2673 cum
1358 2620 1416 2673 in
1446 2627 1718 2674 conventu
1747 2619 1916 2689 adop-

315 2708 481 2764 tionis
507 2722 620 2762 sum
647 2706 893 2763 ediceret
920 2705 1037 2778 (10)
1068 2706 1405 2777 petitionem,
1437 2707 1661 2778 quidam
1689 2707 1913 2763 fratrum

312 2796 519 2869 Spiritu
546 2804 729 2851 sancto
758 2795 999 2861 edoctus,
1025 2810 1058 2852 o
1082 2794 1317 2862 felicem,
1345 2795 1540 2867 inquit,
1571 2796 1915 2864 Cluniacum,

316 2886 409 2956 qui
473 2884 773 2954 pretiosum
841 2885 990 2939 omni
1055 2885 1312 2939 thesauro
1376 2886 1687 2940 thesaurum
1749 2884 1916 2939 hodie

307 2972 583 3044 suscepitl
638 2975 841 3031 Mutata
883 2972 1049 3044 igitur
1076 2987 1202 3029 cum
1234 2972 1422 3029 habitu
1469 2974 1597 3042 vita,
1629 2964 1916 3029 monastici

305 3062 518 3119 ordinis
560 3061 769 3131 pt'imos
791 3061 1000 3134 gradus
1041 3061 1240 3117 devote
1282 3062 1622 3130 conscendit,
1655 3061 1915 3117 obedien-

2016 502 2324 570 prmeoniis,
2376 516 2443 555 ex
2487 516 2759 558 consensu
2793 504 3020 558 fratrum
3088 505 3152 558 Β.
3192 502 3352 559 Odilo
3383 502 3617 573 priorem

2019 590 2309 655 constituit,
2358 591 2701 660 profuturum
2733 592 2940 661 pariter
2966 598 3020 646 et
3045 592 3377 661 possessioni
3420 592 3614 662 previ-o

2018 673 2217 737 dentis,
2267 682 2321 729 et
2347 674 2523 729 ordini
2568 675 2877 745 disciplina.
2926 674 3179 746 Suscepit
3208 692 3399 731 senum
3429 690 3618 732 curam

2012 762 2251 832 juvenis,
2312 768 2557 833 suscepta
2624 763 2704 818 sic
2767 771 3053 819 exsecutus
3104 764 3345 836 negotia,
3396 770 3454 818 ut
3516 777 3619 821 nec

2019 848 2408 905 administratio
2449 851 2770 919 religionem
2808 853 3093 919 minueret,
3142 867 3245 908 nec
3289 852 3483 924 religio
3513 852 3619 906 ad-

2019 936 2469 994 ministrationem
2501 939 2808 1008 impediret.
2853 941 3049 996 Juveni
3079 941 3352 1013 siquidem
3383 957 3451 997 ex
3481 952 3616 1010 pro-

2019 1027 2259 1082 motione
2301 1041 2410 1082 non
2454 1027 2729 1097 subrepsit
2777 1028 2963 1095 elatio,
3008 1043 3117 1084 non
3168 1030 3372 1085 ordinis
3429 1029 3618 1084 fervor

2018 1114 2284 1185 intepuit;
2335 1116 2594 1186 imposita
2641 1116 2689 1172 ei
2735 1116 3007 1188 dignitas,
3058 1117 3316 1173 virtutum
3365 1117 3608 1185 maioris,

2019 1214 2128 1258 non
2171 1204 2512 1274 dispendium
2544 1202 2661 1259 fuit.
2704 1202 2856 1260 Hanc
2886 1206 3032 1261 enim
3064 1206 3479 1262 mansuetudine
3512 1207 3618 1260 Pa-

2018 1298 2157 1347 trem
2187 1292 2451 1359 eahibuit,
2486 1294 2587 1348 hac
2607 1293 2893 1349 severitate
2918 1294 3216 1362 doctorem,
3247 1300 3306 1350 ut
3328 1295 3617 1350 adversum

2016 1380 2371 1450 daliquentes.
2447 1397 2549 1435 nec
2616 1383 2845 1437 remissa
2915 1389 3156 1438 uteretur
3221 1383 3614 1450 misericordia,

2016 1480 2119 1523 nec
2143 1469 2439 1524 excedente
2469 1469 2777 1539 disciplina.
2811 1470 3019 1525 Diilusa
3050 1470 3231 1541 itaque
3260 1469 3406 1525 bono
3445 1470 3616 1525 odore

2014 1558 2249 1612 nominis
2288 1556 2447 1622 illius,
2500 1557 2676 1629 plebis
2718 1564 2768 1613 et
2799 1557 3103 1629 principum
3150 1558 3414 1625 favorem,
3448 1573 3615 1628 quem

2014 1645 2238 1701 minime
2267 1645 2533 1716 quaesivit,
2567 1647 2875 1716 acquisivit.
2931 1647 3085 1702 Unde
3117 1654 3171 1701 et
3196 1646 3262 1700 ad
3292 1646 3622 1701 Teutonicos

2014 1735 2269 1802 directus,
2327 1735 2724 1790 Paterniacensi
2774 1736 3028 1790 coenobio
3076 1737 3188 1805 (12)
3247 1734 3478 1806 gratiam
3528 1748 3620 1788 re-

2016 1823 2106 1894 gis
2148 1823 2282 1892 (13),
2334 1839 2366 1877 a
2393 1836 2499 1893 qua
2539 1822 2840 1891 exciderat,
2884 1821 3224 1878 reici-merit.
3268 1818 3501 1894 Cognito
3547 1819 3621 1875 ibi

2020 1912 2242 1966 transitu
2296 1910 2354 1965 Β.
2416 1908 2684 1979 Odilonis,
2742 1912 2798 1965 in
2854 1912 3211 1966 amaritudine
3265 1911 3485 1980 spiritus
3542 1910 3610 1964 ad

2019 2000 2406 2055 monasterium
2449 2000 2760 2068 revertitur,
2810 1998 2963 2072 larga
3005 2014 3189 2055 secum
3221 1998 3477 2055 deferens
3504 2012 3623 2052 mu-

2018 2102 2172 2154 nera,
2204 2100 2329 2160 quae
2366 2090 2619 2159 praefatus
2648 2102 2739 2143 rex
2758 2103 2857 2159 per
2883 2103 3006 2144 eum
3037 2088 3108 2142 ad
3138 2088 3390 2143 decorem
3421 2088 3621 2142 domus

2020 2175 2237 2231 Domini
2267 2174 2584 2231 Cluniacum
2630 2174 2928 2246 delegavit.
2962 2176 3263 2245 Susceptus
3292 2189 3358 2229 ea
3385 2188 3493 2245 qua
3523 2174 3623 2229 da-

2020 2263 2139 2318 buit
2167 2264 2464 2319 reverentia
2494 2265 2713 2335 plenum
2745 2263 2997 2334 lacrymis
3027 2270 3355 2319 conventum
3386 2262 3611 2317 invenit.

2019 2354 2276 2407 Hortatur
2311 2360 2369 2407 ut
2398 2358 2692 2421 temperent
2749 2366 2780 2407 a
2810 2351 2956 2417 ﬂetu,
2989 2364 3113 2406 cum
3162 2364 3264 2407 nec
3292 2351 3409 2421 ipse
3438 2355 3624 2419 posset

2020 2457 2055 2498 a
2082 2440 2209 2496 fletu
2240 2449 2559 2511 temperare.
2612 2441 2940 2496 Ccnsolatur
2969 2448 3281 2505 maerentes,
3305 2439 3395 2509 qui
3426 2436 3624 2493 nullius

2022 2529 2344 2586 admittebat
2398 2529 2676 2584 solatium.
2733 2530 2817 2583 Ab
2871 2529 3126 2585 omnibus
3183 2528 3426 2582 omnium
3475 2528 3629 2581 Pater

2021 2619 2355 2691 plorabatur,
2406 2626 2459 2672 et
2484 2618 2718 2673 siccatas
2748 2618 3040 2675 revocabat
3069 2616 3342 2686 lacrymas
3371 2620 3618 2685 paternae

2019 2708 2235 2779 pietatis
2278 2707 2606 2762 recordatio.
2650 2708 2775 2777 Ipse
2821 2706 3044 2777 quidem
3086 2706 3349 2776 magister
3377 2704 3623 2773 sepultus

2021 2804 2120 2863 est,
2169 2794 2267 2850 sed
2298 2796 2352 2849 in
2392 2794 2665 2849 mentibus
2705 2794 3105 2864 discipulorum
3151 2792 3344 2848 merita
3379 2790 3625 2862 magistri

2022 2883 2293 2955 insepulta
2343 2882 2616 2937 vivebant.
2650 2880 2913 2938 Deﬁciam
2956 2894 3182 2936 necesse
3208 2890 3316 2950 est,
3347 2880 3391 2933 si
3423 2885 3625 2934 tentem

2022 2971 2252 3027 virtutes
2299 2969 2552 3027 Odilonis
2577 2970 2877 3040 explicare,
2923 2971 3014 3040 qui
3058 2969 3311 3026 doctrina
3341 2968 3547 3039 pariter
3574 2974 3630 3022 et

2022 3058 2300 3129 exemplo,
2360 3065 2687 3114 conventum
2747 3056 3050 3124 hominum,
3106 3065 3436 3113 conventum
3498 3054 3625 3111 fecit

307 3151 442 3207 tiam
473 3120 674 3221 loquor
701 3157 758 3205 et
783 3120 1169 3219 humilitatem,
1210 3164 1334 3220 quas
1372 3149 1430 3204 in
1461 3120 1764 3206 Christiana
1791 3150 1914 3205 reli—
1943 3120 1991 3185 δ
2021 3163 2143 3203 esse
2172 3120 2460 3201 virtutum.

307 3240 472 3314 gione
500 3254 716 3294 morum
775 3238 1010 3295 ostinent
1036 3239 1421 3309 principatum.
1454 3238 1553 3293 His
1581 3237 1676 3293 ille
1705 3238 1917 3293 caeteris

306 3327 697 3400 praeminens,
744 3326 863 3382 sine
891 3326 1113 3396 querela
1155 3326 1296 3395 tulit,
1326 3326 1595 3398 quidquid
1625 3324 1913 3380 difﬁculta-

310 3417 379 3472 tis
421 3424 695 3487 assumpta
735 3415 876 3487 gerit
904 3413 1200 3485 professio,
1248 3429 1313 3469 ac
1341 3415 1488 3470 velut
1515 3414 1585 3469 ad
1615 3412 1915 3484 perfectio-

312 3520 438 3560 nem
493 3504 672 3559 minus
740 3500 1009 3559 suﬂicerat
1084 3502 1507 3558 monasticamm
1570 3501 1918 3556 observantia

309 3593 655 3666 regularum,
684 3591 783 3647 Dei
812 3607 1004 3647 servus
1032 3591 1246 3648 addidit
1284 3592 1352 3646 ad
1383 3604 1622 3661 poenam.
1654 3589 1918 3645 Dominus

312 3681 384 3737 ad
411 3696 687 3737 coronam.
722 3680 889 3736 Cibus
918 3680 1068 3735 enim
1099 3680 1238 3736 citra
1264 3679 1447 3752 legem
1476 3680 1731 3735 monachi
1759 3694 1916 3733 sum-

309 3776 434 3840 ptus
461 3769 538 3823 ita
575 3768 853 3839 jejunium
884 3767 1047 3822 solvit
1090 3775 1148 3822 ut
1176 3767 1436 3823 essuriem
1475 3766 1701 3823 minime
1727 3779 1916 3821 remo-

312 3864 482 3914 veret.
531 3857 675 3913 Satis
721 3864 982 3928 praeterea
1027 3855 1287 3910 insistens
1334 3854 1556 3926 vigiliis,
1610 3854 1919 3911 continuata

312 3948 555 4001 oratione
581 3953 794 4002 noctem
819 3959 970 4016 sape
998 3943 1151 3999 duxit
1178 3945 1510 3999 insomnem.
1535 3942 1743 3999 Felices
1774 3943 1913 3998 ada-

311 4042 437 4089 rant
464 4034 712 4102 comites,
744 4032 881 4088 uber
905 4032 1062 4088 tletus
1099 4032 1390 4104 etjejunia
1417 4030 1720 4087 caelestium
1749 4032 1922 4087 medi-

314 4123 446 4179 tatio
475 4120 830 4195 gaudiorum.
891 4121 973 4176 De
1003 4122 1275 4176 monacho
1302 4119 1440 4174 nihil
1485 4119 1710 4175 ambitio
1740 4120 1921 4174 furata

317 4220 417 4281 est,
449 4212 587 4267 nihil
615 4210 723 4266 sibi
749 4211 1006 4280 voluptas
1036 4209 1366 4265 vendicavit.
1399 4210 1461 4263 1n
1483 4224 1579 4264 ore
1607 4207 1737 4263 nihil
1767 4221 1923 4263 arro-

316 4301 544 4373 gantiae,
573 4299 717 4355 nihil
760 4299 816 4354 in
844 4311 1097 4354 sermone
1139 4298 1418 4366 vanitatis,
1451 4304 1593 4352 totus
1619 4297 1921 4352 sanctimo-

314 4389 483 4456 niam,
512 4396 657 4445 totus
684 4388 1013 4443 monachum
1051 4386 1398 4458 loquebatur.
1448 4386 1529 4440 Ex
1560 4386 1748 4440 habitu
1778 4400 1921 4455 quo-

2088 3232 2145 3290 4.
2176 3234 2375 3289 Aderat
2404 3241 2618 3303 tempus
2644 3246 2751 3303 quo
2786 3233 3037 3288 desolato
3065 3232 3444 3288 consuleretur
3471 3227 3625 3286 ovili,

2023 3322 2426 3395 pramissisque
2477 3320 2701 3392 jejuniis
2730 3330 2782 3376 et
2829 3321 3183 3387 orationibus,
3216 3333 3250 3374 a
3277 3332 3489 3373 summo
3518 3331 3622 3388 pa-

2021 3420 2166 3467 store
2194 3421 2381 3481 pastor
2409 3415 2761 3481 quaereretur.
2793 3408 3135 3465 Conveniunt
3164 3407 3261 3461 ﬁlii
3290 3406 3630 3476 adoptionis,

2024 3499 2092 3553 de
2133 3500 2308 3553 salute
2365 3506 2575 3553 tantum
2629 3503 2942 3570 satageutes
3005 3496 3324 3552 animarum.
3384 3494 3633 3564 Denique

2022 3587 2150 3643 dum
2179 3584 2399 3642 solliciti
2429 3599 2615 3642 secum
2635 3592 2937 3656 quaererent
2965 3596 3126 3654 quem
3154 3581 3417 3639 Dominus
3447 3590 3634 3652 pasto-

2025 3676 2126 3731 rali
2185 3675 2547 3731 sollicitudine
2604 3675 2939 3746 dignaretur,
2995 3672 3328 3737 Adalmanus
3380 3670 3626 3741 quidam,

2024 3764 2111 3820 cui
2167 3765 2435 3837 religione
2464 3764 2625 3819 simul
2654 3775 2710 3818 et
2752 3770 2910 3818 tutata
2945 3762 3124 3831 major
3171 3766 3288 3816 erat
3318 3759 3628 3827 auctoritas,

2026 3853 2315 3924 Hugonem
2358 3853 2657 3909 nominavit
2720 3850 3001 3923 priorem;
3050 3856 3348 3905 conventus
3405 3860 3634 3903 assensu

2027 3954 2269 3996 consono
2325 3941 2669 4012 prosequitur
2722 3940 3115 3994 nominantem.
3176 3937 3381 3992 Dehinc
3456 3936 3635 3991 illum,

2026 4029 2347 4084 renitentem
2389 4038 2443 4083 et
2487 4043 2545 4084 se
2583 4029 3011 4099 proclamantem
3048 4025 3356 4097 indignum,
3389 4037 3498 4096 quo
3544 4022 3635 4076 die

2029 4119 2089 4173 Β.
2151 4117 2291 4171 Petri
2364 4117 2673 4172 cathedram
2733 4123 2923 4170 sancta
2978 4113 3291 4170 celebrabat
3360 4110 3625 4177 Ecclesia,

2031 4204 2508 4275 Chrysopolitanus
2557 4204 3002 4274 arcltiepiacOpus
3051 4203 3167 4271 (14)
3197 4199 3415 4255 abbatis
3458 4197 3633 4253 hane-

2032 4294 2269 4350 dictioue
2321 4290 2653 4348 aublimavit.
2698 4291 2975 4363 Susceptis
3016 4290 3205 4360 itaque
3261 4285 3623 4358 pastoralibus

2032 4383 2299 4448 excubiis,
2346 4381 2441 4437 Dei
2488 4394 2674 4436 servus
2722 4395 2794 4436 ex
2826 4378 3169 4451 promotione
3211 4376 3417 4431 nullam
3470 4376 3630 4430 traxit

316 4493 421 4548 que
462 4477 735 4544 monachi,
781 4484 929 4530 tanta
967 4491 1128 4530 servo
1172 4474 1272 4531 Dei
1299 4476 1477 4547 gratia
1523 4475 1755 4530 accessit
1781 4482 1840 4528 ut
1867 4479 1922 4529 et
1947 4470 2001 4531 D
2031 4471 2399 4538 insolentiam,
2432 4470 2638 4524 nullum
2666 4469 2810 4525 vitiis
2848 4482 3123 4523 accessum
3154 4465 3397 4531 indulsit,
3433 4464 3536 4519 sub
3565 4479 3633 4520 eo

316 4574 490 4635 pater,
522 4565 615 4637 qui
645 4563 820 4619 minus
851 4562 962 4632 (lt)
993 4580 1141 4635 aegre
1189 4563 1383 4619 tulerat
1411 4578 1629 4619 sacrum
1655 4560 1758 4618 filii
1787 4577 1920 4633 pro-

319 4653 577 4725 positum,
609 4668 738 4709 cum
774 4651 935 4709 solito
964 4652 1171 4708 diceret
1198 4652 1586 4722 pulchriorem.

390 4745 442 4797 3.
475 4741 807 4797 Praelucebat
831 4741 949 4810 jam
988 4742 1045 4796 in
1084 4756 1149 4798 eo
1179 4741 1469 4812 pastolaris
1496 4740 1774 4810 plenitudo
1804 4740 1922 4795 sol-

326 4829 623 4887 licitudinia
652 4831 739 4887 cui
767 4846 879 4886 non
907 4830 1085 4885 minus
1112 4832 1438 4901 suppetebat
1466 4846 1655 4885 census
1683 4828 1755 4884 ad
1784 4843 1924 4884 con-

400 4950 1042 5035 (8)_.Hugc_episc0puns‘_
1068 4952 1595 5035 Autissiodore_nsis,
1642 4950 1923 5005 Lamberti

327 5023 540 5079 comitis
567 5023 943 5079 Babilonensts
971 5023 1129 5089 ﬁlius,
1169 5025 1259 5094 qui
1290 5026 1521 5080 concilio
1549 5027 1784 5088 Anzano,
1820 5037 1915 5076 an.

328 5095 799 5167 1025interfuisse
817 5094 1034 5167 legitur,
1068 5103 1121 5150 et
1144 5096 1361 5149 videtur
1387 5095 1588 5149 vixisse
1618 5094 1692 5147 ad
1722 5109 1924 5146 annum

326 5165 543 5237 circiter
572 5167 744 5237 1040.
792 5165 903 5221 Sed
945 5166 1380 5237 quomodohejus
1428 5178 1702 5237 pronepos
1740 5172 1926 5219 noster

329 5236 539 5316 fingo?
569 5235 836 5316 lfortassis
862 5236 1156 5316 exsororis
1203 5235 1312 5316 ﬁlio
1342 5235 1926 5316 aut‘ﬁlianatushnam

326 5303 831 5377 Antissindorensis
870 5306 1182 5375 episc0pus,
1211 5305 1402 5362 unicus
1450 5305 1599 5377 patri
1635 5303 1734 5360 fuit
1763 5304 1923 5377 ﬁlius,

330 5386 386 5433 et
430 5376 557 5449 ideo
607 5377 770 5449 etiam
821 5375 1363 5449 hmresgcomitatus;
1416 5375 1506 5449 qui
1550 5376 1657 5443 hic,
1710 5380 1766 5432 ut
1795 5375 1926 5432 alibi

331 5461 502 5519 saepe,
533 5444 857 5519 Consulatus
887 5447 1217 5519 nominatur.

406 5515 484 5588 (9)
516 5517 583 5571 Β.
615 5516 861 5573 Odilonis
892 5515 1067 5572 Vitam
1098 5519 1347 5573 dedimus
1391 5520 1415 5572 1
1448 5516 1709 5573 Januarii.

409 5587 523 5659 (1⁷0)
555 5590 825 5660 impressa
853 5589 1029 5644 minus
1060 5598 1204 5646 recte
1245 5587 1529 5646 edisceret.

2030 4562 2232 4633 quippe
2261 4561 2561 4615 animarum
2591 4559 2835 4625 custode,
2868 4571 2970 4612 nec
2996 4555 3198 4611 delicto
3209 4554 3500 4623 judicium,
3533 4567 3634 4608 nec

2030 4648 2286 4718 religioni
2324 4646 2497 4703 defuit
2521 4646 2938 4702 incrementum.
2968 4646 3160 4699 Totam
3184 4642 3305 4711 ejus
3333 4642 3503 4698 vitam
3537 4642 3621 4697 vel

2030 4739 2200 4793 Maria
2228 4737 2351 4801 sibi,
2404 4736 2490 4791 vel
2523 4736 2732 4789 Martha
2777 4733 3107 4788 vendicavit.
3150 4731 3400 4786 Lectione
3420 4731 3637 4785 insatia-

2029 4825 2177 4893 bilis,
2227 4824 2559 4880 orationibus
2606 4822 2874 4887 insistens,
2936 4820 3083 4876 omni
3130 4828 3376 4888 tempore
3431 4818 3636 4890 profuit

2102 4950 2216 5020 (11)
2247 4948 2464 5004 Mallem
2493 4947 2697 5020 legere,
2731 4944 2915 5000 nimis.

2034 5036 2217 5175 ιῖη)
2244 5044 2650 5129 Paterniucense
2668 5039 2999 5111 ownobium,
3033 5040 3304 5114 prioratus
3333 5043 3386 5098 in
3414 5045 3635 5100 dioecesi

2077 5136 2383 5175 ausauenst.

2077 5136 2361 5176 ausanenm
2372 5160 2383 5172 .

2103 5219 2214 5290 (i3)
2247 5216 2513 5290 Henricus
2546 5213 2858 5290 ll‘ttotatur,
2892 5212 2984 5287 qui
3015 5227 3157 5270 anno
3188 5216 3323 5270 1046
3355 5219 3640 5269 coronatus

2036 5287 2347 5360 imperator,
2382 5287 2517 5343 obiit
2557 5287 2693 5341 1056
2707 5326 2720 5340 .

2107 5380 2222 5448 (is)
2276 5376 2533 5448 Fuit‘hic
2561 5375 2729 5448 etiam
2775 5374 2930 5448 Hugo
2969 5370 3639 5448 dictus,_vosonlionensi_s

2033 5440 2456 5517 liujus'nominis
2499 5446 2790 5517 episcopus
2826 5440 3061 5516 primus,
3094 5441 3189 5517 qui
3219 5440 3287 5497 ab
3327 5456 3467 5496 anno
3501 5445 3633 5496 1031

2032 5515 2118 5575 ειον
2135 5518 2267 5575 1070
2299 5515 2485 5572 sedem
2516 5515 2706 5573 tenuit.
