3956 6084
394 277 498 329 863

1506 277 1562 331 S.
1601 275 1917 333 HUGONIS
1946 278 2230 334 ABBATIS
2260 276 2576 333 CLUNIAC.

3592 279 3703 335 864

394 395 494 446 aut
539 391 786 462 profecit.
821 392 1205 450 Prudentiorne
1229 399 1371 448 esset
1395 407 1468 446 an
1493 391 1814 462 simplicior,
1848 391 1982 447 difii-
2008 393 2068 456 Α
2093 394 2428 450 incessanter
2456 393 2716 448 adversus
2748 392 2944 449 Christi
2988 407 3264 463 pauperes
3293 394 3704 465 grassabantur,

394 479 498 534 cite
539 480 836 550 judicares.
886 481 1032 536 Sicut
1060 481 1116 535 in
1145 480 1328 536 verbis
1357 478 1493 534 nihil
1526 480 1788 546 otiosum,
1820 481 1903 536 sic
1929 480 1986 538 in

393 582 560 638 opere
589 569 722 622 nihil
743 577 1059 640 suspectum
1082 568 1572 635 honestati.lrasci,
1604 567 1707 624 nisi
1729 569 1987 627 adversus

390 655 540 722 vitia,
600 673 706 712 non
735 658 902 713 novit.
963 658 1226 713 Doctrina
1272 657 1411 727 ejus,
1467 673 1592 729 qua
1659 667 1986 730 congrueret

390 743 637 816 singulis,
677 744 942 802 sufﬁceret
985 746 1270 814 universis,
1302 761 1368 802 ea
1407 746 1531 817 plus
1559 745 1723 818 patris
1752 747 1988 804 habebat

392 848 552 902 quam
569 831 795 901 judicis,
814 834 936 905 plus
963 833 1350 890 misericordia
1367 851 1533 906 quam
1563 850 1825 892 censura.
1861 837 1985 906 Ipse

391 920 566 976 forma
621 922 960 992 conspicuus,
1010 931 1214 978 statura
1241 923 1504 991 eminens,
1557 924 1800 993 corporis
1825 924 1985 982 dotes

384 1007 552 1064 titulis
599 1010 854 1066 virtutum
897 1012 1215 1068 cumulavit.
1266 1011 1446 1067 Silens
1495 1012 1716 1082 quidem
1765 1029 1985 1084 semper

385 1112 509 1151 cum
556 1098 817 1165 Domino,
865 1101 1092 1170 loquens
1137 1108 1322 1156 autem
1364 1116 1580 1170 semper
1622 1103 1676 1154 in
1723 1101 1978 1170 Domino,

383 1186 471 1240 vel
521 1185 591 1242 de
633 1185 871 1243 Domino
920 1188 1264 1258 loquebatur.
1315 1189 1585 1244 Intentum
1616 1189 1878 1259 pluribus,
1911 1191 1982 1246 ad

383 1274 598 1345 singula
644 1276 906 1331 minorem
951 1277 1133 1331 nullus
1162 1276 1386 1340 invenit,
1420 1284 1574 1332 totus
1607 1277 1752 1333 enim
1782 1279 1865 1334 his
1893 1287 1982 1336 te-

382 1363 630 1431 nebatur,
661 1380 780 1434 qua
806 1364 958 1434 prius
989 1365 1204 1436 agenda
1228 1366 1579 1436 suscepisset.
1619 1367 1792 1421 Deum
1819 1384 1982 1439 supra

381 1465 462 1518 sc,
513 1451 820 1519 proximum
867 1459 1127 1522 tanquam
1174 1470 1251 1518 se,
1299 1469 1385 1509 res
1414 1453 1563 1508 infra
1603 1470 1683 1521 se,
1730 1455 1982 1512 ordinata

384 1538 650 1594 charitate
691 1539 980 1611 diligebat.
1026 1540 1170 1596 ldem
1215 1549 1526 1598 mansuetus
1570 1550 1624 1597 et
1660 1543 1891 1612 patiens,
1923 1545 1982 1600 in

383 1627 499 1680 suis
531 1627 752 1696 quidem
776 1629 980 1699 gratias
1007 1628 1138 1702 egit,
1168 1646 1472 1702 pauperum
1501 1647 1630 1687 vero
1662 1630 1808 1688 flevit
1833 1633 1976 1703 inju-

382 1714 510 1768 rias.

453 1807 512 1857 5.
546 1803 617 1858 Et
645 1803 771 1874 quia
801 1805 1009 1876 legerat
1043 1806 1315 1862 Christum
1363 1807 1660 1864 dicentem:
1697 1809 1849 1878 Quod
1867 1812 1974 1867 uni

383 1907 458 1948 ea:
487 1893 746 1948 minimi:
766 1895 908 1950 meis
932 1895 1174 1965 fecistis,
1195 1896 1339 1952 mihi
1357 1899 1578 1968 fecistis
1593 1898 1818 1968 (Matth.
1841 1916 1974 1967 xxv,

383 1981 497 2050 40),
526 1995 713 2036 eorum
766 1982 1175 2038 necessitatibus
1215 1991 1363 2040 tanta
1406 1986 1672 2041 consuluit
1699 1987 1974 2054 instantia,

384 2083 448 2124 ac
503 2068 548 2122 si
603 2068 778 2141 ipsam
830 2070 1021 2126 Christi
1097 2079 1366 2128 constaret
1421 2074 1608 2130 adesse
1662 2091 1975 2145 personam.

378 2155 718 2228 Quapropter
750 2159 988 2214 maxime
1011 2176 1134 2215 eum
1163 2161 1450 2217 multitudo
1477 2163 1821 2234 constipabat
1851 2180 1980 2236 ege-

380 2260 598 2312 norum,
629 2246 828 2317 quibus
858 2247 1202 2318 dispensator
1227 2247 1405 2305 ﬁdelis
1433 2258 1486 2305 et
1503 2250 1744 2320 prudens
1772 2252 1981 2308 cibaria

377 2333 744 2403 praparabat,
797 2336 1150 2405 comparabat
1191 2336 1524 2393 indumenta.
1568 2340 1732 2395 Nulla
1761 2340 1980 2396 miseri-

379 2421 582 2477 cordia
627 2437 816 2492 Opera,
868 2424 1072 2478 nullam
1115 2425 1471 2483 subveniendi
1517 2429 1754 2497 speciem
1801 2429 1977 2484 decli-

387 2510 556 2565 navit.
591 2509 844 2566 Omnium
874 2513 1014 2568 votis
1030 2514 1226 2583 adfuit,
1250 2515 1546 2572 dummodo
1567 2517 1706 2573 votis
1736 2526 1981 2589 tempora

384 2599 800 2654 concordarent.
850 2601 959 2656 Iter
1007 2601 1208 2673 agenti,
1253 2620 1554 2674 pauperum
1602 2607 1852 2662 cohortes
1879 2624 1978 2665 oc-

386 2686 695 2754 currebant,
759 2704 1081 2760 quocunque
1135 2690 1415 2747 audierant
1474 2696 1842 2763 transiturum,
1901 2697 1982 2754 eis

382 2789 576 2830 aureos
606 2791 819 2846 quoque
851 2792 1010 2831 manu
1048 2778 1202 2848 larga
1229 2779 1599 2849 dispensabat,
1629 2782 1766 2838 illud
1795 2784 1978 2841 liben-

384 2861 490 2915 tius
519 2877 753 2933 erogans
799 2864 947 2935 quod
993 2870 1278 2937 erogatum
1323 2884 1533 2924 merces
1560 2872 1736 2940 major
1775 2888 1979 2944 seque-

382 2956 546 3004 retur.
607 2949 996 3006 Deﬁcientibus
1049 2961 1233 3009 autem
1291 2955 1446 3024 cibis,
1509 2958 1704 3030 quibus
1756 2961 1815 3014 in
1853 2978 1980 3016 usus

375 3037 650 3108 egentium
697 3039 1024 3096 summarios
1054 3041 1168 3113 (l5)
1211 3058 1441 3100 onerare
1469 3056 1840 3118 consueverat,
1873 3050 1980 3108 huc

375 3134 428 3181 et
456 3125 585 3182 illuc
629 3128 802 3182 nuntii
833 3127 1232 3200 dirigebantur,
1279 3148 1344 3188 ea
1381 3137 1746 3207 comparaturi
1777 3156 1899 3209 qua
1928 3147 1981 3196 et

371 3214 702 3271 multitudini
734 3215 1057 3290 sufﬁcerent,
1083 3227 1138 3275 et
1159 3221 1491 3278 desiderium
1522 3227 1804 3296 explerent
1834 3228 1975 3283 inﬁr-

372 3317 604 3360 morum.
664 3304 836 3360 Porro
879 3323 1236 3379 quoscunque
1293 3311 1380 3366 vel
1438 3320 1568 3367 atas
1624 3315 1710 3370 vel
1758 3317 1980 3388 gravior

370 3389 627 3448 affecerat
653 3393 924 3465 agritudo,
951 3397 1181 3466 prapius
1203 3397 1440 3467 jubebat
1468 3401 1769 3472 admoveri,
1799 3403 1975 3460 blan-

372 3479 496 3534 dius
543 3496 734 3536 eorum
778 3484 1116 3540 scrutabatur
1160 3489 1463 3559 angustias,
1507 3490 1705 3560 quibus
1747 3501 1978 3564 egerent

370 3575 462 3622 aut
491 3568 621 3640 quid
649 3571 851 3626 vellent
891 3571 1286 3631 officiosissime
1332 3575 1625 3646 inquirens.
1666 3581 1864 3636 Nullus
1887 3582 1975 3637 ab-

369 3656 629 3711 horrebat
673 3657 1024 3729 colloquium,
1077 3662 1266 3716 nullus
1294 3663 1639 3721 incommoda
1660 3669 1968 3724 verebatur.

368 3743 524 3796 Circa
553 3759 712 3798 senes
742 3747 997 3814 querulos
1026 3755 1079 3802 et
1097 3749 1247 3805 sanie
1264 3751 1561 3808 deﬂuentes
1591 3757 1970 3826 compassione

367 3831 577 3886 moveri
633 3833 992 3903 multiplicare
1064 3837 1354 3906 beneﬁcia,
1402 3841 1628 3910 plenum
1702 3845 1969 3901 mercedis

369 3933 567 3989 urgere
593 3918 935 3977 famulatum.
983 3925 1160 3981 Parva
1190 3925 1406 3999 loquor,
1434 3930 1717 3986 horrendis
1745 3943 1966 4005 aspectu

367 4006 589 4077 leprosis
638 4009 950 4080 frequenter
996 4013 1330 4070 fastidiosum
1379 4021 1495 4074 sine
1540 4020 1758 4077 fastidio
1804 4024 1965 4078 exhi-

367 4094 528 4151 bebat
557 4097 896 4168 obsequium.
925 4102 1147 4158 Videres
1169 4105 1313 4162 circa
1342 4106 1539 4163 lectum
1571 4109 1696 4178 ejus
1723 4111 1961 4167 immen-

365 4201 477 4238 sam
536 4186 869 4244 diversarum
923 4193 1155 4247 vestium
1198 4196 1532 4268 congeriem,
1577 4215 1719 4268 qua,
1769 4203 1961 4270 paucis

363 4273 716 4330 familiarium
763 4277 1043 4348 adhibitis,
1102 4281 1220 4351 ipse
1269 4285 1529 4354 incidere,
1583 4288 1700 4357 ipse
1755 4291 1956 4347 sarcire

361 4373 737 4420 consueverat.
773 4366 993 4423 Videres
1020 4368 1178 4425 etiam
1194 4388 1386 4442 panes,
1419 4375 1632 4431 videres
1661 4385 1714 4433 et
1741 4394 1951 4447 carnes,

357 4450 428 4504 ad
459 4468 677 4507 manum
709 4456 896 4511 omnia
923 4458 1132 4514 scilicet
1168 4472 1490 4531 praeparata,
1526 4482 1592 4520 ne
1621 4466 1808 4524 dilatio
1837 4486 1952 4525 mu-
1981 4428 2038 4491 D

355 4540 520 4610 neris,
550 4558 849 4613 pauperem
880 4549 1146 4603 cruciaret
1170 4560 1590 4621 exspectantem.
1626 4557 1954 4626 Pauperibus

358 4644 572 4700 quoque
615 4633 924 4701 canobitis,
977 4637 1243 4709 largiores
1273 4640 1579 4696 destinabat
1609 4645 1952 4702 benedictio-

353 4731 469 4786 nes,
505 4735 575 4774 ne
621 4721 768 4777 vela
805 4727 1153 4794 monasterio,
1198 4727 1286 4783 vel
1336 4744 1370 4784 a
1416 4732 1680 4787 monacho
1721 4736 1949 4804 penuria

353 4805 429 4860 rei
459 4806 739 4863 familiaris
766 4826 863 4865 eos
909 4824 1130 4885 cogeret
1158 4818 1400 4888 evagari.
1433 4820 1546 4874 Hac
1575 4821 1722 4876 enim
1753 4825 1945 4879 Massi-

350 4892 630 4962 liensibus,
705 4899 806 4953 hac
858 4904 1199 4957 monasteriis
1281 4907 1524 4976 pluribus
1582 4911 1940 4984 benignitate,

2092 496 2216 538 cum
2255 480 2436 536 minus
2483 481 2864 538 exhortatione
2903 480 3209 552 proﬁceret,
3239 480 3560 536 muneribus
3589 482 3708 537 mi-

2092 569 2320 642 tigabat.
2352 569 2450 624 His
2480 569 2723 624 animum
2751 569 2965 637 studiis,
3000 569 3082 624 his
3112 569 3299 624 usibus
3328 576 3382 624 et
3405 579 3704 642 argentum

2091 657 2453 714 consecrabat
2506 666 2562 713 et
2607 673 2818 714 aurum.
2871 659 2950 713 Ea
2993 657 3185 712 melius
3222 657 3491 729 impensa,
3525 675 3693 730 quam

2091 753 2311 802 servata
2337 746 2558 802 rutilare
2579 745 2930 816 pradicabat,
2960 754 3030 816 et,
3049 747 3204 816 juxta
3243 745 3521 802 Ambrosii
3550 749 3702 804 testi-

2092 834 2368 897 monium;
2419 842 2545 890 tunc
2591 851 2722 891 vere
2749 834 2974 891 calicem
3019 834 3303 901 Ecclesia,
3336 851 3464 890 cum
3486 836 3628 891 calix
3657 853 3692 892 a

2092 922 2236 979 fame
2274 923 2362 979 vel
2405 923 2474 978 ab
2523 924 2678 980 hoste
2720 923 2956 992 redimit,
3007 939 3146 996 quos
3186 923 3411 994 sanguis
3448 924 3633 980 calicis
3661 941 3696 981 a

2091 1019 2260 1068 morte
2283 1009 2555 1068 liberavit.

2722 1114 2946 1170 CAPUT
2983 1115 3053 1170 Il.

2093 1233 2296 1308 Gratia
2307 1233 2458 1308 apud
2475 1234 2779 1308 Hem-ictam
2792 1233 3104 1308 secundum
3115 1235 3689 1308 imperatoremdega-

2163 1307 2242 1362 tio
2253 1304 2520 1376 pontiﬁce
2534 1306 2599 1359 in
2611 1306 2904 1374 Hungaria
2919 1304 3400 1376 obitawon'cilium
3416 1309 3548 1362 Rem
3556 1304 3690 1363 circa

2159 1375 2850 1448 celebratuliphomus
2862 1391 2968 1448 rex
2981 1375 3403 1448 Hispaniarum
3418 1393 3449 1433 ε
3463 1394 3688 1434 carcere

2162 1445 2461 1508 liberatus;
2483 1446 2795 1503 crenobium
2809 1444 3272 1503 Marcinidcense
3282 1449 3616 1519 fundatum.

2157 1565 2209 1615 6.
2259 1562 2356 1617 His
2382 1562 2548 1635 igitur
2591 1561 2824 1634 aliisque
2854 1562 3116 1617 virtutum
3156 1563 3466 1633 praconiis,
3499 1563 3687 1619 bealus

2085 1650 2245 1722 Hugo
2275 1666 2507 1722 magnus
2533 1651 2682 1722 apud
2713 1666 2947 1722 magnus
2964 1650 3285 1719 habebatur,
3317 1667 3386 1706 ex
3415 1653 3533 1720 ejus
3560 1667 3686 1708 con-

2007 1747 2062 1807 B
2087 1739 2228 1806 silio,
2277 1739 2439 1794 saluti
2485 1755 2709 1794 suarum
2757 1738 3105 1810 providentes
3132 1739 3457 1796 animarum.
3499 1744 3686 1812 Auge-

2086 1827 2247 1882 batur
2300 1827 2401 1882 sub
2454 1843 2520 1882 eo
2578 1828 2648 1882 de
2703 1827 2793 1882 die
2824 1826 2878 1882 in
2907 1827 3049 1883 diem
3097 1827 3464 1884 Cluniacensis
3491 1831 3688 1902 religio

2085 1915 2346 1980 canobii,
2371 1923 2427 1971 et
2455 1924 2574 1970 erat
2601 1915 2742 1971 odor
2771 1915 3008 1970 nominis
3035 1915 3198 1983 illius,
3231 1917 3370 1972 sicut
3395 1918 3537 1973 odor
3566 1919 3688 1990 agri

2086 2004 2234 2075 pleni
2283 2005 2370 2060 cui
2411 2003 2696 2060 benedixit
2750 2004 3044 2059 Dominus.
3102 2004 3255 2061 Unde
3283 2013 3338 2060 et
3391 2006 3691 2076 imperator

2089 2092 2529 2159 Tentouicorum,
2609 2092 2882 2148 secundus
2947 2093 3157 2148 scilicet
3217 2094 3504 2159 Henricus,
3575 2097 3694 2164 ejus

2086 2181 2282 2236 faciem
2313 2181 2517 2249 videre,
2550 2188 2603 2235 et
2641 2180 3060 2236 familiaritatem
3094 2181 3325 2252 adipisci
3354 2183 3691 2252 desiderans,

2090 2278 2144 2324 ut
2173 2269 2364 2324 venire
2391 2268 2713 2340 dignaretur
2741 2269 2812 2322 ad
2841 2284 2902 2324 se
2938 2269 3172 2340 supplici
3210 2284 3340 2325 voce
3372 2272 3687 2340 postulavit.

2089 2357 2454 2412 Postulantem
2489 2357 2611 2426 pius
2659 2357 2818 2412 Pater
2853 2357 3100 2425 exaudit,
3148 2357 3321 2412 intrat
3365 2358 3688 2429 Saxoniam,

2090 2460 2302 2500 summo
2359 2445 2565 2516 pariter
2621 2453 2675 2500 et
2733 2446 2934 2500 honore
2998 2445 3291 2515 suscipitur
3347 2455 3400 2501 et
3453 2448 3681 2519 gaudio.

2091 2533 2282 2589 Paucis
2311 2533 2387 2586 ibi
2417 2532 2608 2588 diebus
2660 2533 2915 2605 peractis,
2947 2549 3020 2588 ex
3050 2534 3310 2604 petitione
3339 2537 3487 2606 regis
3515 2535 3690 2591 ﬁlium

2090 2623 2209 2692 ejus
2235 2636 2390 2677 sacro
2419 2622 2485 2676 de
2519 2621 2667 2676 fonte
2689 2622 2909 2690 levavit,
2939 2638 3107 2692 puero
3138 2624 3252 2693 (16)
3287 2639 3487 2680 nomen
3515 2626 3691 2696 patris

2090 2710 2394 2779 imponens.
2447 2709 2757 2764 Celebravit
2802 2718 2981 2765 autem
3026 2712 3235 2766 Pascha
3285 2728 3408 2766 cum
3448 2713 3695 2783 impera-

2091 2806 2225 2866 tore,
2283 2797 2338 2851 in
2384 2798 2689 2870 Agrippina
2731 2797 2994 2865 Colonia,
3036 2799 3344 2856 Teutonicis
3373 2800 3695 2857 mirantibus

2089 2886 2142 2940 in
2166 2886 2396 2955 juvenili
2425 2887 2603 2941 adhuc
2633 2894 2790 2942 atate
2835 2887 3089 2942 canitiem
3121 2903 3355 2957 morum,
3387 2905 3692 2946 conversa-

2086 2973 2248 3030 tionis
2293 2974 2778 3041 mansuetudinem,
2837 2975 3022 3030 vultus
3077 2976 3330 3048 gratiam,
3391 2978 3730 3053 verborum,

2009 3088 2059 3151 Ο
2086 3061 2388 3118 lenitatem.
2446 3061 2655 3130 Quibus
2710 3063 2959 3132 profecto
3014 3064 3269 3119 virtutum
3327 3066 3570 3135 indiciis,
3613 3069 3690 3123 ita

2088 3168 2210 3207 cum
2269 3166 2334 3206 eo
2389 3159 2444 3206 et
2492 3168 2616 3207 cum
2673 3152 3012 3207 Cluniacensi
3043 3154 3369 3210 monasterio
3406 3156 3554 3226 regis
3609 3166 3692 3212 est

2087 3239 2273 3296 anima
2313 3239 2591 3312 colligata,
2625 3256 2688 3295 ac
2714 3241 2761 3295 si
2805 3256 2898 3296 rex
2927 3242 3044 3312 ipse
3086 3251 3406 3314 perpetuam
3447 3259 3574 3299 cum
3604 3246 3686 3300 eis

2087 3327 2380 3383 amicitiam
2426 3328 2748 3400 pepigisset.
2820 3329 3065 3384 Tandem
3122 3331 3210 3385 vix
3273 3331 3564 3402 impretata
3589 3349 3684 3388 re-

2087 3415 2288 3470 deundi
2315 3415 2550 3484 licentia,
2579 3421 2764 3487 pastor
2789 3417 2912 3487 pius
2931 3418 3002 3472 ad
3031 3419 3174 3474 ovile
3202 3421 3508 3487 revertitur,
3538 3422 3685 3476 dona

2085 3503 2332 3558 deferens
2374 3504 2658 3574 ampliora,
2701 3521 2824 3576 qua
2861 3506 3006 3560 velut
3053 3507 3329 3576 quoddam
3377 3508 3681 3564 dilectionis

2081 3592 2287 3664 pignus
2344 3607 2377 3646 a
2439 3592 2669 3661 praefato
2726 3609 2862 3665 rege
2901 3597 3227 3650 transmissa
3277 3601 3424 3650 sunt.
3460 3597 3549 3652 Sic
3595 3614 3686 3653 re-

2079 3697 2300 3752 gressus
2333 3681 2435 3737 Dei
2465 3682 2720 3748 famulus,
2752 3682 2894 3738 ﬁlios
2921 3683 2977 3736 in
3005 3683 3335 3739 orationibus
3361 3692 3569 3755 patrem
3588 3702 3683 3740 ex-

2078 3778 2400 3840 spectantes,
2435 3774 2491 3825 et
2517 3771 2588 3827 de
2625 3771 2909 3828 vocatione
2949 3773 3098 3845 regis
3128 3782 3182 3830 et
3219 3789 3320 3828 suo
3350 3773 3682 3829 exhilaravit

2074 3859 2330 3914 adventu.

2143 3949 2197 4001 7.
2228 3948 2382 4002 Idem
2421 3948 2777 4018 postmodum
2835 3950 3070 4005 Romani
3117 3952 3276 4021 jussu
3303 3951 3577 4023 pontiﬁcis
3618 3953 3678 4008 in

2071 4036 2409 4108 Hungariam
2456 4036 2751 4106 profectus,
2802 4038 2870 4093 de
2915 4039 3299 4096 reformatione
3361 4041 3509 4112 pacis
3558 4043 3675 4112 (17)

2069 4141 2254 4179 curam
2282 4127 2442 4197 gerit,
2495 4135 2752 4196 suscepta
2796 4127 3095 4196 prudenter
3142 4129 3336 4184 insistit
3391 4138 3443 4184 et
3486 4129 3675 4200 explet

2067 4215 2303 4285 negotia,
2335 4214 2408 4269 ad
2434 4215 2652 4269 laudem
2701 4215 2802 4270 Dei
2841 4225 2893 4270 et
2940 4217 3176 4289 gloriam
3207 4234 3330 4289 qua
3377 4218 3481 4274 sibi
3509 4235 3669 4274 com-

2064 4305 2230 4357 missa
2257 4302 2474 4358 fuerant
2501 4313 2804 4359 exsecutus.
2841 4305 2994 4361 Unde
3023 4321 3144 4359 cum
3166 4308 3376 4376 pariter
3403 4317 3458 4362 et
3476 4308 3667 4379 gratia

2064 4390 2211 4462 regis
2240 4399 2294 4444 ct
2321 4393 2490 4446 multo
2521 4391 2750 4446 donatus
2791 4409 3020 4448 munere
3049 4403 3430 4461 reverteretur,
3472 4413 3504 4450 a
3533 4412 3669 4467 quo-

2065 4480 2191 4533 dam
2233 4488 2460 4550 tyranno
2492 4481 2734 4552 regionis
2763 4482 2915 4536 illius
2945 4491 3138 4552 captus
3167 4493 3269 4551 est,
3293 4485 3378 4538 his
3405 4486 3662 4540 omnibus

2063 4567 2291 4639 direptis
2318 4585 2652 4640 quacunque
2673 4571 2820 4639 apud
2850 4587 2977 4625 suos
3003 4571 3226 4626 inventa
3254 4580 3379 4627 sunt
3398 4575 3657 4644 pretiosa.

2062 4656 2184 4724 Qua
2213 4657 2466 4712 videlicet
2510 4658 2703 4728 injuria
2755 4660 2994 4714 turbatur
3025 4661 3124 4714 Dei
3153 4676 3360 4726 servus,
3393 4662 3463 4715 ad
3491 4665 3656 4716 auxi-

2056 4745 2188 4798 lium
2216 4747 2445 4800 recurrit
2472 4747 2798 4813 orationum,
2817 4764 2916 4817 pro
2947 4749 3059 4802 suis
3089 4749 3534 4805 malefactoribus
3566 4752 3653 4805 in-

2056 4835 2301 4904 tercedit,
2335 4835 2514 4890 minus
2548 4835 2617 4891 de
2648 4853 2827 4891 rerum
2852 4838 3081 4905 jactura,
3122 4854 3283 4907 quam
3308 4838 3375 4893 de
3403 4839 3652 4908 periculo

2053 4923 2320 4979 sollicitus
2367 4925 2690 4981 animarum.
2750 4927 2818 4980 Et
2863 4943 2931 4981 ne
2986 4927 3132 4981 velut
3172 4926 3242 4982 de
3271 4927 3383 4981 suis
3438 4928 3652 4982 meritis

350 4981 618 5037 subvenit.
700 4987 968 5043 Px'aterea
1037 4993 1376 5060 tyrannidem
1448 4997 1776 5070 principum,
1836 5019 1943 5072 qua
2051 5010 2308 5081 conﬁsus,
2343 5013 2427 5069 vel
2458 5014 2814 5086 trangressori
2833 5015 3070 5084 veniam,
3092 5016 3176 5070 vel
3203 5015 3304 5070 sibi
3333 5015 3649 5073 substantia

423 5175 533 5259 (15)
583 5177 939 5259 Summarius,
984 5182 1287 5259 saumarius
1325 5192 1378 5239 et
1405 5189 1685 5256 somarius,
1709 5190 1938 5259 jumen-

343 5257 476 5336 tum,
500 5250 740 5304 ferendis
761 5250 922 5334 dorso
948 5251 1206 5307 oneribus
1225 5263 1442 5324 aptum:
1478 5250 1698 5316 Francis
1709 5250 1935 5336 'vulgari

341 5321 550 5392 lingua,
583 5323 866 5376 sommier.

417 5394 527 5472 (16)
544 5393 806 5475 llenricus
828 5393 1082 5473 Πιτθηηο
1104 5399 1259 5461 1051,
1287 5400 1352 5451 10
1381 5399 1704 5475 Novembris
1734 5412 1891 5459 natus
1915 5420 1929 5475 ;

351 5463 504 5542 cujus
553 5465 957 5542 baptismus,_i_n
990 5482 1191 5520 annum
1235 5480 1545 5537 sequentem
1589 5474 1804 5542 dilatus,
1846 5463 1930 5530 vi;

349 5535 503 5586 detur
529 5543 779 5603 peractus
803 5536 980 5590 Sabba
992 5544 1043 5591 to
1073 5547 1278 5608 sancto,
1298 5535 1420 5595 cum
1455 5544 1660 5598 Pascha
1691 5548 1755 5602 19
1781 5535 1935 5619 Apri-

2049 5198 2114 5252 lis
2153 5200 2423 5255 agendum
2456 5208 2616 5255 esset.

2119 5270 2230 5338 (1'7)
2303 5270 2564 5326 Videntur
2608 5272 2840 5327 indicari
2883 5272 3122 5339 dissidia,
3176 5275 3316 5330 inter
3367 5275 3637 5332 Andream

2042 5356 2230 5411 regem
2261 5343 2553 5416 liuingaria
2584 5345 2805 5415 ejusque
2835 5345 3054 5399 fratrem
3081 5347 3284 5410 Belam,
3320 5355 3443 5416 post
3472 5363 3634 5403 coro-

2044 5421 2226 5465 natum
2262 5414 2606 5487 Salomonem
2656 5414 2904 5487 puerum,
2937 5432 3082 5485 sape
3112 5414 3433 5487 composita,
3465 5435 3634 5487 sape-

2040 5493 2336 5558 renovatai
2350 5486 2418 5538 de
2447 5485 2643 5553 quibus
2666 5486 2788 5540 vide
2818 5488 3160 5558 Hungaricos
3190 5485 3505 5557 scriptores,
3529 5485 3634 5544 sub

2043 5554 2225 5608 Leone
2265 5555 2344 5607 ιχ
2372 5563 2424 5608 et
2452 5557 2611 5610 etiam
2636 5565 2846 5628 postea.
