3956 6084
403 266 505 328 se?

1496 261 1557 317 ὃ.
1611 255 1923 316 HUGONIS
1961 255 2248 313 ABBATIS
2288 259 2603 316 CLUNIAU.

3610 261 3723 313 868

409 395 753 453 transcensis.
827 391 924 448 Dei
979 403 1168 443 servus
1224 385 1542 443 solemniter
1605 393 1658 438 et
1733 384 2084 454 apparatuA
2117 384 2431 454 tuw(Psai.
2466 400 2595 446 xxv,
2647 383 2728 452 8),
2783 383 3044 454 quidquid
3100 383 3152 439 oi
3208 382 3450 438 fidelium
3495 382 3721 437 devotio

413 485 614 539 festivo
641 479 942 551 suspicitur.
977 476 1218 532 Exsultat
1248 491 1347 529 rex
1378 474 1510 528 tanti
1535 473 1772 528 adventu
1817 471 2007 542 hospi-

414 573 498 636 tis,
531 572 667 625 nihil
701 570 752 623 in
779 576 920 634 actu,
978 566 1111 619 nihil
1168 565 1221 618 in
1277 563 1471 629 verbo,
1529 562 1664 616 nihil
1715 561 1771 614 in
1820 560 2008 614 habitu

413 668 610 730 praeter
638 657 938 711 doctrinam
965 668 1183 708 morum
1216 651 1516 720 reperiens.
1557 647 1659 718 Qui
1707 664 1776 704 ne
1831 649 2006 702 inter-

408 746 713 804 cessoribus
741 744 852 798 suis
881 745 1126 812 ingratus
1156 740 1450 810 aliquando
1479 739 1771 804 videretur,
1817 736 2003 806 dupli-

407 840 528 892 cato
551 849 711 890 censu
729 841 958 903 paterno
978 831 1239 886 ducentas
1264 827 1382 884 auri
1424 826 1613 882 uncias
1637 828 1751 893 (‘25)
1777 825 2004 880 Clunia-

408 923 552 979 censi
583 920 834 978 ccenobio
863 917 1155 991 quotannis
1213 915 1486 986 disposuit
1521 913 1802 986 assignari,
1860 912 2006 970 diem

407 1010 686 1080 utriusque
714 1007 910 1074 exitus,
941 1006 1092 1061 etde
1149 1018 1367 1059 carcere
1422 1001 1629 1056 scilicet
1684 1011 1738 1055 et
1790 1001 1858 1055 de
1884 1015 2007 1056 cor—

405 1114 566 1170 pore,
595 1095 864 1153 celebrem
912 1095 1113 1148 habere
1159 1092 1494 1147 desiderans.
1527 1093 1608 1144 Ita
1638 1090 1720 1145 vir
1747 1088 1848 1143 Dei
1882 1105 2004 1143 cum

402 1191 667 1262 prredicta
696 1205 941 1245 remeans
971 1185 1220 1259 pecunia,
1253 1186 1542 1256 quemdam
1597 1198 1777 1238 secum
1827 1182 2003 1238 addu-

407 1281 567 1337 cebat
622 1280 902 1344 Maurum,
963 1291 1152 1331 recens
1207 1274 1424 1346 quidem
1484 1273 1854 1342 baptizatum,
1910 1271 2006 1326 sed

405 1369 586 1423 adhuc
615 1374 795 1422 mente
822 1364 1114 1435 nigriorem
1167 1376 1330 1434 quam
1373 1361 1537 1430 pelle.
1584 1359 1680 1415 Cui
1728 1375 1849 1414 cum
1905 1375 2004 1429 pro

409 1456 732 1511 Christianas
764 1453 888 1508 ﬁdei
937 1451 1299 1522 susceptione,
1356 1450 1622 1518 majorem
1668 1449 1791 1518 pius
1835 1447 2006 1502 abbas

409 1544 672 1599 exhibens
702 1540 1082 1607 reverentiam,
1115 1547 1292 1595 vestes
1320 1539 1588 1609 pretiosas
1639 1537 2000 1606 pmvidisset,

411 1633 505 1687 ille
533 1630 790 1691 deuibato
819 1629 1011 1684 similis
1039 1629 1311 1700 sepulcro,
1361 1626 1653 1698 sacrilegas
1707 1641 1898 1680 manus
1949 1625 2003 1679 in

2115 472 2355 540 contulit,
2399 479 2568 526 totum
2618 473 2704 528 vel
2755 472 3089 527 ornamentis
3150 472 3416 535 ecclesiae,
3467 472 3554 526 vei
3613 486 3717 526 ex-

2113 561 2296 629 pensis
2322 575 2627 630 pauperum
2691 562 3054 616 consecravit.
3126 559 3374 615 Animam
3433 561 3552 629 ejus
3613 574 3722 616 nec

2115 663 2300 702 rerum
2358 649 2549 703 extulit
2605 647 2896 717 afﬂuentia,
2954 665 3054 704 nec
3103 649 3304 718 dejecit
3362 649 3606 704 amissio.
3653 649 3720 702 in

2113 735 2260 791 omni
2319 744 2458 792 statu
2510 744 2731 793 terrena
2753 739 3079 806 cmiestibus,
3138 737 3356 793 internis
3407 737 3720 792 transitoria

2113 825 2435 895 postposuit.

2187 914 2274 968 11.
2307 912 2454 969 idem
2485 924 2752 986 praetcrea
2789 932 2898 971 non
2937 917 3115 972 solum
3151 917 3221 972 de
3254 916 3434 972 salute
3452 915 3718 974 sollicitus

2114 1001 2373 1068 virorum,
2405 1005 2661 1059 mulieres
2681 1005 2840 1059 etiam
2875 1006 2944 1059 de
2972 1006 3266 1076 naufragio
3325 1005 3490 1075 hujus
3527 1005 3718 1077 magni

2114 1092 2276 1146 maris
2305 1099 2356 1146 et
2385 1094 2606 1164 spatiosi
2644 1093 2711 1148 ad
2740 1094 2932 1149 salutis
2959 1097 3178 1165 portum
3209 1095 3444 1150 educere
3483 1095 3714 1162 curavit,

2112 1181 2196 1235 eis
2221 1181 2364 1235 viam
2397 1182 2520 1236 vitae
2551 1189 2603 1236 et
2649 1182 2907 1238 doctrinis
2943 1182 3236 1251 insinuans,
3295 1191 3349 1238 et
3405 1183 3716 1252 sumptibus

2112 1277 2373 1325 sternens.
2407 1272 2467 1324 lu
2495 1286 2592 1326 suo
2630 1287 2864 1342 namque
2910 1271 3254 1342 patrimonio,
3304 1272 3454 1344 quod
3514 1273 3717 1326 Marci-

2113 1359 2299 1414 niacus
2327 1359 2536 1426 dicitur,
2597 1359 2868 1431 quoddam
2918 1360 3306 1416 monasterium
3375 1368 3430 1416 et
3488 1360 3716 1417 idoneas

2111 1447 2371 1520 religioni
2399 1449 2694 1503 construxit
2723 1447 2978 1514 ofﬁcinas,
3010 1448 3102 1504 ubi
3125 1449 3344 1506 femina
3398 1449 3714 1519 provectioo

2110 1551 2221 1602 res,
2279 1543 2332 1590 et
2386 1537 2688 1591 maritalem
2747 1538 3082 1594 fastidientcs
3137 1538 3439 1603 licentiam,
3500 1545 3716 1594 veteres

2112 1623 2476 1695 deeoquerent
2503 1640 2734 1693 errores,
2768 1634 2819 1681 et
2847 1626 3046 1682 Christi
3071 1626 3452 1698 complexibus
3489 1627 3718 1700 astringi

414 1721 718 1793 perforatas
745 1717 960 1773 abbatis
989 1715 1253 1773 manticae
1300 1715 1497 1784 injecit,
1553 1715 1837 1769 extrahens
1874 1713 1999 1768 inde
2028 1731 2081 1793 Β
2110 1721 2465 1770 mererentur.
2498 1715 2652 1769 Hunc
2679 1714 2858 1769 locum
2889 1729 3136 1785 personae
3165 1715 3376 1770 nobiles
3404 1715 3712 1785 elegerunt,

411 1809 678 1880 quidquid
708 1807 825 1862 auri
857 1810 1128 1876 repertum
1157 1809 1238 1860 est
1265 1805 1318 1858 in
1347 1804 1425 1858 eis
1455 1808 1548 1858 aut
1599 1802 1824 1873 argenti.
1879 1801 2004 1870 Quo

411 1904 594 1951 tamen
623 1896 677 1949 in
701 1894 836 1965 fuga
865 1900 1046 1964 capto,
1079 1899 1239 1962 atque
1267 1889 1334 1946 ad
1366 1890 1619 1945 abbatem
1658 1905 1779 1944 cum
1809 1904 1967 1958 aspor

412 1993 519 2039 tata
548 1983 771 2038 reducto
800 1980 1052 2052 pecunia,
1076 1980 1173 2034 Dei
1196 1979 1401 2034 famulo
1421 1981 1648 2034 conatus
1675 1992 1784 2033 non
1831 1976 2013 2032 nocuit

418 2071 812 2128 fraudulentus.
846 2071 1048 2141 Magna
1073 2068 1290 2138 quidem
1321 2074 1444 2122 sunt
1471 2070 1607 2127 haec,
1640 2066 1736 2121 sed
1793 2065 2011 2135 majora

414 2177 536 2232 qua:
563 2170 880 2232 sequuntur.

483 2254 572 2305 i0.
604 2248 761 2318 Apud
790 2255 1022 2302 castrum
1053 2244 1329 2303 Bliterium
1389 2245 1520 2314 (ξε),
1593 2243 1816 2315 quidam
1877 2257 2010 2313 per-

409 2352 581 2394 versa
611 2337 806 2392 mentis
859 2335 1126 2398 homines,
1176 2334 1532 2389 reverendum
1591 2333 1803 2389 Patrem
1847 2331 2010 2386 illatis

409 2427 872 2483 cxacerbaverunt
902 2423 1115 2493 injuriis
1147 2441 1159 2476 :
1190 2421 1384 2493 quibus
1408 2421 1622 2476 veniam
1680 2420 2007 2491 petentibus,

413 2516 539 2572 licet
569 2515 689 2586 pius
717 2513 892 2568 abbas
923 2511 991 2567 ad
1020 2510 1416 2583 ignoscendum
1439 2523 1646 2579 pronus
1676 2508 2008 2573 indulsisset,

413 2605 658 2677 graviter
679 2611 855 2656 tamen
889 2615 921 2655 a
952 2600 1183 2655 Domino
1213 2600 1399 2669 punita
1421 2606 1506 2653 est
1535 2610 1725 2654 eorum
1757 2612 2012 2667 praesum-

415 2693 528 2762 ptio
546 2708 560 2748 :
585 2692 766 2745 statim
786 2703 1024 2758 namque
1038 2687 1492 2759 depopulantibus
1503 2685 1753 2754 ﬂammis,
1769 2689 2008 2742 castrum

409 2780 753 2836 combustum
776 2784 856 2832 est
899 2777 1224 2846 iniquorum.
1268 2775 1427 2843 Quod
1483 2781 1543 2829 ut
1595 2775 1784 2828 divina
1830 2776 2011 2845 potius

411 2868 623 2923 ultione
652 2874 862 2938 gestum
893 2879 1030 2928 esse,
1063 2873 1115 2918 et
1144 2877 1251 2918 non
1279 2879 1406 2918 casu
1437 2863 1731 2934 contigisse
1758 2865 2011 2920 credere-

415 2965 519 3020 tur,
544 2953 866 3024 quibusdam
898 2952 1088 3008 incolis
1144 2952 1387 3021 ejusdem
1445 2952 1669 3018 castelli,
1726 2953 1775 3007 al
1827 2953 2009 3024 aliqua

413 3045 644 3118 egressis
671 3043 912 3113 negotia,
934 3050 1096 3113 atque
1122 3041 1330 3112 ignaris
1357 3039 1675 3109 injuriarum
1733 3045 1786 3096 et
1819 3041 2008 3096 incen-

410 3131 507 3199 dii,
542 3135 648 3188 duo
680 3131 881 3188 milites
911 3131 1116 3185 dudum
1148 3129 1385 3184 defuncti
1418 3137 1800 3200 apparuerunt.
1860 3131 2008 3198 Quos

412 3239 534 3279 cum
589 3223 731 3277 bene
789 3220 1001 3292 praelati
1057 3218 1446 3291 cognovissent
1481 3219 1692 3286 incola,
1723 3235 1787 3273 ac
1815 3218 2008 3274 turbati

411 3311 484 3367 ad
513 3325 704 3366 eorum
746 3315 1028 3379 stuperent
1091 3320 1418 3364 occursum:
1474 3306 1683 3372 Redite,
1740 3306 2005 3377 inquiunt,

412 3399 760 3472 quantocius,
792 3397 1138 3454 combustum
1195 3394 1469 3450 inventuri
1526 3395 1829 3450 Bliterium.
1883 3397 2006 3465 Quo

404 3488 534 3545 dum
565 3489 756 3542 beatus
783 3493 922 3540 esset
953 3486 1113 3556 Hugo
1146 3483 1440 3555 ingressus,
1473 3497 1578 3538 nec
1607 3484 1720 3552 ejus
1755 3484 2004 3556 religioni

407 3577 646 3633 delatum
679 3577 780 3642 est,
813 3587 914 3628 nec
945 3573 1140 3629 ordini.
1174 3571 1468 3642 Stupefacti
1523 3571 1718 3627 incolae
1773 3589 1836 3628 ac
1883 3589 2006 3644 per-

406 3665 598 3732 territi,
658 3677 864 3735 magna
919 3673 1042 3717 cum
1102 3660 1445 3715 festinatione
1501 3660 1807 3730 redeuntes,
1867 3678 2000 3732 rem,

406 3753 550 3808 sicut
588 3751 908 3817 didicerant,
967 3749 1310 3803 invenerunt.
1364 3749 1538 3804 Nemo
1615 3757 1790 3804 autem
1857 3760 2005 3821 putet

413 3840 586 3896 virum
619 3838 739 3906 Dei,
773 3845 1026 3908 tanquam
1058 3835 1302 3908 pecuniae
1333 3837 1608 3906 cupidum,
1634 3837 1718 3891 vel
1749 3839 2005 3908 quaasisse

411 3929 498 3986 vel
531 3929 740 3984 oblatas
786 3923 1094 3997 suscepisse
1148 3925 1385 3980 divitias.
1435 3925 1632 3980 Earum
1681 3927 1839 4000 copia
1892 3943 2000 3988 non

411 4018 654 4076 avaritias
683 4015 923 4086 servivit,
958 4015 1052 4070 sed
1099 4013 1511 4084 miscriCOrditB,
1571 4029 1677 4070 non
1721 4015 1851 4086 ipsis
1904 4016 1999 4073 sed

413 4106 625 4182 egenis.
656 4105 756 4162 Ille
783 4121 905 4162 cum
937 4099 1213 4176 PrOpbcta
1240 4103 1428 4159 dicens
1460 4121 1471 4158 :
1506 4103 1761 4173 Domine,
1813 4105 2002 4164 dilexi

409 4198 672 4254 decorem
692 4196 894 4250 domus
915 4198 1049 4259 tua,
1101 4195 1159 4248 at
1212 4193 1395 4248 locum
1413 4192 1781 4248 habitationis
1806 4195 2000 4264 gloria:

474 4321 586 4389 (25)
619 4321 821 4376 Auctor
849 4325 932 4374 est
964 4311 1303 4389 Venerabilis
1334 4316 1539 4389 Petrus,
1565 4314 1712 4385 quod
1741 4314 1997 4389 Alfousus

402 4381 745 4451 consueverit
774 4397 970 4460 praeter
995 4404 1060 4444 cc
1100 4387 1458 4460 auri__unciaa
1488 4381 1596 4460 xu
1630 4381 1888 4458 pendere,
1943 4399 1997 4448 et

404 4465 510 4520 duo
541 4457 872 4521 monasteria
901 4457 1345 4515 Cluniacensibus
1371 4458 1636 4513 fundavit.

395 4632 446 4689 do
472 4560 589 4686 (οἶδ)
621 4559 893 4614 Biiterium
924 4563 1162 4614 castrum
1197 4572 1210 4617 ;
1242 4555 1297 4610 in
1325 4555 1447 4610 aliis
1504 4554 1638 4611 Vitis
1693 4557 1993 4613 Briderium

433 4648 503 4688 lCl
530 4649 609 4687 ur.

433 4648 609 4688 ιοιιιιΓ.

471 4729 582 4800 (27)
610 4726 798 4786 Exstat
828 4725 880 4782 in
911 4721 1247 4800 Bibliotheca
1291 4723 1652 4800 Qlun‘iacensi,
1707 4725 1821 4800 col.
1855 4728 1990 4800 393

397 4807 451 4856 et
481 4795 598 4869 aeq.
660 4800 918 4868 scriptum
973 4797 1248 4869 quoddam
1305 4798 1361 4852 S.
1420 4795 1689 4869 Hugonis,
1748 4797 1802 4852 in
1855 4797 1992 4855 Vitm

398 4867 897 4949 finem—vergentis,
923 4867 993 4922 ad
1022 4882 1366 4949 successores
1398 4867 1532 4921 suos
1556 4868 1988 4949 deprecatoorium

396 4956 492 5019 seu
523 4937 1018 5019 comminatorium,
1044 4938 1146 4994 sub
1177 4937 1517 5019 anathemate
1548 4937 1985 5019 sic’.prmcipien-

398 5011 462 5068 tis
497 5027 508 5063 :
549 5032 570 5058 ει
605 5007 871 5083 Locusea
899 5024 1113 5083 semper
1156 5016 1472 5083 permaneat
1518 5007 1848 5083 conditione,
1883 5027 1989 5083 qua

396 5096 502 5137 nos
531 5094 655 5152 eum
687 5080 1060 5152 inchoavimus
1090 5086 1141 5152 et
1161 5079 1548 5152 tenuimus,_ut
1576 5079 1630 5134 in
1687 5079 1803 5152 ipso
1848 5079 1988 5152 nun-

395 5167 559 5225 quam
589 5151 656 5210 ad
687 5147 929 5225 habitum
960 5147 1274 5225 sanctitatis,
1308 5147 1724 5225 puerilisastas‘
1751 5151 1985 5225 recipia—

398 5219 486 5284 ιῑιι-
517 5241 530 5287 ;
565 5238 667 5284 nec
694 5221 803 5278 alia
833 5235 992 5292 quam
1023 5219 1077 5292 in
1109 5235 1214 5292 qua
1233 5219 1406 5290 possit
1433 5219 1654 5290 probari
1697 5219 1916 5292 spiritus
1945 5225 1990 5280 si

395 5309 465 5370 ex
493 5295 607 5358 Deo
634 5293 722 5359 sit,
745 5291 859 5370 etsi
890 5306 996 5348 non
1026 5290 1187 5358 ultra,
1211 5298 1394 5370 tamen
1427 5292 1647 5370 omnino
1678 5290 1788 5370 vel
1820 5311 1994 5370 usque

397 5367 465 5424 ad
496 5383 569 5422 xx
598 5380 797 5425 annum
821 5362 942 5435 jam
969 5359 1486 5435 pen'enerit._Qucd
1514 5363 1556 5418 si
1577 5379 1686 5435 qua
1713 5367 1794 5420 est
1822 5359 1993 5422 aetatis

394 5436 715 5506 laseivioris,
742 5443 795 5498 et
823 5431 927 5496 hoc
953 5431 1021 5506 ad
1051 5440 1257 5506 certum
1289 5431 1458 5493 fuerit
1488 5431 1865 5506 coutperlurn,
1924 5453 1993 5494 ne

399 5508 525 5563 huic
554 5500 878 5563 feminarum
909 5503 1142 5576 collegio
1159 5500 1354 5572 debeat
1370 5500 1694 5576 caeduae—ri.
1721 5527 1750 5560 ιι
1772 5500 1992 5568 Βίων-ε

398 5591 520 5633 sum
548 5577 607 5633 in
639 5576 1042 5651 deprecatione,
1057 5573 1198 5648 'q'uae
1254 5573 1498 5650 sequitur
1550 5575 1658 5631 col.
1719 5577 1843 5650 495,
1895 5595 1993 5635 seu

2034 3085 2084 3148 C

2022 4433 2077 4499 Ι)

2115 1818 2238 1873 quas
2298 1819 2419 1858 cum
2476 1803 2675 1874 nuptiis
2725 1804 2891 1860 etiam
2949 1803 3175 1859 delicias
3247 1811 3507 1874 experta,
3557 1809 3713 1860 tanto

2116 1891 2408 1962 patientius
2437 1892 2680 1962 utrisque
2721 1899 2992 1960 carerent,
3037 1899 3240 1964 quanto
3288 1892 3606 1948 didicissent
3660 1892 3718 1948 in

2114 1979 2192 2033 eis
2215 1985 2268 2034 et
2294 1980 2520 2035 brevem
2577 1987 2629 2036 et
2692 1982 2910 2051 plenam
2967 1980 3172 2036 doloris
3200 1994 3318 2036 esse
3353 1980 3714 2050 voluptatem.

2114 2068 2226 2123 Has
2246 2069 2491 2139 profecto
2545 2069 2648 2123 sub
2692 2069 2892 2141 regulis
2922 2069 3236 2140 hujusmodi
3265 2071 3451 2124 vivere
3505 2070 3717 2125 constt.

2117 2158 2232 2222 tuit,
2257 2161 2316 2210 ut
2345 2173 2527 2213 earum
2561 2157 2706 2214 nulla
2764 2159 2852 2214 vel
2902 2159 2980 2213 rei
3035 2159 3356 2214 necessitate
3406 2157 3714 2224 familiaris,

2115 2246 2202 2301 vel
2236 2245 2476 2316 quolibet
2533 2246 2775 2318 negotio,
2835 2247 3214 2317 conspectibus
3257 2247 3497 2302 virorum
3544 2246 3718 2303 offer-

2115 2342 2409 2403 retur;ne,
2471 2335 2669 2404 quibus
2723 2343 2911 2392 votum
2977 2335 3250 2390 indixerat
3303 2335 3717 2401 continentiam,

2117 2423 2336 2477 intuitus
2357 2424 2673 2479 sollicitaret
2700 2424 2768 2478 ad
2801 2424 3039 2494 culpam.
3074 2425 3454 2480 Procuratores
3505 2439 3720 2493 earum,

2116 2520 2493 2583 procuratores
2513 2512 2756 2586 religiosi
2773 2521 2941 2583 atque
2969 2511 3283 2583 prudentes,
3345 2513 3443 2568 sub
3488 2528 3724 2584 quorum

2115 2601 2364 2656 custodia
2395 2616 2496 2657 nec
2526 2600 2793 2673 possessio
2822 2602 3250 2672 distractionem,
3311 2616 3414 2658 nec
3464 2603 3726 2658 honestas

2114 2689 2455 2760 dispendium
2479 2688 2828 2747 formidabat.
2866 2689 3026 2744 Nulla
3057 2688 3149 2745 ubi
3196 2690 3285 2745 vel
3343 2703 3474 2745 rara
3513 2690 3721 2760 juven-

2113 2778 2255 2844 cula,
2289 2794 2356 2833 ne
2387 2777 2714 2834 lascivientis
2743 2778 2922 2834 adhuc
2969 2778 3150 2834 fervor
3201 2778 3398 2846 etatis,
3456 2779 3544 2834 vel
3601 2778 3722 2835 loco

2115 2864 2391 2921 infamiam
2421 2869 2787 2936 contraheret,
2819 2865 2906 2921 vel
2938 2867 3088 2922 inter
3139 2881 3350 2922 sorores
3397 2867 3719 2922 scandalum

2114 2963 2400 3033 generaret
2429 2956 2564 3026 (27).
2601 2956 2804 3011 Harum
2834 2955 3123 3011 eruditioni
3181 2970 3368 3012 senem
3423 2955 3716 3027 quemdam

2114 3043 2412 3117 deputavit,
2445 3045 2790 3101 Renchonem
2820 3044 3060 3113 nomine,
3099 3043 3459 3100 consummati
3517 3059 3720 3100 mona-

2115 3134 2278 3189 chum
2313 3133 2623 3200 testimonii,
2656 3133 2744 3204 qui
2773 3142 2995 3189 noverat
3023 3141 3076 3188 et
3129 3133 3475 3189 devotionem
3505 3148 3719 3206 provo-

2115 3239 2244 3280 care
2293 3223 2688 3291 misericordia,
2734 3231 2786 3278 et
2833 3239 3085 3278 excessus
3137 3236 3326 3278 arcere
3381 3222 3712 3296 disciplina.

2118 3314 2384 3368 Prreterea
2413 3327 2480 3368 ne
2511 3312 2566 3366 in
2597 3309 2807 3367 ancillis
2836 3310 3052 3380 Christi,
3117 3311 3204 3367 vel
3234 3312 3411 3367 victus
3464 3311 3554 3367 vel
3613 3327 3716 3367 ve-

2114 3401 2491 3457 stimentorum
2525 3401 2761 3472 deiectu,
2797 3415 3010 3456 sacrum
3057 3401 3318 3456 deficeret
3346 3400 3708 3470 propositum,

2114 3489 2308 3546 uberes
2337 3491 2417 3545 eis
2444 3489 2647 3545 reditus
2677 3487 2934 3560 providit,
2967 3489 3302 3561 comparavit
3329 3487 3576 3559 praedia;
3632 3487 3716 3545 sic

2113 3587 2300 3629 earum
2333 3574 2641 3630 necessitati
2671 3572 2981 3639 consulens,
3015 3588 3083 3628 ne
3108 3572 3198 3628 vel
3243 3573 3460 3648 culpam
3517 3589 3714 3643 super-

2111 3659 2289 3714 ﬂuitas
2316 3659 2617 3726 induceret,
2647 3659 2733 3713 vel
2765 3666 2976 3736 egestas
3005 3657 3280 3736 querelam
3331 3663 3708 3727 extorqueret.

2111 3748 2493 3804 Monasterium
2525 3761 2743 3819 quoque
2767 3747 3011 3818 plurimis
3039 3745 3305 3802 decoraris
3355 3759 3537 3802 ornat:
3550 3747 3711 3816 entia,

2109 3846 2309 3909 praeter
2344 3847 2538 3893 caetera
2569 3844 2882 3892 sanctorum
2913 3836 3143 3918 pignora
3171 3835 3346 3891 beatae
3389 3835 3618 3914 virginis
3647 3850 3714 3892 ac

2109 3928 2361 3998 martyris
2391 3927 2614 3998 Agnetis
2635 3926 2689 3981 in
2719 3940 2786 3983 eo
2805 3923 3087 3987 brachium
3115 3924 3425 3995 collocavit,
3482 3931 3710 3996 argento

2109 4018 2360 4076 vestitum
2391 4022 2442 4079 et
2473 4031 2621 4074 auro.

2183 4110 2267 4160 12.
2292 4105 2409 4159 Alia
2439 4117 2655 4176 quoque
2701 4102 2801 4160 sub
2855 4119 2920 4160 eo
2975 4111 3030 4158 et
3083 4119 3184 4174 per
3219 4118 3342 4160 eum
3397 4110 3711 4162 constructa

2107 4203 2230 4252 sunt
2257 4193 2608 4262 monasteria,
2641 4193 2793 4249 cella
2811 4192 3160 4264 quamplures
3189 4191 3482 4247 mdiiiaatm
3537 4194 3714 4262 (eam

2107 4320 2289 4378 verius
2314 4326 2631 4376 testamento
2656 4336 2668 4380 ;
2691 4319 2745 4372 in
2767 4333 2873 4389 quo
2910 4325 3030 4388 post
3057 4317 3276 4387 petitam
3307 4312 3707 4387 indulgentiam

2107 4390 2175 4446 de
2196 4406 2418 4448 munere
2446 4389 2788 4460 negligenter
2832 4397 3007 4460 gesto,
3038 4389 3293 4460 quasdam
3322 4396 3447 4458 post
3473 4396 3704 4460 mortem

2107 4477 2260 4517 suam
2293 4458 2545 4515 fratribus
2569 4458 2858 4515 ahnuatim‘
2875 4458 3166 4530 praebenda
3191 4459 3426 4526 ordinat,
3455 4458 3705 4530 domum

2103 4549 2161 4594 se
2218 4533 2289 4588 ad
2346 4546 2724 4588 successurum
2774 4527 2892 4584 sibi
2923 4531 3176 4587 abbatem
3227 4527 3513 4598 convertit,
3545 4527 3704 4600 eique

2103 4603 2368 4684 imprimis
2395 4603 2573 4684 locum
2603 4603 2746 4656 hunc
2775 4601 3140 4684 commendat,
3170 4606 3441 4684 tanquam.
3480 4607 3724 4684 eatenus

2103 4671 2354 4736 unicum;
2379 4673 2573 4729 deinde
2605 4688 2733 4728 vero
2766 4681 2988 4729 caeteros
3042 4672 3263 4728 fratres.
3284 4671 3298 4673 ⁷
3320 4671 3481 4726 Varia
3535 4671 3704 4726 obar-

2103 4755 2277 4821 tarum
2307 4744 2598 4816 insignium
2627 4744 2955 4821 fragmenta,
2979 4744 3083 4821 hoc
3105 4741 3532 4821 Marciniacense
3583 4755 3696 4821 ote-

2103 4817 2322 4892 nobium
2373 4815 2694 4892 spectantia,
2753 4815 2966 4892 profert
3004 4816 3410 4892 Quercetanus,_
3443 4815 3501 4868 in
3553 4815 3700 4870 notis

2103 4888 2172 4942 ad
2202 4890 2342 4942 hunc
2372 4882 2573 4953 tecum,
2604 4887 2693 4942 ubi
2723 4885 2884 4946 etiam
2934 4885 3092 4942 docet
3161 4882 3321 4953 priori
3378 4882 3520 4953 duos
3564 4897 3702 4952 pro-

2101 4967 2394 5040 curatores,
2427 4951 2736 5040 ‘etudecem
2803 4955 3092 5036 religiosos
3373 4951 3696 5040 adiungas.

2100 5031 2168 5084 ad
2212 5023 2545 5111 .monasterii
2597 5026 2865 5098 regimen,
2913 5023 2996 5086 ἐξ
3054 5024 3393 5084 institutione
3446 5023 3514 5082 S.
3577 5023 3700 5084 Hu-

2097 5115 2254 5172 goms
2266 5141 2281 5156 .

2176 5225 2286 5296 (28)
2311 5226 2371 5280 In
2402 5223 2591 5280 eadem
2630 5222 3014 5296 deprecatione
3050 5221 3128 5278 sic
3155 5221 3394 5296 loquitur
3425 5238 3438 5278 :
3484 5243 3508 5280 ιε
3544 5219 3696 5296 Sicut.

2176 5241 2286 5296 (zu;
2312 5241 2371 5280 tu
2402 5241 2591 5280 eaaem
2630 5241 3014 5349 deprecatione
3050 5241 3128 5278 src
3157 5241 3394 5295 requirur
3425 5241 3438 5278 :
3484 5243 3508 5280 ιε
3544 5241 3696 5284 arent.

2101 5297 2155 5352 in
2181 5297 2590 5363 praesentiarum
2620 5296 2674 5348 vi
2720 5297 2838 5363 etis,
2868 5296 3033 5362 Deus,
3065 5310 3174 5358 non
3224 5292 3420 5352 nostris
3461 5291 3688 5362 meritis,
3717 5303 3724 5307 '

2101 5365 2200 5429 sed
2227 5385 2325 5422 sua
2354 5383 2622 5424 immensa
2645 5367 2956 5434 clementia,
2988 5366 3143 5424 istum
3173 5365 3301 5420 satis
3346 5366 3694 5434 circumqua-

2101 5455 2205 5520 que
2223 5437 2740 5520 ampliavit-locum,
2772 5446 2826 5520 et
2855 5435 3248 5520 tamira‘tribus
3278 5451 3440 5520 quam
3472 5449 3693 5520 possea-

2101 5506 2343 5574 sionibus
2368 5509 2580 5580 ditavit,
2611 5524 2712 5580 nec
2731 5507 2910 5580 solum
2939 5507 3046 5580 gin‘
3071 5506 3177 5580 bac
3203 5513 3407 5580 nostra
3445 5506 3692 5580 regiona,
3711 5515 3718 5580 Ἰ

2101 5522 2343 5574 suontbus
2368 5522 2559 5566 natavit
2611 5524 2712 5564 nec
2731 5522 2910 5574 sctum
2965 5525 3022 5570 in
3073 5522 3177 5570 nec
3203 5522 3392 5571 nostra
3445 5522 3506 5560 re
3567 5522 3691 5574 una.

2101 5589 2288 5664 verum
2318 5576 2475 5636 etiam
2496 5579 2550 5636 in
2565 5549 2724 5636 italia
2738 5575 3103 5660 Lotbaringia,
3122 5575 3338 5655 Anglia,
3356 5522 3691 5634 Nortﬂmn-i
