4032 6078
449 271 548 325 871

1540 259 1597 314 S.
1638 254 1953 313 HUGONIS
1991 253 2288 310 ABBATIS
2324 251 2640 312 CLUNIAC.

3634 268 3750 320 872

451 394 576 448 dam
635 403 820 446 eorum
872 393 925 442 et
980 401 1261 441 occursum
1323 383 1646 452 abhorruit,
1701 385 1755 438 ct
1811 380 2054 436 osculum
2081 378 2137 439 A
2167 379 2518 434 commissum
2565 380 2768 436 essein
2797 381 3049 438 coenobio
3081 382 3136 439 S.
3171 384 3413 441 Marcelli
3443 387 3577 458 (36),
3610 390 3769 458 quod

447 478 761 537 declinavit.
828 475 1093 530 Nimirum
1145 474 1334 544 spiritu
1385 473 1615 529 docente
1660 472 1925 527 didicerat
1981 485 2044 524 os

443 569 682 626 hominis
743 567 958 636 plenum
999 563 1350 634 blasphemiae
1385 571 1439 616 et
1476 561 1857 631 spurcitiarum
1885 601 1899 625 ,
1941 572 2045 614 nec

444 657 699 713 idoneum
748 652 892 722 quod
928 650 1080 721 pacis
1129 650 1318 706 osculo
1361 665 1549 705 servus
1575 648 1676 702 Dei
1707 649 2041 719 dignaretur.

445 743 763 800 Mirantibus
794 741 884 794 his
913 739 1003 811 qui
1033 739 1256 793 aderant
1282 747 1335 794 et
1365 738 1442 792 rei
1471 739 1709 793 novitate
1747 734 2041 805 suspensis,

419 827 603 904 'quam
633 830 800 885 miser
843 829 934 883 ille
979 828 1217 884 duxisset
1247 827 1435 894 vitam,
1465 826 1589 896 quid
1622 831 1835 897 gereret
1867 825 2042 879 devo-

442 921 604 977 tionis
661 917 924 974 familiari
981 916 1289 986 colloquio,
1349 915 1497 970 idem
1555 914 1725 968 abbas
1792 911 2034 982 inquirit.

439 1007 878 1077 Rcspondentem
927 1022 984 1061 se
1037 1004 1413 1060 mechanicum
1467 1005 1579 1072 (33)
1629 1017 1792 1068 esse,
1842 1009 1895 1056 et
1939 1016 2042 1055 ne-

438 1097 754 1154 cromantiae
810 1093 1107 1166 praestigiis
1162 1092 1534 1163 inquinatum,
1577 1092 1647 1146 de
1694 1091 1800 1146 ovii
1864 1096 2046 1160 pastor

442 1185 659 1258 abegit,
721 1191 910 1254 utpote
964 1182 1110 1236 nulla
1167 1181 1222 1235 in
1279 1179 1498 1243 verbis,
1544 1178 1694 1233 nulla
1749 1179 1802 1232 in
1861 1177 2043 1232 habitu

441 1273 813 1333 conversionis
843 1271 1046 1326 indicia
1075 1269 1430 1325 nuntiantem.
1465 1268 1555 1323 Sic
1582 1268 1638 1322 in
1669 1284 1781 1322 una
1810 1266 2040 1322 eadem-

425 1348 546 1436 que
575 1379 656 1429 re,
689 1371 742 1417 et
770 1360 883 1432 lupi
911 1359 1064 1414 fraus
1112 1367 1163 1414 et
1209 1357 1446 1429 pastoris
1492 1355 1835 1428 providentia
1880 1355 2040 1410 inno-

433 1453 551 1510 tuit.

511 1542 598 1594 17.
653 1540 949 1608 Susceptus
994 1538 1140 1592 idem
1190 1537 1288 1592 Dei
1336 1535 1566 1592 famulus
1608 1533 1664 1588 in
1708 1533 2039 1589 monasterio

422 1615 829 1700 fAngeriacensi
905 1626 1018 1696 (34)
1045 1667 1058 1693 ,
1138 1626 1360 1696 sepultis
1427 1624 1706 1695 paulisper
1787 1621 2040 1676 sensibus

2153 475 2374 523 eatenus
2415 467 2715 524 obductum
2757 470 2990 538 silentio,
3025 473 3322 528 monastica
3362 477 3763 532 succidendum

2153 565 2296 612 esset
2364 557 2672 628 disciplina.
2732 557 3009 614 Excitatus
3060 560 3144 614 his
3200 561 3299 616 Dei
3375 579 3592 629 servus,
3651 566 3765 620 iter

2155 644 2374 714 arripit;
2430 651 2486 699 et
2537 646 2812 718 ingressus
2857 649 3260 718 monasterium,
3296 653 3764 720 quemadmodum

2153 749 2255 802 per
2302 733 2562 789 visionem
2611 734 2898 804 didicerat,
2947 751 3062 792 rem
3111 738 3190 792 sic
3231 738 3434 794 habere
3472 741 3757 813 cognovit.

2151 820 2431 876 Adhibita
2455 821 2640 894 itaque
2681 822 2892 877 vulneri
2949 824 3239 893 medicina,
3271 826 3625 883 inveteratam
3663 834 3760 884 at-

2155 925 2256 979 que
2285 909 2560 966 difficilem
2590 910 2769 965 sanari
2790 911 3072 981 propulsat
3092 915 3476 985 corruptelam.
3503 915 3760 984 Quadam

2151 1006 2333 1054 autem
2361 1007 2545 1062 nocte,
2576 999 2705 1053 dum
2747 998 2982 1070 fatigatis
3029 1001 3251 1056 artubus
3299 1004 3516 1060 modico
3559 1021 3761 1076 sopore

2153 1085 2236 1142 vir
2281 1087 2381 1142 Dei
2432 1087 2771 1157 consuleret,
2824 1087 3011 1144 videre
3051 1090 3197 1145 visus
3243 1099 3323 1146 est
3369 1092 3759 1148 decubantium

2151 1175 2252 1230 sub
2299 1176 2476 1246 capite
2519 1192 2616 1231 suo
2669 1176 3000 1248 serpentium
3045 1178 3479 1249 multitudinem,
3519 1189 3756 1238 caetera-

2150 1280 2257 1334 que
2287 1264 2488 1320 diversi
2531 1266 2753 1337 generis
2801 1266 3034 1336 reptilia,
3086 1266 3279 1337 quibus
3326 1268 3418 1324 ille
3457 1272 3756 1340 perturba-

2151 1359 2260 1421 tus,
2292 1369 2563 1410 sommum
2595 1353 2914 1409 continuare
2937 1370 3046 1409 non
3073 1364 3303 1424 poterat.
3327 1356 3538 1414 Dehinc
3561 1361 3756 1416 ancelo

2146 1441 2438 1510 pulvinari,
2471 1442 2670 1496 librum
2700 1443 2937 1498 Maronis
2984 1444 3202 1513 reperit,
3252 1460 3424 1514 eoque
3470 1447 3748 1516 projecto,

2146 1546 2395 1586 somnum
2438 1530 2591 1586 duxit
2642 1530 3012 1602 tranquillum.
3092 1534 3237 1604 Apta
3283 1533 3357 1587 rei
3400 1534 3563 1602 visio,
3625 1553 3753 1591 cum

2146 1619 2280 1673 nihil
2307 1619 2456 1674 aliud
2486 1635 2646 1690 quam
2679 1620 2924 1690 quaedam
2963 1635 3173 1677 venena
3220 1621 3332 1676 sint
3378 1621 3578 1680 fabula:
3608 1641 3752 1696 poe-

441 1717 638 1785 carnis,
671 1715 888 1785 puriore
916 1715 1116 1770 mentis
1143 1714 1357 1779 intuitu,
1393 1713 1525 1769 vidit
1554 1711 1827 1784 quoddam
1859 1710 2038 1780 fulgur
2062 1722 2117 1784 Β
2147 1715 2325 1764 tarum
2354 1710 2490 1779 (3’7).

441 1807 511 1862 de
539 1804 757 1860 sublimi
800 1803 1042 1872 veniens,
1090 1802 1404 1858 monasterii
1453 1798 1826 1855 Cluniacensis
1877 1797 2034 1853 audi—

441 1895 640 1950 torium
670 1893 988 1962 irrumpere,
1022 1906 1387 1963 magnamque
1430 1905 1615 1944 secum
1663 1889 1874 1942 trahere
1918 1886 2035 1941 rui-

440 1999 586 2037 nam.
637 1979 757 2049 Qua
799 1996 866 2035 ex
909 1979 1118 2034 visione
1160 1980 1245 2033 vir
1283 1978 1382 2034 Dei
1413 1978 1655 2049 collegit,
1685 1975 2035 2032 commissam

441 2070 585 2141 apud
645 2069 957 2124 Cluniacum
1007 2067 1302 2135 offensam,
1353 2083 1482 2138 quae
1529 2066 1632 2120 nisi
1681 2064 2036 2120 celeberrima

439 2158 779 2214 correctione
810 2164 1158 2228 purgaretur,
1191 2155 1408 2226 superni
1452 2154 1650 2224 judicis
1696 2153 2034 2224 indignatio-

436 2263 560 2302 nem
591 2245 646 2300 in
674 2246 924 2300 eumdem
956 2252 1278 2316 provocaret
1308 2245 1509 2299 locum.
1548 2243 1664 2297 Nec
1693 2257 1866 2308 mora,
1900 2241 2033 2295 Clu-

437 2335 651 2391 niacum
682 2333 1010 2404 regreditur,
1043 2332 1368 2387 instantibus
1397 2331 1648 2403 negotiis,
1673 2348 1794 2401 quae
1823 2329 2035 2402 agenda

436 2431 783 2494 susceperat,
829 2422 1046 2477 lucrum
1094 2421 1394 2492 praeferens
1437 2420 1766 2475 animarum.
1823 2417 2034 2472 Dehinc

435 2511 714 2584 ingressus
756 2510 1074 2580 capitulum,
1109 2511 1300 2565 eodem
1332 2508 1522 2580 spiritu
1553 2525 1658 2578 quo
1681 2510 1794 2577 jam
1823 2514 2030 2561 reatum

439 2608 790 2672 cognoverat,
822 2599 903 2654 rei
944 2614 1158 2670 quoque
1205 2613 1500 2668 personam
1548 2597 1825 2668 cognovit.
1858 2595 2031 2664 Quem

437 2705 509 2745 ex
537 2688 757 2744 nomine
783 2687 1132 2756 conveniens,
1171 2710 1193 2735 a
1227 2687 1524 2754 Erubesce,
1556 2684 1747 2756 inquit,
1779 2684 1948 2751 Petre,
1981 2690 2036 2738 et.

438 2793 543 2848 age
570 2775 967 2846 poenitentiam,
1000 2775 1128 2830 dum
1159 2774 1303 2842 licet,
1335 2790 1408 2829 ne
1439 2782 1562 2829 tunc
1595 2772 1822 2842 incipias
1849 2771 2032 2843 poeni-

437 2869 575 2933 tere,
624 2880 746 2919 cum
794 2863 1109 2935 poenitentia
1151 2863 1285 2917 nulli
1328 2878 1544 2933 prorsus
1586 2869 1665 2916 est
1712 2863 2026 2922 fructuosa;

437 2961 609 3010 totum
638 2961 689 3008 te
716 2950 882 3022 priori
929 2952 1141 3021 pande,
1192 2951 1443 3021 redOperi
1484 2951 1682 3005 vulnus
1713 2949 1930 3016 mentis,
1975 2956 2035 3004 ut

2222 1798 2314 1852 19.
2353 1797 2553 1870 Operae
2583 1799 2814 1869 pretium
2857 1808 2938 1855 est
2979 1816 3043 1856 ea
3090 1800 3273 1856 relatis
3315 1817 3588 1873 apponere
3629 1820 3754 1875 quas

2147 1893 2203 1941 et
2256 1886 2441 1942 auditu
2503 1887 2796 1942 didicimus
2853 1896 2907 1944 et
2959 1889 3106 1944 visu.
3180 1893 3500 1946 Antecessor
3564 1900 3758 1948 noster

2145 1975 2368 2031 Hoellus
2399 1977 2510 2046 (38)
2541 1976 2897 2047 praedicanda:
2945 1979 3146 2047 praesul
3193 1980 3470 2034 memoriae
3518 1980 3756 2035 Romam

2147 2063 2517 2134 proﬁciscens,
2553 2067 2730 2137 gratia
2773 2065 2990 2122 videndi
3032 2074 3276 2121 sanctum
3308 2067 3406 2122 Dei
3435 2067 3755 2124 Cluniacum

2147 2152 2388 2210 divertit.
2441 2152 2546 2222 Qui
2593 2163 2888 2226 postquam
2948 2155 3204 2225 loquendi
3249 2171 3372 2210 cum
3415 2172 3478 2211 eo
3529 2158 3756 2212 sortitus

2147 2251 2230 2296 est
2260 2241 2596 2309 facultatem,
2648 2259 2768 2297 cum
2818 2243 3057 2314 quodam
3109 2258 3206 2298 suo
3254 2244 3633 2300 archidiacono
3679 2245 3755 2301 ad

2145 2346 2267 2385 eum
2302 2330 2355 2384 in
2384 2347 2608 2400 parvam
2641 2331 2904 2387 deductus
2933 2339 3014 2386 est
3044 2347 3334 2398 cameram,
3364 2332 3538 2388 sacris
3587 2333 3750 2388 dica-

2143 2423 2260 2472 tam
2308 2419 2631 2489 colloquiis,
2683 2428 2735 2473 et
2778 2419 3052 2474 celebrem
3101 2420 3280 2490 potius
3323 2420 3530 2476 cultore
3581 2436 3750 2491 quam

2141 2508 2314 2562 cultu.
2371 2507 2502 2562 Cum
2551 2515 2731 2562 autem
2778 2507 3154 2563 convenissent
3196 2507 3290 2562 filii
3333 2508 3657 2579 adaptionis,
3690 2515 3751 2565 et

2142 2595 2374 2652 invicem
2405 2596 2669 2652 beneﬁcia
2699 2611 2916 2651 suarum
2965 2595 3064 2650 sibi
3117 2597 3584 2652 communicarent
3613 2614 3746 2653 ora-

2140 2685 2370 2752 tionum,
2428 2687 2500 2739 B.
2566 2687 2724 2756 Hugo
2783 2683 3117 2754 frequentius
3173 2687 3465 2755 praefatum
3525 2686 3750 2741 intuitus

2143 2774 2592 2830 archidiaconum
2627 2790 2640 2828 :
2679 2794 2702 2825 ι
2737 2773 3002 2838 Tantum,
3035 2773 3226 2844 inquit,
3254 2790 3322 2829 ne
3365 2774 3510 2830 desis
3554 2775 3749 2847 gratiae

2141 2863 2241 2917 Dei
2272 2863 2534 2934 quoniam
2565 2863 2843 2933 provisum
2891 2871 2973 2917 est
3020 2870 3091 2929 te,
3141 2862 3196 2916 in
3245 2879 3310 2918 eo
3353 2863 3408 2917 in
3452 2880 3558 2934 quo
3605 2880 3751 2920 nunc

2141 2950 2485 3006 administras
2527 2951 2737 3019 ordine,
2783 2950 3092 3005 nullatenus
3139 2967 3531 3006 remansurum.
3571 2975 3592 3001 ι)
3642 2954 3751 3008 Pa-

435 3057 536 3112 pro
582 3039 838 3111 qualitate
895 3038 1134 3095 vulneris
1189 3053 1375 3095 curam
1431 3037 1632 3094 sentias
1687 3037 2028 3094 medicantis.
2065 3071 2116 3135 C
2145 3055 2262 3094 rum
2316 3041 2615 3110 temporius
2658 3039 2907 3105 ﬂuxerat,
2951 3047 3003 3094 et
3041 3047 3264 3094 eventus
3313 3049 3391 3095 est
3438 3040 3750 3097 vaticinium

379 3142 382 3146 '
434 3128 652 3196 Infelix,
685 3135 875 3183 excute
897 3128 1092 3199 jugum
1122 3126 1345 3193 diaboli,
1379 3135 1430 3182 et
1459 3125 1798 3197 amplectere
1840 3126 2034 3197 jugum

431 3209 662 3282 Christi,
701 3216 957 3286 quoniam
983 3215 1180 3288 jugum
1211 3216 1323 3284 ejus
1352 3231 1523 3270 suave
1552 3223 1652 3281 est,
1679 3222 1730 3269 et
1759 3230 1894 3270 onus
1925 3213 2043 3284 ejus

429 3298 558 3380 leve
589 3304 827 3376 (Matth.,
865 3320 945 3372 ru,
977 3306 1089 3373 30).
1149 3303 1307 3374 Quod
1350 3304 1484 3375 quia
1523 3302 1718 3374 saepius
1740 3303 1853 3372 jam
1882 3318 2037 3358 com-

433 3392 712 3461 inonitus,
770 3393 1071 3448 detrectare
1129 3400 1310 3447 tamen
1365 3407 1476 3448 non
1531 3391 1770 3458 desinis,
1829 3397 2038 3446 reatum

434 3498 596 3552 quem
627 3480 912 3538 comitatur
938 3479 1264 3550 pertinacia,
1297 3480 1591 3535 districtior
1635 3479 1823 3551 puniat
1867 3478 2036 3535 disci-

430 3569 600 3641 plina,
635 3569 739 3625 tuis
769 3569 913 3623 enim
959 3584 1185 3639 parcere
1237 3568 1466 3635 delictis,
1493 3569 1563 3622 ad
1594 3567 1895 3639 periculum
1928 3566 2036 3621 mi-

427 3656 546 3712 litat
574 3657 804 3712 aliorum
835 3657 968 3726 (35).
1006 3677 1027 3704 ι)
1073 3656 1170 3710 His
1199 3655 1386 3710 verbis
1433 3655 1749 3712 verberibus
1794 3655 2032 3724 adjectis,

429 3736 599 3800 frater
628 3751 923 3800 contumax
955 3751 1006 3798 et
1037 3743 1138 3798 sibi
1184 3743 1428 3798 redditus
1469 3752 1549 3798 est
1594 3751 1645 3798 et
1692 3743 1887 3812 ordini,
1927 3743 2033 3798 bo-

429 3843 667 3903 numque
717 3830 1062 3899 obedientiaa,
1097 3831 1244 3902 quod
1275 3831 1585 3888 exhortatio
1627 3847 1735 3887 non
1783 3831 2030 3900 contulit,

428 3933 656 3977 censura
684 3921 1019 3992 provocavit.

497 4013 587 4064 18.
621 4007 741 4065 Alio
793 4025 1008 4080 quoque
1039 4016 1303 4082 tempore,
1337 4009 1526 4066 similis
1572 4009 1620 4066 ei
1670 4010 1804 4067 visio
1855 4027 2028 4084 appa-

423 4097 548 4155 ruit.
581 4097 956 4154 Dormientem
1002 4099 1205 4170 quippe
1255 4100 1503 4169 quaedam
1551 4115 1787 4169 persona
1823 4116 2027 4156 conve-

422 4186 600 4257 niens,
634 4194 890 4258 oportere
920 4187 1052 4242 dicit
1081 4203 1205 4242 eum
1236 4187 1550 4245 Cabilonem
1589 4204 1757 4260 usque
1786 4189 2025 4262 fatigari,

497 4364 612 4437 (337)
661 4361 1162 4437 Mechanicusupro
1218 4360 1352 4419 laico
1406 4364 1494 4437 hic
1543 4364 1842 4437 accipitur;
1883 4366 2017 4421 alias

427 4427 602 4504 accipi
630 4435 765 4489 solet
813 4451 912 4504 pro
962 4427 1279 4490 illitteraro
1296 4453 1317 4496 ;
1349 4435 1495 4504 quod
1524 4427 1704 4490 autem
1738 4437 1805 4490 ad
1831 4427 2012 4492 'Vitam
2042 4427 2103 4491 D

422 4521 525 4578 per
554 4506 1066 4578 Hugonem,gnum._
1114 4506 1169 4578 6,
1219 4505 1434 4578 additur
1475 4505 1528 4558 in
1572 4509 1834 4578 margine,
1863 4512 2017 4578 quasi

421 4575 779 4632 Manichéeum
809 4576 1030 4647 deberet
1055 4575 1185 4647 legi,
1216 4576 1457 4646 ineptum
1487 4584 1570 4631 est
1596 4575 1887 4647 glossema.

495 4646 1063 4719 (34)AAnrgeliacense,
1112 4646 1528 4718 Angeriacense,
1560 4646 1628 4719 et
1675 4649 1733 4701 in
1778 4649 1900 4704 Vita
1939 4650 2003 4706 S.

421 4716 632 4773 Genulfi
673 4716 833 4790 etiam
865 4716 1242 4790 Ingeriacense
1280 4717 1687 4790 monasterium,
1721 4720 1862 4790 apud
1893 4721 2010 4775 Hu-

419 4803 650 4869 gonem,
681 4790 745 4869 Si
769 4788 1418 4869 JoannisﬁdeAngcliaco
1447 4789 1612 4869 vulgo
1647 4788 2012 4869 Saihf-Jean-

419 4857 706 4929 denger,
732 4857 786 4912 in
815 4874 958 4929 pago
989 4857 1294 4914 Xantonico
1341 4859 1408 4914 ad
1462 4857 1748 4915 Vultonam
1786 4861 2006 4916 ﬂuvium

419 4927 637 5003 abbatia
652 4927 768 5003 tes_t,_
779 4927 1101 5003 constructa
1148 4947 1206 5003 a_
1228 4929 1479 5003 Pippinog
1503 4931 1812 5002 Aquitaniae
1857 4948 2006 5003 rege,

416 4997 673 5052 Ludovici
705 4997 792 5068 Pii
824 4998 956 5068 imp.
990 4999 1121 5054 tilio.
1157 4997 1426 5056 Plura—de
1467 4997 1588 5056 hoc'
1602 5003 1870 5068 coenobio,
1902 4997 2006 5058 604

417 5045 932 5141 minatimillustriar
945 5069 1244 5138 diplomata
1269 5070 1395 5137 duo,
1433 5072 1556 5126 vide
1587 5073 1642 5126 in
1672 5045 1813 5127 notis
1843 5045 2006 5141 (25.3}-

2150 3127 2490 3184 subsecutus.
2520 3127 2945 3183 Archidiaconus
2975 3127 3085 3197 (39)
3116 3128 3311 3183 etenim
3341 3130 3590 3200 sequenti
3610 3144 3755 3185 anno

2149 3215 2524 3286 pontificalem
2554 3217 2772 3272 sortitus
2803 3223 2881 3271 est
2909 3215 3252 3287 dignitatem.
3303 3216 3418 3272 Nos
3456 3219 3561 3272 hoc
3588 3216 3753 3272 audi-

2147 3304 2348 3372 vimus,
2380 3321 2482 3360 nos
2511 3314 2819 3376 praesentes
2843 3303 3097 3372 vidimus,
3120 3319 3220 3360 nos
3245 3304 3394 3358 beati
3415 3303 3559 3359 illius
3577 3304 3755 3360 homi-

2147 3392 2231 3448 nis
2263 3395 2568 3450 orationum
2601 3393 2895 3464 participes
2923 3393 2980 3446 in
3011 3407 3076 3448 eo
3097 3392 3220 3447 facti
3242 3409 3430 3447 sumus
3454 3392 3747 3462 colloquio.

2144 3481 2259 3537 Nos
2289 3482 2532 3552 quidem,
2565 3480 2708 3537 fama
2737 3481 3034 3548 revelaute,
3068 3479 3327 3536 nonnulla
3357 3481 3425 3536 de
3455 3483 3578 3551 ejus
3615 3496 3747 3536 sau-

2144 3571 2332 3626 ctitate
2396 3570 2790 3638 didiceremus,
2858 3569 3118 3625 nonnulla
3169 3569 3237 3624 de
3291 3569 3742 3637 mansuetudine,

2141 3658 2406 3714 nonnulla
2444 3659 2605 3714 etiam
2632 3656 2704 3714 de
2736 3658 2820 3712 his
2867 3657 3060 3728 quibus
3103 3665 3157 3712 et
3202 3657 3334 3712 vitia
3367 3657 3659 3727 judicium,
3689 3665 3743 3714 et

2141 3745 2326 3800 virtuti
2356 3754 2691 3819 prmrogatur
2733 3746 3154 3808 incrementum;
3213 3744 3515 3801 invenimus
3561 3752 3740 3800 autem

2140 3833 2428 3905 ampliora,
2460 3851 2530 3890 ex
2559 3834 2746 3907 gregis
2775 3833 3205 3904 conversatione,
3239 3835 3468 3905 pastoris
3497 3833 3737 3906 vigilan-

2141 3924 2267 3978 tiam
2294 3923 2708 3995 perpendentes.

2212 4017 2299 4067 20.
2351 4012 2648 4083 Supersunt
2704 4019 2886 4068 autem
2944 4021 2998 4068 et
3050 4011 3190 4082 alia,
3250 4011 3445 4082 quibus
3491 4019 3738 4082 patenter

2137 4100 2408 4157 iudicatur
2437 4101 2587 4155 illum
2633 4101 2772 4170 juris
2817 4108 3128 4170 patronum,
3161 4099 3301 4156 inter
3328 4099 3566 4171 insignia
3603 4117 3736 4156 san-

2134 4190 2425 4261 ctimoniae,
2455 4190 2633 4261 gratia
2662 4189 2923 4245 claruisse
2953 4187 3271 4261 prophetiae.
3305 4187 3542 4257 Quidam
3571 4204 3732 4244 nam-

2132 4367 2518 4440 deprehendit,
2577 4367 2783 4439 arguit,
2848 4366 3354 4440 convincit._Reus
3402 4366 3494 4423 ille
3543 4367 3728 4440 Petrus

2132 4437 2280 4508 erat,
2331 4440 2420 4510 qui
2461 4437 2786 4494 Terdiniaco
2839 4447 3092 4510 venerat.
3106 4508 3114 4510 _
3155 4437 3528 4510 Conﬁtentem
3559 4439 3724 4510 judex

2124 4511 2244 4581 pius
2275 4508 2442 4583 digne
2471 4510 2739 4583 flagellat,
2765 4508 3202 4583 misericorditer
3241 4508 3562 4583 sanat._l_lis
3593 4508 3721 4583 visis

2123 4579 2895 4652 seipsos'circumspiciebant
2933 4579 3154 4652 singuli,
3187 4594 3255 4633 ne
3287 4579 3596 4652 aliqﬁuid_in
3643 4581 3719 4634 eis

2123 4649 2423 4707 ind—ebitum
2455 4649 2756 4722 spiritualis
2782 4651 2970 4722 oculus
3000 4649 3358 4722 cognosceret
3387 4649 3580 4722 Patris.
3685 4674 3706 4697 ι»

2195 4726 2306 4794 (36)
2336 4719 2683 4794 Cabilonensi
2715 4721 2771 4777 S.
2805 4719 3476 4794 Marcellimonasterium,
3511 4721 3710 4794 funda-

2121 4790 2233 4848 tum
2268 4790 2298 4847 a
2330 4793 2386 4848 S.
2433 4793 2771 4848 Guntramno
2819 4808 2983 4863 rege,
3033 4791 3101 4845 de
3141 4791 3285 4861 quod
3328 4791 3433 4846 late
3479 4790 3548 4846 ad
3595 4793 3710 4860 ejus

2118 4865 2317 4931 Vitam,
2348 4867 2414 4917 28
2447 4863 2640 4928 Martii,
2668 4863 2694 4933 §
2719 4867 2769 4917 2.

2189 4930 2403 5013 (3718i
2449 4935 2552 4989 hoc
2732 4940 3012 5013 poetarum
3062 4930 3340 5013 gentilium
3400 4933 3704 5013 (iustissimo

2115 5003 2354 5077 Virgilio
2386 5006 2568 5074 (quem
2601 5003 2921 5077 Virgineuni
2943 5003 3223 5073 appellant
3270 5004 3532 5077 nonnulli,
3567 5005 3706 5077 sicut

2114 5073 2294 5132 luscus
2324 5073 2463 5130 inter
2491 5090 2668 5130 caecos
2696 5073 2790 5130 rex
2821 5074 2925 5129 dici
2969 5076 3167 5144 posset)
3197 5073 3326 5143 quid
3356 5073 3424 5129 de
3454 5075 3718 5130 lascivio-

2112 5146 2262 5200 ribus
2291 5147 2411 5200 aliis
2437 5146 2683 5201 dicemus
2704 5147 2731 5198 ?

2182 5219 2293 5286 (38)
2333 5217 2556 5272 lloellus
2601 5216 2738 5286 epis.
2787 5214 3214 5270 Cenomanensis
3253 5214 3321 5268 ab
3371 5227 3513 5268 anno
3546 5214 3699 5278 1083,

2110 5287 2198 5342 hic
2225 5296 2403 5342 autem
2435 5301 2753 5357 congressus
2783 5286 3007 5356 contigit
3037 5301 3178 5340 anno
3211 5287 3369 5339 1091.

2179 5359 2290 5427 (39)
2320 5359 2443 5412 Non
2474 5353 2732 5426 est—quem
2761 5353 2977 5428 signare
3007 5357 3176 5428 possit
3205 5353 3546 5428 commodior
3575 5367 3700 5428 con:

2095 5422 2307 5495 jactura
2355 5444 2514 5498 quam
2560 5422 2852 5483 Gaufridu's
2892 5427 2962 5482 de
3007 5422 3290 5498 Meduana,
3325 5422 3695 5498 illustriapud

2099 5495 2480 5554 Cenomanuos
2528 5514 2732 5571 genere
2776 5506 2951 5565 natus,
2985 5497 3186 5552 electus
3214 5499 3477 5571 an._1093
3508 5495 3692 5548 Ande-

2095 5571 2358 5642 gavensis
2385 5569 2694 5642 episcopus,
2717 5577 3061 5626 consecratus
3090 5583 3177 5622 an.
3212 5569 3368 5623 1096.

415 5139 589 5193 cetani
620 5138 684 5191 ad
717 5138 1132 5194 Bibliothecam.

485 5210 599 5282 (35)
628 5209 779 5282 idem
805 5209 962 5282 [iugo
990 5214 1258 5282 numntri,
1291 5213 1406 5266 haec
1442 5229 1688 5282 narrans,
1726 5236 1747 5261 α
1779 5213 1998 5269 Clunia-

409 5296 553 5354 cum,
584 5280 775 5354 inquit,
809 5279 1033 5354 festinus
1076 5280 1254 5354 rediit,
1279 5286 1525 5354 _vocavit
1560 5279 1768 5354 priores
1813 5293 1867 5338 et
1912 5301 1999 5340 or-

410 5351 552 5426 (linis
580 5350 866 5426 custodes;
902 5351 969 5404 de
1000 5350 1343 5426 negligentiis
1373 5350 1595 5426 fratrum
1636 5355 1872 5426 inquirit,
1900 5357 1994 5410 sed

402 5422 544 5493 nihil
565 5421 833 5492 ejusmodi
883 5438 981 5492 per
1027 5421 1402 5493 eosdiuvenire
1450 5425 1637 5493 potuit.
1680 5421 1773 5479 llis
1801 5421 1874 5480 ita
1903 5426 1992 5479 di-

400 5491 604 5562 missis,
633 5494 702 5566 ad
731 5493 1020 5566 Dominum
1050 5491 1208 5566 solito
1238 5491 1483 5557 recurrit,
1515 5496 1678 5550 solvit
1709 5505 1829 5551 vota
1871 5513 1990 5566 pre-

395 5577 538 5642 cum,
571 5563 883 5642 capitulum
929 5563 1123 5642 intrat,
1171 5563 1364 5642 fratres
1429 5566 1814 5642 circumspicit.
1871 5563 1988 5624 Res

394 5631 583 5686 mitra!
618 5631 819 5704 Spiritu
847 5632 1120 5690 revelantc
1166 5636 1435 5695 occultum
1481 5634 1626 5694 inter
1653 5631 1790 5692 ilics
1831 5652 1984 5694 reum
