4032 6078
281 349 382 401 873

1831 327 2012 382 VlTA.

3483 344 3585 399 874

284 482 393 540 que
447 463 769 527 monachus,
821 456 1040 514 nomine
1093 454 1381 509 Durannus
1434 451 1591 540 (40),
1620 451 1896 507 moventia
1919 457 1976 517 Α
2009 448 2158 540 dium
2187 452 2477 508 abscessit.
2510 453 2557 510 Ο
2589 455 2940 525 praedicanda
2970 460 3141 515 Patris
3170 461 3459 529 humilitas,
3493 466 3588 535 qui

288 538 461 611 risum
490 550 660 607 verba
686 546 941 618 proferre
970 549 1341 609 consueverat,
1374 538 1629 595 indocilis
1684 540 1889 611 preju-

298 640 553 699 dicialem
581 638 853 707 deponere
881 631 1177 688 levitatem.
1210 629 1360 685 Idem
1390 636 1572 683 tamen
1614 628 1670 681 in
1726 633 1897 684 caete-

293 733 395 798 ris,
429 728 692 785 adversus
721 738 843 794 quae
872 737 982 777 non
1011 727 1099 775 est
1126 719 1236 785 lex,
1268 717 1342 772 ita
1368 716 1472 772 sibi
1521 715 1899 796 consuluerat,

302 828 359 875 ut
389 817 543 889 prius
573 814 629 868 in
658 811 938 876 abbatem,
968 807 1166 862 dehinc
1194 805 1248 859 in
1275 804 1609 876 episcopum,
1639 803 1752 860 vita
1779 817 1904 873 pro-

291 906 416 963 vehi
447 908 748 959 mereretur
776 905 830 953 et
861 896 1134 953 doctrina.
1167 893 1271 962 Qui
1299 909 1419 947 cum
1443 892 1700 948 abbatem
1720 891 1901 946 minus

297 994 506 1050 audiret
536 992 952 1059 increpantem:
1018 1011 1037 1032 υ
1104 983 1312 1049 Frater,
1368 980 1546 1050 inquit
1601 981 1653 1035 ei
1708 979 1898 1045 abbas,

292 1084 392 1138 nisi
421 1081 645 1153 dignam
675 1074 856 1149 egeris
883 1071 1285 1143 paenitentiam,
1307 1073 1431 1141 post
1456 1070 1741 1123 transitum
1772 1084 1901 1139 spu-

296 1170 571 1227 mantibus
627 1165 785 1221 labiis
839 1162 908 1217 ad
965 1175 1193 1230 superos
1230 1157 1449 1214 rediens
1506 1156 1814 1228 apparebis.
1876 1179 1898 1204 η

298 1262 520 1316 Factum
551 1262 632 1312 est
661 1261 843 1309 autem
873 1258 931 1305 ut
960 1264 1063 1304 nec
1085 1248 1155 1302 ab
1185 1245 1374 1302 otiosis
1403 1244 1587 1303 verbis
1617 1243 1709 1300 ille
1753 1242 1903 1299 desi-

300 1353 488 1414 steret,
520 1359 622 1400 nec
649 1340 863 1397 abbatis
890 1336 1151 1393 vaticinio
1179 1334 1478 1406 promissus
1507 1334 1720 1389 deesset
1767 1330 1907 1388 effe-

302 1445 438 1493 ctus.
471 1432 746 1489 Praefatus
770 1441 1014 1496 namque
1044 1426 1361 1491 Durannus,
1402 1429 1608 1477 naturae
1662 1420 1908 1476 debitum

306 1524 548 1589 solvens,
581 1522 636 1574 in
665 1516 934 1590 promisso
982 1512 1085 1567 sibi
1134 1510 1324 1566 habitu
1378 1509 1594 1591 cuidam
1654 1508 1904 1580 Siguino,

309 1609 579 1667 sacerdoti
608 1607 836 1673 scilicet,
883 1601 1140 1673 religioso
1196 1598 1469 1670 apparuit,
1526 1595 1911 1652 miserabiliter

306 1700 565 1770 juvamen
597 1695 717 1765 ejus
758 1691 1059 1765 postulans,
1116 1688 1203 1743 cui
1258 1686 1448 1742 vivens
1499 1684 1721 1741 obedire
1772 1699 1909 1740 con-

2008 539 2155 608 quod
2182 540 2303 610 ejus
2330 550 2513 611 posset
2536 543 2735 599 ascribi
2750 546 2978 615 meritis,
3036 547 3226 604 maluit
3279 561 3596 610 sanctorum

2007 627 2327 698 pignoribus
2356 630 2618 703 assignari
2653 634 2664 687 l
2693 634 2915 690 Jarento
2945 651 3178 707 quoque,
3210 637 3382 695 felicis
3400 657 3601 698 mona-

2007 717 2139 769 chus
2168 716 2479 786 testimonii,
2527 728 2652 788 post
2706 721 2983 777 diuturnas
3035 724 3270 781 febrium
3326 730 3600 786 convaluit

2008 802 2253 873 injurias,
2283 807 2475 862 hausto
2503 806 2650 873 vino,
2679 825 2786 879 quo
2834 812 2971 867 sacri
3005 813 3124 882 ejus
3179 814 3335 887 digiti
3392 818 3601 889 perfusi

2007 890 2243 962 fuerant,
2274 901 2396 965 post
2423 896 2662 951 oblatum
2691 898 2807 954 Deo
2836 911 3258 958 sacramentum.

2081 986 2171 1039 22.
2200 984 2395 1038 Beatus
2422 1000 2636 1055 quoque
2664 987 2926 1053 medicus,
2959 990 3049 1060 qui
3080 1005 3206 1046 cum
3261 992 3429 1050 salute
3485 1010 3607 1052 cor-

2010 1087 2221 1142 porum,
2251 1071 2322 1127 de
2347 1072 2520 1127 salute
2539 1074 2822 1145 satagebat
2878 1077 3179 1135 animarum
3215 1083 3227 1135 l
3287 1082 3465 1151 beata,
3524 1084 3607 1139 in—

2013 1174 2197 1229 quam,
2214 1161 2415 1227 anima,
2440 1161 2588 1230 cujus
2613 1170 2664 1217 et
2676 1163 2887 1219 meritis
2906 1167 3288 1237 acquirebatur
3306 1173 3610 1241 temporale

2012 1247 2338 1315 remedium,
2396 1257 2449 1304 et
2511 1251 2882 1308 exhortatione
2936 1257 3343 1326 sempiternum.
3422 1259 3613 1316 Eidem

2014 1351 2247 1406 namque
2302 1337 2600 1406 Crispeium
2659 1338 2777 1411 (42)
2856 1342 3234 1412 proﬁciscenti,
3300 1347 3617 1403 febricitans

2017 1424 2173 1479 miles
2202 1424 2314 1495 (43)
2344 1426 2594 1493 occurrit,
2653 1428 2991 1485 sanctissimo
3047 1432 3165 1500 ejus
3220 1433 3465 1503 adjuvari
3521 1436 3613 1491 de-

2015 1528 2246 1582 precans
2300 1512 2630 1571 interventu.
2686 1516 2895 1573 Dehinc
2949 1520 3235 1576 onerosius
3316 1522 3536 1578 instanti
3602 1542 3616 1577 :

2022 1624 2045 1650 ω
2080 1601 2335 1669 Abstine,
2362 1601 2537 1672 inquit
2565 1603 2753 1671 abbas,
2787 1605 3015 1675 abstine,
3048 1608 3236 1674 frater,
3289 1626 3323 1664 a
3384 1610 3619 1681 rapinis,

2018 1690 2274 1745 amissam
2303 1691 2383 1745 sic
2413 1691 2710 1762 adepturus
2739 1694 3050 1751 sanitatem.
3092 1718 3114 1746 ι
3170 1697 3408 1768 Rapinas
3462 1700 3622 1756 miles

316 1792 623 1858 tempserat.
657 1781 816 1851 Quod
845 1794 967 1835 cum
994 1777 1119 1848 pius
1151 1777 1308 1865 Pater
1361 1773 1588 1865 Signino
1638 1773 1911 1865 referente
1943 1805 1997 1865 Β
2026 1778 2261 1849 abdicat,
2293 1779 2594 1849 eodemque
2615 1790 2890 1838 momento
2930 1784 3006 1838 ad
3033 1800 3227 1854 preces
3281 1786 3518 1855 abbatis,
3573 1795 3631 1844 et

312 1876 605 1943 didicisset,
636 1869 826 1928 electis
876 1873 1084 1937 septem
1141 1862 1415 1929 fratribus,
1474 1861 1752 1917 silentium
1810 1875 1917 1915 una

311 1963 508 2020 indixit
537 1960 858 2032 septimana,
890 1962 1161 2029 quatenus
1190 1951 1302 2007 oris
1331 1965 1585 2006 excessus
1633 1949 1742 2006 oris
1797 1948 1921 2005 obe-

314 2050 522 2108 dientia
548 2054 894 2121 purgaretur.
929 2039 1322 2099 Obedientibus
1361 2038 1502 2107 aliis,
1552 2053 1693 2093 unus
1732 2051 1921 2093 eorum

322 2139 583 2212 praecepti
612 2137 843 2194 violator
870 2130 1142 2188 silentium
1171 2126 1482 2198 interrupit.
1514 2127 1723 2181 Rursus
1738 2125 1929 2196 ponti-

326 2231 438 2297 fex,
470 2226 726 2284 eumdem
759 2238 918 2293 quem
946 2220 1103 2291 prius
1158 2216 1405 2274 habitum
1462 2230 1679 2287 gerens,
1738 2228 1925 2268 sacer-

314 2317 445 2374 doti
505 2313 826 2387 praescripto
878 2308 1148 2381 apparuit,
1233 2302 1660 2360 inobedientiam
1742 2300 1927 2357 fratris

322 2420 609 2471 accusans,
643 2401 737 2473 qui
765 2400 894 2455 dum
925 2395 1086 2468 fregit
1114 2393 1454 2461 mandatum,
1512 2390 1766 2462 suffragia
1820 2405 1922 2446 ex-

315 2493 468 2550 clusit
508 2491 763 2547 aliorum.
821 2486 941 2555 Quo
997 2483 1201 2551 audito,
1261 2479 1716 2537 clementissimus
1771 2479 1927 2533 Pater

317 2584 514 2638 iterato
545 2587 759 2650 septem
789 2576 998 2630 dierum
1020 2571 1255 2637 silentio,
1278 2570 1548 2624 defectum
1565 2567 1780 2623 violatae
1801 2582 1926 2636 sup-

315 2670 483 2743 plevit
505 2664 849 2724 obedientiae.
882 2661 1037 2719 Unde
1071 2660 1271 2714 factum
1301 2665 1383 2712 est
1409 2665 1467 2711 ut
1495 2664 1740 2712 ostensus
1761 2653 1926 2743 tertio

314 2740 531 2832 praesul,
564 2755 661 2811 sed
684 2755 801 2824 jam
829 2750 962 2806 nihil
990 2748 1241 2804 sodidum
1270 2762 1485 2832 gerens,
1500 2743 1685 2799 abbati
1723 2740 1926 2832 gratias

321 2826 526 2915 ageret,
558 2840 677 2909 ejus
704 2838 1006 2893 interventu
1046 2833 1349 2888 abstersum
1392 2829 1503 2885 oris
1547 2826 1923 2900 Opprobrium,

324 2930 649 2987 sententiam
674 2925 874 2997 judicis
902 2923 1261 2977 immutatam.
1293 2918 1406 2973 Hoc
1433 2915 1684 2983 relatum,
1718 2923 1769 2969 et
1818 2915 1925 2969 Pa-

323 3020 421 3075 tris
454 3017 711 3074 meritum
737 3010 1054 3077 declaravit,
1088 3017 1140 3064 et
1162 3006 1307 3078 apud
1336 3006 1533 3061 fratres
1562 3002 1927 3059 reverentiam

324 3110 601 3177 suscepta:
626 3103 767 3175 juvit
786 3098 1130 3157 obedientiae.
1166 3094 1375 3151 Collata
1403 3092 1483 3148 sic
1498 3092 1613 3149 viro
1644 3091 1743 3147 Dei
1801 3089 1918 3161 spi-

2027 1874 2214 1924 votum
2243 1868 2442 1922 factum
2471 1876 2574 1935 est,
2606 1876 2660 1924 et
2688 1871 3010 1927 exstinctum
3061 1872 3230 1929 febris
3284 1875 3625 1933 incendium.

2027 1956 2203 2011 Nemo
2233 1964 2413 2012 autem
2442 1957 2665 2012 miretur
2689 1958 2902 2014 abbatis
2933 1960 3125 2017 merito
3155 1962 3410 2019 collatam
3440 1979 3634 2035 corpo-

2029 2042 2181 2098 ribus
2207 2043 2458 2110 salutem,
2490 2044 2575 2101 cui
2604 2045 2765 2101 etiam
2795 2047 2850 2102 id
2879 2050 3072 2120 gratiae
3100 2051 3347 2119 accessit,
3378 2059 3436 2106 ut
3454 2059 3634 2110 exuta)

2030 2132 2099 2187 de
2127 2132 2401 2203 ergastulo
2430 2134 2609 2190 carnis
2637 2135 2852 2207 animae,
2901 2136 3072 2207 ipsius
3128 2137 3434 2195 interventu
3476 2140 3633 2211 judi-

2032 2234 2151 2276 cem
2180 2221 2454 2291 placatum
2497 2222 2820 2279 invenirent.
2871 2225 3120 2281 Fratrum
3173 2227 3392 2299 quidam
3455 2227 3635 2284 soluto

2033 2317 2236 2364 naturae
2264 2309 2448 2365 debito
2465 2325 2566 2365 nec
2600 2311 2777 2366 adhuc
2816 2320 2996 2368 tamen
3054 2314 3330 2383 humatus,
3384 2316 3637 2387 personis

2033 2396 2262 2465 duabus,
2293 2414 2413 2467 quae
2442 2398 2543 2453 sibi
2590 2414 2790 2455 nomen
2843 2400 3109 2473 religione
3158 2411 3640 2475 comparaverant,

2032 2485 2283 2556 apparuit
2310 2486 2498 2541 dicens
2526 2486 2665 2543 duos
2685 2487 2908 2558 solidos,
2960 2498 3158 2560 praeter
3191 2490 3488 2548 licentiam
3544 2508 3641 2547 sa-

2036 2573 2216 2629 cristae
2247 2574 2348 2629 sub
2377 2590 2485 2645 quo
2504 2573 2621 2646 ipse
2648 2576 2937 2645 militabat,
2964 2594 3025 2633 se
3060 2579 3364 2649 sustulisse,
3395 2595 3461 2637 ac
3506 2596 3645 2652 pro-

2035 2662 2154 2732 prio
2183 2662 2505 2733 expendisse
2533 2664 2775 2720 arbitrio.
2806 2666 2924 2721 Hoc
2970 2680 3202 2723 excessu
3260 2668 3484 2724 dilatam
3539 2667 3647 2724 sibi

2033 2750 2298 2822 requiem,
2331 2768 2453 2822 quae
2514 2759 2695 2808 tamen
2748 2762 2935 2823 posset
2989 2755 3198 2811 abbatis
3251 2754 3649 2813 intercessione

2038 2840 2357 2911 praerogari.
2390 2841 2550 2896 Mane
2579 2848 2760 2896 autem
2790 2842 2955 2909 facto,
2987 2857 3118 2898 cum
3142 2843 3278 2898 alter
3304 2843 3363 2898 id
3392 2844 3460 2899 de
3474 2845 3646 2901 altero

2035 2926 2337 2998 ignoraret,
2364 2929 2559 2985 eodem
2597 2936 2780 2985 tamen
2810 2929 3019 2996 ordine,
3037 2931 3140 2985 sub
3168 2931 3339 2987 sancti
3367 2932 3468 2987 viri
3497 2950 3637 3004 prte-

2037 3016 2234 3081 sentia,
2265 3016 2550 3086 praefatam
2574 3016 2631 3072 in
2660 3017 2897 3090 capitulo
2917 3019 3154 3075 retulere
3182 3018 3470 3076 visionem.
3520 3021 3644 3078 Dis-

2037 3121 2196 3160 cussa
2241 3104 2423 3175 itaque
2477 3104 2768 3177 diligenter
2810 3107 3190 3179 transgressio,
3276 3115 3331 3163 et
3411 3108 3646 3164 venialis

316 3197 365 3251 ri
380 3156 531 3252 tuum
573 3156 824 3249 discretio
855 3184 1059 3244 efficaci
1087 3201 1211 3240 eum
1242 3180 1554 3255 magisteria
1580 3178 1763 3236 docuit
1792 3177 1924 3248 quid
1952 3156 2003 3219 Ο
2036 3192 2278 3259 ίηνριηειν
2338 3156 2611 3263 summa:
2664 3156 2996 3248 orationum”
3031 3210 3167 3264 quas
3218 3195 3469 3251 devotius
3521 3195 3645 3252 ﬁeri

317 3283 658 3341 correctione
684 3278 996 3351 proficeret,
1030 3274 1161 3345 quid
1189 3270 1525 3328 tolerandum
1556 3275 1697 3323 esset
1751 3265 1921 3322 mise—

316 3372 576 3439 ricordia,
611 3368 740 3442 quid
765 3380 989 3422 censura
1019 3361 1377 3434 puniendum.

940 3461 1160 3517 CAPUT
1186 3459 1279 3513 IV.

727 3553 876 3612 Varii
893 3551 1072 3608 morbi
1096 3549 1163 3605 ab
1191 3563 1252 3604 eo
1285 3546 1495 3603 curati.

391 3652 479 3705 21.
517 3647 694 3703 Nemo
724 3649 906 3698 autem
935 3647 1087 3709 putet
1114 3637 1367 3691 abbatem
1403 3629 1738 3704 propheticis
1795 3639 1919 3686 tan-

284 3798 291 3802 .
321 3746 434 3795 tum
461 3733 721 3792 claruisse
749 3728 1044 3794 vaticiniis,
1077 3726 1162 3782 cui
1192 3739 1318 3781 cum
1375 3721 1704 3777 discretione
1752 3718 1920 3790 spiri-

317 3836 485 3893 tuum,
517 3823 719 3881 collata
745 3827 825 3876 est
868 3816 1033 3874 etiam
1089 3812 1268 3887 gratia
1319 3811 1634 3866 sanitatum.
1698 3808 1921 3863 Constat

317 3915 461 3971 enim
490 3909 796 3975 nonnullos,
830 3905 1001 3963 variis
1031 3916 1330 3973 oppressos
1354 3896 1730 3970 languoribus,
1763 3912 1920 3951 sum-

315 4004 424 4075 ptis
453 4017 520 4057 ex
536 4000 659 4071 ejus
704 4011 892 4053 mensa
944 3990 1279 4049 convaluisse
1338 3984 1619 4075 reliquiis._
1649 3985 1915 4075 _Acar_dus

320 4071 560 4162 quidam,
583 4087 638 4142 vi
669 4083 899 4141 febrium
929 4081 1203 4144 laborans,
1234 4074 1529 4132 restitutam
1559 4071 1662 4127 sibi
1709 4072 1915 4162 sanita-

319 4159 423 4235 tcm
446 4176 689 4249 praefatae
719 4171 906 4228 debuit
935 4166 1243 4224 medicinae.
1302 4164 1433 4218 Tres
1485 4170 1750 4249 praeterea
1794 4159 1915 4249 fra-

318 4247 462 4334 tres,
497 4263 690 4320 eodem
735 4258 1124 4317 decumbentes
1179 4249 1548 4316 incommodo,
1608 4248 1755 4303 beati
1806 4247 1913 4303 viri

314 4354 567 4410 meritum
596 4352 653 4405 in
682 4349 955 4419 antiquam
988 4341 1301 4400 reformavit
1331 4338 1670 4409 sospitatem,
1721 4351 1913 4392 eorum

316 4444 528 4499 duobus
557 4438 776 4511 quidem
806 4434 1076 4491 destinata
1103 4429 1443 4502 eulogiarum
1472 4425 1667 4499 gratia,
1720 4425 1912 4480 salutis

2034 3280 2488 3336 clementissimus
2516 3281 2674 3335 Pater
2702 3280 2915 3349 indixit,
2947 3289 3002 3336 et
3033 3282 3380 3353 propensiori
3410 3285 3646 3339 eleemo-

2036 3384 2293 3439 synarum
2323 3368 2631 3440 largitione,
2665 3368 2806 3424 solvi
2835 3369 3157 3438 promeruit.

2104 3460 2201 3513 23.
2239 3456 2300 3511 In
2330 3455 2546 3513 civitate
2573 3455 2902 3511 Parisiorum
2934 3456 3021 3511 vir
3049 3464 3167 3513 erat
3211 3455 3460 3527 illustris,
3519 3460 3641 3515 Ro-

2033 3545 2221 3601 bertus
2241 3545 2479 3612 nomine,
2505 3544 2851 3616 professione
2869 3544 3045 3614 miles,
3099 3544 3169 3600 ita
3224 3544 3470 3617 paralysi
3516 3555 3632 3603 tor-

2032 3648 2191 3703 pens,
2223 3641 2284 3688 ut
2310 3632 2367 3688 in
2397 3634 2591 3689 eodem
2625 3632 2846 3689 homine
2888 3641 3101 3704 partem
3154 3633 3361 3703 vivere,
3424 3642 3633 3706 partem

2031 3721 2373 3791 diceresjam
2401 3720 2687 3793 sepultam.
2720 3721 2987 3778 Diuturna
3011 3723 3131 3778 haac
3157 3729 3213 3778 et
3236 3721 3451 3779 lethalis
3496 3739 3633 3796 per-

2029 3810 2199 3866 nicies
2222 3810 2427 3865 dudum
2458 3825 2610 3882 spem
2665 3810 2855 3865 salutis
2900 3809 3200 3867 abstulerat
3255 3810 3624 3869 decumbenti.

2029 3897 2268 3970 Contigit
2295 3905 2475 3953 autem
2504 3897 2697 3953 eodem
2726 3906 2970 3969 tempore
2998 3914 3216 3956 servum
3244 3900 3345 3955 Dei
3400 3902 3636 3958 Parisios

2028 3986 2263 4060 ingredi,
2291 3993 2451 4055 atque
2480 3986 2549 4040 ad
2578 3985 2874 4041 ecclesiam
2907 3986 3222 4051 ascendere,
3250 4003 3369 4056 quas
3414 3988 3627 4044 beatis-

2026 4073 2185 4130 simae
2209 4073 2506 4129 Genovefae
2533 4071 2766 4143 virginis
2790 4076 2847 4127 et
2892 4072 3116 4128 nomine
3166 4073 3395 4131 celebris
3449 4085 3531 4131 est
3577 4081 3634 4133 et

2025 4176 2271 4232 corpore.
2305 4160 2425 4230 Quo
2454 4159 2658 4227 audito,
2689 4159 3033 4230 praescriptus
3073 4176 3223 4232 aeger
3268 4160 3400 4218 illuc
3447 4163 3628 4219 alieno

2023 4249 2267 4306 defertur
2284 4247 2508 4317 auxilio,
2531 4246 2764 4319 genibus
2802 4246 3014 4303 abbatis
3075 4247 3403 4319 advolvitur,
3451 4251 3626 4323 suspi-

2022 4338 2114 4394 riis
2142 4337 2448 4409 interpellat
2476 4344 2531 4392 et
2555 4336 2832 4407 lacrymis,
2863 4343 2922 4392 ut
2949 4335 3070 4406 ejus
3097 4336 3244 4409 apud
3291 4338 3462 4394 Deum
3512 4356 3626 4397 me-

2020 4434 2231 4483 reretur
2260 4426 2645 4481 interventum.
2678 4426 2922 4480 Movetur
2968 4425 3129 4481 Pater
3182 4426 3452 4482 anxietate
3501 4444 3624 4500 sup-

312 4507 683 4603 integritatem
712 4521 1051 4597 resignavit;
1109 4518 1292 4574 tertius
1345 4524 1547 4583 autem,
1607 4528 1729 4570 cum
1783 4514 1920 4569 Bor-
1948 4507 2001 4569 D
2031 4516 2285 4586 plicantis
2313 4523 2367 4570 et
2393 4514 2532 4569 inter
2572 4528 2727 4568 sacra
2781 4512 3062 4603 missarum
3121 4512 3410 4603 solemnia,
3468 4515 3623 4589 ﬂagi.

313 4602 445 4676 boni
473 4618 584 4687 (41)
614 4631 712 4687 per
739 4630 835 4669 sex
865 4626 1082 4667 menses
1111 4615 1372 4678 quartana
1429 4602 1766 4659 sustinuisset
1822 4603 1913 4657 in-

313 4707 531 4773 cendia,
564 4721 595 4759 a
621 4713 806 4758 sancto
831 4702 1008 4767 Patre,
1041 4697 1131 4770 qui
1161 4695 1292 4750 illuc
1308 4711 1375 4750 ex
1436 4702 1676 4764 tempore
1729 4707 1913 4747 acces-

311 4802 472 4861 serat,
502 4792 667 4848 sacris
688 4790 913 4861 jubetur
941 4789 1199 4842 interesse
1229 4782 1518 4854 mysteriis.
1549 4780 1714 4835 Adest
1744 4778 1915 4835 febri-

312 4885 506 4951 citans,
540 4888 594 4937 et
621 4896 690 4935 ex
718 4876 932 4934 abbatis
954 4874 1115 4947 jussu
1141 4879 1303 4942 epoto
1331 4877 1457 4941 post
1487 4869 1706 4924 missam
1761 4866 1905 4931 vino,

311 4974 369 5028 in
400 4985 507 5041 quo
535 4968 645 5024 lota
675 4968 893 5022 fuerant
908 4971 1220 5020 sanctorum
1243 4959 1500 5031 pignora,
1536 4955 1701 5011 febris
1731 4954 1912 5010 incen-

385 5109 497 5179 (40)
524 5109 833 5179 Durannus,
864 5104 1123 5179 primurn
1144 5099 1335 5179 abbas
1389 5092 1807 5179 Moyssiacens'i's
1832 5091 1911 5179 ‘in

310 5164 594 5247 Cadurcis,
625 5177 751 5233 dein
779 5164 922 5231 circa
951 5190 1041 5247 an.
1067 5175 1202 5247 l_060
1236 5171 1405 5247 factus
1435 5164 1724 5236 episcopus
1751 5164 1910 5247 Tolo-

309 5235 494 5318 sanus,
525 5235 659 5306 obiit
689 5248 835 5303 circa
865 5262 952 5318 an.
1013 5245 1172 5318 l070,
1230 5248 1285 5318 et
1341 5235 1523 5318 imago
1574 5252 1717 5318 cum.
1758 5235 1908 5290 titulo

308 5312 607 5381 sanctitatis
644 5318 872 5373 habetur
896 5316 953 5368 in
982 5314 1216 5368 claustro
1238 5312 1643 5381 Moyssiacensi,
1667 5313 1726 5360 ut
1754 5320 1899 5360 asse-

307 5403 434 5450 runt
462 5386 881 5449 Sammarthani.
966 5456 975 5458 ᾃ
1159 5451 1189 5458 __
1592 5448 1621 5458 η
1714 5447 1772 5458 ﬂ

385 5445 500 5535 (41)
514 5445 851 5535 Borb_o_niu_m
898 5456 1024 5534 sub.
1059 5451 1244 5535 variis.
1273 5448 1685 5535 cognomentis’
1710 5445 1907 5535 triplex

311 5517 609 5603 esu—unum
641 5529 900 5603 Cluniaco
924 5524 1152 5603 vicinius
1180 5523 1248 5577 ad
1269 5517 1505 5592 Ligerim
1534 5517 1906 5583 situm,Bour-

308 5610 381 5664 bo
393 5600 637 5674 n-Lancy
669 5601 833 5670 vulgo
854 5600 1210 5667 nuncupatur.

454 5754 694 5809 Ρηιιοι..
725 5744 909 5805 CLIX.

2025 4610 2194 4660 tatum
2237 4603 2531 4676 paralytico
2567 4609 2823 4674 procurat
2895 4601 3243 4658 subventum.
3292 4602 3382 4657 Nil
3437 4611 3622 4662 tamen

2023 4694 2093 4750 de
2121 4692 2236 4749 suis
2262 4706 2602 4763 praesumens
2644 4688 2872 4758 meritis,
2922 4696 3067 4745 totus
3123 4690 3193 4745 ad
3247 4691 3620 4760 apostolorum

2020 4780 2331 4853 principem
2359 4778 2704 4844 convertitur,
2735 4777 2889 4847 cujus
2926 4782 2983 4832 et
3032 4778 3224 4831 umbra
3264 4777 3414 4833 salus
3472 4779 3615 4838 inﬁr-

2021 4870 2148 4940 mis,
2165 4877 2218 4924 et
2246 4868 2490 4924 oratione
2519 4867 2629 4923 vita
2658 4873 2740 4921 est
2758 4864 3027 4922 defunctis
3046 4865 3306 4922 restituta.
3329 4866 3621 4939 Sumptam

2019 4973 2154 5031 ergo
2182 4957 2353 5027 ipsius
2371 4956 2643 5028 planetam
2669 4956 2799 5025 (44),
2834 4971 2955 5024 quae
2985 4962 3230 5012 veterum
3262 4956 3530 5016 relatione
3551 4959 3613 5016 in

2092 5101 2204 5172 (42)
2228 5098 2545 5173 Crispelum,
2578 5093 2780 5152 Valesii
2798 5095 3080 5167 oppidum,
3113 5095 3167 5152 in
3189 5114 3296 5170 quo
3314 5099 3607 5173 prioratus,

2021 5172 2077 5227 S.
2103 5168 2369 5242 'Arnulphi
2399 5168 2597 5224 dictus.

2089 5270 2200 5339 (43)
2222 5269 2539 5324 Rotbertum
2570 5273 2726 5322 vocat
2751 5267 2934 5338 Hugo,
2957 5283 3109 5323 num.
3145 5273 3196 5321 8.

2090 5368 2203 5439 (44)
2233 5366 2394 5421 Addit
2424 5363 2933 5439 Hugo,_A_n_tiochia
2970 5363 3188 5439 allatam
3237 5366 3404 5439 credi,
3444 5381 3611 5439 occa-

2014 5434 2330 5506 sionemque
2380 5434 2625 5491 miraculi
2675 5435 2842 5509 fuisse
2884 5435 3097 5509 asserit,
3134 5435 3283 5504 quod
3333 5437 3390 5509 S__.
3428 5437 3607 5509 llugo

2015 5517 2136 5582 post
2156 5504 2379 5582 missam
2401 5521 2564 5559 manu
2587 5505 2812 5582 capiens
2830 5504 3006 5582 ipsam
3038 5506 3308 5582 planetam
3331 5504 3564 5582 dixisset
3589 5516 3603 5560 ξ

2022 5574 2043 5633 ὲ
2064 5582 2279 5638 Utinam
2306 5577 2518 5633 adesset
2532 5591 2700 5647 agger,
2719 5576 2773 5630 in
2801 5591 2910 5645 quo
2930 5574 3144 5630 virtutis
3168 5576 3481 5644 apostolica:
3514 5593 3607 5635 ca.

3367 5730 3437 5783 ΩΒ
