4032 6078
493 340 598 394 8ἶό

1607 327 1664 381 S.
1697 324 2011 381 HUGONIS
2032 320 2325 378 ABBATIS
2355 324 2671 383 CLUNIAC.

3686 331 3800 385 876

485 463 717 533 praefata
773 461 1007 517 creditur
1045 473 1164 516 esse
1211 454 1459 517 ecclesia,
1509 468 1673 522 super
1750 457 2080 522 prostratam
2107 448 2164 510 A
2194 452 2382 507 Abbas
2410 454 2632 508 missam
2663 464 2994 524 cantaverat,
3023 466 3075 512 et
3105 474 3301 529 aquam
3325 475 3393 513 ex
3422 461 3539 529 ejus
3559 461 3802 520 sillatam

485 555 680 619 elevat,
705 566 932 622 aegrum,
966 547 1101 602 illud
1131 547 1392 610 clamans,
1431 544 1619 597 Petrus
1641 540 1922 610 apostolus
1946 537 2081 591 dixit

482 641 781 710 paralytico
816 655 826 690 :
862 659 890 686 ιι
925 637 1091 691 Sanet
1121 641 1170 688 te
1217 632 1481 688 Dominus
1536 631 1690 686 Jesus
1742 627 2010 682 Christus.
2050 649 2073 674 υ

479 731 562 783 Ad
590 728 709 781 haec
737 725 903 781 verba
932 723 1216 780 confestim
1247 720 1513 776 Robertus
1562 718 1634 770 ita
1690 715 1966 771 convaluit
2013 731 2078 768 ac

477 818 518 870 si
551 817 664 885 ipse
691 815 878 868 Petrus
909 827 1097 880 preces
1126 825 1228 879 pro
1287 825 1352 863 eo
1409 807 1800 862 declamasset.
1867 804 2072 874 Regre-

483 908 628 960 ditur
657 903 944 958 incolumis
976 901 1065 969 qui
1111 897 1404 955 semivivus
1459 901 1780 960 accesserat,
1839 891 1926 945 his
1981 891 2073 959 qui

479 995 703 1050 aderant
735 989 1113 1046 attestantibus
1144 985 1538 1054 beneplacitam
1567 998 1684 1037 esse
1712 982 1831 1036 Deo
1882 979 2069 1045 vitam,

477 1084 633 1152 cujus
659 1081 803 1152 apud
839 1081 1009 1133 Deum
1040 1087 1146 1131 tam
1169 1073 1445 1131 efﬁcacem
1475 1071 1726 1130 viderant
1768 1083 1889 1124 esse
1941 1083 2070 1137 pos-

477 1171 793 1228 tulationem
823 1168 960 1237 (45).

549 1264 635 1320 24.
672 1257 943 1314 Fortassis
969 1258 1088 1311 haec
1131 1250 1448 1323 apostolicis
1496 1248 1893 1304 ascriberentur
1949 1261 2070 1300 me—

475 1350 612 1417 ritis,
648 1357 699 1403 et
755 1346 909 1415 cujus
948 1343 1141 1398 umbra
1195 1342 1338 1402 male
1395 1337 1721 1393 habentibus
1766 1333 2069 1390 restitutam

476 1441 686 1494 constat
717 1452 833 1491 esse
864 1433 1172 1500 sanitatem,
1204 1430 1324 1498 ejus
1353 1428 1536 1496 utique
1577 1425 1902 1480 vestimento
1950 1422 2067 1476 Ro-

474 1528 658 1582 bertus
686 1522 1028 1578 convaluisse
1059 1526 1401 1574 assereretur.
1439 1517 1701 1570 Caeterum
1730 1527 1838 1566 non
1859 1511 2070 1564 minora

487 1614 694 1668 meritis
725 1620 841 1668 acta
872 1606 1404 1680 legunturHugonis,
1429 1603 1625 1674 quibus
1646 1599 1862 1672 Hugoni
1918 1596 2067 1652 nullo

474 1702 599 1758 fidei
631 1701 868 1773 periculo
898 1699 1203 1767 praestitum
1233 1694 1407 1764 possit
1427 1689 1691 1761 assignari
1718 1686 2062 1743 beneficium.

2189 541 2438 600 manibus
2485 543 2718 610 inﬁrmo,
2775 546 3030 613 prmaenti
3079 554 3241 616 atque
3293 548 3586 616 postulanti
3645 565 3799 614 eam,

2187 629 2496 700 servientes,
2530 631 2726 687 abbate
2757 633 3062 689 detulerant
3091 634 3390 707 ignorante.
3427 635 3545 705 Qua
3602 639 3796 692 exesis

2184 717 2426 786 partibus
2457 719 2656 787 infusa,
2716 736 2848 775 snus
2902 723 3131 778 articulo
3181 723 3420 778 redditus
3464 731 3545 780 est
3600 734 3798 812 status,

2184 807 2494 876 suppletum
2534 808 2774 878 depasta
2845 811 3022 865 carnis
3078 811 3449 881 dispendium,
3495 821 3545 868 et
3595 807 3799 887 agente

2182 892 2403 965 lympha
2457 896 2601 950 vices
2654 897 2964 967 medicinae,
3025 898 3196 954 abbas
3252 901 3497 956 nesciens
3553 903 3792 958 restituit

2179 983 2483 1039 sanitatem.
2519 984 2737 1055 Quippe
2763 987 2953 1040 durum
2985 994 3103 1043 erat
3133 995 3185 1042 et
3215 988 3551 1046 intolerabile
3569 993 3795 1048 homine

2178 1071 2299 1139 Dei,
2331 1089 2401 1127 ex
2430 1073 2513 1127 his
2542 1090 2662 1144 quae
2695 1074 2845 1130 circa
2874 1076 3063 1145 ipsum
3093 1085 3243 1132 erant
3272 1085 3363 1134 aut
3417 1094 3484 1133 ex
3541 1081 3659 1150 ejus
3707 1097 3796 1138 re-

2178 1161 2471 1218 manebant
2501 1178 2687 1216 mensa
2715 1165 3179 1235 contemplationis
3206 1167 3403 1222 salutis
3431 1169 3780 1238 acquirendae

2175 1248 2379 1319 aliquid
2409 1251 2694 1320 asportari.
2727 1252 2904 1308 Homo
2934 1269 3077 1308 vera!
3107 1253 3332 1324 virtutis,
3393 1256 3463 1310 ad
3519 1257 3786 1313 virtutum

2177 1338 2455 1392 derivabat
2485 1339 2773 1407 excidium,
2805 1341 3018 1413 linguas
3046 1341 3297 1399 affectare
3327 1343 3557 1414 alienas,
3601 1346 3786 1402 laudis

2176 1427 2320 1482 enim
2351 1427 2498 1482 nulla
2526 1429 2747 1484 omnino
2775 1431 3062 1501 cupiditas,
3086 1432 3191 1486 nisi
3240 1433 3394 1502 cujus
3452 1441 3504 1490 et
3560 1438 3785 1492 materia

2176 1517 2332 1572 estin
2365 1516 2566 1583 animo,
2622 1525 2674 1572 et
2727 1518 2878 1573 testis
2935 1519 2988 1573 in
3045 1520 3201 1576 coelo.
3265 1521 3438 1589 Quam
3496 1512 3620 1579 cum
3677 1525 3785 1581 sibi

2175 1605 2378 1674 pariter
2399 1621 2567 1676 opera
2605 1616 2981 1685 compararent
3030 1616 3082 1663 et
3137 1610 3322 1675 verba,
3380 1612 3543 1667 aliam
3599 1621 3786 1670 tamen

2173 1694 2465 1764 suspiranti
2497 1695 2826 1763 mercedem,
2857 1696 3008 1750 nulla
3037 1712 3109 1752 ex
3155 1699 3434 1768 praeconio
3487 1701 3786 1759 miraculo-

477 1793 636 1848 Idem
666 1804 895 1858 namque
926 1788 1056 1840 dum
1085 1785 1139 1838 in
1169 1781 1454 1847 Vasconia,
1487 1778 1704 1834 sicutde
1723 1774 2066 1832 Cluniacensi
2095 1799 2150 1859 B
2173 1799 2290 1836 rum
2348 1783 2619 1853 subrepsit
2664 1784 2844 1840 elatio.
2885 1783 3021 1840 Aliis
3077 1802 3294 1859 quoque
3375 1789 3624 1846 nesciam
3682 1791 3783 1847 Dei

471 1879 750 1946 coenobio,
773 1875 1018 1932 subditas
1048 1873 1281 1928 visitaret
1310 1869 1553 1935 cellulas,
1580 1865 1722 1922 haud
1751 1863 1945 1935 procul
1998 1863 2068 1917 ab

469 1969 665 2024 itinere
693 1981 920 2037 parvum
952 1961 1234 2031 conspexit
1284 1957 1577 2030 tugurium,
1637 1955 1789 2024 cujus
1846 1951 2066 2006 inhabi-

471 2066 608 2112 tator
638 2071 841 2126 egenus
871 2060 984 2107 erat
1013 2057 1067 2105 et
1086 2051 1354 2119 leprosus.
1389 2046 1489 2101 llic
1519 2061 1584 2098 ex
1632 2042 1798 2098 divite
1836 2055 2062 2111 pauper,

467 2148 717 2218 abjectus
749 2160 815 2199 ex
836 2140 1148 2211 splendido,
1181 2138 1422 2206 leprosus
1450 2150 1517 2188 ex
1573 2130 1847 2199 incolumi,
1895 2131 2064 2218 vitam

465 2217 639 2290 morte
667 2233 972 2306 graviorem
1004 2227 1253 2283 ducebat.
1286 2226 1517 2278 Laetatur
1545 2221 1642 2275 Dei
1673 2234 1867 2275 servus
1926 2217 2064 2271 ade-

465 2334 622 2396 ptum
651 2339 707 2377 se
738 2331 948 2389 tempus
975 2323 1362 2386 Opportunum,
1397 2327 1503 2381 quo
1537 2308 1813 2405 Christum.
1838 2306 1891 2361 in
1921 2321 2062 2376 pau-

467 2431 595 2486 pere
625 2411 886 2468 visitaret.
931 2403 1300 2461 Praeeuntibus
1329 2401 1509 2470 itaque
1538 2398 1767 2461 caeteris,
1803 2398 1918 2465 ipse
1955 2409 2061 2449 uno

471 2511 676 2559 tantum
705 2499 899 2556 comite
929 2496 1190 2551 monacho
1219 2499 1452 2562 tegetem
1489 2486 1810 2559 ingreditur,
1860 2499 2059 2539 conso-

471 2592 657 2650 lationi
719 2598 860 2646 totus
916 2585 1130 2647 insistit,
1191 2583 1424 2635 laceram
1508 2576 1777 2632 demulcet
1859 2580 2056 2639 cutem,

475 2680 780 2736 in-emiuat
809 2677 1021 2731 felicem
1051 2671 1365 2726 infelicitate
1390 2684 1506 2732 sua,
1541 2666 1629 2722 cui
1686 2667 1826 2718 esset
1873 2663 2060 2716 datum

468 2769 702 2840 ﬂagellis
731 2763 1103 2834 corporalibus
1132 2768 1185 2813 et
1240 2755 1572 2827 paupertatis
1620 2754 1747 2824 igne
1802 2749 2050 2822 purgari.

474 2857 722 2927 Denique
752 2854 879 2906 dum
911 2850 1214 2904 dicessurus
1241 2848 1404 2899 homo
1454 2842 1573 2908 Dei,
1629 2841 1760 2911 quid
1813 2845 2060 2909 erogaret

472 2944 698 3017 pauperi
727 2959 834 2997 non
867 2939 1106 3002 haberet,
1151 2935 1430 3006 agninam,
1492 2945 1594 3023 qua
1649 2929 1866 2982 indutus
1923 2934 2056 3023 erat,

473 3035 626 3090 exuit
648 3041 870 3094 vestem,
905 3026 1064 3082 vestit
1094 3036 1403 3094 pauperem.
1438 3019 1825 3073 Vestimenturn
1882 3019 2060 3086 gratia

2176 1886 2362 1926 servus
2391 1872 2611 1942 profuit,
2644 1889 2781 1944 quos
2811 1873 2907 1928 etsi
2943 1889 3050 1929 non
3080 1889 3296 1943 omnes,
3331 1876 3541 1948 aliquos
3597 1887 3785 1935 tamen

2177 1975 2387 2027 eorum,
2417 1960 2636 2033 paginae
2667 1961 2916 2017 duximus
2947 1961 3359 2034 imprimendos.

2246 2053 2333 2105 ξδ’.
2369 2050 2493 2104 Erat
2535 2051 2591 2105 in
2647 2051 2880 2122 quadam
2937 2053 3245 2109 obedientia
3302 2058 3621 2126 monachus,
3679 2075 3781 2114 no-

2175 2138 2318 2193 mine
2366 2137 2709 2205 Guillelmus,
2767 2140 2858 2211 qui
2909 2140 3158 2197 diuturna
3212 2145 3386 2198 cruris
3468 2145 3781 2202 inﬁmitate

2173 2226 2522 2294 decumbens,
2556 2227 2795 2306 injuncta
2824 2229 2927 2283 sibi
2958 2230 3181 2302 exsequi
3227 2247 3336 2287 non
3382 2241 3595 2304 poterat
3648 2235 3772 2291 oﬂi-

2171 2314 2271 2370 cia.
2303 2316 2420 2370 Hoc
2465 2314 2606 2370 enim
2666 2316 2717 2370 in
2778 2322 2983 2372 tantum
3043 2326 3305 2375 tumorem
3354 2331 3658 2378 excesserat
3719 2332 3780 2379 ut

2171 2403 2367 2459 amissa
2412 2403 2642 2460 naturali
2702 2406 2897 2476 forma,
2951 2407 3151 2486 globus
3202 2409 3424 2482 quidam
3479 2411 3772 2470 videretur.

2171 2492 2304 2547 Cum
2335 2501 2512 2548 autem
2544 2494 2764 2549 morbus
2822 2512 3162 2565 excrescens,
3221 2499 3354 2552 nihil
3405 2499 3548 2555 aliud
3609 2517 3774 2571 quam

2171 2591 2398 2638 mortem
2417 2581 2749 2653 loqueretur,
2784 2584 2874 2640 ille
2895 2593 3034 2653 totus
3091 2586 3158 2640 ad
3215 2587 3436 2644 abbatis
3489 2590 3766 2658 meritum,

2167 2688 2264 2746 spe
2311 2687 2602 2727 conversus
2659 2681 2711 2727 et
2766 2671 2892 2740 fide,
2955 2675 3201 2730 manibus
3247 2677 3484 2744 admotis
3542 2681 3776 2734 tumenti

2169 2761 2314 2815 cruri
2350 2779 2360 2814 :
2401 2783 2422 2808 ιι
2461 2760 2740 2831 Praecipio,
2773 2762 2973 2838 inquit,
3029 2763 3145 2832 tibi,
3203 2765 3414 2835 passio,
3455 2765 3508 2820 in
3557 2767 3780 2824 nomine

2166 2849 2293 2902 Jesu
2324 2849 2542 2916 Christi,
2578 2857 2628 2905 et
2659 2859 2893 2928 exparte
2923 2851 3093 2906 Patris
3123 2855 3280 2923 cujus
3332 2855 3620 2936 praeceptis
3669 2857 3780 2913 huc

2170 2936 2312 3001 veni,
2347 2945 2406 2991 ut
2435 2938 2694 2993 recedens
2722 2939 3001 3008 permittas
3031 2940 3324 3019 injunctam
3369 2943 3501 3008 mihi
3556 2945 3778 3015 explere

2169 3023 2552 3091 obedientiam.
2593 3049 2613 3073 »
2659 3027 2916 3098 Sequenti
2964 3038 3146 3105 nocte,
3192 3030 3496 3100 dormienti,
3557 3032 3663 3088 duo
3720 3032 3777 3087 in

474 3120 1049 3187 comitaturinsperata
1082 3132 1094 3176 ;
1130 3129 1194 3168 ex
1252 3127 1356 3181 quo
1404 3108 1548 3211 enim
1593 3121 1814 3211 pauper
1970 3103 2056 3156 in-
2092 3146 2149 3211 a
2174 3111 2311 3166 albis
2343 3117 2952 3211 a‘PPamere-rp-onachj,
2984 3117 3072 3198 qui
3093 3103 3362 3211 vincerent
3390 3136 3450 3211 pg
3480 3137 3510 3174 δ,
3540 3121 3604 3175 Β,
3655 3122 3777 3182 Ηυ-

471 3217 633 3270 dutus
663 3217 766 3275 est,
798 3207 934 3262 cutis
993 3201 1312 3260 deformitas
1368 3197 1647 3261 abscessit,
1709 3201 1761 3248 et
1818 3193 2058 3248 absterso

473 3306 644 3373 leprae
673 3296 943 3369 contagio,
978 3289 1234 3346 membris
1265 3288 1516 3344 omnibus
1572 3283 2062 3379 incolit-mitescat

473 3370 752 3462 etspecies
777 3385 1036 3441 restituta.
1060 3377 1351 3451 Egreditur
1373 3374 1572 3468 Christi
1597 3372 1850 3436 famulus,
1875 3370 2065 3468 relicta

470 3479 696 3551 pauperi
732 3472 1127 3533 benedictione,
1161 3482 1280 3537 quae
1297 3473 1348 3520 et
1363 3463 1722 3554 ampliusspe
1757 3463 2065 3554 suscipienti

475 3547 698 3640 profuit,
733 3573 783 3618 et
814 3561 1049 3628 amplius
1081 3565 1202 3610 voto
1257 3553 1433 3608 dantis
1488 3550 1741 3640 meritum
1791 3547 2064 3640 patefecit.

471 3635 746 3727 teguntur
774 3657 826 3705 et
858 3649 967 3713 alii,
1001 3655 1106 3700 tam
1140 3660 1207 3696 ex
1232 3650 1378 3695 veste
1407 3655 1567 3710 quam
1583 3653 1667 3734 'ex
1699 3635 1918 3705 lympha

481 3763 548 3800 ex
577 3744 696 3810 ejus
735 3738 1033 3792 stillaverat
1087 3730 1359 3795 manibus,
1419 3730 1710 3796 expetitam
1765 3730 2072 3792 suscepisse

478 3833 727 3886 salutem.
1283 3907 1292 3910 _
1615 3902 1630 3910 _
1782 3901 1792 3910 .
1841 3899 1850 3909 ⁸
1933 3899 1943 3910 ⁸

547 3922 637 3976 25.
668 3916 857 3987 Wigo,
890 3910 1210 3972 monachus,
1245 3907 1328 3963 vir
1357 3902 1684 3960 venerandae
1708 3901 1976 3971 opinionis
2023 3907 2075 3954 et

476 4009 609 4065 utile
641 4005 818 4061 vasin
863 4003 1026 4056 domo
1080 3996 1318 4058 Domini,
1379 3993 1529 4049 vocis
1587 4007 1745 4046 usum
1803 3989 2073 4054 amiserat,

472 4096 766 4153 admodum
801 4090 981 4156 tristis,
1017 4103 1080 4143 eo
1103 4085 1248 4156 quod
1279 4081 1578 4137 imminenti
1631 4079 1887 4134 Nat-alitio
1943 4093 2074 4148 per-

480 4188 696 4243 solvere
725 4197 831 4237 non
882 4184 1069 4247 p0sset
1131 4174 1376 4230 debitum
1428 4168 1685 4226 cantandi
1733 4167 2075 4237 obsequium.

479 4276 732 4339 Quidum
759 4272 912 4339 juxta
940 4264 1352 4336 suppedaneum
1402 4258 1613 4314 abbatis
1653 4257 1978 4328 quiesceret,
2025 4262 2079 4309 et

477 4365 628 4422 vocis
656 4356 1097 4416 reformationem
1128 4368 1199 4406 ex
1228 4348 1396 4404 sacris
1426 4347 1544 4415 ejus
1574 4353 1821 4415 speraret
1841 4342 2074 4408 meritis,

474 4451 764 4523 corrigiam
793 4445 920 4517 pil-ei
943 4444 1078 4513 ejus,
1112 4441 1355 4494 latenter
1411 4433 1889 4523 assumptipcollo
1965 4431 2074 4523 cir-

476 4491 1078 4602 ciiin‘dbeditsriat‘imdue,
1108 4528 1308 4590 soluto,
1357 4524 1504 4594 quod
1559 4522 1773 4577 arteriis
1828 4521 2076 4578 obstabat
2105 4491 2164 4562 Β-

480 4625 848 4687 incommodo,
883 4622 1074 4692 prisca
1105 4613 1500 4672 modulationis.
1524 4627 1650 4666 usus
1680 4618 1762 4665 est
1788 4609 1836 4666 ei
1869 4608 1921 4662 in
1942 4609 2074 4663 inte-

481 4735 638 4794 grum
669 4716 1016 4770 reformatus.
1050 4706 1342 4794 Articulum
1374 4701 1532 4772 ped-is
1560 4699 1844 4794 cujusdam
1885 4695 2074 4794 Theo-

478 4786 662 4869 derici,
695 4815 910 4873 magna:
939 4797 1158 4869 quidem
1190 4793 1378 4848 militis
1403 4789 1678 4861 potentite,
1711 4787 1806 4842 sed
1853 4786 2078 4856 majoris

456 4896 626 4967 ~apud
648 4897 819 4948 Deum
850 4885 1168 4949 devotionis,
1218 4896 1412 4936 cancer
1463 4877 1768 4967 (inﬁrmi-tas
1801 4964 1810 4967 μ
1843 4875 2077 4944 lethah's)

479 4964 754 5048 caederet,
787 4978 928 5050 quod
950 4975 1076 5046 quia
1106 4971 1345 5026 studium
1374 4969 1579 5024 vicerat
1621 4964 1924 5032 medicinae,
1985 4977 2079 5019 au-

485 5072 697 5130 ferebat
726 5077 777 5123 et
806 5081 956 5137 spem
988 5063 1130 5118 vitae.
1162 5057 1393 5114 Abbatis
1450 5065 1627 5122 tamen
1693 5053 1922 5125 meritis,
1975 5054 2081 5106 hoc

479 5161 672 5218 ordine
703 5154 1026 5213 exstinctum
1074 5157 1156 5204 est
1213 5145 1500 5202 horrendae
1536 5142 1707 5214 pestis
1745 5141 2076 5202 incendium.

475 5367 733 5430 peremus
759 5338 1214 5430 egperimentum!
1257 5358 1276 5384 η
1305 5351 1418 5410 quo.
1440 5334 1628 5396 audito,
1672 5329 2082 5389 Robertusilluc

479 5415 541 5486 se
569 5421 767 5480 deterri
793 5415 996 5472 fecerit.

551 5516 662 5583 (45)
692 5505 854 5583 Addit
882 5503 1026 5583 idem
1059 5515 1081 5583 :_
1106 5499 1208 5556 Res
1238 5499 1340 5553 ista
1362 5494 1649 5553 notissima
1677 5501 1757 5550 est
1787 5512 1800 5559 ;
1837 5491 1952 5550 fere
1973 5498 2084 5548 tota

478 5574 674 5647 civitas
699 5581 792 5640 illa
821 5574 976 5636 testis
1005 5580 1112 5631 est.

2141 3202 2314 3272 ‘gone
2346 3202 2609 3265 directos;
2635 3204 2828 3268 dehinc
2859 3222 2994 3271 unus
3015 3207 3233 3278 quidem
3265 3209 3408 3263 cruri
3437 3225 3628 3273 manus
3673 3226 3779 3281 ap-

2171 3291 2365 3360 posuit,
2400 3290 2594 3346 infudit
2616 3293 2794 3348 oleum
2828 3312 2840 3356 ;
2876 3295 3011 3349 alter
3061 3311 3188 3351 vero
3246 3297 3460 3365 leniori,
3522 3305 3577 3362 et
3629 3298 3782 3355 velut

2172 3395 2431 3448 suspenso
2462 3389 2732 3448 contactu,
2760 3390 2939 3453 partes
2981 3383 3222 3439 infirmas
3268 3401 3573 3458 perungere
3629 3387 3781 3441 visus

2175 3476 2281 3522 est.
2321 3467 2442 3536 Quo
2474 3478 2709 3539 peracto,
2741 3487 2864 3525 cum
2896 3472 3271 3528 recedentibus
3327 3475 3604 3529 monachis
3660 3475 3782 3545 ipsa

2177 3556 2733 3627 recessitinﬁrmitas,
2767 3559 3284 3632 etincolumitatem,
3328 3579 3486 3633 quam
3510 3563 3784 3618 medicina

2179 3659 2287 3700 non
2337 3646 2529 3715 potuit,
2588 3647 2764 3718 gratia
2815 3648 3050 3703 reduxit.
3131 3649 3414 3724 Evigilans
3482 3654 3782 3708 monachus

2180 3748 2301 3787 cum
2377 3734 2597 3789 sentiret
2680 3737 3067 3792 exterminatas
3164 3737 3488 3794 infirmitatis
3579 3757 3786 3814 angus-

2181 3821 2305 3890 tias,
2355 3824 2515 3878 beato
2573 3825 2711 3878 Patri
2768 3840 2864 3880 suo
2913 3826 3210 3882 restitutam
3294 3828 3541 3902 ascripsi!
3623 3830 3777 3884 sani-

2183 3918 2362 3968 tatem.

2254 4000 2342 4054 27.
2370 3999 2446 4055 Ex
2477 4001 2798 4059 difﬁcultate
2830 4012 3034 4076 partus,
3070 4007 3327 4077 quaedam
3342 4006 3552 4079 mulier,
3581 4007 3780 4063 amisso

2184 4089 2385 4163 linguae
2419 4093 2618 4161 pariter
2647 4102 2698 4148 et
2729 4109 2920 4148 manus
2952 4094 3157 4162 ofﬁcio,
3192 4105 3513 4152 cae-terarum
3565 4112 3781 4167 quoque

2184 4180 2419 4249 partium
2447 4180 2768 4237 detrimenta
2799 4182 3140 4238 formidabat.
3173 4184 3496 4254 Hujusmodi
3523 4185 3779 4258 angustia

2186 4268 2550 4332 decumbenti,
2585 4278 2905 4342 suggestum
2931 4271 2984 4325 in
3015 4272 3215 4328 somnis
3237 4282 3335 4343 est,
3367 4283 3621 4344 oportere
3651 4288 3775 4330 eam

2185 4355 2619 4428 Laisiacumwi)
2649 4357 2935 4430 proficisci,
2981 4360 3072 4414 ubi
3133 4361 3338 4427 meritis
3393 4363 3451 4416 Β.
3511 4363 3780 4440 Hugonis,

2185 4454 2412 4515 utroque
2442 4446 2704 4502 levaretur
2732 4447 3102 4514 incommodo._
3137 4450 3322 4516 Paruit
3348 4449 3561 4519 mulier,
3609 4465 3786 4521 eoque

2184 4533 2389 4596 delata,
2425 4535 2554 4589 dum
2583 4536 2928 4616 praescriptus
2959 4536 3118 4592 Pater
3163 4537 3216 4591 in
3245 4537 3482 4593 oratorio
3532 4539 3589 4595 S.
3651 4537 3784 4594 Sul-

2182 4621 2309 4694 picii
2332 4624 2442 4692 (t7)
2476 4622 2592 4702 ipsa
2613 4634 2874 4702 prasente
2905 4625 3095 4681 divina
3150 4625 3453 4682 celebraret
3497 4625 3779 4698 mysteria,

2183 4711 2392 4765 meritis
2413 4701 2531 4790 ejus
2553 4701 2827 4782 utriusque
2857 4714 3033 4769 morbi
3062 4714 3283 4785 plenum
3314 4714 3508 4780 meruit
3536 4715 3787 4771 obtinere

2185 4800 2513 4854 remedium.
2554 4800 2884 4856 Credaturin
2906 4803 3166 4868 sedandis
3190 4805 3546 4858 humanorum
3579 4819 3784 4876 corpo-

2185 4905 2304 4943 rum
2336 4889 2698 4960 passionibus,
2731 4889 2842 4956 ﬁlio
2875 4890 3180 4960 adoptionis
3236 4891 3495 4958 collatam
3547 4893 3786 4964 desuper

2189 4975 2350 5032 fuisse
2385 4977 2634 5048 gratiam,
2683 4995 2803 5048 quae
2851 4979 2924 5033 illi
2974 4967 3136 5034 etiam
3185 4979 3238 5033 in
3274 4979 3589 5049 perturbato
3649 4997 3784 5036 aere

2189 5064 2503 5137 perhibetur
2556 5067 2862 5137 exstitisset
2902 5067 3213 5138 Ludovicus
3265 5067 3418 5128 enim.
3724 5079 3782 5125 et

2189 5154 2396 5225 Sephia
2421 5170 2558 5223 uxor
2585 5171 2704 5225 sua,
2735 5156 3092 5228 praedicanda
3117 5156 3322 5213 scilicet
3347 5155 3436 5213 vis
3486 5164 3544 5214 et
3584 5158 3784 5216 mulier

2261 5343 2757 5456 £46)‘Laisiae'um,
2817 5359 2886 5401 an
2959 5345 3221 5417 Oppidum
3273 5347 3332 5418 in
3389 5347 3780 5421 Cenomanis,

2188 5417 2791 5559 vuifgngfsgiiipicii,
2849 5502 2958 5544 non
3015 5488 3054 5545 S
3129 5489 3246 5571 licii
3331 5491 3412 5551 uti
3490 5507 3784 5570 perperam

2191 5558 2491 5618 excusum),
2523 5558 2706 5618 plures
2734 5567 2855 5616 sunt
2877 5566 2985 5618 tota
3015 5505 3195 5618 631m
3221 5492 3475 5618 ecciesite
3499 5583 3514 5618 :
3571 5564 3784 5618 egimus

2191 5558 2855 5641 exeusurrynpluressunt
2877 5566 2985 5620 tota
3015 5558 3195 5632 Gallia
3221 5558 3514 5634 ecclesiae}

2185 5629 2256 5688 de
2275 5643 2361 5702 eo,
2393 5631 2459 5685 17
2483 5629 2748 5691 Januarii.
