4032 6078
241 326 345 380 877

1796 322 1870 383 VI
1881 327 1979 382 ΤΑ.

3441 344 3542 404 8'78

241 450 568 519 devotionis,
627 447 922 539 eumrapud
964 447 1377 539 Aldechiarcum
1408 448 1548 539 .08)
1608 450 1841 519 hospitio
1870 452 1926 513 Α
1959 462 2216 522 quantum
2246 453 2396 526 prius
2417 457 2483 511 de
2514 457 2751 513 fraterna
2792 460 3030 529 turbatus
3050 466 3318 539 angustia,
3344 476 3548 528 tantum

240 545 614 610 susceperant.
675 538 889 594 Deinde
937 538 1113 609 posita
1196 537 1251 591 in
1319 536 1583 593 viridario
1640 553 1847 605 mensa,

238 631 547 685 commotus
577 643 673 682 aer
698 625 1035 696 tempestatis
1091 625 1251 698 signa
1303 625 1583 696 prmmisit.
1627 624 1850 679 Turbati

240 717 550 773 discursant
578 714 826 782 ministri,
861 714 989 784 quid
1016 712 1173 769 ﬁeret
1203 730 1271 768 ex
1301 712 1564 783 appositis
1589 713 1704 783 jam
1742 713 1848 767 da-

240 805 406 877 pibus
429 805 763 876 ignorantes.
788 802 1052 857 Craterum
1082 802 1185 856 Dei
1216 800 1471 868 famulus,
1502 802 1720 857 elevans
1736 816 1849 856 ma-

240 909 392 961 num,
443 891 622 949 crucis
674 891 892 963 signum
941 889 1213 960 opposuit,
1255 896 1310 944 et
1346 889 1718 944 imminentem
1771 888 1850 944 sic

243 981 428 1059 abegit
455 986 853 1051 tempestatem.
886 977 1023 1046 Quae
1048 993 1120 1034 ne
1155 993 1280 1033 casu
1306 977 1489 1051 potius
1527 993 1689 1050 quam
1720 993 1845 1032 me-

242 1071 363 1125 ritis
409 1068 628 1126 abbatis
685 1066 1019 1123 abscessisse
1067 1066 1367 1133 videretur,
1426 1066 1849 1137 circumquaque

238 1158 443 1231 pluviis
469 1156 889 1213 desaevientibus
919 1163 972 1210 et
1001 1154 1274 1222 tonitruis,
1318 1154 1479 1210 locus
1506 1153 1597 1211 ille
1627 1162 1849 1225 tempe-

240 1247 394 1303 statis
453 1262 668 1317 expers,
725 1253 778 1300 et
832 1260 1059 1300 serenus
1105 1242 1440 1299 remansisse
1496 1243 1840 1313 perhibetur.

244 1336 435 1392 Paredi
468 1335 604 1404 (49),
664 1348 894 1407 puerum
934 1331 1255 1402 quemdam,
1288 1332 1614 1387 monasticae
1652 1346 1854 1387 conse-

244 1432 453 1481 cratum
511 1421 720 1477 militiae
774 1421 1036 1478 decidens
1108 1436 1173 1475 ex
1222 1419 1458 1476 culmine
1515 1418 1852 1490 campauaril

244 1513 433 1569 tabula
461 1510 771 1583 prostravit.
798 1510 878 1566 Eo
916 1516 1164 1580 tempore
1210 1507 1401 1564 beatus
1444 1507 1614 1563 abbas
1658 1507 1852 1564 fratres

244 1602 564 1658 visitaturus
621 1597 885 1654 Paredum
930 1604 1256 1653 accesserat.
1290 1598 1449 1664 Puer,
1492 1596 1546 1650 in
1576 1612 1681 1666 quo
1710 1612 1847 1651 con-

248 1690 409 1747 auitae
433 1686 733 1760 pollicibus
759 1703 915 1745 venae
945 1686 1253 1758 proximum
1304 1684 1620 1740 nuntiabant
1657 1682 1848 1739 interi-

245 1787 382 1848 tum,
414 1776 713 1833 semivivus
738 1776 809 1831 ad
839 1791 964 1831 eum
993 1774 1273 1837 defertur;
1331 1774 1525 1829 fratres
1553 1773 1700 1829 velut
1746 1787 1845 1828 ex-

245 1868 498 1924 stinctum
528 1865 728 1921 deflent
756 1879 1002 1936 puerum,
1048 1863 1140 1933 qui
1197 1862 1286 1918 vix
1316 1862 1371 1916 in
1428 1861 1623 1918 castris
1678 1860 1847 1931 spiri-

248 1954 411 2012 tualis
438 1952 644 2010 militiae
674 1952 858 2010 vivere
877 1952 1207 2008 inchoasset.
1232 1951 1479 2021 Denique
1498 1951 1623 2020 pius
1652 1949 1850 2018 abbas,

248 2053 429 2100 mente
484 2049 855 2112 compunctus,
915 2040 1206 2095 contritum
1263 2047 1561 2094 contrectat
1597 2053 1847 2108 puerum,

250 2148 350 2205 pro
380 2132 653 2203 exsequiis
683 2128 963 2199 obsequiis
991 2127 1210 2194 insistit,
1243 2135 1297 2182 et
1325 2126 1392 2181 ad
1423 2126 1622 2181 ostium
1650 2125 1855 2181 divina:

248 2220 468 2297 pietatis
520 2219 719 2275 Christi
774 2217 1044 2290 procurrit
1110 2216 1311 2272 Christi
1352 2223 1658 2286 veteranus,
1711 2223 1858 2269 tanta

248 2324 470 2383 precum
501 2307 760 2362 instantia
780 2313 837 2361 ut
856 2312 909 2361 et
935 2320 1108 2375 puero
1140 2305 1312 2370 salus,
1345 2312 1397 2359 et
1448 2319 1581 2379 puer
1611 2317 1855 2360 conven-

253 2398 332 2455 tui
356 2397 693 2454 redderetur.

322 2487 417 2544 28.
484 2482 705 2540 Invitati
762 2481 1072 2554 complures
1120 2481 1434 2552 hujusmodi
1473 2478 1856 2537 miraculorum

260 2574 571 2648 pmconiis,
612 2589 735 2628 eum
782 2572 969 2627 videre
1012 2570 1417 2642 pranptabant,
1457 2568 1505 2625 ei
1553 2570 1855 2637 adhaerere,

251 2674 306 2721 et
355 2662 713 2720 sanctissimis
782 2660 901 2731 ejus
956 2659 1161 2716 erudiri
1207 2658 1574 2715 documentis.
1645 2656 1859 2728 Quippe

256 2762 369 2810 tota
398 2754 516 2823 ejus
548 2752 676 2815 vita,
704 2750 877 2804 sacris
905 2764 1006 2819 per
1034 2747 1309 2816 institutis,
1344 2754 1454 2801 tota
1483 2746 1599 2817 ejus
1618 2759 1855 2800 conver-

257 2841 397 2898 satio
427 2842 585 2896 beate
614 2837 832 2893 vivendi
849 2836 1222 2909 magisterium
1246 2835 1368 2888 fuit.
1392 2834 1556 2889 Nulla
1570 2832 1659 2889 vel
1680 2849 1858 2904 pauca

251 2932 405 2987 fuere
434 2927 789 2989 monasteria,
822 2941 943 3001 quae
970 2940 1077 2979 non
1106 2923 1444 2994 profecerint
1471 2922 1587 2992 ejus
1620 2922 1857 2978 circum-

251 3019 455 3090 spectis
507 3014 941 3071 institutionibus
997 3020 1091 3068 aut
1132 3012 1414 3082 exemplis.
1466 3011 1858 3067 Convenientes

250 3116 432 3164 autem
463 3107 533 3161 att
562 3120 619 3161 se
655 3104 952 3159 monachos
1001 3102 1085 3158 vel
1136 3100 1380 3164 abbates,
1413 3114 1575 3172 quam
1629 3108 1858 3170 paterno

249 3195 704 3266 complecteretur
760 3190 977 3259 affectu,
1034 3205 1197 3260 quam
1249 3187 1572 3243 suﬁlcienter
1597 3202 1853 3257 quaeren-

253 3286 395 3341 tibus
449 3282 821 3353 responderet,
879 3295 1039 3351 quam
1068 3278 1159 3349 pie
1207 3278 1442 3347 aperiret
1491 3274 1851 3347 pulsantibus,

252 3370 472 3431 diﬁcile
501 3378 582 3427 est
596 3369 888 3441 explicem.
922 3369 1072 3423 Inter
1102 3383 1238 3436 quos
1281 3364 1686 3420 Suessionensis
1741 3364 1852 3432 (50)

250 3462 430 3519 abbas
454 3461 521 3515 ad
550 3462 841 3530 primatem
860 3456 1175 3513 monasticae
1190 3453 1543 3526 perfectionis
1567 3452 1853 3518 accedens,

247 3550 621 3623 presbyterum
674 3547 989 3619 quemdam,
1060 3544 1273 3598 Petrum
1340 3542 1580 3609 nomine,
1649 3539 1858 3594 itineris

249 3640 507 3697 comitem
528 3635 737 3701 habuit,
769 3633 972 3689 dudum
1026 3634 1086 3687 Β.
1137 3631 1383 3702 Hugonis
1440 3628 1855 3685 familiaritatem

250 3735 575 3785 assecutum.
635 3723 754 3792 Qua
806 3738 872 3778 ex
931 3720 1292 3775 familiaritate
1323 3721 1568 3775 securius
1591 3734 1716 3773 eum
1734 3731 1858 3786 pre-

250 3817 443 3887 sbyter
485 3814 751 3869 allocutus
787 3828 799 3865 :
834 3810 1072 3877 Scimus,
1130 3808 1327 3878 inquit,
1388 3817 1457 3875 te,
1518 3806 1855 3863 sanctissime

251 3906 429 3972 Pater,
476 3917 659 3958 curam
717 3914 907 3972 gerere
959 3898 1299 3963 miserorum,
1350 3904 1403 3951 et
1458 3896 1612 3965 juxta
1666 3908 1857 3950 vocem

251 3992 526 4065 Apostoli,
560 4004 681 4047 cum
724 3986 1127 4042 inﬁrmantibus
1182 3983 1453 4039 inﬁrmari-
1487 3984 1557 4054 (Π
1604 3981 1730 4039 Cor.
1770 3997 1852 4048 χι,

248 4082 364 4152 29).
400 4077 553 4143 Unde
583 4084 636 4133 et
660 4092 758 4149 pro
790 4074 1031 4147 quodam
1068 4075 1236 4128 fratre
1264 4086 1388 4127 meo
1419 4073 1487 4126 ad
1518 4070 1719 4127 ostium
1751 4078 1856 4126 tua;

249 4171 473 4243 pulsans
496 4164 905 4232 misericordiae,
938 4163 1111 4219 sacris
1140 4160 1473 4217 orationibus
1505 4161 1609 4215 tuis
1638 4158 1857 4214 miseria

248 4256 529 4315 subveniri
561 4254 811 4326 deploro,
842 4268 1003 4333 quem
1030 4250 1301 4322 putridum
1342 4248 1554 4317 vulnus,
1588 4255 1643 4310 et
1696 4247 1859 4307 latius

249 4347 559 4405 incolumes
614 4357 894 4413 occupans
931 4347 1130 4410 partes,
1191 4339 1248 4394 in
1313 4336 1711 4408 desperationis
1763 4335 1853 4391 di-

248 4436 484 4495 scrimen
509 4431 754 4488 adduxit.
810 4428 1051 4484 Tandem
1082 4428 1205 4500 pius
1264 4427 1430 4481 Pater
1459 4424 1854 4479 miserabilibus

1957 548 2148 609 postea
2178 543 2247 599 de
2279 544 2453 599 salute
2476 547 2794 619 gavisurus.
2836 548 2913 603 Ex
2945 567 3050 620 quo
3073 552 3213 607 enim
3245 558 3549 629 superposi-

1956 635 2070 682 tum
2098 638 2175 684 est
2204 632 2371 687 ulceri
2410 633 2640 706 lignum,
2673 644 2724 690 et
2762 653 2961 708 panem
2982 637 3374 701 benedictionis
3405 644 3554 701 inﬁr-

1959 732 2082 772 mus
2102 720 2353 789 comedit,
2376 721 2450 776 ita
2479 723 2763 795 explosum
2791 735 2867 780 est
2885 727 3116 796 putrida:
3144 732 3551 791 carnisincom-

1959 805 2179 860 modum
2200 817 2257 862 ut
2280 810 2459 865 nullus
2490 811 2665 877 dolor,
2702 814 2853 868 nulla
2875 816 2985 872 illic
3014 817 3558 880 inﬁrmitatisindicia

1956 907 2320 953 remanerent.

2622 972 2846 1030 CAPUT
2885 975 2946 1031 ν.

1960 1055 2159 1112 Tutela
2175 1058 2507 1123 angelorum
2525 1062 2779 1133 quaedam
2799 1066 2867 1120 ab
2888 1080 2950 1121 eo
2970 1065 3125 1124 mala
3146 1067 3414 1143 depulsa;
3440 1087 3555 1131 ma-

1962 1143 2128 1199 levoli
2146 1145 2424 1202 divinitus
2438 1150 2656 1220 puniti.
2680 1151 3014 1210 Liberalitas
3030 1157 3151 1227 ejus
3166 1167 3553 1230 compensant.

2030 1232 2118 1287 29.
2164 1232 2413 1302 Quadam
2443 1245 2715 1306 praeterea
2742 1239 2831 1296 die
2870 1241 2998 1295 dum
3052 1244 3341 1317 paulisper
3386 1249 3559 1306 abbas

1960 1319 2315 1383 obdormiret.
2347 1338 2411 1379 ex
2459 1336 2685 1397 urgente
2714 1342 2895 1398 causa,
2942 1320 3065 1386 eum
3109 1336 3363 1391 monachi
3402 1338 3558 1394 excio

1959 1414 2225 1465 taverunt.
2257 1412 2440 1467 Abbas
2477 1421 2837 1488 tuterrogans:
2892 1441 2914 1466 «
2973 1417 3039 1474 Ut
3085 1420 3215 1489 quid
3269 1423 3395 1493 huc,
3457 1425 3555 1493 ait,

1960 1496 2121 1554 istum
2150 1496 2458 1556 adduxistis
2498 1518 2727 1574 puerum
2767 1505 2801 1558 7
2832 1528 2851 1553 υ
2896 1504 3315 1579 Responderunt
3358 1526 3559 1571 mons-

1957 1585 2045 1675 chi
2074 1602 2133 1642 se
2158 1589 2435 1645 neminem
2479 1590 2791 1649 adduxisse.
2833 1592 3089 1650 Subdidit
3103 1597 3295 1668 abbas,
3330 1600 3554 1675 dicens;

1962 1696 1986 1722 α
2019 1674 2276 1748 Nunquid
2317 1693 2425 1734 non
2466 1680 2661 1736 videtis
2706 1681 2858 1737 illum
2889 1684 3162 1756 elegantis
3207 1687 3398 1747 forma:
3424 1674 3562 1762 pue-

1959 1780 2081 1819 rum
2106 1764 2177 1819 γυ
2221 1767 2424 1822 Rursus
2466 1782 2590 1824 cum
2622 1772 2872 1829 monachi
2912 1774 3259 1842 mirarentur,
3289 1784 3561 1835 attestau-

1961 1858 2041 1909 tes
2082 1869 2142 1910 se
2214 1857 2491 1913 nominem
2542 1870 2770 1928 prorsus
2843 1861 3052 1929 videre,
3122 1865 3562 1924 animadverteris

1960 1942 2130 1998 abbas
2185 1953 2460 2000 ostensum
2514 1948 2617 2007 sibi
2673 1948 2914 2004 divinum
2976 1950 3201 2023 aliquid,
3257 1970 3563 2013 sermonem

1963 2032 2233 2087 transtulit
2263 2035 2335 2089 ad
2365 2033 2487 2101 alia,
2523 2035 2727 2091 nullam
2766 2037 2992 2094 ulterius
3036 2039 3243 2097 faciens
3285 2042 3356 2101 de
3391 2061 3564 2115 puero

1958 2122 2313 2176 mentionem.
2360 2123 2534 2179 Credo
2564 2122 2613 2180 ei
2647 2126 2959 2197 apparuisse
2992 2128 3272 2188 custodem
3315 2133 3565 2205 corporis

1963 2209 2046 2263 sui
2076 2210 2328 2282 angelum
2362 2212 2480 2281 Dei,
2537 2213 2692 2283 cujus
2738 2216 3001 2284 excubiis,
3048 2225 3098 2273 et
3123 2221 3397 2276 aeriarum
3437 2229 3563 2277 ten-

1964 2302 2199 2353 tamenta
2228 2308 2569 2370 potestatum,
2611 2310 2663 2357 et
2681 2302 3017 2360 imminentia
3047 2306 3292 2380 corporis
3318 2310 3567 2379 pericula

1964 2386 2295 2449 declinabat.
2335 2389 2495 2445 Unde
2509 2405 2634 2447 cum
2652 2392 2797 2461 apud
2815 2393 3127 2451 Berziacum
3148 2398 3261 2467 (51)
3292 2413 3351 2453 se
3379 2399 3567 2471 sopori

1965 2475 2225 2544 dedisset,
2285 2478 2534 2550 angelica
2598 2488 2871 2552 protectus
2943 2482 3206 2553 cnstodia,
3283 2487 3566 2557 multiplex

1964 2564 2157 2621 mortis
2206 2566 2497 2625 discrimen
2545 2569 2734 2627 evasit.
2767 2567 3011 2639 Repente
3059 2588 3292 2644 namque
3342 2577 3566 2632 turbato

1967 2667 2098 2709 aere
2120 2661 2519 2728 consurgentes
2541 2658 2709 2725 venti,
2738 2659 2884 2713 velut
2922 2659 3231 2716 conﬂictum
3271 2663 3566 2733 quemdam

1965 2740 2101 2798 inire
2158 2753 2461 2815 eruperunt;
2528 2745 2861 2817 frequentior
2916 2747 3176 2805 dessevire
3241 2753 3561 2822 coruscatio,

1966 2829 2237 2902 lapidibus
2264 2839 2316 2889 et
2346 2834 2614 2907 grandine
2631 2834 2843 2895 concuti
2876 2835 3089 2905 domus,
3119 2838 3302 2893 volare
3334 2839 3566 2896 fulmina

1965 2919 2159 2990 quibus
2186 2936 2287 2977 nec
2317 2922 2696 2978 dormitorium
2728 2923 2921 2996 patris,
2954 2925 3238 2982 adhaerens
3287 2928 3562 2998 ecclesiae,

1963 3007 2222 3065 intactum
2262 3011 2538 3083 remansit;
2572 3012 2705 3067 illud
2735 3012 2877 3067 enim
2910 3013 2992 3071 vis
3029 3015 3332 3088 irrumpens
3372 3018 3561 3074 fulmi-

1963 3097 2066 3162 nis,
2098 3107 2206 3153 tam
2238 3100 2458 3172 vaganti
2490 3101 2733 3155 discursu
2779 3100 3066 3173 praefatum
3111 3114 3442 3174 perscrutata
3481 3113 3562 3161 est

1966 3185 2299 3242 domicilium
2333 3197 2406 3253 ut,
2432 3204 2532 3261 par
2554 3189 2873 3243 miraculum
2905 3188 3106 3257 dicam,
3132 3199 3238 3246 tres
3259 3193 3313 3247 in
3344 3194 3563 3252 fornace

1963 3290 2181 3349 pueros,
2214 3283 2265 3329 et
2295 3276 2437 3331 inter
2462 3275 2710 3331 ﬂammas
2739 3277 3022 3333 saevientes
3049 3287 3293 3335 sanctum
3321 3281 3421 3345 Dei
3439 3299 3565 3340 cou-

1963 3371 2259 3419 servatum.
2318 3365 2602 3437 Augebant
2657 3363 2950 3422 discrimen
2998 3376 3259 3423 caementa
3314 3371 3473 3431 simul
3512 3380 3563 3430 et

1964 3446 2181 3523 lapides
2238 3451 2479 3527 undique
2534 3461 2862 3519 corruentcs,
2929 3470 3065 3525 quos
3148 3455 3388 3513 fulminis
3455 3460 3565 3519 ictu

1964 3546 2124 3611 rupta
2156 3543 2393 3597 maceria
2423 3542 2571 3597 circa
2602 3541 2957 3598 dormientem
2986 3541 3327 3602 difi‘undebat
3383 3548 3562 3605 abba-

1963 3637 2091 3684 tem.
2127 3630 2519 3685 Discurrebant
2551 3630 2760 3700 famuli,
2807 3632 3060 3688 monachi
3085 3633 3450 3703 querebantur
3476 3639 3563 3694 vel

1963 3718 2217 3773 obrutum
2243 3719 2398 3774 ruina
2436 3728 2490 3775 et
2527 3719 2826 3790 lapidibus,
2860 3722 2949 3777 vel
3003 3721 3133 3794 igne
3181 3734 3563 3796 consumptum

1964 3806 2225 3863 abbatem
2258 3809 2565 3879 opinantes.
2599 3808 2695 3864 Ille
2721 3817 2903 3865 autem
2928 3809 3123 3866 divinis
3152 3820 3427 3884 protectus
3459 3828 3563 3872 ex-

1963 3895 2159 3962 cubiis,
2217 3912 2317 3951 nec
2373 3896 2596 3967 strepitu
2650 3914 2923 3968 soporem,
3009 3915 3111 3954 nec
3176 3902 3568 3971 populantibus

1962 3984 2193 4038 ﬂammis
2214 3983 2523 4055 sospitatem
2551 3985 2749 4041 amisit.
2786 3986 2865 4040 Ita
2895 3986 2992 4041 Dei
3028 4003 3239 4057 servus,
3293 3991 3562 4049 horrendo

1962 4073 2351 4143 circumseptus
2398 4072 2668 4142 incendio,
2734 4074 2926 4130 virtute
2972 4078 3269 4146 promeruit
3317 4078 3558 4152 liberari,

1963 4169 2016 4215 et
2044 4160 2253 4216 illaesus
2311 4162 2496 4217 exivit.

2035 4254 2122 4305 30.
2167 4251 2391 4321 Legitur
2432 4250 2579 4307 idem
2610 4251 2764 4307 Pater
2789 4250 2842 4305 in
2873 4251 2993 4307 diis
3017 4254 3184 4311 etiam
3211 4263 3564 4315 censendus

1961 4339 2239 4410 periculis,
2262 4339 2485 4411 ejusque
2534 4354 2689 4396 sacer
2746 4342 3023 4409 transitus,
3083 4344 3175 4415 qui
3237 4347 3563 4418 gravissima:

1961 4424 2274 4487 inﬁrmitate.
2300 4428 2583 4487 videbatur
2610 4429 2914 4498 imminere,
2958 4439 3259 4488 conventus
3295 4434 3563 4493 interces-

251 4523 451 4593 cedens
477 4517 971 4586 obsecrationibus,
1000 4532 1197 4589 panem
1228 4514 1320 4586 qui
1360 4515 1429 4570 de
1468 4528 1661 4571 mensa
1689 4512 1861 4585 ipsius
1886 4506 1938 4567 D
1970 4517 2153 4586 sione,
2177 4523 2237 4573 et.
2277 4516 2611 4588 sumptuosis
2653 4517 3121 4591 eleemosynarum
3176 4525 3453 4592 expensis,
3506 4524 3569 4581 in

250 4612 610 4684 amaritiem,
644 4607 831 4665 aﬂerri
858 4605 1145 4677 precept,
1186 4605 1407 4661 allatum
1435 4603 1729 4669 benedixit,
1763 4602 1858 4658 de-

250 4702 335 4761 dit
371 4699 724 4756 benedictum
754 4694 1024 4752 sacerdou
1057 4711 1071 4758 ;
1104 4693 1255 4749 dedit
1268 4692 1318 4749 ei
1348 4699 1624 4762 etpartem
1655 4689 1854 4760 baculi,

251 4800 418 4863 quem
464 4803 633 4843 manu
688 4794 927 4859 gestare,
974 4797 1081 4854 quo
1122 4780 1408 4838 sustentari
1464 4787 1846 4836 consueverat.

252 4877 464 4948 Quibus
501 4876 603 4945 ille.
621 4873 885 4945 acceptis,
911 4872 975 4929 in.
994 4887 1093 4942 spe
1118 4869 1281 4927 simul
1297 4877 1351 4925 et
1374 4867 1487 4925 fidei
1527 4868 1861 4942 regreditur,

324 5074 435 5155 (ιβ)
482 5067 952 5155 amnium;
1021 5061 1847 5155 Φιξηοττί..ἰη,ε.ἵξιίξηξηεὲςιέὲ

250 5134 487 5211 Chiriéa,
520 5144 674 5200 locus
720 5157 829 5203 non
859 5134 1053 5211 praeui
1077 5134 1347 5211 aTBasilea
1374 5134 1503 5190 situs
1533 5152 1545 5189 :
1580 5142 1663 5211 est
1696 5148 1846 5211 ergo

247 5204 877 5291 Altenkirchmquinque'
939 5204 1242 5291 miliaribus
1290 5208 1518 5291 distans,
1567 5204 1636 5259 ad
1664 5205 1847 5291 .ll'la‘tn

247 5288 473 5343 lluvium
507 5304 531 5350 ;,
554 5273 716 5341 Κίἒοιι
764 5273 943 5337 autem
972 5279 1262 5350 Germanis
1312 5273 1597 5350 ecclesiam
1635 5273 1850 5347 signiﬁ-

249 5365 366 5423 cat,
425 5375 458 5411 a
505 5348 637 5413 voce
686 5353 878 5411 Graeca
920 5349 1207 5433 Κυριᾳχᾲν,
1260 5348 1631 5415 Dominicum,
1668 5355 1724 5401 ut
1756 5360 1848 5402 v.0-

248 5439 368 5494 lunt
393 5436 660 5511 plerique,
684 5433 927 5511 quosed.
1282 5443 1483 5511 vocare
1508 5442 1616 5481 non
1634 5432 1845 5511 μικραί.

326 5496 441 5580 es?)
471 5496 747 5580 Pandite
766 5496 1047 5576 ρείοωιῖιε
1065 5501 1153 5580 is.
1175 5496 1684 5580 mammas.
1705 5496 1846 5580 die:

250 5566 385 5645 ceii,
419 5566 577 5635 ’ωηο
628 5578 731 5633 99.9
766 5566 1041 5645 annexus
1098 5566 1438 5631 Cluniacensi
1476 5567 1725 5629 εοεηώἰο
1779 5566 1849 5623 ab

251 5643 487 5724 Ηίλίθηθ
500 5647 781 5723 episcopo:
813 5661 880 5705 eo
907 5643 977 5703 de
1003 5659 1112 5725 ΨΟ
1137 5651 1326 5721 “tum
1346 5655 1531 5720 mpm“

1965 4614 2210 4663 sanctam
2241 4606 2439 4662 dilatus
2474 4611 2841 4662 senectutem-
2878 4606 3127 4675 Quodam
3155 4624 3397 4680 namque
3419 4618 3565 4668 tuan

1964 4709 2121 4764 pore,
2156 4694 2212 4749 8-.
2246 4694 2426 4768 Hugo,
2460 4702 2607 4751 tanta
2627 4695 2873 4765 corporis
2924 4695 3149 4751 amictus
3206 4699 3454 4755 molestia
3503 4706 3567 4755 ut

1964 4782 2255 4841 inminens
2303 4782 2706 4839 incommodum
2738 4783 2860 4840 vita
2889 4783 3195 4856 desperatio
3224 4796 3563 4861 sequeretur;

1964 4870 2033 4937 de
2061 4870 2248 4928 medio
2272 4871 2490 4940 montis,
2526 4870 2619 4942 qui
2648 4869 2911 4930 Cluniaco
2940 4873 3175 4943 adjeeet,
3210 4875 3367 4945 missi
3388 4876 3563 4935 fratri-

2028 5064 2139 5145 (50)
2195 5062 2552 5145 Ecgraphum
2608 5069 2878 5145 nostrum
2918 5063 3325 5145 Suecionens‘is,
3353 5065 3563 5145 melius

1956 5139 2140 5208 utique
2172 5151 2331 5205 quam
2356 5136 2740 5208 Uccionensis,
2762 5136 2836 5190 uti
2867 5136 3190 5208 impressum
3248 5140 3309 5193 in
3353 5140 3564 5196 biblio-

1957 5205 2113 5264 theca
2143 5224 2160 5272 ;
2193 5221 2329 5278 quos
2358 5213 2540 5281 autem
2565 5205 2973 5281 Suessionensis
2988 5207 3044 5263 S.
3062 5209 3293 5281 Crispini
3313 5210 3567 5281 abbatis,

1957 5287 2081 5336 ante
2131 5276 2593 5348 restaurationem
2632 5277 2758 5348 anni
2810 5280 2969 5343 “‘57,
3022 5276 3247 5335 abbates
3281 5280 3564 5348 habuerit,

1957 5350 2255 5424 ignoratur.
2283 5347 2558 5403 Celebrior
2582 5347 2796 5424 ibidem
2817 5358 2899 5404 est
2928 5349 3044 5424 alia
3070 5349 3126 5406 S.
3157 5349 3434 5424 _Meda_rdi,
3462 5348 3565 5424 sed

1958 5419 2103 5500 e'xtra
2152 5434 2335 5475 muros
2381 5434 2500 5490 tutae
2531 5433 2641 5475 non
2697 5419 2858 5475 sollet
2902 5421 3122 5476 nomine
3150 5419 3558 5477 Suessionensis

1958 5507 2078 5551 veru
2087 5507 2144 5546 1‘0
2158 5532 2172 5547 .

2028 5562 2138 5637 (st)
2183 5559 2803 5637 lierziacum‘prioratus
2857 5562 2912 5616 in
2963 5577 3095 5635 agro
3154 5561 3571 5637 Matisconeusi,

1958 5636 2015 5690 in
2041 5630 2290 5706 ejusdem
2321 5630 2555 5711 nominis
2584 5632 2810 5711 Oppido.
