4032 6078
509 291 611 351 879

1599 282 1656 339 S.
1700 282 2011 341 HUGONIS
2048 285 2338 341 ABBATlS
2379 290 2692 345 CLUNIAC.

3722 301 3829 352 880

509 418 608 470 bus
645 411 894 468 ultimam
927 409 1148 465 daturus
1197 405 1650 474 benedictionem,
1711 407 1782 461 ad
1813 407 2106 476 capitulum
2139 410 2191 469 A
2222 409 2367 463 Deus
2397 409 2450 464 in
2489 411 2591 467 hac
2620 413 2783 468 etiam
2825 414 2934 468 vita
2955 422 3321 486 contemptum
3363 419 3540 487 puniri
3598 429 3827 476 sancto-

507 502 724 559 delatus
751 507 854 554 est.
889 496 1006 551 Flet
1053 501 1367 559 conventus,
1401 503 1454 549 et
1483 503 1633 565 ,eget
1679 494 1893 560 solatio,
1952 494 2104 563 quis-

507 589 626 662 quis
647 587 813 643 alium
844 584 1032 638 nititur
1061 581 1360 638 consolari.
1417 582 1732 637 Acclamant
1762 581 1852 636 ﬁlii
1870 583 2102 650 Patrem,

507 677 826 748 magistrum
878 669 1133 740 discipuli
1192 670 1528 725 circumeunt
1587 690 1604 735 ;
1656 676 1913 725 retractat
1967 687 2106 742 grex

504 764 801 820 indefessas
830 761 1059 832 pastoris
1089 759 1351 814 excubias
1385 777 1396 819 ;
1433 766 1484 813 et
1514 775 1633 828 qua:
1676 759 1938 829 lacrymas
1966 775 2102 828 pro-

501 858 717 915 vocent,
745 849 982 920 undique
1010 847 1226 917 pietatis
1256 847 1376 916 ejus
1421 846 1651 918 insignia
1709 847 2100 917 praedicantur.

499 940 711 996 Dehinc
746 939 866 1008 ipso
918 937 1193 1004 innuente,
1226 943 1534 990 sanctorum
1592 935 1920 1006 imaginibus
1957 952 2103 1004 pra:-

498 1036 736 1084 sentatur
784 1024 1156 1096 apostolorum
1213 1038 1438 1092 sperans
1494 1038 1682 1076 eorum
1731 1024 1933 1077 meritis
1990 1024 2099 1076 im-

495 1117 761 1188 ploratam
818 1129 877 1167 se
898 1111 1127 1182 adipisci
1156 1111 1459 1165 sanitatem.
1511 1111 1646 1178 Quae
1676 1111 1959 1165 confestim
1990 1111 2099 1165 im-

495 1211 725 1276 petrata,
786 1199 1008 1272 pupillis
1057 1208 1290 1253 tutorem
1354 1198 1607 1264 restituit,
1668 1198 1792 1252 ﬁliis
1864 1208 2096 1268 patrem,

497 1290 834 1364 pauperibus
863 1287 1222 1360 provisorem.
1257 1287 1375 1340 Nec
1422 1287 1604 1340 minus
1658 1286 1797 1357 stle
1818 1302 2100 1342 commen-

497 1381 735 1436 dandum
766 1377 1042 1434 credimus
1085 1376 1229 1445 quod
1282 1375 1508 1429 Romam
1548 1373 1928 1444 proﬁciscenti,
1988 1375 2100 1429 vita

494 1469 703 1540 pariter
743 1475 796 1520 et
845 1463 1187 1520 incolumitas
1217 1471 1299 1517 est
1326 1463 1381 1515 in
1404 1471 1572 1518 morte
1599 1471 1944 1518 conservata.
2001 1463 2098 1518 Ille

493 1555 787 1626 siquidem,
808 1554 933 1608 dum
965 1559 1185 1622 propter
1199 1550 1476 1605 civitatem
1507 1550 1818 1622 Vapingum
1840 1553 1976 1620 (132'),
2000 1566 2100 1620 per

497 1644 729 1712 abrupta
757 1640 1022 1696 montium
1066 1647 1118 1694 et
1150 1638 1419 1708 ancipites
1475 1638 1755 1693 anfractus
1805 1639 2094 1705 incederet,

496 1730 675 1787 altiori
704 1729 917 1786 cuidam
946 1727 1246 1798 praecipitio
1277 1726 1743 1798 incircumspectis
1785 1726 2094 1782 accessibus
2121 1756 2176 1816 B

495 1818 756 1876 occurrit.
785 1816 1075 1872 Declinans
1108 1814 1255 1869 mula
1285 1814 1341 1868 in
1371 1815 1588 1883 vallem,
1637 1815 1724 1870 cui
1754 1815 1932 1884 prima
1951 1815 2091 1869 inni-

492 1915 732 1963 terentur
761 1904 1004 1976 vestigia,
1039 1903 1171 1958 nihil
1201 1901 1434 1958 solidum
1465 1903 1688 1958 invenit.
1715 1903 1931 1958 Pallent
1969 1919 2096 1959 mo-

491 1995 654 2052 nachi
712 1996 846 2063 (53),
896 1991 1196 2046 diffidentes
1251 1989 1550 2061 periculum
1615 2007 1858 2062 praesens
1913 1991 2094 2062 aliquo

489 2099 653 2155 posse
681 2080 944 2137 declinari
992 2079 1216 2135 consilio
1249 2095 1260 2139 ;
1293 2079 1560 2133 Dominus
1617 2087 1816 2145 autem,
1875 2079 2094 2150 plenum

493 2171 666 2227 beatae
683 2169 800 2241 spei
829 2177 883 2224 et
911 2167 1109 2238 gloria:
1138 2165 1300 2221 tinem
1332 2181 1489 2222 servo
1517 2181 1616 2221 suo
1648 2166 1963 2237 providens,
1995 2166 2092 2222 mi-

491 2259 739 2315 rabiliter
768 2272 892 2312 eum
927 2255 995 2310 de
1027 2253 1228 2325 patenti
1257 2253 1457 2323 abysso
1487 2253 1672 2309 eduxit
1705 2271 1717 2317 ;
1753 2254 1900 2308 mula
1948 2254 2094 2308 divi-

492 2347 637 2402 nitus
662 2345 716 2400 in
746 2360 867 2400 eam
897 2342 1161 2398 innitente
1194 2350 1419 2413 partem,
1452 2341 1507 2396 in
1537 2358 1642 2412 qua
1699 2341 1935 2397 solidum
1993 2341 2094 2397 iter

491 2445 546 2493 et
574 2432 868 2491 obstaculis
888 2431 1116 2486 liberum
1144 2429 1367 2487 invenit.
1439 2431 1602 2486 Porro
1631 2430 1699 2484 de
1749 2430 1910 2484 simili
1941 2431 2091 2501 peri-

489 2525 610 2580 culo
668 2522 895 2578 clericus
963 2519 1208 2590 quidam,
1267 2518 1335 2572 de
1390 2517 1662 2588 Hispaniis
1719 2535 1841 2574 cum
1891 2519 2092 2574 abbate

486 2610 820 2684 regrediens,
852 2609 981 2663 dum
1006 2608 1234 2664 comites
1291 2606 1360 2661 ad
1415 2606 1706 2676 hospitium
1736 2605 2090 2676 praecederet,

490 2709 545 2755 et
586 2697 928 2768 improvidus
985 2695 1040 2749 in
1088 2695 1415 2751 horrendum
1473 2694 1817 2749 delaberetur
1894 2695 2092 2764 praeci-

487 2786 704 2856 pitium,
727 2785 797 2838 ad
824 2785 1132 2838 invocatum
1162 2798 1360 2837 nomen
1399 2781 1635 2846 abbatis,
1664 2784 1970 2839 ramuscula
1999 2801 2090 2838 re-

488 2881 670 2929 tentus
691 2871 916 2926 liberari
937 2870 1262 2940 promeruit.
1293 2871 1563 2924 Praeterea
1592 2869 1826 2925 Geraldo
1851 2872 2088 2940 cuidam,

492 2977 592 3034 per
620 2959 865 3032 Ligerim
897 2967 1102 3014 temere
1132 2957 1440 3030 remiganti,
1472 2957 1668 3028 saepius
1713 2958 1885 3013 abbas
1932 2960 2092 3016 invo-

489 3047 902 3107 catusadfuisse
931 3046 1274 3118 perhibetur.
1315 3045 1614 3102 Submersa
1671 3046 1874 3118 quippe
1929 3047 2089 3103 navi-

491 3139 638 3206 cula,
705 3151 829 3192 cum
887 3150 982 3191 res
1038 3135 1110 3189 ad
1169 3133 1290 3190 vitae
1347 3133 1646 3204 periculum
1705 3135 1942 3203 cederet,
1972 3136 2090 3206 ipse

488 3241 687 3282 nomen
709 3225 836 3294 ejus
865 3223 1189 3290 acclamans,
1223 3221 1512 3277 incolumis
1552 3223 1622 3277 ad
1677 3222 1852 3295 ripam
1899 3232 2092 3279 enata-

483 3315 580 3372 vit.
633 3313 753 3382 Qua
798 3311 854 3366 in
911 3327 1158 3383 persona,
1208 3326 1272 3366 eo
1305 3311 1539 3382 amplius
1595 3311 1806 3366 abbatis
1836 3313 2090 3368 meritum

487 3402 694 3470 claruit,
756 3417 862 3470 quo
892 3400 984 3454 ille
1016 3400 1224 3454 dudum
1257 3399 1496 3454 turbatus
1525 3400 1828 3468 cerebrum,
1860 3400 2091 3471 imperi-

487 3493 563 3548 tia
591 3489 812 3561 quidem
843 3488 1156 3545 naviculum
1187 3487 1452 3556 ascendit,
1504 3488 1600 3542 sed
1655 3489 1832 3560 gratia
1863 3498 2091 3545 mortem

487 3579 676 3636 evasit.

560 3685 654 3738 31.
693 3685 893 3754 Magna
921 3697 1055 3736 sane
1083 3680 1251 3751 hujus
1281 3681 1383 3735 viri
1414 3683 1622 3749 merita,
1639 3683 1793 3754 cujus
1820 3684 2092 3740 necamici

491 3771 637 3842 apud
665 3772 837 3826 Deum
867 3768 1242 3824 irremunerati
1271 3769 1504 3838 fuerunt,
1537 3786 1638 3826 nec
1665 3771 1916 3841 impuniti
1953 3788 2090 3829 con-

491 3867 804 3931 temptores,
837 3873 944 3913 non
965 3857 1114 3928 quod
1144 3858 1264 3927 ipse
1291 3857 1452 3912 vellet
1483 3866 1711 3913 mortem
1758 3861 2090 3930 peccatoris,

489 3957 580 4005 aut
609 3963 710 4020 pro
739 3945 975 4001 inimicis
1002 3961 1158 4001 orare
1189 3945 1495 4013 desisteret,
1535 3945 1626 4016 qui
1655 3957 1878 4003 noverat
1923 3949 2092 4004 nemi-

486 4053 617 4094 nem
665 4052 789 4092 vere
845 4035 1078 4108 diligere
1135 4034 1428 4104 Christum,
1486 4035 1660 4091 donec
1718 4043 1771 4092 et
1810 4036 2091 4092 inimicum

486 4125 739 4198 diligeret
764 4131 982 4195 propter
1010 4122 1297 4178 Christum.
1327 4122 1598 4179 Caeterum
1636 4123 1752 4179 vult
1800 4124 2090 4197 aliquando

561 4250 678 4317 (52)
713 4245 1042 4317 Vapingum,
1079 4244 1210 4300 urbs
1266 4244 1594 4315 episc0palis
1632 4245 1824 4300 Gallia:
1870 4247 2090 4301 Narbo-

488 4315 890 4440 neiifii’riﬂgo
912 4315 1116 4440 ξδθῖω
1164 4401 1280 4440 rem
1310 4385 1413 4440 hoc
1430 4386 1593 4440 modo
1624 4385 1854 4440 describi

560 4391 674 4460 (573)
699 4385 856 4458 Hugo
912 4385 1116 4460 in_V_ita
1164 4385 1413 4460 reinhoc
1430 4386 1594 4460 modo
1624 4385 1880 4460 describit
1934 4403 2084 4442 num.

2120 3101 2170 3164 C

2216 513 2359 564 rum,
2394 515 2465 553 ne
2479 499 2648 567 justus
2665 501 2800 555 zelet
2821 518 2994 573 super
3009 505 3230 576 iniquos
3242 522 3437 576 pacem
3458 513 3828 577 peccatorum

2212 586 2486 650 videns,et
2503 587 2673 644 dicat:
2692 590 2829 660 Ergo
2846 590 2968 646 sine
2986 608 3157 647 causa
3168 593 3479 662 j-ustiﬁcavi
3494 612 3591 650 cor
3601 613 3824 661 meum,

2212 674 2914 734 ctlaviinterinnocentes
2957 697 3162 736 manus
3194 698 3349 736 mea:
3369 683 3541 751 (Psal.
3564 699 3740 750 Lxxu,
3767 690 3824 752 3,

2213 761 2754 819 13l‘?Suntfortassis
2783 766 2976 822 etaliae
3031 768 3350 823 occultiores
3392 787 3591 838 causae,
3627 774 3826 841 quibus

2210 848 2389 904 Judex
2400 849 2580 918 justus
2603 853 2689 908 hic
2711 861 2762 907 et
2783 853 3181 910 benefactorum
3213 857 3436 927 praemia
3463 861 3736 928 rependit,
3771 869 3828 916 et

2207 935 2435 1006 injurias
2483 939 2660 1010 punit.
2709 942 2873 995 Porro
2904 941 3169 1013 irrogatas
3199 945 3323 999 huic
3350 962 3512 1001 servo
3557 965 3654 1002 suo
3682 965 3822 1004 con—

2211 1025 2481 1095 tumelias,
2505 1045 2666 1097 quam
2710 1029 2950 1084 districto
2980 1033 3243 1100 percussit
3266 1033 3497 1101 judicio,
3544 1035 3820 1092 succinter

2206 1127 2304 1166 nos
2358 1131 2467 1168 non
2526 1117 2744 1171 tzndcbit
2782 1119 3076 1187 explicare.
3111 1122 3162 1173 Is
3191 1120 3374 1191 itaque
3420 1131 3560 1177 totus
3615 1141 3826 1195 propa-

2206 1201 2372 1271 gandi
2400 1205 2752 1258 monasticam
2782 1206 3108 1278 religionem
3144 1209 3337 1264 studiis
3358 1214 3821 1281 occupatus,dum

2207 1304 2329 1342 eam
2362 1290 2417 1343 in
2442 1293 2770 1347 monasterio
2793 1294 3148 1348 Mauziacensi
3182 1297 3296 1366 (54)
3321 1298 3620 1354 reformare
3678 1317 3823 1356 con-

2209 1378 2396 1445 tendit,
2482 1381 2861 1436 nonnullorum
2946 1384 3162 1452 pertulit
3234 1385 3513 1454 invidiam,
3575 1389 3821 1444 convicia

2207 1467 2472 1534 sustinuit,
2501 1469 2761 1524 seductor
2790 1478 2843 1524 et
2873 1471 3165 1541 hypocrita,
3200 1481 3454 1542 tyrannus
3482 1484 3538 1530 et
3594 1477 3820 1532 invasor

2207 1555 2554 1610 acclamatus.
2592 1558 2733 1612 Inter
2789 1575 2922 1628 ques
2979 1561 3200 1629 quidam
3267 1562 3493 1617 clericus
3561 1564 3619 1618 in
3677 1565 3818 1620 hanc

2205 1658 2377 1713 usque
2416 1645 2661 1715 prorupit
2717 1646 3002 1713 insaniam,
3060 1657 3116 1702 ut
3165 1648 3368 1704 diceret
3413 1649 3817 1709 eﬂ'ossurumse

2205 1731 2391 1786 oculos
2449 1733 2654 1800 abbati,
2711 1734 2756 1787 si
2813 1734 2867 1788 in
2900 1737 3004 1790 hoc
3061 1752 3198 1806 opus
3221 1747 3474 1807 excptata
3500 1740 3608 1793 sibi
3654 1743 3818 1811 c0pia

2206 1819 2520 1875 donaretur.
2578 1823 2831 1893 Arguunt
2877 1839 3004 1878 eum
3033 1825 3320 1894 puniendaa
3370 1829 3817 1898 praesumptionis

2202 1905 2281 1960 illi
2319 1907 2502 1977 etiam,
2567 1910 2659 1980 qui
2717 1911 3104 1980 temperantius
3162 1913 3344 1968 abbati
3431 1915 3812 1984 detrahebant,

2202 1994 2442 2050 dicentes
2471 2012 2578 2051 non
2608 1999 3034 2068 exasperandam
3084 2002 3440 2069 contumeliis,
3500 2005 3598 2058 sed
3638 2005 3812 2060 obse-

2203 2082 2344 2150 quiis
2374 2085 2661 2140 colendam
2693 2088 2869 2158 potius
2898 2097 2951 2142 et
2983 2088 3194 2143 ordinis
3217 2097 3268 2144 et
3296 2106 3544 2160 personae
3565 2092 3810 2163 dignita—

2202 2176 2328 2224 tem.
2363 2175 2437 2227 Ac
2457 2189 2524 2227 ne
2559 2174 2893 2230 dubitaretur
2921 2176 2976 2228 in
3002 2192 3162 2232 servo
3193 2193 3288 2232 suo
3345 2178 3640 2233 Dominum
3670 2196 3813 2252 gra-

2202 2258 2342 2312 viter
2364 2259 2648 2329 offensum,
2681 2263 2827 2331 juxta
2854 2263 2990 2320 illud
3008 2265 3288 2336 Evangelii
3311 2284 3321 2319 :
3355 2268 3460 2334 Qui
3473 2284 3560 2322 vos
3581 2271 3809 2340 sper-nit

2199 2361 2288 2402 me
2317 2350 2537 2419 spernit
2559 2351 2716 2419 (Luc.
2736 2368 2792 2419 χ,
2814 2354 2901 2422 16)
2926 2370 2938 2414 ;
2966 2370 3253 2409 venenosa:
3305 2355 3508 2427 lingua:
3538 2373 3803 2426 praesum-

2204 2434 2407 2490 tionem
2439 2447 2544 2492 tam
2589 2439 2761 2510 digna
2790 2448 2870 2495 est
2899 2441 3030 2496 ultio
3088 2442 3378 2498 subsecuta
3436 2453 3510 2509 ut,
3546 2445 3639 2499 vix
3685 2456 3811 2501 octo

2201 2521 2396 2577 diebus
2427 2525 2676 2593 evolutis,
2710 2527 2962 2599 exigente
2993 2528 3152 2600 culpa
3173 2530 3222 2584 ei
3247 2529 3605 2586 eﬂ‘oderentur
3637 2533 3808 2600 oculi,

2201 2609 2292 2680 qui
2323 2609 2376 2664 in
2397 2613 2582 2669 oculos
2605 2614 2813 2670 abbatis
2843 2617 3166 2689 sacrilegam
3219 2617 3561 2674 aﬂ‘ectaverat
3619 2621 3801 2675 facul-

2200 2704 2385 2754 tatem.

2283 2798 2369 2851 32.
2401 2791 2624 2848 Pontius
2650 2792 2719 2847 de
2741 2794 2996 2866 Burgeto,
3029 2794 3116 2849 vir
3146 2796 3467 2851 accusanda)
3501 2795 3799 2853 voluntatis

2200 2883 2261 2936 in
2307 2896 2526 2936 servum
2577 2879 2716 2948 Dei,
2782 2883 3010 2936 audiens
3068 2883 3322 2938 abbatem
3372 2894 3554 2954 partes
3603 2890 3810 2944 Arver-

2200 2969 2305 3024 niac
2333 2969 2468 3039 (ὃὸ),
2503 2967 2556 3021 in
2587 2968 2780 3039 quibus
2816 2970 2930 3040 ipse
2963 2971 3291 3039 morabatur,
3325 2972 3622 3042 aditurum,
3673 2989 3799 3029 cum

2204 3066 2348 3113 teum
2377 3072 2478 3110 nec
2507 3055 2714 3111 videret
2743 3058 2920 3124 vellet,
2955 3074 3054 3114 nec
3083 3059 3257 3114 videri
3279 3060 3602 3116 declinasset
3657 3078 3804 3117 con-

2205 3153 2427 3216 temptu,
2461 3144 2710 3198 morbum
2741 3146 3002 3202 simulans
3023 3148 3076 3200 in
3097 3148 3300 3202 lectum
3325 3148 3548 3203 decidit.
3579 3149 3805 3204 Factum

2202 3241 2281 3288 est
2309 3241 2490 3288 autem
2522 3236 2600 3298 ut,
2641 3233 2770 3289 illuc
2800 3234 2998 3290 abbate
3025 3237 3296 3305 profecto,
3329 3252 3455 3290 vera
3485 3236 3636 3291 ﬁeret
3679 3254 3805 3308 qua:

2202 3321 2508 3393 fingebatur
2537 3319 2837 3383 infirmitas;
2889 3340 3009 3395 qua:
3038 3324 3286 3394 profecto
3336 3323 3392 3378 in
3440 3331 3644 3379 tantum
3700 3343 3804 3381 ex-

2201 3409 2371 3466 crevit
2419 3414 2479 3464 ut
2530 3411 2731 3464 amissa
2775 3411 3031 3482 loquendi
3093 3412 3369 3478 facultate,
3426 3413 3694 3468 deductus
3729 3415 3806 3469 ad

2200 3509 2444 3554 extrema
2472 3505 2770 3564 putaretur.
2803 3499 2980 3568 Quem
3029 3501 3209 3571 itaque
3236 3502 3388 3572 prius
3443 3502 3627 3558 videre
3688 3519 3798 3558 no-

2199 3587 2316 3654 luit,
2347 3593 2567 3642 coactus
2596 3592 2790 3658 postea
2839 3589 2991 3656 vidit,
3023 3605 3122 3658 per
3164 3588 3522 3645 internuntios
3537 3591 3809 3646 omnimoa

2199 3677 2286 3732 dis
2322 3690 2555 3731 exorans
2587 3683 2643 3728 ut.
2672 3692 2743 3745 ap
2789 3692 2855 3732 eo
2903 3677 3106 3733 visitari
3165 3686 3481 3733 mereretur.
3533 3679 3797 3734 Visitatus

2200 3782 2373 3837 aeger,
2403 3764 2458 3817 in
2489 3763 2741 3834 lacrymis
2770 3773 2825 3820 et
2852 3767 3058 3837 gemitu
3089 3767 3310 3837 culpam
3361 3766 3665 3834 confitetur;
3716 3767 3804 3824 cui

2199 3863 2252 3910 et
2279 3856 2532 3910 contritio
2567 3854 2754 3912 cordis
2808 3855 3047 3922 veniam,
3094 3863 3145 3908 et
3199 3854 3540 3910 inccrventus
3592 3855 3809 3910 abbatis

2199 3944 2486 3999 sanitatem
2513 3943 2826 4016 acquisivit.

2269 4037 2357 4088 33.
2391 4033 2712 4088 Cuanobium
2743 4033 2800 4086 B.
2835 4031 3068 4100 Martini,
3103 4031 3247 4102 quod
3302 4031 3804 4101 Majus-Monaste-

2193 4120 2334 4175 rium
2383 4121 2601 4188 dicitur,
2633 4121 2854 4176 comitis
2904 4121 3316 4191 Andegavensis
3362 4122 3498 4191 (56),
3558 4121 3790 4176 videlice

2198 4245 2444 4300 columis.

2268 4319 2382 4386 (54)
2413 4315 2766 4386 Ecgraphum
2822 4322 3062 4369 nostrum
3120 4322 3173 4369 et
3227 4315 3516 4384 impressa,
3549 4315 3800 4370 Maudia-

2203 4388 2371 4452 censi,
2405 4386 2460 4439 in
2490 4387 2732 4457 margine
2779 4394 2957 4441 autem
3007 4393 3220 4457 notatur
3271 4386 3626 4454 llloysiacensi
3658 4404 3670 4448 ;
3705 4387 3803 4441 sed

489 4450 580 4516 t3:
601 4450 829 4528 Romam
860 4453 1220 4528 proﬁciscens
1247 4456 1534 4525 aliquando
1567 4457 1727 4528 Pater
1781 4459 1955 4528 Hugo,
1991 4473 2085 4512 ar-
2116 4450 2173 4513 D
2204 4473 2270 4512 ex
2301 4450 2593 4528 privilegio
2607 4450 2903 4528 'prmcitato
2945 4456 3225 4528 Paschalis
3275 4450 3432 4526 papa}
3482 4457 3802 4512 Moisiacum

487 4530 787 4585 ctissimam
816 4527 870 4581 in
899 4526 1258 4596 dependentis
1289 4528 1456 4580 latere
1488 4527 1636 4596 rupis
1663 4526 2081 4582 viamintroivit.

489 4602 622 4656 Erat
640 4597 867 4653 inferius
899 4597 1134 4669 terribile
1191 4597 1524 4669 profundum
1558 4599 1861 4669 praecipitii,
1914 4599 2080 4668 quod,

487 4673 582 4728 vix
610 4671 879 4726 viatorum
910 4668 1108 4738 aliquis
1129 4684 1365 4736 unquam
1397 4668 1596 4722 audeat
1650 4668 1863 4724 intueri.
1934 4671 2086 4724 Prac-

493 4740 815 4797 cedentibus
836 4738 1016 4808 itaque
1036 4739 1274 4793 seriatim
1300 4755 1414 4807 prae
1445 4739 1637 4793 timore
1667 4739 1852 4807 sociis,
1884 4755 2084 4809 seque-

491 4814 650 4867 batur
707 4813 886 4874 Pater,
934 4817 1182 4864 menteet
1211 4809 1382 4864 oculis
1405 4811 1705 4878 dextraque
1757 4811 1958 4878 pariter
2014 4811 2085 4864 ad

490 4883 686 4937 malum
716 4879 928 4946 levatis,
958 4879 1177 4934 sinistra
1205 4879 1286 4933 sui
1319 4879 1565 4934 habenas
1583 4879 1823 4935 subsellii
1850 4881 2080 4935 tenebat:

492 4951 739 5008 oratione
767 4967 1053 5021 suspensus
1078 4950 1311 5021 Domino
1352 4958 1493 5004 totus
1523 4950 1779 5021 inhiabat.
1815 4952 2085 5006 Pertrans-

493 5023 745 5077 euntibus
773 5020 970 5088 autem,
1004 5020 1253 5092 quaedam
1284 5020 1615 5089 paupercula
1670 5021 1722 5073 in
1767 5021 2084 5077 brevissimo

493 5095 640 5162 rupis
670 5093 848 5147 arduae
878 5106 1116 5162 concavo
1155 5098 1522 5162 seureceperat
1555 5109 1566 5150 ;
1605 5092 1854 5162 mulaque
1912 5093 2084 5148 sancti

491 5160 697 5233 bajula,
731 5161 1176 5233 dumglatitanteni
1205 5160 1580 5233 illamjsubito
1611 5160 1853 5232 respicit,
1887 5164 2086 5219 misere

492 5230 780 5314 pavefacta
796 5231 970 5314 subito
1001 5230 1193 5314 resilit,
1226 5231 1478 5314 resiliens.
1502 5240 1618 5314 total
1645 5230 1720 5286 in'
1758 5230 2081 5314 prefonduin

491 5298 730 5360 immane
766 5300 945 5375 -cadit.
1001 5298 1083 5352 Ibi
1132 5309 1399 5375 sanctus,_
1427 5306 1488 5356 ut
1518 5307 1657 5375 ante
1705 5298 1943 5375 agebat,_
2007 5304 2084 5359 sic

491 5376 650 5430 etiam
679 5369 924 5428 cadendo
947 5377 1192 5443 mentem
1214 5371 1469 5443 etoculos
1499 5369 1854 5443 dextramque
1882 5373 1949 5426 ad
1966 5390 2082 5428 coe-

486 5447 599 5500 lum
629 5444 861 5498 levatam
893 5439 1134 5494 tenebat.
1167 5441 1405 5494 Cadebat
1427 5457 1673 5510 corpore,
1706 5439 1801 5498 sed
1830 5443 2084 5499 immotus

485 5515 667 5569 stabat
696 5527 822 5568 eum
856 5511 1086 5566 Domino
1113 5519 1318 5566 mente.
1382 5511 1678 5582 Praevaluit
1733 5515 1915 5582 itaque
1963 5523 2079 5568 sta-

484 5585 668 5662 bilitas
698 5584 1150 5662 mentis,.suoque
1179 5581 1375 5661 sedens
1399 5581 1682 5662 subsellio,
1735 5581 2082 5662 invisibiliter

484 5661 790 5725 reportatus
817 5653 885 5708 ab
913 5649 1116 5711 infimis
1155 5653 1368 5725 viaeque
1399 5651 1648 5711 redditus
1673 5661 1756 5713 est
1791 5661 1935 5714 totus
1990 5655 2082 5735 in-_

2195 4529 2373 4598 primo
2405 4527 2545 4592 loco,
2577 4538 2630 4579 et
2661 4527 2878 4581 abbatia
2909 4527 3165 4598 Mauziaci
3197 4528 3430 4594 septimo
3462 4529 3797 4582 nominatur:

2197 4597 2309 4653 haec
2337 4606 2516 4652 autem
2550 4598 2605 4668 in
2632 4599 2883 4651 Arvernis
2913 4606 3010 4663 est,
3062 4597 3155 4650 illa
3184 4597 3238 4650 in
3258 4598 3551 4668 Cadurcis:
3608 4608 3663 4652 et
3701 4613 3801 4668 pro

2195 4669 2470 4722 Manziaco
2501 4667 2680 4736 major
2697 4677 2800 4723 stat
2824 4669 3020 4722 vicinia
3059 4667 3315 4728 nominis.
3368 4684 3475 4721 una
3531 4667 3799 4723 duntaxat

2192 4739 2390 4793 litterat
2419 4739 2744 4809 corrigendi.
2780 4741 2972 4793 Exstat
3002 4754 3130 4793 vero
3183 4739 3237 4791 in
3286 4737 3624 4809 Bibliotheca
3680 4740 3791 4794 col.

2193 4812 2296 4865 53L
2329 4812 2486 4863 Carta
2525 4808 2765 4862 Duranni
2797 4809 3036 4880 episcopi
3070 4808 3443 4880 Arvernensis,
3487 4810 3794 4864 conceden-

2195 4881 2262 4935 tis
2293 4881 2508 4947 Hugoni
2540 4878 2882 4935 Cluniacensi
2912 4878 3050 4935 hanc
3079 4878 3377 4943 abbatiam,
3411 4894 3483 4934 ex
3529 4894 3799 4934 consensu

2193 4951 2418 5006 Roberti
2483 4951 2696 5005 comitis
2770 4951 3012 5018 Arverni,
3069 4949 3422 5018 ejusdemque
3492 4949 3801 5006 donationis

2191 5020 2529 5078 confirmatio
2558 5037 2660 5090 per
2691 5021 2993 5092 Philippum
3024 5035 3234 5092 regem,
3267 5036 3360 5092 au.
3424 5023 3582 5074 1095.

2266 5093 2375 5161 (55)
2406 5093 2519 5146 Hoc
2545 5091 2880 5162 exemplum,
2907 5091 3234 5162 prmcedenti
3266 5091 3365 5162 sic;
3399 5095 3801 5160 consequenter

2193 5160 2558 5233 subjunctum,
2587 5160 2779 5232 probat
2808 5163 2882 5216 ibi
2909 5160 2981 5216 de
3016 5160 3368 5233 Mauziaccnsi
3401 5176 3507 5214 non
3569 5163 3796 5230 llloysia-

2191 5232 2340 5289 censi
2369 5233 2591 5288 abbatia
2622 5242 2800 5287 actum
2856 5234 3036 5287 fuisse.
3094 5232 3355 5300 Quaenam
3407 5240 3586 5284 autem
3633 5248 3793 5285 aver-

2190 5305 2346 5358 sandi
2377 5312 2615 5358 sanctum
2647 5317 2810 5357 causa
2841 5303 3053 5373 utrique
3086 5304 3261 5357 fuisse
3281 5303 3472 5373 potuit,
3499 5303 3605 5373 nisi
3635 5303 3790 5372 quod

2191 5376 2601 5446 indignarentur
2629 5374 2829 5428 dictam
2861 5372 3135 5446 abbatiam
3168 5372 3602 5446 Cluniacensium
3627 5373 3801 5442 juris-

2191 5443 2752 5523 dict‘io‘nii‘suhjeclam,
2787 5460 2904 5523 quae
2926 5455 3088 5523 antea
3109 5443 3481 5523 fuerat-libera.
3502 5445 3528 5494 Ῥ

2264 5517 2370 5582 (36)
2397 5514 2766 5582 Quercetanus
2795 5513 2848 5568 in
2871 5514 3250 5585 notisjvidetur
3287 5513 3597 5582 improbare
3649 5514 3800 5581 quod

2192 5586 2281 5656 hic
2334 5594 2556 5656 vocetur
2611 5586 3019 5656 Andegavensis
3075 5601 3261 5656 comes
3337 5600 3498 5656 quem
3583 5591 3800 5636 constat

2192 5655 2363 5714 fuisse
2391 5655 2790 5715 Turonensemi
2830 5656 3034 5714 Verum
3054 5655 3125 5712 ad
3145 5656 3357 5713 titulum
3376 5655 3798 5724 Andcgavemi:
