4032 6078
234 333 333 388 881

1706 332 1889 388 VITA.

3440 338 3548 397 882

236 457 508 527 Gaufridi,
539 457 864 530 cognomine
890 458 1131 526 Barbari,
1163 457 1443 527 tyrannica
1470 459 1830 527 praesumptio
1859 458 1913 517 A
1942 472 2157 513 servum
2189 457 2291 512 Dei
2320 456 2721 514 contemnendo
2749 456 2955 529 duplex
2984 465 3225 516 traxerat
3252 460 3551 520 incommo-

233 548 584 603 vebementer
637 546 911 619 affligebat
969 548 1102 619 (5'7).
1153 548 1394 619 Rogatus
1432 545 1529 600 Dei
1576 561 1762 601 servus
1808 562 1843 601 a

233 634 451 705 praefati
507 635 703 689 abbate
750 635 1004 702 cmnobii,
1062 639 1211 690 utet
1258 632 1486 689 consilio
1535 642 1588 687 et
1644 634 1841 688 oratio-

236 740 366 777 num
404 723 712 778 interventu
754 739 1033 794 oppressa:
1072 722 1386 778 subveniret
1424 720 1679 789 abbatim,
1727 722 1840 775 Tu-

232 811 383 867 ronis
411 828 584 882 usque
624 811 846 882 fatigari
894 827 1006 865 non
1052 811 1275 879 distulit,
1329 825 1393 865 eo
1441 809 1697 865 libentius
1727 808 1842 862 dif-

232 896 524 953 ficultatem
556 897 657 953 vim
686 912 986 966 assumens,
1020 898 1165 968 quod
1195 897 1336 951 idem
1376 896 1528 952 locus
1554 910 1590 950 a
1619 895 1842 951 Clunia-

234 987 383 1043 censi
431 985 747 1057 disciplina,
804 986 1121 1042 monasticae
1168 984 1450 1057 religionis
1493 983 1842 1039 fundamenta

232 1075 555 1144 susceperit.
604 1075 838 1131 Veniens
875 1083 1054 1129 autem
1099 1074 1169 1129 ad
1215 1073 1491 1141 comitem,
1541 1087 1666 1129 cum
1709 1072 1839 1127 nihil

230 1162 525 1233 proﬁceret
552 1162 752 1227 verbis,
806 1178 905 1217 nec
962 1161 1216 1232 amplecti
1261 1177 1463 1233 genua,
1493 1177 1596 1216 nec
1624 1160 1842 1216 advolvi

232 1249 466 1321 pedibus
514 1250 755 1323 erubuit.
793 1252 1081 1318 Amumpta
1128 1257 1207 1304 est
1264 1248 1439 1303 omnis
1486 1248 1665 1302 forma
1701 1264 1840 1317 sup-

230 1338 494 1407 plicandi,
527 1354 636 1408 qua
664 1338 1023 1393 mansuetudo
1054 1337 1213 1391 etiam
1245 1336 1389 1407 apud
1417 1336 1671 1392 crudeles
1708 1351 1840 1405 pro-

231 1434 457 1481 vocatur
485 1434 801 1496 potestates;
836 1427 929 1481 ille
958 1433 1141 1480 tamen
1172 1425 1411 1480 animum
1443 1440 1639 1497 gerens
1669 1424 1841 1480 obdu-

229 1521 432 1582 ratum,
466 1514 721 1569 abbatem
769 1520 1041 1569 aversatus
1081 1520 1161 1567 est
1197 1512 1607 1582 supplicantem,
1651 1511 1743 1583 qui
1774 1512 1842 1567 ad

230 1602 377 1657 hanc
429 1618 643 1672 quoque
692 1602 942 1673 prorupit
996 1601 1293 1667 insaniam,
1339 1604 1399 1654 ut
1436 1601 1640 1655 diceret
1675 1615 1734 1654 se
1780 1602 1837 1654 B.

232 1690 445 1744 Martini
481 1698 824 1756 conventum,
858 1690 929 1745 ad
956 1689 1279 1758 obsequium
1322 1689 1481 1743 unius
1509 1687 1644 1742 asini
1676 1687 1841 1744 reda-

1951 546 2106 614 dum,
2148 546 2516 618 resipiscendo
2558 545 2740 602 divina
2782 547 2986 604 ultione
3031 564 3283 622 repressa
3330 551 3552 621 plenam

1948 635 2213 704 reciperet
2240 635 2550 690 sanitatem.

2022 724 2107 776 35.
2142 722 2439 792 Perpende,
2486 723 2677 790 lector,
2726 739 2832 793 quo
2886 722 3080 779 affectu
3128 725 3554 782 commissarum

1948 807 2057 862 sibi
2086 809 2315 864 salutem
2360 810 2633 880 quasierit
2666 812 2997 879 animarum,
3044 812 3142 883 qui
3192 814 3358 869 etiam
3403 814 3553 869 circa

1947 894 2319 951 interfectores
2350 899 2534 952 fratris
2564 913 2628 953 ac
2656 900 2828 969 patris
2868 900 2949 955 sui
2978 900 3307 956 Davidicam
3337 917 3554 973 expres-

1948 983 2022 1037 sit
2052 992 2104 1039 et
2131 984 2422 1040 aemulatus
2469 992 2550 1040 est
2595 986 2896 1042 lenitatem.
2934 989 2991 1043 ls
3042 989 3205 1057 enim,
3258 989 3552 1046 secundum

1948 1072 2087 1128 illud
2121 1074 2515 1145 Evangelicum
2550 1091 2562 1126 :
2599 1075 2899 1141 Dimittitc,
2924 1081 2983 1132 et
3001 1077 3376 1133 dimittemini
3391 1080 3554 1141 (Luc.

1948 1176 2041 1227 vn,
2076 1162 2184 1231 3'7),
2218 1161 2422 1217 collata
2450 1162 2672 1232 utrique
2700 1179 2792 1218 reo
2821 1165 3013 1234 patrati
3065 1166 3345 1221 homicidii
3370 1167 3554 1234 venia,

1947 1248 2283 1320 confugienti
2315 1249 2385 1304 ad
2413 1264 2471 1304 se
2492 1249 2685 1304 fratris
2722 1249 3083 1320 interfectori,
3131 1253 3223 1309 cui
3270 1255 3339 1308 ad
3370 1253 3555 1309 decli-

1948 1337 2161 1392 nandos
2176 1337 2454 1393 interfecti
2472 1338 2754 1408 proximos
2774 1338 2992 1393 nullum
3013 1341 3233 1411 patebat
3254 1342 3551 1415 refugium,

1947 1432 2147 1481 sancte
2171 1425 2525 1495 protectionis
2581 1442 2691 1481 suae
2736 1427 2914 1482 sinum
2946 1428 3193 1498 aperuit;
3228 1430 3288 1484 in
3335 1446 3443 1502 quo
3464 1431 3560 1486 ille

1948 1520 2255 1585 susceptus,
2288 1521 2341 1569 et
2389 1514 2715 1584 temporalis
2762 1516 2895 1570 vitae
2942 1515 3237 1571 discrimen
3286 1517 3471 1582 evasit,
3502 1527 3557 1574 et

1947 1602 2098 1656 viam
2146 1602 2350 1658 invasit
2378 1603 2741 1673 sempiternae.
2776 1604 2856 1658 Ad
2906 1603 3121 1659 abbatis
3165 1620 3401 1677 namque
3430 1623 3558 1679 sug-

1946 1691 2251 1762 gestionem
2281 1698 2636 1761 compunctus
2674 1692 2974 1759 homicida,
3035 1708 3356 1762 supremum
3380 1695 3558 1765 poeni-

234 1786 469 1833 cturum.
511 1779 752 1850 Surgens
785 1779 1005 1834 tandem
1035 1778 1134 1833 Dei
1165 1794 1351 1834 servus
1379 1792 1413 1831 a
1440 1777 1689 1847 pulvere,
1718 1793 1839 1832 cum
1867 1805 1922 1866 Β
1954 1779 2135 1834 tentia;
2163 1779 2415 1833 habitum
2443 1779 2703 1849 sumpsit,
2724 1780 2778 1833 in
2809 1794 2920 1850 quo
2951 1780 3045 1835 ille
3074 1788 3294 1852 peracta
3324 1781 3559 1837 feliciter

233 1871 569 1936 assumptum
598 1867 869 1935 chlamide
911 1875 1224 1937 tyrannum,
1265 1865 1555 1921 salutiferis
1601 1865 1843 1920 emollire

232 1955 493 2010 niteretur
520 1956 769 2026 eloquiis,
800 1955 893 2011 ille
924 1963 1104 2024 rupta,
1155 1969 1262 2025 qua
1300 1954 1528 2009 chlamis
1573 1953 1842 2025 astringe-

231 2042 419 2109 batur,
450 2041 636 2111 ﬁbula,
670 2043 997 2114 contemptis
1028 2042 1517 2109 exhortationibus,
1551 2041 1838 2096 abscessit.

231 2131 560 2187 Abscedenti
589 2132 673 2187 vir
711 2132 1030 2203 prophetico
1081 2139 1254 2186 tactus
1295 2130 1523 2199 Spiritu,
1570 2128 1705 2183 illud
1744 2130 1842 2184 Sa~

231 2220 427 2274 muelis
455 2220 655 2274 dixisse
675 2228 1009 2275 nemoratur:
1048 2218 1307 2277 Scissum
1319 2223 1405 2273 est
1416 2234 1662 2288 regnum
1676 2220 1841 2272 tuum

236 2312 365 2363 ate
422 2309 584 2364 hodie
614 2308 818 2379 l(Reg.
861 2323 958 2373 xv,
1006 2308 1115 2376 28).
1163 2305 1321 2375 Quod
1368 2306 1612 2376 profecto
1642 2305 1839 2360 vatici-

230 2394 383 2451 nium
440 2396 522 2450 rei
578 2396 760 2451 exitus
806 2394 1112 2450 declaravit
1171 2413 1182 2448 :
1236 2394 1495 2465 expulsus
1558 2394 1755 2447 etenim
1810 2409 1843 2447 a

235 2483 537 2551 consulatu,
570 2482 753 2538 tandiu
782 2490 1125 2551 contemptor
1170 2482 1261 2536 ille
1290 2497 1322 2535 a
1359 2480 1527 2536 fratre
1573 2494 1673 2535 suo
1713 2480 1844 2535 Ful-

238 2586 377 2626 cone
406 2571 654 2627 detentus
713 2574 794 2626 est
840 2571 896 2625 in
954 2586 1187 2637 carcere,
1242 2578 1300 2624 ut
1328 2585 1435 2623 non
1490 2568 1640 2638 prius
1687 2584 1719 2622 a
1758 2584 1846 2624 cu-

241 2660 417 2715 stodia
448 2675 663 2730 corpus,
715 2674 880 2730 quam
927 2658 1144 2728 spiritus
1186 2674 1218 2712 a
1249 2673 1478 2726 corpore
1519 2657 1840 2713 solveretur.

243 2748 343 2803 Cui
401 2748 471 2802 ad
532 2747 806 2803 cumulum
854 2746 1072 2801 ultionis
1116 2746 1223 2800 hoc
1277 2745 1438 2800 etiam
1485 2744 1730 2809 accessit,
1786 2741 1845 2798 ut

243 2836 441 2892 amisso
470 2852 627 2892 sensu
660 2836 715 2890 in
744 2836 983 2905 pueriles
1019 2834 1251 2904 ineptias
1286 2833 1358 2887 ad
1395 2841 1626 2888 mortem
1675 2847 1846 2902 usque

244 2925 520 2980 deliraret.

316 3015 411 3068 34.
436 3013 711 3068 Berardus
757 3028 974 3083 quoque
1023 3011 1094 3066 de
1147 3019 1324 3065 castro
1354 3008 1661 3065 Retortorio
1709 3009 1840 3079 (58),

239 3103 296 3157 in
323 3101 508 3156 villam
543 3101 900 3157 Cavariacum
922 3099 1038 3169 (59)
1081 3115 1204 3169 quae
1252 3098 1385 3168 juris
1422 3105 1502 3152 est
1536 3096 1846 3152 monasterii

239 3190 636 3255 Cluniacensis,
704 3156 1115 3245 exactionibus.
1153 3156 1388 3242 insolitis
1456 3185 1844 3251 debacchatus,
1875 3156 1927 3220 Ο
1952 3156 2242 3253 Ademaro,
2270 3156 2637 3257 dispensatori
2664 3185 3116 3242 benedictionum
3145 3184 3304 3240 servi
3319 3156 3443 3252 Dei,
3466 3183 3561 3253 qui

234 3279 473 3334 similem
527 3293 709 3348 pmnae
766 3277 1018 3332 sustinuit
1074 3275 1349 3329 ultionem.
1385 3272 1484 3329 Hic
1531 3271 1847 3342 aliquandiu

233 3368 505 3439 patienter
533 3366 814 3431 toleratus,
838 3364 1034 3419 deinde
1065 3379 1161 3434 per
1200 3361 1479 3433 principes
1507 3367 1562 3415 et
1589 3358 1846 3414 ecclesia-

234 3457 395 3511 sticas
420 3454 732 3509 admonitus
776 3468 1061 3525 personas,
1091 3459 1151 3505 ut
1191 3468 1223 3505 a
1276 3449 1569 3520 tyrannicis
1612 3447 1846 3502 desiste-

234 3552 316 3599 ret
343 3544 570 3612 injuriis,
602 3559 724 3599 cum
761 3558 953 3599 omnes
982 3556 1137 3610 aeque
1167 3546 1463 3609 sperneret,
1490 3544 1657 3591 totum
1688 3534 1849 3603 hujus

236 3632 313 3686 rei
345 3632 626 3701 negotium
654 3632 714 3685 Β.
747 3631 906 3701 Hugo
933 3628 1131 3683 Joanni
1178 3626 1430 3695 Baptista:
1457 3623 1745 3690 commisit,
1776 3621 1848 3676 ad

236 3735 400 3792 quem
436 3719 530 3773 ille
576 3734 892 3785 conversus,
942 3718 1204 3772 adversus
1250 3714 1543 3784 praefatum
1592 3711 1845 3767 Satanam

234 3806 494 3876 lacrymis
541 3815 599 3861 et
649 3806 857 3877 gemitu
911 3803 1376 3875 promptissimum
1440 3801 1560 3869 ejus
1609 3799 1849 3871 postulat

238 3896 503 3951 auxilium
537 3913 548 3948 :
582 3896 698 3950 Nec
734 3908 895 3949 mora
926 3911 938 3946 :
972 3906 1162 3963 preces
1200 3889 1412 3944 abbatis
1455 3888 1739 3943 exauditas
1766 3887 1846 3942 rei

239 3992 472 4040 eventus
536 3983 791 4038 ostendit.
868 3981 971 4037 Ille
1043 3980 1328 4043 nimirum,
1411 3992 1569 4030 sensu
1643 3976 1846 4044 pariter

239 4073 442 4128 amisso
467 4080 519 4126 et
556 4072 702 4136 visu,
750 4086 975 4125 suorum
1013 4066 1264 4123 manibus
1304 4065 1371 4119 ad
1422 4065 1642 4120 domum
1671 4062 1848 4118 defer-

242 4169 343 4225 tur,
375 4160 605 4215 conqua
634 4159 866 4230 loquens
894 4158 1092 4221 omnia,
1113 4164 1180 4210 ‘et
1207 4154 1521 4209 suscitatam
1543 4152 1845 4206 adversum

248 4263 310 4302 se
337 4247 469 4315 justi
499 4246 706 4300 Judicis
737 4244 1166 4316 indignationem
1198 4241 1319 4296 aliis
1358 4254 1574 4311 quoque
1612 4238 1845 4293 demon-

247 4345 425 4390 strans
454 4335 687 4389 indiciis.
720 4334 854 4402 Ejus
909 4333 1049 4387 enim
1100 4332 1298 4396 lectus,
1340 4328 1393 4381 in
1430 4336 1589 4382 nocte
1635 4326 1721 4379 bis
1775 4341 1841 4378 ac

240 4440 452 4489 census,
484 4423 638 4476 illum
668 4437 807 4492 pene
835 4420 1020 4475 debito
1069 4417 1406 4487 consumpsit
1447 4414 1722 4481 incendio,
1753 4413 1848 4484 qui

1952 1865 2163 1922 causali
2205 1866 2650 1939 peregrinatione
2697 1866 2861 1937 hujus
2913 1869 3122 1937 mundi,
3182 1869 3313 1925 dum
3360 1869 3558 1926 vivere

1952 1955 2138 2022 desiit,
2171 1955 2374 2010 vivere
2401 1955 2708 2011 inchoavit.
2748 1955 3021 2011 Defuncto
3039 1964 3223 2012 autem
3247 1965 3404 2027 patre
3432 1973 3556 2027 suo,

1949 2058 2117 2113 quem
2160 2042 2277 2098 dux
2324 2043 2665 2115 Burgundios
2707 2059 2879 2114 gener
2935 2044 3064 2114 ejus
3107 2045 3333 2115 propria
3383 2061 3556 2100 manu

1951 2139 2282 2202 peremerat,
2333 2132 2434 2186 hoc
2481 2131 2629 2200 apud
2675 2131 2853 2186 Deum
2896 2131 3207 2188 interventu
3257 2132 3559 2188 subvenire

1957 2218 2165 2273 studuit
2218 2222 2280 2273 ut
2325 2217 2654 2274 delictorum
2707 2218 2830 2286 ejus
2875 2218 3329 2287 satisfactionem,
3388 2235 3557 2290 quam

1955 2306 2176 2378 gladius
2202 2305 2423 2361 hostilis
2460 2314 2827 2377 praevenerat,
2847 2305 2903 2360 in
2931 2306 3180 2378 seipsum
3196 2307 3556 2376 transferret,

1952 2393 2283 2450 continuatis
2311 2392 2623 2450 afﬁceretur
2637 2394 2895 2464 jejuniis,
2922 2394 3331 2465 frequentiores
3351 2396 3558 2451 hostias

1948 2482 2276 2538 immolaret.
2333 2481 2679 2539 Gestandam
2726 2496 2946 2553 quoque
3001 2483 3247 2554 suscepit
3300 2484 3554 2550 loricam,

1952 2570 2184 2642 prOpriis
2211 2569 2539 2626 cruciatibus
2559 2573 2789 2640 peccata
2804 2584 3074 2640 quaerens
3095 2570 3328 2641 expiare
3350 2569 3558 2627 aliena.

1953 2659 2061 2714 Sed
2089 2665 2143 2713 et
2171 2673 2271 2727 pro
2326 2658 2445 2727 ejus
2502 2658 2889 2725 interfectore,
2949 2673 3018 2712 ne
3075 2657 3144 2712 de
3178 2673 3245 2713 eo
3291 2658 3557 2728 antiquus

1952 2748 2319 2816 triumpharet
2345 2746 2621 2815 inimicus,
2652 2745 2857 2800 oblatis
2896 2746 3015 2801 Deo
3052 2745 3300 2801 victimis
3343 2753 3399 2801 et
3425 2760 3560 2815 pre-

1953 2835 2112 2890 cibus
2140 2835 2459 2890 intercessit.
2493 2834 2659 2902 Cujus
2685 2833 2853 2905 igitur
2878 2833 3126 2889 charitas
3153 2848 3325 2905 usque
3351 2832 3423 2888 ad
3438 2832 3563 2888 dili—

1952 2924 2163 2995 gendos
2191 2924 2438 2977 excrevit
2490 2922 2760 2989 inimicos,
2817 2936 2929 2976 non
2970 2921 3169 2977 mirum
3214 2921 3334 2991 ejus
3390 2920 3560 2976 etiam

1954 3011 2326 3083 eleemosynas
2354 3011 2494 3065 inter
2520 3026 2720 3065 manus
2747 3010 3114 3081 erogantium,
3134 3009 3281 3082 quod
3303 3008 3563 3065 nonnulli

1953 3104 2226 3168 asserunt,
2276 3098 2611 3168 suscepisset
2674 3099 3096 3154 incrementum.
3158 3097 3400 3168 Contigit
3454 3097 3562 3152 hoc

1950 3274 2308 3348 postmodum
2332 3275 2388 3328 in
2414 3273 2673 3328 abbatem
2692 3281 2747 3328 et
2761 3272 2997 3327 scientia
3016 3271 3336 3343 promoveri
3356 3270 3558 3326 meruit

1952 3373 2007 3420 et
2035 3363 2164 3418 vita.
2199 3363 2274 3428 Is,
2308 3376 2450 3431 quos
2466 3360 2659 3431 egenis
2687 3376 2759 3414 ex
2787 3359 3013 3415 abbatis
3043 3366 3326 3429 praecepto
3355 3358 3557 3412 distri-

1953 3453 2168 3518 hueret,
2222 3448 2448 3504 seorsim
2506 3449 2698 3503 decem
2747 3447 2955 3504 solidos
3003 3461 3244 3517 ponens,
3293 3460 3422 3503 cum
3462 3461 3563 3516 per

1954 3545 2122 3595 totum
2138 3549 2392 3593 mensem
2407 3536 2595 3605 potius
2611 3551 2705 3590 eos
2723 3534 3009 3592 effundere
3026 3533 3374 3605 pauperibus
3391 3549 3560 3605 quam

1952 3629 2082 3683 dare
2112 3627 2403 3690 videretur,
2433 3624 2781 3694 dispendium
2811 3632 2993 3679 tamen
3023 3625 3082 3678 in
3127 3623 3417 3678 distributo
3448 3638 3561 3677 non

1952 3716 2117 3771 sensit
2157 3721 2410 3788 argento.
2450 3711 2599 3768 Ecce
2646 3712 2939 3783 Sareptani
2983 3711 3095 3768 olei
3153 3711 3557 3767 incrementum

1952 3806 2156 3875 pariter
2183 3812 2242 3859 et
2279 3810 2496 3869 statum,
2528 3800 2762 3872 gratim
2809 3808 2864 3855 et
2909 3800 3108 3873 gratim
3141 3799 3325 3855 ﬁnem.
3357 3800 3551 3855 Donec

1951 3895 2106 3950 enim
2136 3892 2321 3946 viduae
2349 3905 2448 3946 vas
2471 3889 2668 3957 adfuit,
2699 3890 2891 3945 oleum
2920 3888 3107 3950 ﬂuxit;
3149 3889 3305 3943 stetit
3349 3895 3552 3954 autem,

1950 3989 2243 4052 postquam
2270 3978 2444 4032 defuit
2484 3993 2591 4032 vas
2639 3976 2974 4047 postulanti.
3021 3975 3114 4031 Sic
3159 3984 3217 4031 et
3256 3976 3552 4044 Ademaro,

1950 4070 2097 4140 quod
2127 4069 2283 4122 daret
2308 4064 2672 4136 pauperibus,
2690 4066 2826 4119 dum
2845 4062 3190 4130 ﬁdesadfuit,
3212 4078 3320 4118 non
3336 4062 3547 4123 defuit;

1950 4157 2132 4213 defuit
2153 4163 2360 4221 autem,
2391 4151 2559 4208 simul
2587 4160 2639 4207 et
2666 4152 2798 4208 dare
2828 4151 3069 4223 gloriam
3089 4151 3207 4207 Deo
3227 4149 3554 4206 etinﬂrmari

1950 4248 2062 4301 ﬁde
2088 4246 2272 4317 coepit.

2024 4338 2110 4389 36.
2143 4335 2293 4388 Idem
2345 4340 2633 4403 praeterea,
2665 4345 2786 4386 cum
2831 4328 2938 4383 sibi
2981 4343 3186 4384 novem
3233 4330 3440 4383 tantum
3477 4342 3559 4382 es-

1952 4431 2076 4477 sent
2104 4422 2319 4477 denarii
2364 4436 2571 4492 eosque
2613 4418 2858 4475 dedisset
2905 4415 3117 4472 mulieri
3174 4415 3552 4487 paupercula,

240 4512 528 4567 sanctuarii
560 4512 959 4580 possessionem
998 4506 1372 4561 exactionibus
1419 4503 1676 4558 indebitis
1718 4517 1844 4557 con-
1870 4506 1924 4566 D
1955 4512 2205 4566 inventos
2233 4511 2380 4581 apud
2409 4526 2468 4564 se
2508 4506 2824 4579 quindecim
2868 4521 3071 4560 aureos
3114 4503 3310 4560 obtulit
3337 4503 3549 4560 abbati,

240 4600 491 4654 sumebat
527 4607 577 4652 et
607 4597 833 4666 rapinis.
868 4596 1077 4665 Quibus
1118 4594 1212 4648 ille
1240 4592 1480 4663 flagellis
1506 4599 1743 4654 coactus,
1774 4589 1847 4644 ad

242 4704 303 4742 se
356 4688 572 4742 tandem
631 4687 953 4745 revertitur;
998 4684 1218 4753 abjurat
1264 4681 1603 4748 exactiones,
1646 4679 1849 4732 damna

243 4776 489 4845 restituit,
523 4774 795 4845 pollicitus
842 4774 896 4827 in
939 4770 1306 4827 sanctuarium
1364 4768 1581 4822 Domini
1627 4783 1685 4821 se
1710 4761 1846 4820 nihil

246 4865 506 4936 deinceps
552 4871 1043 4935 praesumpturum.
1095 4858 1248 4915 Unde
1292 4857 1493 4912 factum
1533 4863 1620 4910 est
1660 4858 1721 4909 ut
1754 4854 1844 4924 qui

251 5040 551 5088 accesserat
581 5031 761 5086 titulus
794 5029 1149 5087 Turonensis,
1183 5026 1400 5094 quando
1420 5023 1689 5078 Henricus
1721 5021 1846 5077 Gal-

246 5104 340 5159 lia:
384 5120 477 5157 rex
527 5103 669 5156 hunc
724 5102 1056 5163 comitatum,
1107 5096 1408 5150 Thetbaldo
1457 5101 1509 5148 et
1574 5094 1846 5161 Stephano

249 5174 518 5238 ablatum,
568 5188 711 5226 anno
740 5172 870 5225 1037
905 5167 1172 5223 transtulit
1199 5168 1251 5220 in
1281 5167 1482 5238 dictum
1516 5162 1843 5238 Coifi-idum.

344 5245 435 5313 5'1)
492 5232 702 5313 Nempe
756 5241 1228 5313 Bartholomzeum,
1290 5232 1847 5313 Majoris-ltlonasterii

252 5305 534 5379 abbatem,
567 5305 849 5383 ipsumque
872 5309 1320 5385 _monas_teri.um,_
1346 5305 1745 5385 antiquissima;
1793 5307 1851 5357 et

251 5376 598 5441 inconcussas
621 5376 841 5437 eatenus
869 5380 1225 5434 immunitatis
1244 5376 1554 5446 privilegiis
1571 5376 1847 5445 gaudens,

247 5473 362 5511 suae
418 5456 639 5509 volebat
694 5452 943 5523 potestati
989 5445 1289 5523 subjicere,
1352 5455 1477 5523 e_ta
1520 5461 1578 5498 se
1598 5445 1850 5523 baculum

253 5526 601 5597 pastoralem
649 5515 1201 5597 siverinvestituram
1258 5519 1438 5597 _Sumi;
1500 5525 1557 5596 ut
1623 5515 1856 5597 habetur

256 5586 455 5652 diffuse
502 5597 557 5650 in
615 5596 759 5649 Actis
817 5590 1076 5647 comitum
1153 5587 1654 5671 Andegavensium,
1716 5586 1858 5640 inter

1955 4599 2109 4668 Quos
2138 4599 2533 4670 magnanimus
2554 4597 2736 4652 abbas
2764 4594 2952 4650 statim
2992 4594 3048 4649 in
3082 4594 3215 4647 sinu
3246 4606 3555 4662 pauperum

1953 4703 2230 4759 reponere
2282 4685 2584 4749 festinavit,
2634 4684 2812 4739 sciens
2858 4681 3073 4736 nullum
3119 4696 3317 4752 agrum
3359 4679 3559 4736 cultori

1952 4792 2061 4830 suo
2080 4776 2318 4831 feracius
2343 4790 2510 4845 quam
2541 4774 2731 4827 sinum
2779 4785 3086 4841 pauperum
3132 4782 3554 4839 responsurum.

1953 4864 2212 4919 Probavit
2239 4863 2348 4918 hoc
2378 4865 2499 4932 ejus
2533 4859 2896 4916 Camerarius
2949 4859 3206 4926 Jarento,
3248 4854 3556 4912 Valentiam

1952 5030 2111 5098 notas
2139 5023 2209 5098 ad
2236 5020 2624 5098 bibliothecam
2642 5034 2689 5098 ra
2718 5018 3067 5098 Quercetano
3098 5015 3401 5098 productis.

2026 5094 2137 5163 (58)
2170 5095 2429 5146 Castrum
2460 5084 2851 5163 Retortorium,
2891 5084 3414 5163 Hugoniﬁmonacbo
3442 5084 3554 5141 Re-

1957 5157 2289 5230 horterium,
2323 5163 2486 5229 vulgo
2517 5160 2761 5224 Rioticr,
2785 5158 2857 5213 ad
2872 5157 3088 5212 Ararim
3105 5157 3350 5225 ﬂuvium,
3372 5158 3431 5212 in
3449 5164 3554 5211 ter-

1954 5234 2150 5288 ritorio
2181 5232 2535 5304 Lugdunensi
2550 5272 2565 5287 .

2029 5304 2145 5376 (59)
2182 5297 2526 5376 Idémllugo
2576 5300 2974 5376 Chavariacgs,
3019 5297 3294 5376 suspicor,
3322 5298 3553 5376 mutato

1958 5390 2102 5429 nunc
2124 5366 2159 5427 'r
2186 5374 2240 5427 in
2274 5376 2314 5439 ι,
2345 5366 2484 5426 illud
2516 5387 2645 5426 esse
2674 5372 2823 5440 quod
2863 5369 3213 5440 Chau/at'llc:
3241 5373 3466 5440 notatur
3492 5366 3553 5440 in

1959 5444 2203 5515 mappis,
2236 5435 2392 5514 quasi
2414 5435 2808 5515 Cavaliacum,
2846 5435 3109 5496 Cluniaco
3141 5438 3352 5492 distans
3379 5435 3557 5491 leucis

1962 5512 2078 5584 vui,
2098 5512 2243 5570 inter
2257 5512 2486 5570 ‘Ararim
2514 5522 2567 5570 et
2596 5512 2856 5585 Ligerim.
