4032 6078
467 289 567 342 883

1568 289 1623 344 S.
1668 287 1976 345 IlUGONlS
2012 289 2301 344 ABBATIS
2333 289 2656 345 (.ZLUNIAC.

3661 287 3776 342 884

468 429 592 469 cum
631 413 786 468 beato
817 413 973 468 Patre
1002 411 1367 484 proficiscens.
1417 415 1542 483 Ipse
1570 416 1824 469 nimirum
1855 417 2066 469 exhau‘
2096 415 2152 478 Α
2182 431 2344 485 quam
2378 416 2636 469 virtutum
2666 416 2890 470 materia
2921 415 3036 470 fuit.
3071 412 3338 470 Nonnulli
3369 427 3601 484 namque
3633 410 3788 465 deli-

470 502 567 556 stis
592 502 647 556 in
679 518 806 556 usus
835 518 1134 575 egenorum
1160 503 1475 571 marsupiis,
1503 519 1626 558 cum
1647 504 1836 558 decem
1861 503 2069 557 solidos

474 591 631 659 (quos
687 588 740 643 in
798 606 1066 660 expensas
1127 591 1357 644 fratrum
1415 592 1804 662 reservaverat)
1861 591 2074 645 abbatis

468 677 642 746 jussu,
678 677 813 732 tristi
847 686 896 732 et
940 694 1126 732 amaro
1184 687 1436 750 erogaret
1470 680 1655 734 animo
1690 696 1702 734 :
1739 703 1759 727 «ι
1805 680 1952 747 Noli,
1985 679 2074 732 in-

473 767 588 837 quit
616 767 804 834 abbas,
838 767 968 832 noli,
1001 765 1096 833 ﬁli,
1148 775 1404 832 metuere,
1450 783 1558 822 non
1597 769 1918 822 intrabimus
1948 783 2077 837 por-

474 863 582 908 tam
610 854 862 921 civitatis,
897 855 1068 910 donec
1108 871 1258 927 ager,
1301 856 1389 912 cui
1441 857 1648 911 semina
1679 857 2076 922 commisimus,

471 940 1031 1010 fructificet,treddens
1061 944 1304 1014 amplius
1336 961 1500 1014 quam
1531 945 1825 1014 receperit.
1870 966 1890 991 ν
1920 943 2079 1011 Quod

468 1031 716 1101 profecto
747 1031 1060 1086 vaticinium
1085 1032 1268 1086 statim
1304 1033 1611 1102 promissus
1642 1032 1886 1102 implevit
1906 1049 2079 1088 even-

472 1128 598 1181 tus;
635 1120 781 1190 prius
827 1120 968 1174 enim
1026 1137 1185 1191 quam
1236 1130 1447 1191 portam
1505 1120 1737 1176 civitatis
1797 1122 2078 1182 intrarent,

473 1207 645 1262 adfuit
674 1209 762 1279 qui
792 1224 891 1277 pro
921 1209 1106 1277 paucis
1135 1210 1376 1263 denariis
1405 1211 1525 1262 auri
1576 1210 1788 1279 pondus
1820 1224 1927 1264 non
1956 1225 2083 1264 mo-

472 1297 654 1353 dicum
684 1296 732 1350 ei
763 1296 1072 1368 largiretur.
1107 1297 1420 1352 Admiratus
1448 1297 1790 1367 dispensator
1818 1299 1930 1353 Deo
1952 1299 2078 1368 glo-

471 1385 612 1442 riam
641 1385 808 1454 dedit,
843 1393 990 1439 tanto
1046 1386 1192 1439 circa
1229 1401 1504 1458 pauperes
1555 1385 1733 1440 fac-tus
1793 1386 2082 1458 benignior

473 1481 673 1544 quanto
695 1473 764 1528 de
795 1474 1046 1529 mercede
1075 1475 1336 1528 securior.

1107 1563 1326 1619 CAPUT
1359 1565 1446 1616 VI.

475 1649 638 1706 Multi
677 1651 748 1706 ad
804 1651 1093 1705 mliorem
1151 1655 1206 1706 et
1265 1653 1638 1708 monasticam
1685 1654 1866 1708 vitam
1913 1653 1974 1709 ab
2017 1668 2078 1708 eo

573 1738 818 1807 inducti,
843 1740 1116 1811 templum
1158 1741 1529 1796 Ctuniacensa
1554 1741 1988 1811 ampliﬁcatam.

547 1847 640 1899 37.
678 1845 894 1899 Talibus
952 1846 1220 1914 tantisque
1261 1846 1511 1901 virtutum
1557 1846 1867 1915 praeconiis.
1913 1847 2074 1900 homo

472 1933 573 1988 Dei
628 1934 904 1988 maximus
931 1936 1072 1987 inter
1123 1949 1352 2004 magnos
1409 1934 1730 2004 habebatur,
1791 1936 2076 1988 ambulans

470 2021 620 2075 viam
650 2021 1074 2089 immaculatum,
1109 2031 1160 2075 et
1191 2022 1322 2076 filiis
1375 2031 1579 2077 sanctae
1626 2023 1937 2076 imitationis
1966 2037 2075 2077 sua:

470 2110 771 2164 monastica
813 2109 1078 2164 suscitans
1129 2119 1183 2164 et
1243 2110 1491 2164 exaltans
1537 2111 1800 2164 instituta.
1857 2110 2076 2166 Extcnsi

471 2203 596 2251 sunt
626 2197 874 2267 palmites
904 2199 1062 2267 hujus
1119 2199 1246 2252 vitis
1291 2214 1464 2267 usque
1515 2199 1582 2252 ad
1613 2212 1782 2267 mare,
1813 2208 1867 2252 et
1907 2214 2077 2270 usque

474 2284 542 2340 ad
589 2284 792 2340 ﬂumen
834 2286 1171 2358 propagines
1210 2287 1345 2355 ejus.
1388 2288 1466 2340 Ex
1524 2287 1608 2340 his
1655 2284 1881 2340 abbates
1932 2303 2076 2341 non-

473 2372 630 2440 nulli,
675 2375 929 2444 exemplo
979 2375 1180 2445 pariter
1222 2383 1273 2429 et
1320 2375 1509 2437 verbo,
1550 2374 1777 2428 collatas
1833 2375 2079 2430 extulere

474 2462 797 2532 dignitates;
831 2462 922 2516 alii
981 2479 1108 2517 vero
1156 2465 1352 2518 virtute
1400 2470 1604 2517 tantum
1654 2464 1951 2533 conspicui,
2003 2465 2080 2518 sic

472 2549 528 2604 in
559 2563 728 2604 carne
756 2559 953 2619 prteter
979 2567 1198 2606 carnem
1231 2552 1509 2617 vivebant,
1529 2561 1584 2606 ut
1613 2567 1736 2607 cum
1759 2552 2078 2608 necessitate

473 2638 635 2693 rebus
662 2638 985 2694 interessent
1012 2641 1310 2702 hominum,
1361 2641 1638 2695 voluntate
1686 2641 1851 2695 rebus
1904 2656 2078 2712 ange-

475 2725 654 2779 lorum
685 2726 1026 2781 interessent.
1066 2729 1176 2781 Hos
1205 2743 1526 2782 enumerare
1575 2729 1856 2799 vitamque
1894 2745 2079 2784 eorum

481 2809 736 2876 presenti
786 2812 1009 2879 negotio
1085 2811 1365 2878 prosequi,
1429 2819 1580 2864 extra
1638 2820 1836 2864 metam
1892 2828 2080 2866 currus

479 2906 644 2964 agere
672 2903 771 2962 est,
805 2896 906 2950 nisi
938 2896 1064 2966 quia
1096 2896 1211 2951 laus
1243 2897 1515 2966 discipuli,
1549 2897 1728 2967 gloria
1767 2906 1847 2950 est
1876 2907 1929 2951 et
1959 2913 2080 2952 ma-

479 2982 655 3053 gistri.
703 2983 811 3038 Sed
867 2991 919 3038 et
967 2984 1205 3039 filiorum
1248 2985 1591 3039 devotionem
1648 2985 1964 3054 praedicare,
2024 2995 2082 3040 ut

481 3071 676 3126 merita
708 3073 874 3127 Patris
902 3073 1154 3135 extollas,
1197 3073 1330 3126 nihil
1376 3074 1524 3127 aliud
1568 3083 1646 3128 est
1689 3091 1849 3146 quam
1880 3076 1923 3129 si
1953 3076 2081 3130 solis

481 3159 831 3229 splendorem
872 3162 1082 3218 facibus
1120 3162 1353 3217 admotis
1397 3161 1655 3232 adjuvare
1695 3165 1922 3218 coneris.
1975 3165 2081 3218 Su-

483 3258 704 3316 persunt
727 3249 872 3304 enim
901 3251 1080 3306 adhuc
1131 3259 1278 3306 tanta
1314 3251 1570 3305 virtutum
1608 3253 1726 3320 ejus
1759 3259 1917 3321 atque
1948 3268 2084 3323 ope—

485 3351 606 3392 rum
655 3339 916 3411 insignia,
967 3349 1024 3394 ut
1060 3340 1131 3394 ad
1176 3356 1366 3394 eorum
1411 3341 1750 3407 relationem,
1801 3350 2088 3411 assumpta

485 3426 764 3496 paululum
787 3429 992 3498 requie,
1012 3429 1162 3482 velut
1185 3429 1529 3483 anhelantem
1553 3445 1754 3497 equum
1779 3446 2002 3484 necesse
2021 3431 2088 3484 sit

487 3518 771 3584 respirare.
805 3516 1156 3586 Quapropter
1183 3516 1250 3569 ad
1283 3517 1469 3571 horam
1515 3518 1710 3587 stylum
1741 3518 2085 3586 deponimus,

490 3602 590 3658 Dei
619 3619 802 3666 servo,
843 3607 933 3659 cui
965 3605 1053 3658 ille
1078 3604 1389 3673 famulatur,
1431 3606 1750 3674 adjuvaute,
1782 3606 2088 3660 tlducialius

492 3706 614 3759 quae
640 3699 866 3756 restant,
899 3693 1216 3762 aggressuri
1248 3694 1381 3761 (60).

563 3779 651 3831 38.
690 3778 1038 3834 Jamlubricae
1066 3781 1363 3849 juventutis
1390 3780 1724 3836 offendicula
1753 3781 1841 3834 vir
1863 3790 2090 3838 sanctus

493 3864 768 3920 inoﬁensis
823 3867 1101 3937 gressibus
1143 3877 1411 3935 evaserat,
1461 3884 1493 3922 a
1530 3869 1814 3923 nativitate
1868 3871 2090 3941 quidem

493 3955 783 4026 sexaginta
809 3955 1064 4026 quinque,
1097 3973 1128 4010 a
1157 3957 1503 4025 susceptione
1549 3966 1728 4012 autem
1784 3959 2087 4029 regiminis,

493 4057 663 4097 annos
691 4059 898 4114 gerens
945 4045 1327 4118 quadraginta.
1371 4046 1737 4102 Calefaciebat
1765 4062 1887 4101 eum
1932 4048 2090 4119 virgo

493 4129 789 4201 sapientiae,
821 4148 984 4203 quam
1017 4135 1214 4189 beatus
1243 4150 1410 4189 senex
1443 4134 1786 4188 velutDavid
1814 4136 2089 4206 amplexa-

491 4226 594 4286 tus,
632 4234 756 4275 cum
786 4236 1013 4290 corpore
1039 4223 1318 4290 deficeret,
1351 4223 1656 4277 maturitate
1675 4240 1866 4277 sensus
1895 4233 2090 4278 etcen-

491 4307 594 4361 silii
614 4311 1006 4380 prterogativa,
1029 4312 1257 4366 sibimet
1276 4311 1573 4366 eminebat.
1606 4313 1686 4365 Ex
1705 4313 2086 4378 incommodis,

493 4397 690 4468 quibus
715 4406 846 4452 mtas
875 4400 1182 4469 hujusmodi
1231 4400 1669 4463 circumvenitur,
1726 4400 1904 4453 nullus
1946 4401 2090 4469 apud

489 4501 614 4540 eum
676 4487 931 4557 religioni
989 4487 1232 4542 defectus
1267 4488 1529 4555 accessit;
1575 4488 1765 4542 eadem
1814 4488 1926 4555 ille,
1985 4505 2090 4558 qua

491 4574 639 4644 prius
680 4575 996 4640 devotione,
1029 4576 1280 4630 monachi
1323 4576 1474 4645 leges
1519 4585 1574 4630 et
1615 4593 1766 4630 sacra
1797 4575 1978 4630 docuit
2025 4593 2088 4632 ac

490 4664 729 4718 servavit
759 4663 1044 4718 industria.
1095 4665 1202 4718 Sed
1252 4673 1301 4718 et
1345 4665 1571 4718 uberior
1608 4673 1919 4734 apparatus,
1981 4681 2086 4733 quo

488 4750 719 4806 ﬁliorum
740 4751 956 4806 dilectio
987 4753 1327 4807 fatiscentem
1367 4767 1595 4821 corpore
1651 4761 1866 4823 patrem
1915 4753 1969 4805 in
1999 4755 2086 4806 di-

492 4839 679 4892 vinum
711 4853 963 4908 reparare
989 4841 1275 4909 quaerebat.
1301 4841 1645 4910 obsequium,
1684 4841 1818 4894 nihil
1856 4841 2007 4894 aliud
2038 4841 2087 4895 ei

559 4979 674 5049 (60)
707 4979 929 5035 Videtur
958 4980 1263 5051 bipertitum
1313 4980 1482 5036 fuisse
1528 4998 1692 5052 opus,
1738 4981 1879 5036 sicut
1918 4981 2083 5036 tinem

489 5048 579 5106 hic
605 5060 821 5120 caperet
848 5051 984 5105 liber
1012 5048 1239 5121 primus,
1272 5059 1324 5106 et
1355 5048 1700 5108 inchoaretur
1716 5055 2004 5106 secundus.

561 5121 674 5194 (61)
705 5121 805 5174 Alii
828 5122 1034 5194 rectius
1054 5125 1272 5194 templi,
1306 5122 1373 5176 de
1403 5139 1510 5192 quo
1540 5125 1664 5177 solo
1701 5124 1812 5194 agit
1842 5139 2084 5192 sequens

488 5191 728 5256 visio,et
759 5193 913 5259 cujus
961 5193 1126 5245 solius
1168 5191 1341 5247 exstat
1386 5191 1577 5246 notitia
1619 5195 1672 5246 in
1722 5191 2085 5248 monumentis

490 5263 974 5322 Cluniacensibus;
1008 5278 1132 5315 nam
1165 5265 1221 5316 S.
1257 5262 1417 5317 0dilo
1451 5284 1472 5307 ιι
1510 5265 1826 5318 Cluniacum
1859 5264 2084 5318 interius

487 5342 542 5388 et
571 5334 805 5388 exterius
837 5341 1033 5402 praeter
1083 5334 1318 5400 parietes
1356 5333 1615 5398 ecclesias,
1657 5336 1899 5388 studiose
1929 5351 2081 5388 reno-

489 5413 716 5460 vaverat
747 5421 760 5456 :
791 5405 844 5457 in
892 5403 1196 5456 novissimis
1237 5404 1396 5457 etiam
1447 5406 1561 5458 suis
1605 5405 1895 5460 claustrum
1943 5420 2081 5460 con-

488 5482 775 5538 struxerat,
814 5498 834 5520 n
868 5483 924 5526 ut
955 5473 1180 5526 habetur
1209 5491 1280 5528 ex
1331 5474 1447 5542 ejus
1483 5476 1615 5529 Vita.

559 5546 667 5612 (62)
700 5544 862 5598 Addit
891 5559 1214 5612 anonymus,
1254 5567 1274 5588 ‹‹
1309 5545 1376 5599 de
1414 5545 1612 5599 abbate
1657 5545 1942 5613 (Balmcnsi
1974 5545 2083 5598 sci-

490 5613 631 5680 licet,
665 5622 718 5668 ut
747 5627 815 5668 ex
847 5613 964 5668 Vita
1005 5614 1250 5684 sequenti
1305 5615 1553 5683 habetur)
1598 5617 1767 5670 factus
1811 5617 2080 5671 claustra-

2183 505 2281 560 ciis
2315 504 2472 559 facile
2501 512 2713 570 carent,
2746 504 2818 558 ab
2848 505 3117 574 appositis
3149 511 3334 557 autem
3366 501 3519 571 pauci
3551 507 3790 570 possunt

2183 594 2491 659 abstinere;
2523 593 2667 662 quod
2712 601 2891 647 tamen
2929 594 3005 647 sic
3045 595 3102 646 Β.
3149 594 3308 662 Hugo
3347 589 3694 647 consueverit
3721 596 3791 642 ut

2185 697 2310 736 cum
2348 682 2516 735 multa
2552 697 2821 750 pransuro
2869 689 3212 751 ponerentur,
3263 696 3334 734 ex
3382 679 3467 733 his
3505 678 3788 733 modicum

2183 769 2492 841 indulgeret
2522 778 2748 836 naturae,
2790 769 2920 824 nihil
2956 770 3132 842 gulae.
3186 765 3464 839 Quidquid
3509 766 3653 820 ultra
3693 780 3789 820 ne-

2184 858 2419 913 cessaria
2473 857 2756 913 refectioni
2813 859 2933 927 ejus
2993 858 3241 924 accessit,
3312 856 3482 911 turba:
3537 855 3787 920 servivit,

2185 963 2291 1002 non
2323 961 2602 1017 persona);
2636 947 2842 1017 egenis,
2876 963 2985 1002 non
3016 946 3220 1001 abbati.
3240 945 3359 1014 Qua
3382 946 3435 998 in
3468 944 3786 1009 refectione,

2187 1037 2380 1090 mirum
2413 1035 2578 1090 valde
2609 1036 2727 1102 fuit,
2763 1036 2946 1090 vinum
2989 1051 3263 1106 nunquam
3312 1034 3413 1088 sibi
3455 1033 3787 1102 appositum,

2186 1127 2280 1180 sed
2311 1125 2454 1180 sicca
2484 1125 2625 1194 dape
2654 1123 2837 1179 soluta
2865 1125 2950 1179 sic
2986 1125 3219 1194 jejunis,
3273 1123 3425 1178 velut
3453 1122 3494 1176 si
3542 1136 3788 1176 caemen-

2185 1220 2303 1269 tum
2327 1214 2584 1279 facturus,
2631 1213 2838 1267 calcem
2887 1221 3096 1267 tantum
3149 1215 3391 1267 misceas
3435 1216 3490 1265 et
3533 1225 3786 1265 arenam.

2185 1303 2274 1358 Sic
2302 1303 2391 1357 ille
2413 1302 2648 1358 debilem
2679 1318 2786 1355 non
2814 1301 3014 1356 debilis
3053 1309 3263 1356 aetatem
3316 1316 3658 1366 percurrens,
3691 1315 3785 1352 re-

2185 1391 2376 1461 ligioni
2401 1391 2642 1461 quotidie
2681 1389 2882 1460 aliquid
2932 1390 3168 1460 adjecit;
3223 1397 3421 1458 quanto
3467 1388 3789 1442 viciniorem

2185 1480 2453 1534 sentiebat
2482 1480 2652 1532 finem
2707 1479 3016 1532 commissae
3059 1478 3171 1532 sibi
3217 1478 3442 1544 militia},
3495 1484 3640 1530 tanto
3669 1489 3790 1530 am-

2185 1568 2326 1640 plius
2348 1575 2528 1622 castra
2569 1567 2790 1621 Domini
2821 1570 2875 1622 et
2918 1567 3103 1621 verbis
3141 1567 3396 1621 erudiens
3437 1575 3491 1619 et
3519 1563 3790 1632 exemplis

2184 1658 2529 1712 antecedens.
2582 1655 2774 1710 Statuit
2829 1655 2991 1710 etiam
3032 1655 3346 1709 monasterii
3404 1654 3519 1725 (61)
3574 1653 3791 1707 Clunia-

2105 1765 2159 1826 B
2188 1746 2365 1802 censis
2391 1745 2658 1815 ainpliora
2701 1759 2905 1814 ponere
2942 1743 3315 1808 fundamenta,
3356 1742 3648 1812 impatiens
3677 1741 3792 1796 fra-

2186 1845 2303 1890 tres
2330 1834 2573 1904 quotidie
2602 1842 2654 1888 et
2683 1833 2875 1887 merito
2905 1842 3210 1888 crescentes
3238 1842 3292 1888 et
3321 1847 3570 1898 numero,
3605 1846 3791 1902 angu—

2187 1924 2292 1978 stis
2323 1923 2616 1977 admodum
2646 1921 2868 1993 gravari
2898 1920 3151 1976 ofﬁcinis.
3183 1921 3388 1976 Sanum
3438 1935 3570 1974 sane
3614 1920 3791 1974 Patris

2187 2013 2558 2082 propositum,
2608 2011 2753 2082 quod
2804 2010 3016 2080 pariter
3086 2014 3142 2065 et
3214 2009 3482 2064 revelatio
3540 2014 3592 2063 et
3651 2009 3792 2062 felix

2187 2109 2410 2156 eventus
2439 2100 2706 2155 ostendit.
2748 2099 2982 2153 Cuidam
3013 2114 3250 2168 namque
3280 2099 3531 2164 fratrum,
3565 2098 3790 2151 nomine

2185 2189 2439 2245 Gunzoni
2470 2189 2603 2258 (ϐῆ),
2637 2188 3004 2259 praedicanda;
3051 2188 3277 2257 quidem
3320 2195 3370 2243 et
3407 2188 3634 2241 illustris
3663 2201 3792 2241 me-

2185 2278 2372 2332 moriae
2397 2276 2542 2341 viro,
2577 2278 2678 2331 sed
2711 2292 2777 2330 eo
2823 2281 3075 2345 tempore
3123 2274 3370 2345 corporis
3399 2273 3655 2328 molestia
3683 2275 3791 2329 de-

2184 2366 2470 2421 cumbenti
2503 2366 2690 2418 Petrus
2733 2364 2989 2434 apparuit
3035 2365 3334 2434 apostolus,
3374 2362 3603 2418 infulata
3648 2375 3791 2418 con-

2186 2453 2415 2524 stipatus
2440 2453 2712 2508 consortio
2743 2454 2875 2522 (63),
2908 2461 2962 2507 et
3004 2453 3236 2508 alterius
3280 2451 3556 2521 cujusdam
3595 2440 3792 2506 condi-4

2187 2543 2348 2598 tionis
2378 2541 2684 2611 praeferens
2715 2543 3083 2611 majestatem.
3143 2541 3245 2609 Qui
3286 2555 3490 2596 nomen
3528 2555 3706 2605 suum,
3740 2547 3796 2594 et

2188 2634 2451 2686 adventus
2505 2645 2722 2686 causam
2774 2629 2980 2698 jacenti
3017 2628 3311 2686 declarans
3346 2647 3357 2691 ;
3393 2651 3423 2678 ιι
3457 2629 3662 2696 Frater,
3715 2629 3797 2681 in-

2188 2720 2320 2790 quit,
2382 2718 2448 2773 ad
2503 2719 2754 2774 abbatem
2812 2717 3007 2772 festina
3064 2719 3375 2790 Hugonem,
3426 2718 3700 2772 relaturus
3741 2717 3791 2772 ei

2188 2824 2409 2880 gravem
2439 2807 2566 2861 mihi
2598 2823 2716 2861 esse
2742 2823 2982 2861 mearum
3014 2821 3334 2877 pressuram
3388 2807 3603 2873 ovium,
3654 2819 3795 2877 quas

2186 2895 2325 2950 intra
2355 2904 2507 2965 septa
2541 2896 2922 2950 Cluniacensis
2971 2896 3120 2949 illius
3150 2895 3313 2950 ovilis
3347 2894 3610 2959 inclusas,
3644 2895 3795 2949 locus

2188 2984 2291 3037 urit
2319 2983 2632 3053 augustior;
2667 2988 2886 3054 tempus
2916 2999 3040 3038 esse
3071 2998 3176 3052 quo
3226 2983 3314 3037 ille
3347 2981 3681 3037 materialem
3715 2983 3795 3036 eis

2189 3080 2538 3140 praepararet,
2572 3072 2662 3142 qui
2693 3074 2748 3126 in
2781 3074 2868 3127 eis
2895 3073 3009 3141 jam
3041 3072 3382 3141 spiritualem
3415 3072 3527 3126 Deo
3572 3085 3796 3140 praepa-

2191 3164 2406 3214 raverat
2444 3162 2805 3215 mansionem.
2869 3161 3005 3215 Huic
3055 3169 3234 3214 autem
3285 3159 3543 3228 legationi
3592 3165 3648 3212 tu
3676 3173 3795 3226 prae

2191 3249 2402 3303 caeteris
2430 3265 2487 3303 es
2517 3249 2740 3314 electus,
2774 3257 2836 3303 ut
2877 3265 2943 3303 ex
2988 3248 3184 3303 collata
3229 3248 3323 3301 tibi
3371 3248 3618 3303 sanitate.
3652 3243 3794 3300 ﬁdes

2194 3339 2390 3392 verbis
2417 3339 2660 3392 accedat.
2697 3359 2718 3385 ι
2755 3339 2971 3406 Adjecit
3000 3337 3163 3391 etiam
3186 3336 3479 3391 addendos
3505 3337 3556 3388 ei
3577 3343 3794 3406 septem

2195 3441 2391 3496 annos,
2427 3428 2473 3481 si
2505 3428 2743 3481 ﬁdeliter
2786 3427 3100 3496 impositam
3159 3425 3265 3479 sibi
3322 3432 3618 3495 perageret
3653 3424 3798 3478 obe-

2195 3515 2488 3579 dientiam;
2525 3515 2738 3570 beatum
2770 3531 2899 3570 vero
2933 3517 3236 3586 llugonem,
3269 3514 3312 3567 si
3360 3525 3558 3582 parere
3600 3510 3795 3566 ditfer-

2197 3609 2302 3668 ret,
2335 3604 2752 3658 incommodum
2785 3604 2930 3674 quod
2961 3604 3165 3658 relator
3180 3610 3438 3657 evaserat
3466 3601 3795 3655 subiturum.

2197 3693 2294 3746 His
2349 3693 2527 3759 dictis,
2563 3693 2676 3761 ipse
2720 3692 2990 3746 funiculos
3055 3692 3281 3746 tendere
3329 3693 3486 3744 visus
3535 3696 3642 3755 est,
3678 3691 3798 3759 ipse

2199 3781 2552 3851 longitudinis
2581 3789 2747 3851 atque
2801 3779 3111 3834 latitudinis
3158 3778 3338 3832 metiri
3389 3779 3792 3848 quantitatem;

2199 3870 2446 3924 ostendit
2475 3869 2525 3922 ei
2568 3870 2730 3925 etiam
2779 3869 3026 3922 basilicae
3065 3868 3381 3938 qualitatem
3435 3863 3794 3932 fabricanda,

2199 3959 2364 4013 menti
2393 3959 2512 4026 ejus
2533 3967 2587 4012 et
2629 3959 2996 4012 dimensionie
3033 3966 3084 4010 et
3135 3955 3424 4010 schematis
3473 3955 3796 4008 memoriam

2199 4048 2460 4101 tenacius
2490 4049 2700 4101 haerere
2730 4046 3088 4115 praecipiens.

2270 4136 2356 4190 39.
2390 4135 2844 4205 Expergefactus
2875 4134 3062 4201 frater,
3101 4133 3288 4187 abbati
3319 4149 3376 4188 se
3406 4148 3601 4202 sospes
3628 4133 3797 4185 obtu-

2197 4225 2276 4288 lit,
2336 4224 2420 4279 cui
2462 4224 2686 4277 morbus
2738 4223 3008 4277 interitum
3064 4222 3406 4276 minabatur.
3464 4221 3801 4274 Referuntur

2197 4329 2265 4367 ex
2295 4313 2501 4378 ordine,
2535 4327 2874 4382 quaecunque
2929 4313 3195 4365 monacho
3243 4310 3388 4364 dicta
3443 4309 3653 4362 fuerant
3709 4307 3800 4360 vel

2197 4408 2452 4455 ostensa.
2491 4401 2735 4454 Credidit
2764 4400 2953 4463 abbas,
2985 4407 3040 4453 et
3082 4399 3284 4452 divinis
3318 4398 3586 4451 animatus
3613 4395 3798 4449 moni—

2123 4471 2174 4530 D
2205 4489 2296 4556 tis,
2332 4489 2648 4542 habitationi
2681 4489 2870 4559 gloriae
2903 4488 3001 4541 Dei
3033 4492 3238 4541 tantam
3287 4502 3349 4540 ac.
3398 4486 3559 4540 talem
3593 4483 3796 4538 basili-

2200 4593 2318 4631 cam
2350 4577 2641 4631 construxit
2671 4578 2807 4645 (Si),
2841 4585 2895 4629 ut
2926 4576 3249 4644 capaciorne
3279 4575 3349 4629 sit
3393 4572 3793 4644 magnitudine,

2197 4683 2263 4720 an
2294 4673 2407 4719 arte
2441 4666 2756 4729 mirabilior,
2790 4663 3012 4718 difficile
3041 4663 3328 4718 indicetur.
3371 4664 3503 4715 Haec
3543 4662 3671 4731 ejus
3702 4661 3797 4713 de-

2194 4756 2341 4810 coris
2363 4762 2417 4808 et
2449 4754 2639 4825 gloriae
2665 4762 2764 4817 est,
2798 4768 2982 4821 quam,
3017 4754 3064 4804 si
3097 4753 3260 4806 liceat
3289 4751 3437 4806 credi
3466 4749 3798 4806 cmlestibus

2193 4843 2390 4897 incolis
2421 4843 2473 4895 in
2505 4841 2814 4912 hujusmodi
2846 4857 2988 4894 usus
3021 4842 3259 4894 humana
3300 4840 3520 4910 placere
3562 4837 3798 4892 domici-

2189 4981 2275 5035 lis.
2316 5002 2336 5026 ι»

2265 5053 2377 5117 (63)
2410 5051 2730 5104 Sanctorum
2790 5047 3007 5102 scilicet
3071 5048 3222 5102 Pauli
3275 5057 3329 5100 et
3383 5045 3661 5115 Stephani,
3722 5044 3795 5100 de

2193 5122 2399 5193 quibus
2423 5122 2540 5193 Vita
2571 5136 2842 5188 sequens,
2869 5128 2921 5172 et
2943 5136 3011 5172 ex
3047 5121 3147 5172 hac
3175 5133 3506 5193 anonymus.

2263 5193 2374 5260 ((34)
2405 5192 2563 5245 Addit
2589 5187 2730 5244 idem
2758 5206 3100 5259 anonymus,
3127 5211 3149 5235 α
3172 5189 3309 5244 intra
3343 5187 3533 5258 viginti
3551 5202 3787 5250 annos,»

2193 5262 2577 5330 Quereetanus
2624 5263 2678 5314 in
2718 5261 2861 5314 notis
2903 5263 3085 5313 minus
3130 5269 3274 5314 recte
3316 5263 3566 5312 numerat
3613 5272 3793 5330 annos

2193 5329 2388 5404 viginti
2416 5333 2658 5402 quinque
2693 5349 2703 5384 :
2737 5331 2944 5404 certius
2979 5340 3168 5404 monet
3197 5331 3426 5404 formam
3467 5330 3641 5382 fuisse
3675 5329 3791 5404 fin

2191 5398 2634 5457 modum'cruéis
2665 5401 3043 5473 patriarchalis
3077 5417 3088 5453 :
3128 5425 3150 5473 ιε
3180 5401 3388 5473 qualem
3423 5407 3477 5473 et
3506 5415 3611 5473 nos
3641 5398 3790 5473 vidi-

2192 5490 2316 5527 mus
2347 5468 2678 5536 annotGGB;
2707 5473 2981 5526 Vaticana:
3027 5473 3082 5524 S.
3133 5471 3270 5525 Petri
3315 5469 3559 5525 basilicae
3599 5468 3790 5538 longi-

2193 5546 2384 5599 tudine
2416 5547 2708 5612 tequalem,
2740 5548 2796 5597 ut
2827 5542 3131 5598 dicebatur.
