4032 6078
266 289 368 344 88ὕ

1825 293 2005 350 ἮΤΛ.

3470 294 3576 349 886

261 428 357 500 lia,
386 431 669 503 quoddam
697 432 1191 491 deambulatorium
1219 431 1371 491 dicas
1411 433 1749 508 angelorum.
1811 436 1872 491 In
1894 418 1949 480 Α
1975 437 2253 495 calamum
2298 420 2599 509 quassatum
2671 439 3000 502 contereret,
3088 435 3232 491 t‘acto
3307 436 3575 491 monacho

262 522 367 577 hac
410 520 557 577 velut
611 520 836 579 eductos
886 524 956 580 de
1002 532 1223 580 carcere
1281 522 1603 591 monachos,
1659 525 1871 583 refovet

262 609 438 665 libera
465 610 716 681 quaedam
739 611 1010 681 planities,
1040 611 1115 666 ita
1132 627 1192 666 se
1208 611 1523 668 monasticis
1543 620 1867 669 accbmmoe

264 696 405 754 dans
428 697 711 762 institutis,
743 705 802 753 ut
856 699 1109 772 angustia
1163 700 1314 756 chori
1362 715 1590 757 necesse
1648 710 1757 755 nan
1801 700 1870 754 sit

268 785 591 860 permisceri
617 786 855 856 ordines,
884 803 995 844 non
1023 788 1280 844 stationes
1306 788 1587 857 confundi,
1608 789 1697 846 vel
1722 788 1870 844 foras

270 874 628 948 quandolibet
670 875 911 946 evagari.
976 875 1282 947 Supersunt
1333 876 1590 947 plurima,
1669 876 1867 949 quibus

266 963 514 1022 dicendis
540 977 946 1036 occuparentus,
978 964 1081 1020 nisi
1112 965 1232 1021 loca
1285 966 1483 1022 divinis
1519 965 1751 1038 ascripta
1765 965 1869 1022 ob-

263 1053 484 1123 sequiis,
516 1052 637 1124 plus
662 1052 842 1109 laudis
869 1066 938 1109 ex
961 1054 1317 1110 habitantium
1352 1056 1544 1111 merito
1583 1071 1747 1125 quam
1799 1070 1867 1111 ex

261 1157 427 1197 manu
448 1138 713 1198 artiﬁcum
733 1142 1069 1199 sortirentur.
1096 1141 1257 1211 Quod
1295 1143 1539 1214 profecto
1596 1144 1740 1209 huic,
1797 1142 1867 1198 de

265 1245 373 1300 qua
400 1229 692 1311 loquimur,
722 1238 1003 1288 structum
1030 1232 1258 1288 accessit
1293 1251 1305 1287 l
1357 1248 1479 1302 quae
1526 1244 1650 1287 eum
1680 1231 1868 1302 splen-

259 1317 551 1374 didissima
578 1318 646 1374 sit
674 1319 897 1391 ingenio
927 1319 1165 1391 opiﬁcis,
1199 1321 1369 1377 multo
1399 1328 1479 1377 est
1500 1328 1566 1377 ea
1587 1336 1684 1376 suo
1706 1320 1866 1375 habi—

261 1414 437 1464 tatore
459 1406 800 1477 splendidior
828 1426 844 1465 :
875 1408 1156 1482 utriusque
1183 1419 1362 1466 autem
1405 1410 1625 1482 gloria,
1680 1408 1869 1482 gregis

262 1496 469 1553 scilicet
496 1504 552 1552 et
577 1494 704 1563 loci,
737 1498 794 1550 B.
846 1498 1005 1571 Hugo
1052 1499 1317 1555 sollicitus
1361 1500 1550 1554 institit
1605 1512 1866 1570 procura-

261 1592 367 1652 tor,
399 1598 583 1641 ceram
615 1585 730 1641 Deo
756 1592 811 1641 et
838 1586 960 1655 ejus
987 1587 1199 1660 angelis
1245 1596 1383 1659 pura
1438 1589 1681 1644 dicturus
1728 1600 1865 1641 con-

264 1672 508 1729 scientia:
520 1672 768 1743 Domina,
785 1672 971 1733 dilewt'
987 1675 1243 1733 decorant
1256 1676 1453 1733 domus
1468 1685 1598 1745 tute,
1611 1681 1670 1733 et
1684 1679 1868 1734 locum

1978 527 2225 583 mollium
2289 525 2728 581 indumentorum
2778 541 2907 580 usus
2953 532 3036 580 est
3089 524 3406 594 permissus,
3485 524 3583 592 qui

1976 616 2208 686 desuper
2240 614 2426 670 habitu
2454 614 2692 686 regulari
2721 612 3034 685 tegebatur.
3099 613 3304 671 Sanum
3330 611 3575 683 profecto

1976 704 2281 771 consilium,
2314 714 2423 775 quo
2455 703 2775 774 praeviderat
2825 701 3044 772 sapiens
3110 699 3285 755 abbas
3342 700 3573 755 tironem

1978 792 2195 861 Christi,
2253 792 2467 863 pudore
2525 792 2726 847 culium
2781 790 3087 845 molliorem
3141 789 3464 859 positurum,
3527 793 3582 842 et

1975 896 2119 953 aegre
2148 881 2380 935 laturum
2411 880 2740 951 quandoque
2769 878 2944 934 solum
2977 878 3031 932 in
3058 874 3324 949 spirituali
3368 875 3575 930 militim

1974 969 2183 1025 inertis
2213 969 2389 1041 argui,
2429 969 2520 1039 qui
2550 968 2608 1022 in
2636 967 2878 1022 saeculari
2916 982 3135 1036 semper
3163 972 3283 1021 cum
3328 963 3575 1019 meliori-

1973 1058 2079 1113 bus
2104 1064 2347 1114 certasse
2375 1057 2681 1112 dicebatur.
2721 1055 2878 1124 Quod
2913 1055 2983 1109 ita
3012 1054 3329 1127 contigisse,
3361 1052 3580 1109 comitis

1975 1147 2313 1204 conversatio
2354 1145 2632 1213 indicavit,
2667 1153 2885 1215 repente
2913 1158 3154 1215 namque
3208 1151 3442 1199 mutatus
3482 1140 3577 1196 ab-

1966 1236 2114 1308 jeeto
2145 1234 2568 1306 dispensationit
2596 1234 2934 1297 indumento,
2969 1247 3140 1287 novas
3190 1232 3340 1286 carni
3385 1245 3571 1286 cruces

1973 1325 2194 1391 indixit,
2227 1331 2545 1393 certansque
2572 1322 2772 1378 bonum
2804 1329 3106 1390 certamen,
3138 1320 3295 1375 beato
3325 1319 3433 1375 ﬁne
3461 1320 3577 1375 de:

1974 1414 2217 1469 nativum
2249 1412 2439 1468 meruit
2471 1412 2861 1482 sempiternum
2893 1410 3032 1480 (65).

2045 1506 2133 1558 41.
2166 1502 2332 1557 Porro
2376 1516 2656 1573 emergere
2712 1498 3050 1569 cupientibus
3083 1514 3151 1553 ex
3208 1497 3316 1553 hoc
3380 1511 3581 1569 magno

1976 1590 2110 1645 mari
2149 1596 2203 1645 et
2232 1589 2490 1659 spatioso,
2516 1597 2771 1658 quantum
2794 1595 2937 1643 esset
2967 1587 3066 1641 sub
3090 1588 3151 1639 Β.
3199 1586 3431 1656 Hugone
3482 1601 3572 1639 rc-

1976 1678 2206 1751 fugium,
2239 1679 2427 1733 divina
2448 1679 2614 1733 etiam
2635 1676 2839 1733 indicia
2857 1676 3181 1731 docuerunt.
3213 1673 3447 1739 Quidam
3471 1672 3584 1743 (66)

264 1760 843 1826 habitationisalorite
873 1766 1183 1833 tace.(Psal.
1239 1780 1374 1833 xxv,
1426 1768 1501 1836 8).
1543 1767 1675 1837 Ejus
1718 1767 1864 1822 enim
1895 1774 1948 1834 Β
1976 1784 2212 1839 namque
2240 1768 2453 1824 Roman
2481 1782 2549 1822 ex
2590 1776 2714 1821 veto
2746 1765 3040 1836 profectus,
3093 1771 3215 1818 ante
3269 1761 3587 1831 sepulcrum

270 1848 617 1906 sanctissime
643 1852 862 1919 ducatu,
893 1868 1113 1925 egressa
1141 1853 1211 1909 de
1253 1855 1485 1926 Egypto
1542 1855 1712 1910 multa
1766 1856 1879 1911 ani-

276 1952 489 1995 marum
517 1937 710 2004 millia,
759 1940 1089 1997 sacrificium
1135 1943 1476 1999 contribulati
1533 1944 1773 2013 spiritus,
1827 1950 1883 2000 et

281 2025 514 2083 hostiam
544 2026 725 2082 laudis
753 2029 868 2087 Deo
898 2031 1232 2087 exercituum
1261 2034 1321 2086 in
1350 2032 1456 2087 hoc
1488 2032 1733 2088 obtulere
1793 2034 1885 2088 de—

286 2124 452 2183 serto,
487 2114 615 2172 facti
643 2116 997 2175 sanctificatio
1026 2119 1260 2187 Domini,
1284 2128 1336 2176 et
1380 2120 1646 2176 funiculus
1701 2122 1885 2176 haere-

284 2203 467 2258 ditatis
494 2203 632 2273 ejus.
667 2203 903 2276 Quippe,
934 2206 1073 2262 sicut
1091 2207 1148 2262 in
1203 2214 1434 2279 captura
1488 2209 1740 2280 piscium,
1797 2211 1888 2280 pi-

286 2300 467 2349 scator
492 2292 729 2348 diversis
756 2294 920 2349 utitur
946 2295 1345 2362 instrumentis,
1396 2297 1476 2352 sic
1532 2298 1603 2352 ad
1660 2298 1890 2354 salutem

291 2380 598 2435 animarum
627 2378 773 2436 ﬁlius
818 2382 1123 2452 prudentiae
1170 2385 1400 2440 diversis
1454 2386 1711 2441 incedens
1771 2388 1890 2455 viis,

291 2468 546 2524 omnibus
584 2471 771 2524 omnia
826 2469 997 2526 factus
1051 2481 1151 2542 est,
1199 2481 1256 2528 ut
1300 2480 1498 2530 omnes
1549 2475 1895 2530 lucrifaceret

293 2561 340 2630 (1
365 2559 489 2615 Cor.
522 2577 598 2628 is,
627 2565 747 2632 Si).
783 2562 849 2617 Ei
868 2574 1091 2633 semper
1117 2564 1314 2618 hamus
1342 2565 1630 2634 pependit,
1676 2580 1896 2635 semper

285 2647 453 2704 missa
481 2650 535 2704 in
566 2650 706 2705 mari
728 2651 884 2717 retia,
915 2666 1135 2721 semper
1156 2652 1225 2706 ad
1253 2652 1405 2706 littus
1434 2652 1630 2724 quietis
1660 2661 1713 2708 et
1746 2653 1894 2716 vitae,

286 2738 446 2809 parvi
477 2738 655 2808 pisces
676 2747 730 2795 et
758 2741 945 2813 magni
975 2740 1143 2796 erecti
1162 2746 1307 2796 sunt.
1341 2741 1579 2811 Semper
1608 2742 1756 2796 enim
1796 2742 1899 2796 sub

287 2842 374 2892 eo,
404 2836 461 2881 et
491 2839 745 2898 porcum,
772 2829 935 2899 juxta
962 2829 1095 2884 illud
1128 2830 1276 2885 Isaia
1307 2847 1318 2893 ;
1376 2830 1577 2901 Lupus
1616 2831 1896 2887 habitavit

289 2931 420 2972 cum
431 2930 599 2987 agna,
630 2921 685 2973 et
712 2918 925 2989 pardus
936 2932 1064 2974 cum
1079 2919 1234 2975 haedo
1255 2918 1607 2988 conﬁdenter
1627 2904 1899 2977 accubuit

292 3004 441 3072 (Isai.
467 3006 628 3075 x1,6).
654 3007 785 3061 Cum
814 3006 898 3060 his
912 3005 1164 3061 nimirum
1197 3007 1286 3077 qui
1316 3008 1386 3062 de
1447 3008 1650 3079 populo
1708 3023 1902 3065 access

1987 1864 2286 1928 prostratus
2316 1856 2703 1927 apostolorum,
2737 1868 2843 1924 qua
2865 1854 2931 1907 ad
2962 1855 3137 1907 Deum
3168 1850 3440 1905 incederet
3476 1851 3588 1904 via.

1987 1946 2239 2017 lacrymis
2265 1944 2606 2000 uberioribus
2632 1944 2819 1999 doceri
2847 1941 3184 2013 precabatur.
3217 1941 3368 1995 Hanc
3410 1939 3595 2011 agenti

1993 2050 2177 2092 curam
2201 2035 2324 2090 caeli
2355 2033 2598 2104 claviger
2627 2033 2808 2086 Pelrus
2846 2031 3112 2101 apparuit,
3173 2028 3417 2100 suggerit
3472 2028 3596 2082 Clu-

1994 2124 2207 2179 niacum
2239 2122 2542 2192 proﬁcisci;
2578 2120 2819 2175 Cluniaci
2885 2120 3161 2174 lavacrum
3200 2134 3323 2173 esse
3379 2118 3590 2170 anima-

1997 2229 2137 2279 rum,
2166 2212 2275 2266 illic
2303 2211 2532 2266 salutem
2595 2209 2844 2274 inveniri,
2901 2208 2945 2261 si
3004 2207 3253 2261 abbatem
3302 2204 3405 2261 loci
3454 2205 3598 2259 illius

1997 2300 2291 2372 prepitium
2322 2308 2606 2354 mereatur.
2667 2298 2755 2354 Sic
2810 2305 2993 2352 orator
3048 2296 3291 2360 edoctus,
3350 2293 3597 2365 gaudens

2000 2388 2303 2452 revertitur,
2342 2387 2652 2442 Cluniacum
2720 2385 2955 2451 festinat,
3004 2384 3252 2438 abbatem
3313 2382 3490 2436 verbis
3550 2387 3603 2435 ct

2005 2493 2137 2535 voce
2167 2477 2416 2548 requirit,
2448 2476 2671 2530 invento
2719 2489 2941 2528 sacrum
2999 2472 3190 2543 pandit
3244 2471 3595 2538 desiderium,

2003 2567 2200 2622 divinas
2245 2565 2463 2620 visionis
2528 2563 2805 2618 historiam
2854 2562 3044 2631 aperit,
3104 2560 3292 2617 ordine
3341 2566 3599 2612 retexens

2005 2653 2267 2728 quidquid
2299 2653 2402 2707 sibi
2433 2652 2502 2706 ab
2532 2651 2780 2721 apostola
2812 2650 2988 2704 fuerat
3032 2649 3412 2716 imperantum.
3475 2646 3599 2700 Fle—

2007 2744 2164 2799 ctitur
2185 2742 2373 2809 abbas,
2420 2756 2530 2795 non
2586 2746 2867 2795 cunctatus
2922 2737 3232 2792 satisfacere
3288 2733 3605 2805 postulanti.

2010 2832 2151 2887 Hinc
2180 2832 2271 2885 ille
2301 2837 2574 2900 receptus,
2605 2844 2671 2883 eo
2693 2826 2981 2882 studiosius
3001 2824 3345 2879 escensiones
3369 2825 3420 2875 in
3442 2822 3607 2878 corde

2010 2936 2111 2975 suo
2140 2918 2423 2989 disposuit,
2455 2932 2561 2988 quo
2586 2916 2778 2971 divina
2821 2902 3153 2969 revelatione
3210 2911 3476 2966 didicerat
3533 2925 3606 2966 ex

2011 3009 2112 3064 hoc
2144 3008 2416 3063 hominem
2446 3006 2739 3073 consortio,
2771 3004 2841 3059 ad
2870 3002 3204 3058 consortium
3234 3000 3459 3070 provehi
3506 3014 3608 3054 an-

288 3100 490 3192 serant,
520 3101 628 3148 tam
653 3094 1131 3167 patienter-iugum
1192 3096 1409 3152 Domini
1464 3095 1728 3152 sublimes
1769 3100 1896 3167 per-
1927 3126 1975 3192 Ο
2010 3098 2280 3170 gelorum.

288 3182 461 3239 tulere
490 3189 788 3253 potestates
816 3191 875 3238 ut
901 3194 998 3240 eos
1025 3199 1127 3240 nec
1154 3184 1298 3239 fastu
1326 3186 1562 3256 generis,
1590 3200 1693 3240 nec
1738 3186 1891 3240 inso-

286 3270 450 3327 lentia
480 3279 793 3343 premerent
838 3273 1159 3343 potestatis;
1213 3282 1413 3343 quanto
1443 3273 1674 3343 quisque
1724 3274 1895 3342 maior

287 3359 485 3427 fuerat,
518 3368 670 3416 tanto
698 3360 756 3415 in
811 3360 1071 3417 omnibtxs
1127 3362 1398 3417 humilior.
1458 3360 1554 3416 His
1584 3370 1773 3416 autem
1800 3361 1892 3433 qui

287 3448 479 3506 timore
533 3448 782 3507 defectus
836 3452 1162 3506 monachum
1210 3448 1454 3520 proﬁteri
1539 3449 1887 3515 verebantur,

282 3537 547 3608 providus
594 3539 750 3594 Pater
789 3539 863 3594 ita
919 3539 1272 3595 monasticam
1320 3539 1658 3609 temperabat
1725 3538 1891 3593 disci-

286 3625 492 3697 plinam
523 3628 773 3683 utetiam
796 3627 1008 3684 deliciis
1058 3627 1257 3684 assueti
1314 3642 1432 3682 eam
1491 3626 1609 3681 sine
1663 3625 1892 3704 querela

282 3715 621 3772 sustinerent.

355 3805 445 3859 te.
477 3804 652 3874 Hujus
680 3804 758 3861 rei
789 3806 975 3878 Guigo
1034 3821 1218 3863 comes
1274 3806 1426 3863 testis
1480 3814 1534 3863 et
1580 3803 1887 3876 exemplum

285 3892 403 3959 fuit,
435 3894 518 3948 vir
544 3893 748 3951 scilicet
777 3895 1148 3968 indulgentius
1188 3910 1220 3950 a
1272 3908 1446 3966 puero
1496 3897 1775 3961 educatus,
1833 3902 1887 3949 et

285 3980 656 4054 frequentntas
708 3998 741 4040 a
795 3985 948 4040 cunis
1000 3985 1223 4042 delicias
1277 3984 1539 4040 indocilis
1592 3984 1875 4040 abdicare.

286 4070 459 4140 Quem
488 4088 610 4128 cum
640 4074 805 4128 etiam
833 4082 1011 4130 vestes
1038 4076 1254 4147 agninae
1273 4074 1599 4143 ulcerarent,
1641 4069 1886 4144 nihilque

284 4167 480 4231 preter
507 4161 841 4217 advenarum
879 4164 1113 4219 murium
1170 4164 1470 4235 pelliculas,
1530 4171 1623 4217 aut
1676 4161 1885 4216 sericas

284 4248 457 4309 cultus
484 4251 555 4306 ad
585 4252 788 4307 nudum
836 4260 1126 4324 pateretur,
1184 4253 1256 4308 ad
1305 4251 1645 4307 tolerandum
1704 4258 1885 4305 tamen

285 4339 644 4409 quorumlibet
670 4341 967 4396 itmictuum
997 4342 1317 4413 asperitates
1348 4342 1406 4396 Β.
1439 4338 1598 4412 Hugo
1643 4341 1882 4396 circum-

279 4426 479 4498 spectis
507 4438 632 4484 eam
662 4428 1159 4500 dispensationibus
1189 4427 1523 4486 informavit.
1557 4427 1776 4501 Quippe
1801 4443 1871 4485 ne
1892 4470 1944 4542 Β

368 4554 480 4624 (65)
510 4551 806 4628 subiungit
828 4553 943 4625 jam
970 4553 1153 4628 dictus
1182 4560 1484 4628 anony‘r‘nus
1520 4554 1756 4628 primum
1813 4550 1882 4609 de

283 4618 519 4706 Hu'g'oire
552 4618 863 4706 summa.
894 4646 932 4706 ιι
968 4618 1311 4706 Vidimuset
1329 4618 1644 4706 nugonem.
1686 4623 1882 4706 ducem

326 4695 438 4755 rius
466 4695 909 4779 Burgundiae,‘et
935 4702 1063 4779 post
1108 4695 1314 4752 militiae
1349 4695 1661 4779 nspiritualis
1712 4696 1882 4778 signi-

309 4773 483 4836 erum,
501 4767 597 4840 qui
631 4767 843 4840 solebat
858 4767 1083 4840 calceos
1111 4782 1316 4837 ungere
1346 4767 1595 4840 fratrum,
1626 4768 1884 4836 sequeita

289 4828 570 4914 despicere
597 4847 652 4894 et
679 4828 1000 4914 hu_miliare,_
1022 4845 1080 4914 ut
1107 4828 1295 4892 omnes
1319 4828 1456 4914 viles
1483 4828 1735 4914 personae
1763 4846 1882 4892 stu-

286 4906 657 4984 petent,cum
685 4906 785 4963 sub
818 4921 896 4984 se
953 4907 1196 4962 viderent
1252 4906 1549 4984 principem
1604 4908 1766 4984 talem
1825 4925 1884 4984 se

291 4977 556 5039 'sterhere.
580 4979 680 5034 llic
708 4982 834 5048 post
863 4984 1138 5033 certamen
1168 4978 1315 5047 quod
1345 4977 1533 5048 gessit,
1565 4979 1878 5033 sustinendo

284 5055 449 5110 etiam
474 5048 813 5122 corporalem
833 5049 1155 5122 caecitalem.
1188 5049 1402 5103 tandem
1443 5048 1674 5122 Obtinuit
1724 5054 1878 5122 aeter-

284 5141 412 5181 nam
470 5118 657 5197 quamn
696 5120 900 5197 meruit
952 5118 1161 5197 lucem,‘
1216 5127 1269 5197 et
1321 5118 1686 5197 suaveolentia
1726 5118 1884 5197 nobis

282 5180 832 5266 exemplareliquit.»
865 5181 1076 5266 Postea,
1129 5180 1199 5266 de
1254 5190 1536 5266 praedicto,
1564 5194 1654 5266 “ut
1683 5180 1870 5266 Δειιςῒξί-

278 5274 415 5321 tror.
446 5255 709 5320 'Guidoné
739 5256 856 5315 haec
884 5255 1071 5322 additi
1096 5282 1116 5308 «ι
1135 5255 1299 5315 Porro
1317 5255 1650 5316 venerabilis
1676 5259 1874 5327 Guido,

277 5352 347 5391 ex
428 5335 625 5392 comite
675 5331 1054 5387 Matisconensi
1114 5330 1286 5385 factus
1337 5346 1370 5385 a
1425 5330 1612 5384 radice
1672 5346 1876 5401 pauper

278 5407 498 5474 Christi,
522 5403 718 5460 obtulit
742 5404 858 5457 Deo
887 5410 995 5455 tam
1022 5401 1290 5474 perfecta:
1345 5401 1713 5456 conversionis
1771 5404 1875 5457 ho-

278 5470 601 5540 locaustum,
632 5482 690 5528 ut
716 5487 941 5528 uxorem
963 5485 1086 5525 cum
1118 5470 1239 5527 ﬁliis
1266 5473 1500 5527 traheret
1537 5478 1657 5541 post
1702 5486 1764 5528 se
1819 5473 1876 5526 in

277 5547 499 5604 odorem
529 5544 837 5611 calentium
865 5543 1136 5599 virtutum.
1196 5543 1457 5610 Quicum
1512 5542 1768 5598 tenuisset
1804 5542 1875 5597 ad

280 5624 497 5690 tempus
525 5614 824 5689 regendum
853 5611 1159 5670 coenobium
1188 5612 1608 5682 Silvaniacense,
1640 5625 1712 5668 ex
1767 5626 1872 5669 vo-

2076 3191 2169 3243 42.
2206 3187 2484 3242 Didicerat
2511 3193 2565 3238 et
2592 3184 2695 3239 hoc
2719 3181 3021 3236 monachus
3074 3177 3163 3232 ille
3222 3176 3600 3240 Goderannns,

2005 3277 2093 3347 qui
2128 3276 2312 3331 relicto
2342 3274 2407 3327 B.
2444 3271 2675 3342 Remigii
2705 3268 3034 3324 monasterio
3064 3267 3199 3338 (67),
3231 3280 3354 3319 cum
3410 3263 3608 3318 arctio-

2002 3362 2077 3414 ris
2105 3358 2377 3428 dicipiinae
2405 3356 2582 3429 gratia
2620 3353 2937 3408 Cluniacum
2991 3350 3369 3420 demigrasset,
3432 3347 3605 3402 meri-

2000 3458 2177 3504 torum
2238 3446 2401 3501 titulis
2457 3453 2510 3499 et
2544 3442 2906 3514 praerogativa
2974 3439 3198 3494 scentiae
3256 3454 3287 3491 a
3375 3435 3609 3490 Domino

2002 3539 2192 3594 audire
2223 3537 2415 3591 meruit
2446 3552 2458 3588 :
2510 3530 2988 3600 Amice,ascende
3008 3529 3267 3600 superius
3297 3526 3464 3596 (Luc.
3496 3539 3610 3588 xw,

2001 3632 2110 3696 10).
2142 3626 2291 3681 Prius
2329 3624 2474 3681 enim
2531 3616 2886 3678 Malliacensis
2939 3622 3055 3688 (68)
3118 3617 3288 3672 abbas
3359 3612 3601 3680 effectus,

2000 3724 2185 3784 postea
2216 3712 2571 3769 Santonensis
2603 3710 2858 3767 Ecclesiae
2898 3708 3129 3778 adeptus
3156 3714 3236 3762 est
3252 3704 3604 3777 dignitatem,

1996 3804 2413 3861 Acciditautem
2435 3810 2492 3856 ut
2519 3816 2584 3856 eo
2614 3806 2903 3870 praesente,
2970 3797 3188 3866 leproso
3240 3793 3455 3850 cuidam
3510 3806 3607 3862 per

1995 3909 2188 3950 manus
2205 3894 2263 3948 Β.
2296 3890 2542 3961 Hugonis
2574 3887 2908 3945 Eucharistia
2955 3885 3273 3941 traderetur.
3307 3883 3414 3953 Qui
3476 3882 3607 3936 dum

1996 3990 2245 4050 suscepta
2273 3979 2411 4034 sacri
2437 3978 2599 4048 panis
2627 3976 2880 4047 portione
2909 3974 2988 4028 uti
3019 3989 3127 4028 non
3158 3978 3356 4042 posset,
3410 3969 3608 4039 diuque

1994 4070 2231 4127 luctatus
2286 4068 2342 4122 in
2396 4082 2622 4125 vacuum
2681 4066 2964 4128 niteretur,
3033 4066 3391 4126 sacramento,
3481 4073 3605 4111 cum

1993 4158 2180 4214 salivis
2208 4165 2261 4212 et
2287 4153 2620 4213 sacreatibus
2665 4150 2951 4207 horrendis
2992 4149 3131 4215 visu,
3159 4161 3324 4202 exoro
3369 4146 3631 4219 lacerato)

1992 4245 2280 4312 decidenti,
2311 4244 2651 4300 Goderamus
2677 4249 2997 4309 utranmque
3054 4250 3274 4291 manum
3302 4231 3605 4304 supposuit,

1992 4340 2049 4392 et
2075 4334 2368 4409 gloriosius
2396 4333 2464 4388 de
2495 4348 2554 4386 se
2583 4345 2745 4403 quam
2775 4329 2844 4383 de
2884 4325 3126 4397 quolibet
3180 4325 3333 4379 hoste
3405 4321 3599 4375 trium-

1990 4428 2182 4499 phans,
2215 4423 2519 4479 adhibitum
2547 4421 2626 4477 ori
2670 4426 2839 4476 totum
2897 4414 3201 4471 absorbuit.
3271 4410 3395 4481 Quo
3423 4410 3591 4479 ,viso,

1993 4554 2197 4608 luntate
2222 4552 2388 4605 sancti
2421 4549 2600 4602 Patris
2646 4544 2831 4600 domni
2882 4539 3142 4612 Hugouisq
3167 4538 3467 4603 absolutus,
3522 4536 3591 4589 ad

1990 4626 2280 4680 claustrum
2312 4620 2471 4676 rediit
2520 4635 2534 4673 ς
2594 4618 2778 4690 ibique
2836 4618 2957 4690 post
2976 4610 3300 4690 legitimum
3361 4620 3615 4690 cursum,

1990 4695 2304 4767 religiosam
2343 4693 2511 4767 vitam
2541 4684 2766 4767 mutavit
2794 4684 2971 4757 potius
2992 4698 3154 4767 quam
3192 4684 3527 4767 cterm‘inavit
3556 4695 3570 4737 ;

1988 4751 2125 4836 qui;
2142 4766 2196 4819 in
2224 4762 2329 4818 line
2360 4764 2503 4836 bono
2533 4751 2817 4836 recedens,
2850 4751 3047 4836 summi
3081 4751 3205 4806 boni
3239 4751 3583 4820 participium

1989 4824 2215 4906 adeptus
2229 4836 2327 4899 est,
2361 4824 2788 4906 sicu_t_vera_lide_
2811 4826 3102 4906 credimus.
3140 4836 3162 4869 Α
3347 4899 3355 4906 _
3525 4891 3536 4900 .

2058 4895 2173 4976 (66)
2205 4895 2429 4961 Videtur
2456 4903 2624 4976 fuisse
2654 4899 2964 4963 Udalricus,
2997 4895 3065 4949 de
3123 4907 3233 4964 quo
3277 4899 3454 4949 actum
3523 4895 3579 4944 in

1987 4975 2381 5033 commentario
2411 4975 2620 5043 praevio
2633 5010 2647 5026 .

2058 5050 2170 5115 (67)
2195 5048 2251 5103 S.
2291 5033 2522 5117 Remigii
2554 5088 2559 5093 .
2586 5037 2997 5117 monasterium,
3056 5036 3370 5117 simpliciter
3398 5033 3577 5113 nomi-

1986 5104 2189 5184 natum,
2222 5104 2681 5189 Remeins‘ecreclo
2712 5108 2938 5189 intelligi
2967 5117 3090 5189 {est
3120 5108 3256 5189 alias
3304 5107 3465 5189 etianm
3523 5104 3577 5156 in

1987 5175 2287 5244 Senone'nsi
2317 5185 2580 5241 suburbio
2601 5183 2827 5237 alterum
2845 5175 3094 5248 eiusdem
3114 5178 3364 5244 nominis,
3400 5175 3577 5228 famo-

1986 5276 2104 5313 sum
2134 5258 2505 5325 etantiquum.
2642 5323 2672 5326 __
2959 5323 2969 5326 _
3179 5320 3189 5326 _
3284 5318 3294 5326 _

2055 5330 2169 5399 (68)
2200 5317 2521 5399 Cwnobium
2553 5323 2925 5399 Malleacense,
2957 5323 3011 5375 in
3068 5318 3334 5399 territorio
3391 5317 3579 5399 Picta-

1981 5391 2159 5454 vie‘nsi
2178 5397 2338 5452 situm
2368 5405 2468 5463 est,
2526 5403 2718 5465 postea
2770 5409 2803 5448 a
2854 5395 3065 5449 Joanne
3120 5391 3277 5465 XXI}
3320 5393 3576 5465 _ornatum

1981 5470 2135 5524 titulo
2178 5459 2492 5537 episcopali.
2526 5459 2686 5521 'Huic
2742 5465 3030 5537 praefectus
3074 5471 3154 5516 est
3215 5459 3570 5514 Goderannus

1981 5554 2126 5608 anno
2156 5534 2315 5607 1070,
2345 5534 2518 5593 factus
2569 5534 2863 5608 episcOpus
2902 5534 3065 5606 paulo
3114 5537 3259 5602 post,
3298 5537 3371 5583 «et
3426 5542 3571 5581 anno

1983 5604 2122 5666 1076
2145 5604 2405 5666 mortuus.
