  <div class='ocr_page' id='page_1' title='image "/cluster/home/n/w/nwhite01/storage/ocr_20150623/159/hvd.32044054760178/449.png"; bbox 0 0 4032 6078; ppageno 0'>
   <div class='ocr_carea' id='block_1_1' title="bbox 403 261 505 320">
    <p class='ocr_par' dir='ltr' id='par_1_1' title="bbox 403 261 505 320">
     <span class='ocr_line' id='line_1_1' title="bbox 403 261 505 320; baseline 0.02 -2"><span class='ocrx_word' id='word_1_1' title='bbox 403 261 505 320; x_wconf 87' lang='grc'>887</span> 
     </span>
    </p>
   </div>
   <div class='ocr_carea' id='block_1_2' title="bbox 1501 265 2578 323">
    <p class='ocr_par' dir='ltr' id='par_1_2' title="bbox 1501 265 2578 323">
     <span class='ocr_line' id='line_1_2' title="bbox 1501 265 2578 323; baseline 0.001 -2"><span class='ocrx_word' id='word_1_2' title='bbox 1501 265 1558 321; x_wconf 92' lang='lat' dir='ltr'><strong>S.</strong></span> <span class='ocrx_word' id='word_1_3' title='bbox 1587 266 1904 323; x_wconf 83' lang='lat' dir='ltr'><strong>HUGONIS</strong></span> <span class='ocrx_word' id='word_1_4' title='bbox 1933 267 2221 322; x_wconf 78' lang='lat' dir='ltr'><strong>ABBATIS</strong></span> <span class='ocrx_word' id='word_1_5' title='bbox 2250 266 2578 323; x_wconf 81' lang='lat' dir='ltr'><strong>CLUNIAC.</strong></span> 
     </span>
    </p>
   </div>
   <div class='ocr_carea' id='block_1_3' title="bbox 3601 271 3705 323">
    <p class='ocr_par' dir='ltr' id='par_1_3' title="bbox 3601 271 3705 323">
     <span class='ocr_line' id='line_1_3' title="bbox 3601 271 3705 323; baseline 0.029 -3"><span class='ocrx_word' id='word_1_6' title='bbox 3601 271 3705 323; x_wconf 87' lang='lat'><strong>888</strong></span> 
     </span>
    </p>
   </div>
   <div class='ocr_carea' id='block_1_4' title="bbox 402 401 3705 478">
    <p class='ocr_par' dir='ltr' id='par_1_4' title="bbox 402 401 3705 478">
     <span class='ocr_line' id='line_1_4' title="bbox 402 401 3705 478; baseline 0.001 -20"><span class='ocrx_word' id='word_1_7' title='bbox 402 404 598 460; x_wconf 88' lang='lat' dir='ltr'><strong>beatus</strong></span> <span class='ocrx_word' id='word_1_8' title='bbox 657 405 830 462; x_wconf 86' lang='lat' dir='ltr'><strong>abbas</strong></span> <span class='ocrx_word' id='word_1_9' title='bbox 886 408 1162 478; x_wconf 79' lang='lat' dir='ltr'><strong>obstupuit</strong></span> <span class='ocrx_word' id='word_1_10' title='bbox 1217 407 1531 464; x_wconf 87' lang='lat' dir='ltr'><strong>craticulam</strong></span> <span class='ocrx_word' id='word_1_11' title='bbox 1580 410 1849 464; x_wconf 78' lang='lat' dir='ltr'><strong>Laurentii</strong></span> <span class='ocrx_word' id='word_1_12' title='bbox 1888 401 2223 466; x_wconf 83' lang='lat' dir='ltr'><strong>hocAesse</strong></span> <span class='ocrx_word' id='word_1_13' title='bbox 2272 411 2562 467; x_wconf 83' lang='lat' dir='ltr'><strong>visionem.</strong></span> <span class='ocrx_word' id='word_1_14' title='bbox 2629 411 2891 466; x_wconf 85' lang='lat' dir='ltr'><strong>Caeterum</strong></span> <span class='ocrx_word' id='word_1_15' title='bbox 2950 409 3149 465; x_wconf 88' lang='lat' dir='ltr'><strong>idcirco</strong></span> <span class='ocrx_word' id='word_1_16' title='bbox 3207 425 3402 465; x_wconf 89' lang='lat' dir='ltr'><strong>nomen</strong></span> <span class='ocrx_word' id='word_1_17' title='bbox 3451 423 3705 478; x_wconf 85' lang='lat' dir='ltr'><strong>persona</strong></span> 
     </span>
    </p>
   </div>
   <div class='ocr_carea' id='block_1_5' title="bbox 403 493 1996 567">
    <p class='ocr_par' dir='ltr' id='par_1_5' title="bbox 403 493 1996 567">
     <span class='ocr_line' id='line_1_5' title="bbox 403 493 1996 567; baseline 0 -15"><span class='ocrx_word' id='word_1_18' title='bbox 403 493 572 552; x_wconf 71' lang='lat' dir='ltr'><strong>animi</strong></span> <span class='ocrx_word' id='word_1_19' title='bbox 601 502 872 550; x_wconf 89' lang='lat' dir='ltr'><strong>tormento</strong></span> <span class='ocrx_word' id='word_1_20' title='bbox 901 497 1086 552; x_wconf 88' lang='lat' dir='ltr'><strong>dicens</strong></span> <span class='ocrx_word' id='word_1_21' title='bbox 1115 513 1234 552; x_wconf 90' lang='lat' dir='ltr'><strong>esse</strong></span> <span class='ocrx_word' id='word_1_22' title='bbox 1263 498 1563 564; x_wconf 84' lang='lat' dir='ltr'><strong>meliorem,</strong></span> <span class='ocrx_word' id='word_1_23' title='bbox 1623 498 1716 551; x_wconf 85' lang='lat' dir='ltr'><strong>His</strong></span> <span class='ocrx_word' id='word_1_24' title='bbox 1773 497 1996 567; x_wconf 85' lang='lat' dir='ltr'><strong>aliisque</strong></span> 
     </span>
    </p>
   </div>
   <div class='ocr_carea' id='block_1_6' title="bbox 401 583 1997 653">
    <p class='ocr_par' dir='ltr' id='par_1_6' title="bbox 401 583 1997 653">
     <span class='ocr_line' id='line_1_6' title="bbox 401 583 1997 653; baseline 0.002 -17"><span class='ocrx_word' id='word_1_25' title='bbox 401 583 654 649; x_wconf 86' lang='lat' dir='ltr'><strong>personis</strong></span> <span class='ocrx_word' id='word_1_26' title='bbox 684 585 830 638; x_wconf 89' lang='lat' dir='ltr'><strong>velut</strong></span> <span class='ocrx_word' id='word_1_27' title='bbox 884 585 1204 653; x_wconf 86' lang='lat' dir='ltr'><strong>quibusdam</strong></span> <span class='ocrx_word' id='word_1_28' title='bbox 1265 585 1618 639; x_wconf 90' lang='lat' dir='ltr'><strong>luminaribus</strong></span> <span class='ocrx_word' id='word_1_29' title='bbox 1671 586 1997 639; x_wconf 74' lang='lat' dir='ltr'><strong>illustratum</strong></span> 
     </span>
    </p>
   </div>
   <div class='ocr_carea' id='block_1_7' title="bbox 404 669 1993 745">
    <p class='ocr_par' dir='ltr' id='par_1_7' title="bbox 404 669 1993 745">
     <span class='ocr_line' id='line_1_7' title="bbox 404 669 1993 745; baseline 0.003 -21"><span class='ocrx_word' id='word_1_30' title='bbox 404 669 758 726; x_wconf 86' lang='lat' dir='ltr'><strong>Cluniacense</strong></span> <span class='ocrx_word' id='word_1_31' title='bbox 787 673 1192 739; x_wconf 86' lang='lat' dir='ltr'><strong>monasterium,</strong></span> <span class='ocrx_word' id='word_1_32' title='bbox 1227 674 1501 743; x_wconf 85' lang='lat' dir='ltr'><strong>quoddam</strong></span> <span class='ocrx_word' id='word_1_33' title='bbox 1529 674 1740 728; x_wconf 89' lang='lat' dir='ltr'><strong>virtutis</strong></span> <span class='ocrx_word' id='word_1_34' title='bbox 1761 689 1993 745; x_wconf 85' lang='lat' dir='ltr'><strong>gymna-</strong></span> 
     </span>
    </p>
   </div>
   <div class='ocr_carea' id='block_1_8' title="bbox 408 759 1996 831">
    <p class='ocr_par' dir='ltr' id='par_1_8' title="bbox 408 759 1996 831">
     <span class='ocr_line' id='line_1_8' title="bbox 408 759 1996 831; baseline 0.003 -20"><span class='ocrx_word' id='word_1_35' title='bbox 408 759 553 812; x_wconf 89' lang='lat' dir='ltr'><strong>sium</strong></span> <span class='ocrx_word' id='word_1_36' title='bbox 584 759 702 813; x_wconf 88' lang='lat' dir='ltr'><strong>fuit.</strong></span> <span class='ocrx_word' id='word_1_37' title='bbox 736 761 797 814; x_wconf 83' lang='lat' dir='ltr'><strong>In</strong></span> <span class='ocrx_word' id='word_1_38' title='bbox 829 774 1014 814; x_wconf 89' lang='lat' dir='ltr'><strong>eorum</strong></span> <span class='ocrx_word' id='word_1_39' title='bbox 1046 761 1288 816; x_wconf 88' lang='lat' dir='ltr'><strong>moribus</strong></span> <span class='ocrx_word' id='word_1_40' title='bbox 1318 770 1370 816; x_wconf 90' lang='lat' dir='ltr'><strong>et</strong></span> <span class='ocrx_word' id='word_1_41' title='bbox 1403 763 1514 816; x_wconf 89' lang='lat' dir='ltr'><strong>vita</strong></span> <span class='ocrx_word' id='word_1_42' title='bbox 1542 762 1805 831; x_wconf 91' lang='lat' dir='ltr'><strong>plurimus</strong></span> <span class='ocrx_word' id='word_1_43' title='bbox 1840 764 1996 818; x_wconf 90' lang='lat' dir='ltr'><strong>Pater</strong></span> 
     </span>
    </p>
   </div>
   <div class='ocr_carea' id='block_1_9' title="bbox 404 849 1995 920">
    <p class='ocr_par' dir='ltr' id='par_1_9' title="bbox 404 849 1995 920">
     <span class='ocr_line' id='line_1_9' title="bbox 404 849 1995 920; baseline 0.002 -19"><span class='ocrx_word' id='word_1_44' title='bbox 404 854 540 915; x_wconf 90' lang='lat' dir='ltr'><strong>erat,</strong></span> <span class='ocrx_word' id='word_1_45' title='bbox 573 855 625 901; x_wconf 88' lang='lat' dir='ltr'><strong>et</strong></span> <span class='ocrx_word' id='word_1_46' title='bbox 656 849 810 917; x_wconf 88' lang='lat' dir='ltr'><strong>cujus</strong></span> <span class='ocrx_word' id='word_1_47' title='bbox 840 857 977 904; x_wconf 84' lang='lat' dir='ltr'><strong>esset</strong></span> <span class='ocrx_word' id='word_1_48' title='bbox 1009 851 1262 917; x_wconf 88' lang='lat' dir='ltr'><strong>pastoris,</strong></span> <span class='ocrx_word' id='word_1_49' title='bbox 1295 850 1414 920; x_wconf 87' lang='lat' dir='ltr'><strong>ipsa</strong></span> <span class='ocrx_word' id='word_1_50' title='bbox 1440 851 1854 905; x_wconf 89' lang='lat' dir='ltr'><strong>conversatione</strong></span> <span class='ocrx_word' id='word_1_51' title='bbox 1897 867 1995 904; x_wconf 89' lang='lat' dir='ltr'><strong>sua</strong></span> 
     </span>
    </p>
   </div>
   <div class='ocr_carea' id='block_1_10' title="bbox 404 936 1994 1009">
    <p class='ocr_par' dir='ltr' id='par_1_10' title="bbox 404 936 1994 1009">
     <span class='ocr_line' id='line_1_10' title="bbox 404 936 1994 1009; baseline 0.003 -21"><span class='ocrx_word' id='word_1_52' title='bbox 404 943 549 990; x_wconf 87' lang='lat' dir='ltr'><strong>totus</strong></span> <span class='ocrx_word' id='word_1_53' title='bbox 577 951 716 1007; x_wconf 85' lang='lat' dir='ltr'><strong>grex</strong></span> <span class='ocrx_word' id='word_1_54' title='bbox 747 936 1085 1006; x_wconf 88' lang='lat' dir='ltr'><strong>loquebatur.</strong></span> <span class='ocrx_word' id='word_1_55' title='bbox 1120 939 1202 993; x_wconf 90' lang='lat' dir='ltr'><strong>De</strong></span> <span class='ocrx_word' id='word_1_56' title='bbox 1233 939 1427 1008; x_wconf 89' lang='lat' dir='ltr'><strong>quibus</strong></span> <span class='ocrx_word' id='word_1_57' title='bbox 1455 938 1600 1008; x_wconf 86' lang='lat' dir='ltr'><strong>loqui</strong></span> <span class='ocrx_word' id='word_1_58' title='bbox 1632 939 1788 1009; x_wconf 91' lang='lat' dir='ltr'><strong>plura</strong></span> <span class='ocrx_word' id='word_1_59' title='bbox 1815 955 1994 1008; x_wconf 89' lang='lat' dir='ltr'><strong>super-</strong></span> 
     </span>
    </p>
   </div>
   <div class='ocr_carea' id='block_1_11' title="bbox 403 1023 1992 1100">
    <p class='ocr_par' dir='ltr' id='par_1_11' title="bbox 403 1023 1992 1100">
     <span class='ocr_line' id='line_1_11' title="bbox 403 1023 1992 1100; baseline 0.003 -22"><span class='ocrx_word' id='word_1_60' title='bbox 403 1023 664 1090; x_wconf 84' lang='lat' dir='ltr'><strong>sedimus,</strong></span> <span class='ocrx_word' id='word_1_61' title='bbox 698 1026 768 1080; x_wconf 89' lang='lat' dir='ltr'><strong>ad</strong></span> <span class='ocrx_word' id='word_1_62' title='bbox 798 1027 1136 1100; x_wconf 82' lang='lat' dir='ltr'><strong>agnitionem</strong></span> <span class='ocrx_word' id='word_1_63' title='bbox 1168 1027 1473 1082; x_wconf 83' lang='lat' dir='ltr'><strong>devotionis</strong></span> <span class='ocrx_word' id='word_1_64' title='bbox 1501 1042 1687 1082; x_wconf 89' lang='lat' dir='ltr'><strong>eorum</strong></span> <span class='ocrx_word' id='word_1_65' title='bbox 1746 1027 1992 1083; x_wconf 78' lang='lat' dir='ltr'><strong>sufficere</strong></span> 
     </span>
    </p>
   </div>
   <div class='ocr_carea' id='block_1_12' title="bbox 395 1112 1986 1185">
    <p class='ocr_par' dir='ltr' id='par_1_12' title="bbox 395 1112 1986 1185">
     <span class='ocr_line' id='line_1_12' title="bbox 395 1112 1986 1185; baseline 0.003 -19"><span class='ocrx_word' id='word_1_66' title='bbox 395 1112 728 1182; x_wconf 89' lang='lat' dir='ltr'><strong>judicantes,</strong></span> <span class='ocrx_word' id='word_1_67' title='bbox 752 1115 896 1183; x_wconf 92' lang='lat' dir='ltr'><strong>quod</strong></span> <span class='ocrx_word' id='word_1_68' title='bbox 924 1123 1046 1170; x_wconf 84' lang='lat' dir='ltr'><strong>ante</strong></span> <span class='ocrx_word' id='word_1_69' title='bbox 1078 1130 1177 1170; x_wconf 91' lang='lat' dir='ltr'><strong>nos</strong></span> <span class='ocrx_word' id='word_1_70' title='bbox 1207 1116 1275 1169; x_wconf 90' lang='lat' dir='ltr'><strong>de</strong></span> <span class='ocrx_word' id='word_1_71' title='bbox 1311 1116 1390 1170; x_wconf 90' lang='lat' dir='ltr'><strong>eis</strong></span> <span class='ocrx_word' id='word_1_72' title='bbox 1418 1115 1582 1170; x_wconf 90' lang='lat' dir='ltr'><strong>Ezelo</strong></span> <span class='ocrx_word' id='word_1_73' title='bbox 1623 1123 1784 1184; x_wconf 89' lang='lat' dir='ltr'><strong>atque</strong></span> <span class='ocrx_word' id='word_1_74' title='bbox 1842 1115 1986 1185; x_wconf 89' lang='lat' dir='ltr'><strong>Gilo,</strong></span> 
     </span>
    </p>
   </div>
   <div class='ocr_carea' id='block_1_13' title="bbox 398 1200 1989 1276">
    <p class='ocr_par' dir='ltr' id='par_1_13' title="bbox 398 1200 1989 1276">
     <span class='ocr_line' id='line_1_13' title="bbox 398 1200 1989 1276; baseline 0.003 -21"><span class='ocrx_word' id='word_1_75' title='bbox 398 1200 685 1256; x_wconf 81' lang='lat' dir='ltr'><strong>clarissimi</strong></span> <span class='ocrx_word' id='word_1_76' title='bbox 742 1202 948 1258; x_wconf 89' lang='lat' dir='ltr'><strong>scilicet</strong></span> <span class='ocrx_word' id='word_1_77' title='bbox 989 1203 1111 1272; x_wconf 89' lang='lat' dir='ltr'><strong>viri,</strong></span> <span class='ocrx_word' id='word_1_78' title='bbox 1152 1203 1463 1276; x_wconf 80' lang='lat' dir='ltr'><strong>vigilantius</strong></span> <span class='ocrx_word' id='word_1_79' title='bbox 1526 1203 1812 1274; x_wconf 86' lang='lat' dir='ltr'><strong>scripsisse</strong></span> <span class='ocrx_word' id='word_1_80' title='bbox 1873 1213 1989 1260; x_wconf 91' lang='lat' dir='ltr'><strong>tra-</strong></span> 
     </span>
    </p>
   </div>
   <div class='ocr_carea' id='block_1_14' title="bbox 385 1290 606 1346">
    <p class='ocr_par' dir='ltr' id='par_1_14' title="bbox 385 1290 606 1346">
     <span class='ocr_line' id='line_1_14' title="bbox 385 1290 606 1346; baseline 0 0"><span class='ocrx_word' id='word_1_81' title='bbox 385 1290 606 1346; x_wconf 89' lang='lat' dir='ltr'><strong>duntur.</strong></span> 
     </span>
    </p>
   </div>
   <div class='ocr_carea' id='block_1_15' title="bbox 1007 1393 1367 1448">
    <p class='ocr_par' dir='ltr' id='par_1_15' title="bbox 1007 1393 1367 1448">
     <span class='ocr_line' id='line_1_15' title="bbox 1007 1393 1367 1448; baseline -0.003 -2"><span class='ocrx_word' id='word_1_82' title='bbox 1007 1393 1226 1448; x_wconf 84' lang='lat' dir='ltr'><strong>CAPUT</strong></span> <span class='ocrx_word' id='word_1_83' title='bbox 1253 1394 1367 1448; x_wconf 90' lang='lat' dir='ltr'><strong>VII.</strong></span> 
     </span>
    </p>
   </div>
   <div class='ocr_carea' id='block_1_16' title="bbox 468 1488 1916 1563">
    <p class='ocr_par' dir='ltr' id='par_1_16' title="bbox 468 1488 1916 1563">
     <span class='ocr_line' id='line_1_16' title="bbox 468 1488 1916 1563; baseline -0.005 -14"><span class='ocrx_word' id='word_1_84' title='bbox 468 1494 612 1548; x_wconf 77' lang='lat' dir='ltr'><strong>Mor:</strong></span> <span class='ocrx_word' id='word_1_85' title='bbox 633 1491 898 1563; x_wconf 70' lang='lat' dir='ltr'><strong>prwscita</strong></span> <span class='ocrx_word' id='word_1_86' title='bbox 926 1494 982 1546; x_wconf 84' lang='lat' dir='ltr'><strong>et</strong></span> <span class='ocrx_word' id='word_1_87' title='bbox 1009 1491 1100 1561; x_wconf 83' lang='lat' dir='ltr'><strong>pie</strong></span> <span class='ocrx_word' id='word_1_88' title='bbox 1129 1490 1298 1558; x_wconf 84' lang='lat' dir='ltr'><strong>obita,</strong></span> <span class='ocrx_word' id='word_1_89' title='bbox 1349 1489 1593 1560; x_wconf 82' lang='lat' dir='ltr'><strong>receptio</strong></span> <span class='ocrx_word' id='word_1_90' title='bbox 1626 1489 1686 1544; x_wconf 83' lang='lat' dir='ltr'><strong>in</strong></span> <span class='ocrx_word' id='word_1_91' title='bbox 1716 1488 1916 1545; x_wconf 72' lang='lat' dir='ltr'><strong>calum</strong></span> 
     </span>
    </p>
   </div>
   <div class='ocr_carea' id='block_1_17' title="bbox 1084 1580 1354 1634">
    <p class='ocr_par' dir='ltr' id='par_1_17' title="bbox 1084 1580 1354 1634">
     <span class='ocr_line' id='line_1_17' title="bbox 1084 1580 1354 1634; baseline -0.011 0"><span class='ocrx_word' id='word_1_92' title='bbox 1084 1580 1354 1634; x_wconf 84' lang='lat' dir='ltr'><strong>revelata.</strong></span> 
     </span>
    </p>
   </div>
   <div class='ocr_carea' id='block_1_18' title="bbox 466 1675 1985 1746">
    <p class='ocr_par' dir='ltr' id='par_1_18' title="bbox 466 1675 1985 1746">
     <span class='ocr_line' id='line_1_18' title="bbox 466 1675 1985 1746; baseline -0.003 -12"><span class='ocrx_word' id='word_1_93' title='bbox 466 1682 554 1734; x_wconf 70' lang='lat' dir='ltr'><strong>t3.</strong></span> <span class='ocrx_word' id='word_1_94' title='bbox 587 1681 772 1732; x_wconf 85' lang='lat' dir='ltr'><strong>Annus</strong></span> <span class='ocrx_word' id='word_1_95' title='bbox 801 1676 866 1730; x_wconf 92' lang='lat' dir='ltr'><strong>ab</strong></span> <span class='ocrx_word' id='word_1_96' title='bbox 891 1675 1230 1730; x_wconf 86' lang='lat' dir='ltr'><strong>ordinatione</strong></span> <span class='ocrx_word' id='word_1_97' title='bbox 1259 1677 1319 1730; x_wconf 93' lang='lat' dir='ltr'><strong>B.</strong></span> <span class='ocrx_word' id='word_1_98' title='bbox 1361 1676 1606 1746; x_wconf 88' lang='lat' dir='ltr'><strong>Hugonis</strong></span> <span class='ocrx_word' id='word_1_99' title='bbox 1633 1676 1775 1730; x_wconf 91' lang='lat' dir='ltr'><strong>unde</strong></span> <span class='ocrx_word' id='word_1_100' title='bbox 1822 1691 1985 1730; x_wconf 83' lang='lat' dir='ltr'><strong>sexa-</strong></span> 
     </span>
    </p>
   </div>
   <div class='ocr_carea' id='block_1_19' title="bbox 395 1763 1988 1840">
    <p class='ocr_par' dir='ltr' id='par_1_19' title="bbox 395 1763 1988 1840">
     <span class='ocr_line' id='line_1_19' title="bbox 395 1763 1988 1840; baseline -0.004 -18"><span class='ocrx_word' id='word_1_101' title='bbox 395 1768 641 1840; x_wconf 86' lang='lat' dir='ltr'><strong>gesimus</strong></span> <span class='ocrx_word' id='word_1_102' title='bbox 657 1766 727 1820; x_wconf 91' lang='lat' dir='ltr'><strong>ad</strong></span> <span class='ocrx_word' id='word_1_103' title='bbox 757 1765 958 1819; x_wconf 84' lang='lat' dir='ltr'><strong>exitum</strong></span> <span class='ocrx_word' id='word_1_104' title='bbox 990 1764 1321 1832; x_wconf 81' lang='lat' dir='ltr'><strong>trahebatur,</strong></span> <span class='ocrx_word' id='word_1_105' title='bbox 1354 1773 1404 1818; x_wconf 91' lang='lat' dir='ltr'><strong>et</strong></span> <span class='ocrx_word' id='word_1_106' title='bbox 1434 1764 1742 1818; x_wconf 88' lang='lat' dir='ltr'><strong>Nativitatis</strong></span> <span class='ocrx_word' id='word_1_107' title='bbox 1794 1763 1988 1818; x_wconf 92' lang='lat' dir='ltr'><strong>Domi-</strong></span> 
     </span>
    </p>
   </div>
   <div class='ocr_carea' id='block_1_20' title="bbox 387 1853 1989 1923">
    <p class='ocr_par' dir='ltr' id='par_1_20' title="bbox 387 1853 1989 1923">
     <span class='ocr_line' id='line_1_20' title="bbox 387 1853 1989 1923; baseline -0.003 -11"><span class='ocrx_word' id='word_1_108' title='bbox 387 1857 527 1912; x_wconf 87' lang='lat' dir='ltr'><strong>nica</strong></span> <span class='ocrx_word' id='word_1_109' title='bbox 555 1854 818 1910; x_wconf 84' lang='lat' dir='ltr'><strong>solemnia</strong></span> <span class='ocrx_word' id='word_1_110' title='bbox 847 1853 1144 1907; x_wconf 90' lang='lat' dir='ltr'><strong>revolutum</strong></span> <span class='ocrx_word' id='word_1_111' title='bbox 1195 1860 1406 1923; x_wconf 88' lang='lat' dir='ltr'><strong>tempus</strong></span> <span class='ocrx_word' id='word_1_112' title='bbox 1463 1853 1762 1906; x_wconf 83' lang='lat' dir='ltr'><strong>adduxerat</strong></span> <span class='ocrx_word' id='word_1_113' title='bbox 1814 1871 1825 1905; x_wconf 93' lang='lat'><strong>:</strong></span> <span class='ocrx_word' id='word_1_114' title='bbox 1883 1867 1989 1922; x_wconf 90' lang='lat' dir='ltr'><strong>quo</strong></span> 
     </span>
    </p>
   </div>
   <div class='ocr_carea' id='block_1_21' title="bbox 388 1940 1990 2000">
    <p class='ocr_par' dir='ltr' id='par_1_21' title="bbox 388 1940 1990 2000">
     <span class='ocr_line' id='line_1_21' title="bbox 388 1940 1990 2000; baseline -0.002 -1"><span class='ocrx_word' id='word_1_115' title='bbox 388 1944 643 2000; x_wconf 85' lang='lat' dir='ltr'><strong>videlicet</strong></span> <span class='ocrx_word' id='word_1_116' title='bbox 672 1942 760 1996; x_wconf 92' lang='lat' dir='ltr'><strong>die</strong></span> <span class='ocrx_word' id='word_1_117' title='bbox 788 1950 1079 1995; x_wconf 88' lang='lat' dir='ltr'><strong>veteranus</strong></span> <span class='ocrx_word' id='word_1_118' title='bbox 1109 1940 1200 1995; x_wconf 90' lang='lat' dir='ltr'><strong>ille</strong></span> <span class='ocrx_word' id='word_1_119' title='bbox 1232 1940 1430 1996; x_wconf 85' lang='lat' dir='ltr'><strong>Christi</strong></span> <span class='ocrx_word' id='word_1_120' title='bbox 1460 1941 1617 1996; x_wconf 88' lang='lat' dir='ltr'><strong>miles</strong></span> <span class='ocrx_word' id='word_1_121' title='bbox 1641 1957 1672 1996; x_wconf 89' lang='lat' dir='ltr'><strong>a</strong></span> <span class='ocrx_word' id='word_1_122' title='bbox 1731 1941 1990 1995; x_wconf 80' lang='lat' dir='ltr'><strong>fratribus</strong></span> 
     </span>
    </p>
   </div>
   <div class='ocr_carea' id='block_1_22' title="bbox 387 2029 1991 2101">
    <p class='ocr_par' dir='ltr' id='par_1_22' title="bbox 387 2029 1991 2101">
     <span class='ocr_line' id='line_1_22' title="bbox 387 2029 1991 2101; baseline -0.002 -13"><span class='ocrx_word' id='word_1_123' title='bbox 387 2034 445 2088; x_wconf 87' lang='lat' dir='ltr'><strong>in</strong></span> <span class='ocrx_word' id='word_1_124' title='bbox 522 2030 820 2101; x_wconf 88' lang='lat' dir='ltr'><strong>capitulum</strong></span> <span class='ocrx_word' id='word_1_125' title='bbox 873 2029 1164 2096; x_wconf 91' lang='lat' dir='ltr'><strong>deductus,</strong></span> <span class='ocrx_word' id='word_1_126' title='bbox 1225 2029 1561 2084; x_wconf 90' lang='lat' dir='ltr'><strong>sanctissima</strong></span> <span class='ocrx_word' id='word_1_127' title='bbox 1615 2029 1991 2084; x_wconf 90' lang='lat' dir='ltr'><strong>exhortatione</strong></span> 
     </span>
    </p>
   </div>
   <div class='ocr_carea' id='block_1_23' title="bbox 393 2115 1991 2189">
    <p class='ocr_par' dir='ltr' id='par_1_23' title="bbox 393 2115 1991 2189">
     <span class='ocr_line' id='line_1_23' title="bbox 393 2115 1991 2189; baseline -0.004 -13"><span class='ocrx_word' id='word_1_128' title='bbox 393 2137 510 2189; x_wconf 92' lang='lat' dir='ltr'><strong>sua,</strong></span> <span class='ocrx_word' id='word_1_129' title='bbox 541 2121 732 2175; x_wconf 86' lang='lat' dir='ltr'><strong>ﬂentes</strong></span> <span class='ocrx_word' id='word_1_130' title='bbox 770 2119 823 2172; x_wconf 91' lang='lat' dir='ltr'><strong>in</strong></span> <span class='ocrx_word' id='word_1_131' title='bbox 856 2117 1099 2172; x_wconf 89' lang='lat' dir='ltr'><strong>divinum</strong></span> <span class='ocrx_word' id='word_1_132' title='bbox 1148 2117 1413 2172; x_wconf 91' lang='lat' dir='ltr'><strong>confortat</strong></span> <span class='ocrx_word' id='word_1_133' title='bbox 1445 2117 1766 2187; x_wconf 89' lang='lat' dir='ltr'><strong>obsequum,</strong></span> <span class='ocrx_word' id='word_1_134' title='bbox 1800 2115 1991 2172; x_wconf 81' lang='lat' dir='ltr'><strong>confir-</strong></span> 
     </span>
    </p>
   </div>
   <div class='ocr_carea' id='block_1_24' title="bbox 393 2203 1995 2276">
    <p class='ocr_par' dir='ltr' id='par_1_24' title="bbox 393 2203 1995 2276">
     <span class='ocr_line' id='line_1_24' title="bbox 393 2203 1995 2276; baseline -0.002 -13"><span class='ocrx_word' id='word_1_135' title='bbox 393 2216 510 2263; x_wconf 89' lang='lat' dir='ltr'><strong>mat</strong></span> <span class='ocrx_word' id='word_1_136' title='bbox 537 2209 781 2262; x_wconf 87' lang='lat' dir='ltr'><strong>labantes</strong></span> <span class='ocrx_word' id='word_1_137' title='bbox 801 2206 1002 2272; x_wconf 89' lang='lat' dir='ltr'><strong>animo,</strong></span> <span class='ocrx_word' id='word_1_138' title='bbox 1045 2203 1137 2273; x_wconf 89' lang='lat' dir='ltr'><strong>qui</strong></span> <span class='ocrx_word' id='word_1_139' title='bbox 1195 2204 1410 2258; x_wconf 89' lang='lat' dir='ltr'><strong>labante</strong></span> <span class='ocrx_word' id='word_1_140' title='bbox 1457 2221 1645 2276; x_wconf 88' lang='lat' dir='ltr'><strong>gressu</strong></span> <span class='ocrx_word' id='word_1_141' title='bbox 1695 2205 1995 2260; x_wconf 89' lang='lat' dir='ltr'><strong>consistere</strong></span> 
     </span>
    </p>
   </div>
   <div class='ocr_carea' id='block_1_25' title="bbox 389 2292 1994 2362">
    <p class='ocr_par' dir='ltr' id='par_1_25' title="bbox 389 2292 1994 2362">
     <span class='ocr_line' id='line_1_25' title="bbox 389 2292 1994 2362; baseline -0.004 -10"><span class='ocrx_word' id='word_1_142' title='bbox 389 2313 502 2353; x_wconf 92' lang='lat' dir='ltr'><strong>non</strong></span> <span class='ocrx_word' id='word_1_143' title='bbox 527 2294 765 2350; x_wconf 89' lang='lat' dir='ltr'><strong>valebat.</strong></span> <span class='ocrx_word' id='word_1_144' title='bbox 801 2292 1040 2348; x_wconf 85' lang='lat' dir='ltr'><strong>Inculcat</strong></span> <span class='ocrx_word' id='word_1_145' title='bbox 1071 2293 1177 2346; x_wconf 90' lang='lat' dir='ltr'><strong>illis</strong></span> <span class='ocrx_word' id='word_1_146' title='bbox 1207 2292 1427 2362; x_wconf 89' lang='lat' dir='ltr'><strong>quidem</strong></span> <span class='ocrx_word' id='word_1_147' title='bbox 1466 2308 1586 2347; x_wconf 87' lang='lat' dir='ltr'><strong>esse</strong></span> <span class='ocrx_word' id='word_1_148' title='bbox 1642 2293 1994 2348; x_wconf 89' lang='lat' dir='ltr'><strong>colluctatio-</strong></span> 
     </span>
    </p>
   </div>
   <div class='ocr_carea' id='block_1_26' title="bbox 386 2381 1996 2453">
    <p class='ocr_par' dir='ltr' id='par_1_26' title="bbox 386 2381 1996 2453">
     <span class='ocr_line' id='line_1_26' title="bbox 386 2381 1996 2453; baseline -0.004 -13"><span class='ocrx_word' id='word_1_149' title='bbox 386 2401 510 2442; x_wconf 90' lang='lat' dir='ltr'><strong>nem</strong></span> <span class='ocrx_word' id='word_1_150' title='bbox 565 2385 830 2439; x_wconf 89' lang='lat' dir='ltr'><strong>adversus</strong></span> <span class='ocrx_word' id='word_1_151' title='bbox 885 2381 1157 2453; x_wconf 87' lang='lat' dir='ltr'><strong>principes</strong></span> <span class='ocrx_word' id='word_1_152' title='bbox 1220 2381 1589 2446; x_wconf 89' lang='lat' dir='ltr'><strong>tenebrarum,</strong></span> <span class='ocrx_word' id='word_1_153' title='bbox 1626 2381 1730 2451; x_wconf 81' lang='lat' dir='ltr'><strong>sed</strong></span> <span class='ocrx_word' id='word_1_154' title='bbox 1813 2383 1996 2436; x_wconf 89' lang='lat' dir='ltr'><strong>hostes</strong></span> 
     </span>
    </p>
   </div>
   <div class='ocr_carea' id='block_1_27' title="bbox 390 2469 1997 2545">
    <p class='ocr_par' dir='ltr' id='par_1_27' title="bbox 390 2469 1997 2545">
     <span class='ocr_line' id='line_1_27' title="bbox 390 2469 1997 2545; baseline -0.004 -17"><span class='ocrx_word' id='word_1_155' title='bbox 390 2472 706 2545; x_wconf 88' lang='lat' dir='ltr'><strong>hujusmodi</strong></span> <span class='ocrx_word' id='word_1_156' title='bbox 737 2471 899 2527; x_wconf 86' lang='lat' dir='ltr'><strong>facile</strong></span> <span class='ocrx_word' id='word_1_157' title='bbox 928 2485 1201 2535; x_wconf 89' lang='lat' dir='ltr'><strong>cessuros,</strong></span> <span class='ocrx_word' id='word_1_158' title='bbox 1234 2469 1276 2522; x_wconf 91' lang='lat' dir='ltr'><strong>si</strong></span> <span class='ocrx_word' id='word_1_159' title='bbox 1308 2476 1641 2524; x_wconf 87' lang='lat' dir='ltr'><strong>constantem</strong></span> <span class='ocrx_word' id='word_1_160' title='bbox 1689 2469 1997 2524; x_wconf 83' lang='lat' dir='ltr'><strong>invenerint</strong></span> 
     </span>
    </p>
   </div>
   <div class='ocr_carea' id='block_1_28' title="bbox 387 2557 1996 2634">
    <p class='ocr_par' dir='ltr' id='par_1_28' title="bbox 387 2557 1996 2634">
     <span class='ocr_line' id='line_1_28' title="bbox 387 2557 1996 2634; baseline -0.004 -17"><span class='ocrx_word' id='word_1_161' title='bbox 387 2568 770 2634; x_wconf 90' lang='lat' dir='ltr'><strong>pugnatorem.</strong></span> <span class='ocrx_word' id='word_1_162' title='bbox 806 2557 1143 2628; x_wconf 80' lang='lat' dir='ltr'><strong>Pmpositum</strong></span> <span class='ocrx_word' id='word_1_163' title='bbox 1188 2557 1458 2624; x_wconf 90' lang='lat' dir='ltr'><strong>monachi,</strong></span> <span class='ocrx_word' id='word_1_164' title='bbox 1527 2557 1822 2628; x_wconf 89' lang='lat' dir='ltr'><strong>quamdam</strong></span> <span class='ocrx_word' id='word_1_165' title='bbox 1879 2573 1996 2612; x_wconf 89' lang='lat' dir='ltr'><strong>esse</strong></span> 
     </span>
    </p>
   </div>
   <div class='ocr_carea' id='block_1_29' title="bbox 389 2645 1996 2716">
    <p class='ocr_par' dir='ltr' id='par_1_29' title="bbox 389 2645 1996 2716">
     <span class='ocr_line' id='line_1_29' title="bbox 389 2645 1996 2716; baseline -0.005 -12"><span class='ocrx_word' id='word_1_166' title='bbox 389 2651 766 2714; x_wconf 87' lang='lat' dir='ltr'><strong>munitionem,</strong></span> <span class='ocrx_word' id='word_1_167' title='bbox 799 2663 898 2702; x_wconf 91' lang='lat' dir='ltr'><strong>nec</strong></span> <span class='ocrx_word' id='word_1_168' title='bbox 937 2646 1065 2700; x_wconf 90' lang='lat' dir='ltr'><strong>alibi</strong></span> <span class='ocrx_word' id='word_1_169' title='bbox 1092 2661 1245 2714; x_wconf 86' lang='lat' dir='ltr'><strong>spem</strong></span> <span class='ocrx_word' id='word_1_170' title='bbox 1277 2645 1392 2700; x_wconf 87' lang='lat' dir='ltr'><strong>fore</strong></span> <span class='ocrx_word' id='word_1_171' title='bbox 1424 2645 1644 2716; x_wconf 89' lang='lat' dir='ltr'><strong>refugii,</strong></span> <span class='ocrx_word' id='word_1_172' title='bbox 1680 2645 1723 2698; x_wconf 90' lang='lat' dir='ltr'><strong>si</strong></span> <span class='ocrx_word' id='word_1_173' title='bbox 1790 2645 1996 2698; x_wconf 89' lang='lat' dir='ltr'><strong>remis-</strong></span> 
     </span>
    </p>
   </div>
   <div class='ocr_carea' id='block_1_30' title="bbox 396 2733 1995 2806">
    <p class='ocr_par' dir='ltr' id='par_1_30' title="bbox 396 2733 1995 2806">
     <span class='ocr_line' id='line_1_30' title="bbox 396 2733 1995 2806; baseline -0.004 -15"><span class='ocrx_word' id='word_1_174' title='bbox 396 2738 512 2792; x_wconf 89' lang='lat' dir='ltr'><strong>sius</strong></span> <span class='ocrx_word' id='word_1_175' title='bbox 569 2737 675 2790; x_wconf 91' lang='lat' dir='ltr'><strong>illis</strong></span> <span class='ocrx_word' id='word_1_176' title='bbox 720 2735 1012 2806; x_wconf 76' lang='lat' dir='ltr'><strong>agentibus</strong></span> <span class='ocrx_word' id='word_1_177' title='bbox 1070 2733 1362 2806; x_wconf 89' lang='lat' dir='ltr'><strong>insigiator</strong></span> <span class='ocrx_word' id='word_1_178' title='bbox 1403 2733 1741 2804; x_wconf 91' lang='lat' dir='ltr'><strong>irrumpendi</strong></span> <span class='ocrx_word' id='word_1_179' title='bbox 1816 2733 1995 2788; x_wconf 88' lang='lat' dir='ltr'><strong>locum</strong></span> 
     </span>
    </p>
   </div>
   <div class='ocr_carea' id='block_1_31' title="bbox 395 2820 1996 2891">
    <p class='ocr_par' dir='ltr' id='par_1_31' title="bbox 395 2820 1996 2891">
     <span class='ocr_line' id='line_1_31' title="bbox 395 2820 1996 2891; baseline -0.004 -12"><span class='ocrx_word' id='word_1_180' title='bbox 395 2825 678 2880; x_wconf 82' lang='lat' dir='ltr'><strong>invenerit.</strong></span> <span class='ocrx_word' id='word_1_181' title='bbox 713 2823 997 2877; x_wconf 88' lang='lat' dir='ltr'><strong>Prasentis</strong></span> <span class='ocrx_word' id='word_1_182' title='bbox 1052 2837 1266 2891; x_wconf 92' lang='lat' dir='ltr'><strong>quoque</strong></span> <span class='ocrx_word' id='word_1_183' title='bbox 1313 2821 1597 2876; x_wconf 85' lang='lat' dir='ltr'><strong>occasione</strong></span> <span class='ocrx_word' id='word_1_184' title='bbox 1645 2820 1774 2888; x_wconf 90' lang='lat' dir='ltr'><strong>diei,</strong></span> <span class='ocrx_word' id='word_1_185' title='bbox 1834 2821 1996 2874; x_wconf 89' lang='lat' dir='ltr'><strong>aliam</strong></span> 
     </span>
    </p>
   </div>
   <div class='ocr_carea' id='block_1_32' title="bbox 399 2908 1997 2980">
    <p class='ocr_par' dir='ltr' id='par_1_32' title="bbox 399 2908 1997 2980">
     <span class='ocr_line' id='line_1_32' title="bbox 399 2908 1997 2980; baseline -0.004 -12"><span class='ocrx_word' id='word_1_186' title='bbox 399 2914 499 2968; x_wconf 85' lang='lat' dir='ltr'><strong>sed</strong></span> <span class='ocrx_word' id='word_1_187' title='bbox 529 2927 636 2967; x_wconf 91' lang='lat' dir='ltr'><strong>non</strong></span> <span class='ocrx_word' id='word_1_188' title='bbox 667 2911 899 2966; x_wconf 89' lang='lat' dir='ltr'><strong>alienam</strong></span> <span class='ocrx_word' id='word_1_189' title='bbox 930 2925 1222 2980; x_wconf 76' lang='lat' dir='ltr'><strong>aggressus</strong></span> <span class='ocrx_word' id='word_1_190' title='bbox 1251 2909 1640 2972; x_wconf 87' lang='lat' dir='ltr'><strong>narrationem,</strong></span> <span class='ocrx_word' id='word_1_191' title='bbox 1697 2908 1857 2974; x_wconf 87' lang='lat' dir='ltr'><strong>Novi,</strong></span> <span class='ocrx_word' id='word_1_192' title='bbox 1908 2909 1997 2962; x_wconf 92' lang='lat' dir='ltr'><strong>in-</strong></span> 
     </span>
    </p>
   </div>
   <div class='ocr_carea' id='block_1_33' title="bbox 405 2997 1998 3073">
    <p class='ocr_par' dir='ltr' id='par_1_33' title="bbox 405 2997 1998 3073">
     <span class='ocr_line' id='line_1_33' title="bbox 405 2997 1998 3073; baseline -0.003 -18"><span class='ocrx_word' id='word_1_193' title='bbox 405 3002 539 3073; x_wconf 90' lang='lat' dir='ltr'><strong>quit,</strong></span> <span class='ocrx_word' id='word_1_194' title='bbox 563 2999 688 3056; x_wconf 89' lang='lat' dir='ltr'><strong>novi</strong></span> <span class='ocrx_word' id='word_1_195' title='bbox 728 2997 1045 3073; x_wconf 85' lang='lat' dir='ltr'><strong>quemdam,</strong></span> <span class='ocrx_word' id='word_1_196' title='bbox 1107 2998 1191 3051; x_wconf 91' lang='lat' dir='ltr'><strong>cui</strong></span> <span class='ocrx_word' id='word_1_197' title='bbox 1248 2997 1639 3052; x_wconf 90' lang='lat' dir='ltr'><strong>misericordia</strong></span> <span class='ocrx_word' id='word_1_198' title='bbox 1695 2998 1865 3052; x_wconf 81' lang='lat' dir='ltr'><strong>Mater</strong></span> <span class='ocrx_word' id='word_1_199' title='bbox 1944 2997 1998 3050; x_wconf 94' lang='lat' dir='ltr'><strong>in</strong></span> 
     </span>
    </p>
   </div>
   <div class='ocr_carea' id='block_1_34' title="bbox 2102 496 3698 571">
    <p class='ocr_par' dir='ltr' id='par_1_34' title="bbox 2102 496 3698 571">
     <span class='ocr_line' id='line_1_34' title="bbox 2102 496 3698 571; baseline -0.003 -18"><span class='ocrx_word' id='word_1_200' title='bbox 2102 499 2328 568; x_wconf 89' lang='lat' dir='ltr'><strong>siluisse,</strong></span> <span class='ocrx_word' id='word_1_201' title='bbox 2362 516 2428 554; x_wconf 89' lang='lat' dir='ltr'><strong>ne</strong></span> <span class='ocrx_word' id='word_1_202' title='bbox 2456 500 2632 570; x_wconf 88' lang='lat' dir='ltr'><strong>potius</strong></span> <span class='ocrx_word' id='word_1_203' title='bbox 2658 500 2890 571; x_wconf 75' lang='lat' dir='ltr'><strong>gloriam</strong></span> <span class='ocrx_word' id='word_1_204' title='bbox 2920 498 3023 553; x_wconf 91' lang='lat' dir='ltr'><strong>sibi</strong></span> <span class='ocrx_word' id='word_1_205' title='bbox 3053 514 3315 570; x_wconf 85' lang='lat' dir='ltr'><strong>quarere,</strong></span> <span class='ocrx_word' id='word_1_206' title='bbox 3363 513 3525 569; x_wconf 90' lang='lat' dir='ltr'><strong>quam</strong></span> <span class='ocrx_word' id='word_1_207' title='bbox 3578 496 3698 552; x_wconf 86' lang='lat' dir='ltr'><strong>veri</strong></span> 
     </span>
    </p>
   </div>
   <div class='ocr_carea' id='block_1_35' title="bbox 2107 588 2829 643">
    <p class='ocr_par' dir='ltr' id='par_1_35' title="bbox 2107 588 2829 643">
     <span class='ocr_line' id='line_1_35' title="bbox 2107 588 2829 643; baseline 0 -1"><span class='ocrx_word' id='word_1_208' title='bbox 2107 596 2266 643; x_wconf 88' lang='lat' dir='ltr'><strong>tatem</strong></span> <span class='ocrx_word' id='word_1_209' title='bbox 2296 588 2498 643; x_wconf 88' lang='lat' dir='ltr'><strong>referre</strong></span> <span class='ocrx_word' id='word_1_210' title='bbox 2535 589 2829 643; x_wconf 90' lang='lat' dir='ltr'><strong>videretur.</strong></span> 
     </span>
    </p>
   </div>
   <div class='ocr_carea' id='block_1_36' title="bbox 2173 676 3703 748">
    <p class='ocr_par' dir='ltr' id='par_1_36' title="bbox 2173 676 3703 748">
     <span class='ocr_line' id='line_1_36' title="bbox 2173 676 3703 748; baseline -0.001 -16"><span class='ocrx_word' id='word_1_211' title='bbox 2173 678 2262 732; x_wconf 75' lang='grc'>44.</span> <span class='ocrx_word' id='word_1_212' title='bbox 2297 677 2559 748; x_wconf 87' lang='lat' dir='ltr'><strong>Sequenti</strong></span> <span class='ocrx_word' id='word_1_213' title='bbox 2589 685 2766 732; x_wconf 88' lang='lat' dir='ltr'><strong>autem</strong></span> <span class='ocrx_word' id='word_1_214' title='bbox 2791 677 3246 747; x_wconf 84' lang='lat' dir='ltr'><strong>Quadragesima,</strong></span> <span class='ocrx_word' id='word_1_215' title='bbox 3281 692 3407 732; x_wconf 90' lang='lat' dir='ltr'><strong>cum</strong></span> <span class='ocrx_word' id='word_1_216' title='bbox 3473 676 3703 747; x_wconf 89' lang='lat' dir='ltr'><strong>deposi-</strong></span> 
     </span>
    </p>
   </div>
   <div class='ocr_carea' id='block_1_37' title="bbox 2102 765 3703 835">
    <p class='ocr_par' dir='ltr' id='par_1_37' title="bbox 2102 765 3703 835">
     <span class='ocr_line' id='line_1_37' title="bbox 2102 765 3703 835; baseline -0.001 -15"><span class='ocrx_word' id='word_1_217' title='bbox 2102 765 2263 820; x_wconf 91' lang='lat' dir='ltr'><strong>tionis</strong></span> <span class='ocrx_word' id='word_1_218' title='bbox 2292 765 2412 835; x_wconf 87' lang='lat' dir='ltr'><strong>ejus</strong></span> <span class='ocrx_word' id='word_1_219' title='bbox 2442 765 2587 820; x_wconf 89' lang='lat' dir='ltr'><strong>diem</strong></span> <span class='ocrx_word' id='word_1_220' title='bbox 2616 765 2902 820; x_wconf 89' lang='lat' dir='ltr'><strong>imminere</strong></span> <span class='ocrx_word' id='word_1_221' title='bbox 2931 765 3175 820; x_wconf 86' lang='lat' dir='ltr'><strong>defectus</strong></span> <span class='ocrx_word' id='word_1_222' title='bbox 3215 765 3412 820; x_wconf 89' lang='lat' dir='ltr'><strong>virium</strong></span> <span class='ocrx_word' id='word_1_223' title='bbox 3473 772 3703 820; x_wconf 87' lang='lat' dir='ltr'><strong>testare-</strong></span> 
     </span>
    </p>
   </div>
   <div class='ocr_carea' id='block_1_38' title="bbox 2101 853 3702 925">
    <p class='ocr_par' dir='ltr' id='par_1_38' title="bbox 2101 853 3702 925">
     <span class='ocr_line' id='line_1_38' title="bbox 2101 853 3702 925; baseline -0.001 -17"><span class='ocrx_word' id='word_1_224' title='bbox 2101 861 2203 921; x_wconf 87' lang='lat' dir='ltr'><strong>tur,</strong></span> <span class='ocrx_word' id='word_1_225' title='bbox 2234 853 2490 925; x_wconf 88' lang='lat' dir='ltr'><strong>fatigatus</strong></span> <span class='ocrx_word' id='word_1_226' title='bbox 2517 854 2673 908; x_wconf 90' lang='lat' dir='ltr'><strong>Pater</strong></span> <span class='ocrx_word' id='word_1_227' title='bbox 2701 853 2906 908; x_wconf 84' lang='lat' dir='ltr'><strong>addidit</strong></span> <span class='ocrx_word' id='word_1_228' title='bbox 2936 854 3007 908; x_wconf 89' lang='lat' dir='ltr'><strong>ad</strong></span> <span class='ocrx_word' id='word_1_229' title='bbox 3037 853 3304 919; x_wconf 87' lang='lat' dir='ltr'><strong>laborem,</strong></span> <span class='ocrx_word' id='word_1_230' title='bbox 3337 854 3600 908; x_wconf 90' lang='lat' dir='ltr'><strong>Dominus</strong></span> <span class='ocrx_word' id='word_1_231' title='bbox 3629 853 3702 907; x_wconf 89' lang='lat' dir='ltr'><strong>ad</strong></span> 
     </span>
    </p>
   </div>
   <div class='ocr_carea' id='block_1_39' title="bbox 2100 941 3703 1012">
    <p class='ocr_par' dir='ltr' id='par_1_39' title="bbox 2100 941 3703 1012">
     <span class='ocr_line' id='line_1_39' title="bbox 2100 941 3703 1012; baseline -0.001 -16"><span class='ocrx_word' id='word_1_232' title='bbox 2100 957 2375 998; x_wconf 88' lang='lat' dir='ltr'><strong>coronam.</strong></span> <span class='ocrx_word' id='word_1_233' title='bbox 2407 941 2780 1012; x_wconf 83' lang='lat' dir='ltr'><strong>Multiplicatis</strong></span> <span class='ocrx_word' id='word_1_234' title='bbox 2823 942 2967 996; x_wconf 91' lang='lat' dir='ltr'><strong>enim</strong></span> <span class='ocrx_word' id='word_1_235' title='bbox 3017 941 3264 1012; x_wconf 88' lang='lat' dir='ltr'><strong>jejuniis,</strong></span> <span class='ocrx_word' id='word_1_236' title='bbox 3324 942 3494 996; x_wconf 86' lang='lat' dir='ltr'><strong>fessos</strong></span> <span class='ocrx_word' id='word_1_237' title='bbox 3548 952 3703 996; x_wconf 90' lang='lat' dir='ltr'><strong>artus</strong></span> 
     </span>
    </p>
   </div>
   <div class='ocr_carea' id='block_1_40' title="bbox 2101 1030 3701 1101">
    <p class='ocr_par' dir='ltr' id='par_1_40' title="bbox 2101 1030 3701 1101">
     <span class='ocr_line' id='line_1_40' title="bbox 2101 1030 3701 1101; baseline -0.001 -16"><span class='ocrx_word' id='word_1_238' title='bbox 2101 1047 2256 1086; x_wconf 90' lang='lat' dir='ltr'><strong>sacra</strong></span> <span class='ocrx_word' id='word_1_239' title='bbox 2285 1039 2602 1101; x_wconf 82' lang='lat' dir='ltr'><strong>prosecutus</strong></span> <span class='ocrx_word' id='word_1_240' title='bbox 2631 1039 2708 1084; x_wconf 87' lang='lat' dir='ltr'><strong>est</strong></span> <span class='ocrx_word' id='word_1_241' title='bbox 2737 1030 2969 1100; x_wconf 86' lang='lat' dir='ltr'><strong>injuria;</strong></span> <span class='ocrx_word' id='word_1_242' title='bbox 3002 1031 3219 1085; x_wconf 82' lang='lat' dir='ltr'><strong>indicta</strong></span> <span class='ocrx_word' id='word_1_243' title='bbox 3276 1031 3424 1086; x_wconf 88' lang='lat' dir='ltr'><strong>carni</strong></span> <span class='ocrx_word' id='word_1_244' title='bbox 3480 1045 3701 1097; x_wconf 88' lang='lat' dir='ltr'><strong>cruces,</strong></span> 
     </span>
    </p>
   </div>
   <div class='ocr_carea' id='block_1_41' title="bbox 2097 1119 3701 1191">
    <p class='ocr_par' dir='ltr' id='par_1_41' title="bbox 2097 1119 3701 1191">
     <span class='ocr_line' id='line_1_41' title="bbox 2097 1119 3701 1191; baseline -0.002 -16"><span class='ocrx_word' id='word_1_245' title='bbox 2097 1120 2494 1175; x_wconf 86' lang='lat' dir='ltr'><strong>etcontinuata</strong></span> <span class='ocrx_word' id='word_1_246' title='bbox 2523 1119 2816 1191; x_wconf 83' lang='lat' dir='ltr'><strong>gemitibus</strong></span> <span class='ocrx_word' id='word_1_247' title='bbox 2854 1120 3124 1189; x_wconf 88' lang='lat' dir='ltr'><strong>lacryma,</strong></span> <span class='ocrx_word' id='word_1_248' title='bbox 3165 1119 3437 1175; x_wconf 90' lang='lat' dir='ltr'><strong>desiderio</strong></span> <span class='ocrx_word' id='word_1_249' title='bbox 3458 1133 3701 1174; x_wconf 85' lang='lat' dir='ltr'><strong>conver-</strong></span> 
     </span>
    </p>
   </div>
   <div class='ocr_carea' id='block_1_42' title="bbox 2098 1207 3705 1278">
    <p class='ocr_par' dir='ltr' id='par_1_42' title="bbox 2098 1207 3705 1278">
     <span class='ocr_line' id='line_1_42' title="bbox 2098 1207 3705 1278; baseline -0.001 -16"><span class='ocrx_word' id='word_1_250' title='bbox 2098 1209 2321 1262; x_wconf 90' lang='lat' dir='ltr'><strong>sationis</strong></span> <span class='ocrx_word' id='word_1_251' title='bbox 2349 1207 2573 1262; x_wconf 87' lang='lat' dir='ltr'><strong>alterius</strong></span> <span class='ocrx_word' id='word_1_252' title='bbox 2600 1214 2925 1277; x_wconf 91' lang='lat' dir='ltr'><strong>occupatum</strong></span> <span class='ocrx_word' id='word_1_253' title='bbox 2945 1207 3324 1277; x_wconf 86' lang='lat' dir='ltr'><strong>loquebantur,</strong></span> <span class='ocrx_word' id='word_1_254' title='bbox 3349 1208 3559 1278; x_wconf 83' lang='lat' dir='ltr'><strong>vigilia</strong></span> <span class='ocrx_word' id='word_1_255' title='bbox 3581 1209 3705 1277; x_wconf 87' lang='lat' dir='ltr'><strong>ejus</strong></span> 
     </span>
    </p>
   </div>
   <div class='ocr_carea' id='block_1_43' title="bbox 2097 1295 3704 1367">
    <p class='ocr_par' dir='ltr' id='par_1_43' title="bbox 2097 1295 3704 1367">
     <span class='ocr_line' id='line_1_43' title="bbox 2097 1295 3704 1367; baseline 0 -17"><span class='ocrx_word' id='word_1_256' title='bbox 2097 1296 2303 1367; x_wconf 88' lang='lat' dir='ltr'><strong>vigilia</strong></span> <span class='ocrx_word' id='word_1_257' title='bbox 2332 1296 2628 1366; x_wconf 87' lang='lat' dir='ltr'><strong>longiores,</strong></span> <span class='ocrx_word' id='word_1_258' title='bbox 2657 1304 2710 1349; x_wconf 91' lang='lat' dir='ltr'><strong>et</strong></span> <span class='ocrx_word' id='word_1_259' title='bbox 2766 1312 2889 1366; x_wconf 91' lang='lat' dir='ltr'><strong>qua</strong></span> <span class='ocrx_word' id='word_1_260' title='bbox 2945 1304 3201 1350; x_wconf 88' lang='lat' dir='ltr'><strong>naturam</strong></span> <span class='ocrx_word' id='word_1_261' title='bbox 3257 1295 3439 1350; x_wconf 90' lang='lat' dir='ltr'><strong>debito</strong></span> <span class='ocrx_word' id='word_1_262' title='bbox 3497 1311 3704 1366; x_wconf 89' lang='lat' dir='ltr'><strong>sopore</strong></span> 
     </span>
    </p>
   </div>
   <div class='ocr_carea' id='block_1_44' title="bbox 2096 1383 3699 1453">
    <p class='ocr_par' dir='ltr' id='par_1_44' title="bbox 2096 1383 3699 1453">
     <span class='ocr_line' id='line_1_44' title="bbox 2096 1383 3699 1453; baseline -0.001 -15"><span class='ocrx_word' id='word_1_263' title='bbox 2096 1384 2507 1450; x_wconf 89' lang='lat' dir='ltr'><strong>defraudabant,</strong></span> <span class='ocrx_word' id='word_1_264' title='bbox 2540 1383 2803 1453; x_wconf 89' lang='lat' dir='ltr'><strong>reliquum</strong></span> <span class='ocrx_word' id='word_1_265' title='bbox 2834 1392 3046 1453; x_wconf 91' lang='lat' dir='ltr'><strong>tempus</strong></span> <span class='ocrx_word' id='word_1_266' title='bbox 3076 1385 3253 1439; x_wconf 89' lang='lat' dir='ltr'><strong>oratio</strong></span> <span class='ocrx_word' id='word_1_267' title='bbox 3285 1383 3386 1438; x_wconf 92' lang='lat' dir='ltr'><strong>sibi</strong></span> <span class='ocrx_word' id='word_1_268' title='bbox 3418 1383 3501 1439; x_wconf 87' lang='lat' dir='ltr'><strong>vei</strong></span> <span class='ocrx_word' id='word_1_269' title='bbox 3532 1384 3699 1438; x_wconf 92' lang='lat' dir='ltr'><strong>lectio</strong></span> 
     </span>
    </p>
   </div>
   <div class='ocr_carea' id='block_1_45' title="bbox 2099 1473 3699 1542">
    <p class='ocr_par' dir='ltr' id='par_1_45' title="bbox 2099 1473 3699 1542">
     <span class='ocr_line' id='line_1_45' title="bbox 2099 1473 3699 1542; baseline 0 -17"><span class='ocrx_word' id='word_1_270' title='bbox 2099 1473 2412 1527; x_wconf 87' lang='lat' dir='ltr'><strong>vindicavit.</strong></span> <span class='ocrx_word' id='word_1_271' title='bbox 2457 1473 2648 1526; x_wconf 86' lang='lat' dir='ltr'><strong>Parum</strong></span> <span class='ocrx_word' id='word_1_272' title='bbox 2677 1480 2791 1527; x_wconf 88' lang='lat' dir='ltr'><strong>erat</strong></span> <span class='ocrx_word' id='word_1_273' title='bbox 2811 1473 3013 1527; x_wconf 91' lang='lat' dir='ltr'><strong>homini</strong></span> <span class='ocrx_word' id='word_1_274' title='bbox 3047 1474 3146 1529; x_wconf 89' lang='lat' dir='ltr'><strong>Dei</strong></span> <span class='ocrx_word' id='word_1_275' title='bbox 3206 1473 3454 1542; x_wconf 87' lang='lat' dir='ltr'><strong>spiritum</strong></span> <span class='ocrx_word' id='word_1_276' title='bbox 3505 1480 3699 1526; x_wconf 82' lang='lat' dir='ltr'><strong>natura</strong></span> 
     </span>
    </p>
   </div>
   <div class='ocr_carea' id='block_1_46' title="bbox 2095 1560 3705 1633">
    <p class='ocr_par' dir='ltr' id='par_1_46' title="bbox 2095 1560 3705 1633">
     <span class='ocr_line' id='line_1_46' title="bbox 2095 1560 3705 1633; baseline -0.001 -17"><span class='ocrx_word' id='word_1_277' title='bbox 2095 1561 2358 1633; x_wconf 88' lang='lat' dir='ltr'><strong>urgeriad</strong></span> <span class='ocrx_word' id='word_1_278' title='bbox 2375 1577 2673 1632; x_wconf 88' lang='lat' dir='ltr'><strong>egressum,</strong></span> <span class='ocrx_word' id='word_1_279' title='bbox 2734 1562 2836 1615; x_wconf 88' lang='lat' dir='ltr'><strong>nisi</strong></span> <span class='ocrx_word' id='word_1_280' title='bbox 2895 1569 2949 1616; x_wconf 89' lang='lat' dir='ltr'><strong>et</strong></span> <span class='ocrx_word' id='word_1_281' title='bbox 3031 1561 3355 1616; x_wconf 87' lang='lat' dir='ltr'><strong>cruciatibus</strong></span> <span class='ocrx_word' id='word_1_282' title='bbox 3433 1560 3705 1615; x_wconf 87' lang='lat' dir='ltr'><strong>adhibitis</strong></span> 
     </span>
    </p>
   </div>
   <div class='ocr_carea' id='block_1_47' title="bbox 2094 1649 3706 1721">
    <p class='ocr_par' dir='ltr' id='par_1_47' title="bbox 2094 1649 3706 1721">
     <span class='ocr_line' id='line_1_47' title="bbox 2094 1649 3706 1721; baseline -0.002 -17"><span class='ocrx_word' id='word_1_283' title='bbox 2094 1657 2394 1721; x_wconf 81' lang='lat' dir='ltr'><strong>urgeretur.</strong></span> <span class='ocrx_word' id='word_1_284' title='bbox 2413 1650 2625 1720; x_wconf 86' lang='lat' dir='ltr'><strong>Quippe</strong></span> <span class='ocrx_word' id='word_1_285' title='bbox 2653 1649 2970 1704; x_wconf 90' lang='lat' dir='ltr'><strong>desiderans</strong></span> <span class='ocrx_word' id='word_1_286' title='bbox 2998 1651 3183 1703; x_wconf 90' lang='lat' dir='ltr'><strong>anima</strong></span> <span class='ocrx_word' id='word_1_287' title='bbox 3213 1650 3543 1715; x_wconf 89' lang='lat' dir='ltr'><strong>Creatorem,</strong></span> <span class='ocrx_word' id='word_1_288' title='bbox 3603 1661 3706 1718; x_wconf 88' lang='lat' dir='ltr'><strong>pro</strong></span> 
     </span>
    </p>
   </div>
   <div class='ocr_carea' id='block_1_48' title="bbox 2018 1736 3698 1812">
    <p class='ocr_par' dir='ltr' id='par_1_48' title="bbox 2018 1736 3698 1812">
     <span class='ocr_line' id='line_1_48' title="bbox 2018 1736 3698 1812; baseline -0.004 -18"><span class='ocrx_word' id='word_1_289' title='bbox 2018 1745 2067 1808; x_wconf 86' lang='grc' dir='ltr'>Β</span> <span class='ocrx_word' id='word_1_290' title='bbox 2095 1738 2364 1812; x_wconf 85' lang='lat' dir='ltr'><strong>exquisito</strong></span> <span class='ocrx_word' id='word_1_291' title='bbox 2392 1739 2629 1793; x_wconf 89' lang='lat' dir='ltr'><strong>habebat</strong></span> <span class='ocrx_word' id='word_1_292' title='bbox 2658 1739 2944 1809; x_wconf 90' lang='lat' dir='ltr'><strong>supplicio,</strong></span> <span class='ocrx_word' id='word_1_293' title='bbox 2967 1739 3144 1793; x_wconf 91' lang='lat' dir='ltr'><strong>carnis</strong></span> <span class='ocrx_word' id='word_1_294' title='bbox 3172 1737 3451 1809; x_wconf 87' lang='lat' dir='ltr'><strong>ergastulo</strong></span> <span class='ocrx_word' id='word_1_295' title='bbox 3484 1736 3698 1790; x_wconf 91' lang='lat' dir='ltr'><strong>diutius</strong></span> 
     </span>
    </p>
   </div>
   <div class='ocr_carea' id='block_1_49' title="bbox 2096 1826 3704 1898">
    <p class='ocr_par' dir='ltr' id='par_1_49' title="bbox 2096 1826 3704 1898">
     <span class='ocr_line' id='line_1_49' title="bbox 2096 1826 3704 1898; baseline -0.002 -18"><span class='ocrx_word' id='word_1_296' title='bbox 2096 1828 2394 1882; x_wconf 87' lang='lat' dir='ltr'><strong>immorari.</strong></span> <span class='ocrx_word' id='word_1_297' title='bbox 2428 1827 2540 1882; x_wconf 92' lang='lat' dir='ltr'><strong>Sub</strong></span> <span class='ocrx_word' id='word_1_298' title='bbox 2596 1828 2700 1882; x_wconf 87' lang='lat' dir='ltr'><strong>hac</strong></span> <span class='ocrx_word' id='word_1_299' title='bbox 2746 1826 2914 1898; x_wconf 90' lang='lat' dir='ltr'><strong>igitur</strong></span> <span class='ocrx_word' id='word_1_300' title='bbox 2964 1827 3362 1892; x_wconf 90' lang='lat' dir='ltr'><strong>observatione,</strong></span> <span class='ocrx_word' id='word_1_301' title='bbox 3418 1831 3704 1880; x_wconf 74' lang='lat' dir='ltr'><strong>transacta</strong></span> 
     </span>
    </p>
   </div>
   <div class='ocr_carea' id='block_1_50' title="bbox 2096 1912 3706 1985">
    <p class='ocr_par' dir='ltr' id='par_1_50' title="bbox 2096 1912 3706 1985">
     <span class='ocr_line' id='line_1_50' title="bbox 2096 1912 3706 1985; baseline -0.004 -15"><span class='ocrx_word' id='word_1_302' title='bbox 2096 1933 2262 1985; x_wconf 91' lang='lat' dir='ltr'><strong>usque</strong></span> <span class='ocrx_word' id='word_1_303' title='bbox 2293 1915 2360 1970; x_wconf 90' lang='lat' dir='ltr'><strong>ad</strong></span> <span class='ocrx_word' id='word_1_304' title='bbox 2401 1914 2895 1984; x_wconf 85' lang='lat' dir='ltr'><strong>Ramispalmarum</strong></span> <span class='ocrx_word' id='word_1_305' title='bbox 2954 1915 3386 1984; x_wconf 84' lang='lat' dir='ltr'><strong>Quadragesima</strong></span> <span class='ocrx_word' id='word_1_306' title='bbox 3432 1915 3568 1982; x_wconf 86' lang='lat'><strong>(69),</strong></span> <span class='ocrx_word' id='word_1_307' title='bbox 3632 1912 3706 1964; x_wconf 89' lang='lat' dir='ltr'><strong>ad</strong></span> 
     </span>
    </p>
   </div>
   <div class='ocr_carea' id='block_1_51' title="bbox 2097 2002 3700 2073">
    <p class='ocr_par' dir='ltr' id='par_1_51' title="bbox 2097 2002 3700 2073">
     <span class='ocr_line' id='line_1_51' title="bbox 2097 2002 3700 2073; baseline -0.004 -15"><span class='ocrx_word' id='word_1_308' title='bbox 2097 2003 2476 2059; x_wconf 85' lang='lat' dir='ltr'><strong>celebrandam</strong></span> <span class='ocrx_word' id='word_1_309' title='bbox 2499 2003 2753 2073; x_wconf 85' lang='lat' dir='ltr'><strong>ejusdem</strong></span> <span class='ocrx_word' id='word_1_310' title='bbox 2785 2003 2892 2059; x_wconf 90' lang='lat' dir='ltr'><strong>diei</strong></span> <span class='ocrx_word' id='word_1_311' title='bbox 2922 2003 3340 2058; x_wconf 86' lang='lat' dir='ltr'><strong>solemnitatem.</strong></span> <span class='ocrx_word' id='word_1_312' title='bbox 3372 2002 3700 2056; x_wconf 87' lang='lat' dir='ltr'><strong>Cluniacum</strong></span> 
     </span>
    </p>
   </div>
   <div class='ocr_carea' id='block_1_52' title="bbox 2096 2089 3705 2162">
    <p class='ocr_par' dir='ltr' id='par_1_52' title="bbox 2096 2089 3705 2162">
     <span class='ocr_line' id='line_1_52' title="bbox 2096 2089 3705 2162; baseline -0.002 -16"><span class='ocrx_word' id='word_1_313' title='bbox 2096 2100 2205 2147; x_wconf 88' lang='lat' dir='ltr'><strong>tam</strong></span> <span class='ocrx_word' id='word_1_314' title='bbox 2229 2092 2414 2162; x_wconf 90' lang='lat' dir='ltr'><strong>populi</strong></span> <span class='ocrx_word' id='word_1_315' title='bbox 2448 2106 2609 2160; x_wconf 93' lang='lat' dir='ltr'><strong>quam</strong></span> <span class='ocrx_word' id='word_1_316' title='bbox 2651 2092 3038 2147; x_wconf 87' lang='lat' dir='ltr'><strong>monachorum</strong></span> <span class='ocrx_word' id='word_1_317' title='bbox 3070 2091 3232 2146; x_wconf 88' lang='lat' dir='ltr'><strong>turba</strong></span> <span class='ocrx_word' id='word_1_318' title='bbox 3280 2089 3454 2158; x_wconf 83' lang='lat' dir='ltr'><strong>major</strong></span> <span class='ocrx_word' id='word_1_319' title='bbox 3491 2103 3705 2144; x_wconf 88' lang='lat' dir='ltr'><strong>conve-</strong></span> 
     </span>
    </p>
   </div>
   <div class='ocr_carea' id='block_1_53' title="bbox 2098 2178 3710 2250">
    <p class='ocr_par' dir='ltr' id='par_1_53' title="bbox 2098 2178 3710 2250">
     <span class='ocr_line' id='line_1_53' title="bbox 2098 2178 3710 2250; baseline -0.002 -16"><span class='ocrx_word' id='word_1_320' title='bbox 2098 2189 2267 2235; x_wconf 89' lang='lat' dir='ltr'><strong>nerat.</strong></span> <span class='ocrx_word' id='word_1_321' title='bbox 2293 2180 2429 2235; x_wconf 87' lang='lat' dir='ltr'><strong>Hinc</strong></span> <span class='ocrx_word' id='word_1_322' title='bbox 2455 2180 2751 2250; x_wconf 88' lang='lat' dir='ltr'><strong>assumptis</strong></span> <span class='ocrx_word' id='word_1_323' title='bbox 2779 2179 2834 2233; x_wconf 91' lang='lat' dir='ltr'><strong>in</strong></span> <span class='ocrx_word' id='word_1_324' title='bbox 2863 2180 3262 2250; x_wconf 90' lang='lat' dir='ltr'><strong>processionem</strong></span> <span class='ocrx_word' id='word_1_325' title='bbox 3320 2178 3563 2233; x_wconf 88' lang='lat' dir='ltr'><strong>ecclesia</strong></span> <span class='ocrx_word' id='word_1_326' title='bbox 3620 2191 3710 2231; x_wconf 86' lang='lat' dir='ltr'><strong>or-</strong></span> 
     </span>
    </p>
   </div>
   <div class='ocr_carea' id='block_1_54' title="bbox 2096 2264 3709 2339">
    <p class='ocr_par' dir='ltr' id='par_1_54' title="bbox 2096 2264 3709 2339">
     <span class='ocr_line' id='line_1_54' title="bbox 2096 2264 3709 2339; baseline -0.003 -16"><span class='ocrx_word' id='word_1_327' title='bbox 2096 2269 2384 2335; x_wconf 85' lang='lat' dir='ltr'><strong>namentis,</strong></span> <span class='ocrx_word' id='word_1_328' title='bbox 2415 2276 2715 2323; x_wconf 89' lang='lat' dir='ltr'><strong>conventus</strong></span> <span class='ocrx_word' id='word_1_329' title='bbox 2744 2267 2798 2322; x_wconf 90' lang='lat' dir='ltr'><strong>in</strong></span> <span class='ocrx_word' id='word_1_330' title='bbox 2821 2268 2953 2322; x_wconf 92' lang='lat' dir='ltr'><strong>albit</strong></span> <span class='ocrx_word' id='word_1_331' title='bbox 2981 2267 3258 2339; x_wconf 84' lang='lat' dir='ltr'><strong>egreditur</strong></span> <span class='ocrx_word' id='word_1_332' title='bbox 3293 2282 3306 2334; x_wconf 88' lang='lat'>;</span> <span class='ocrx_word' id='word_1_333' title='bbox 3331 2282 3453 2321; x_wconf 91' lang='lat' dir='ltr'><strong>cum</strong></span> <span class='ocrx_word' id='word_1_334' title='bbox 3505 2264 3709 2336; x_wconf 85' lang='lat' dir='ltr'><strong>quibus</strong></span> 
     </span>
    </p>
   </div>
   <div class='ocr_carea' id='block_1_55' title="bbox 2101 2355 3702 2418">
    <p class='ocr_par' dir='ltr' id='par_1_55' title="bbox 2101 2355 3702 2418">
     <span class='ocr_line' id='line_1_55' title="bbox 2101 2355 3702 2418; baseline -0.003 -8"><span class='ocrx_word' id='word_1_335' title='bbox 2101 2357 2228 2411; x_wconf 91' lang='lat' dir='ltr'><strong>dum</strong></span> <span class='ocrx_word' id='word_1_336' title='bbox 2259 2357 2446 2410; x_wconf 90' lang='lat' dir='ltr'><strong>beatus</strong></span> <span class='ocrx_word' id='word_1_337' title='bbox 2475 2356 2644 2410; x_wconf 89' lang='lat' dir='ltr'><strong>abbas</strong></span> <span class='ocrx_word' id='word_1_338' title='bbox 2665 2357 2814 2411; x_wconf 87' lang='lat' dir='ltr'><strong>exire</strong></span> <span class='ocrx_word' id='word_1_339' title='bbox 2844 2356 3138 2418; x_wconf 87' lang='lat' dir='ltr'><strong>desiderat,</strong></span> <span class='ocrx_word' id='word_1_340' title='bbox 3171 2356 3239 2409; x_wconf 86' lang='lat' dir='ltr'><strong>ad</strong></span> <span class='ocrx_word' id='word_1_341' title='bbox 3263 2355 3425 2408; x_wconf 88' lang='lat' dir='ltr'><strong>aliam</strong></span> <span class='ocrx_word' id='word_1_342' title='bbox 3473 2360 3702 2408; x_wconf 88' lang='lat' dir='ltr'><strong>vocatus</strong></span> 
     </span>
    </p>
   </div>
   <div class='ocr_carea' id='block_1_56' title="bbox 2101 2441 3710 2516">
    <p class='ocr_par' dir='ltr' id='par_1_56' title="bbox 2101 2441 3710 2516">
     <span class='ocr_line' id='line_1_56' title="bbox 2101 2441 3710 2516; baseline -0.004 -16"><span class='ocrx_word' id='word_1_343' title='bbox 2101 2447 2332 2510; x_wconf 81' lang='lat' dir='ltr'><strong>exitum,</strong></span> <span class='ocrx_word' id='word_1_344' title='bbox 2357 2445 2503 2516; x_wconf 87' lang='lat' dir='ltr'><strong>quod</strong></span> <span class='ocrx_word' id='word_1_345' title='bbox 2529 2443 2720 2512; x_wconf 89' lang='lat' dir='ltr'><strong>voluit,</strong></span> <span class='ocrx_word' id='word_1_346' title='bbox 2746 2461 2856 2500; x_wconf 93' lang='lat' dir='ltr'><strong>non</strong></span> <span class='ocrx_word' id='word_1_347' title='bbox 2884 2444 3071 2500; x_wconf 86' lang='lat' dir='ltr'><strong>valuit.</strong></span> <span class='ocrx_word' id='word_1_348' title='bbox 3115 2443 3352 2514; x_wconf 88' lang='lat' dir='ltr'><strong>Optabat</strong></span> <span class='ocrx_word' id='word_1_349' title='bbox 3400 2441 3710 2498; x_wconf 81' lang='lat' dir='ltr'><strong>candidatis</strong></span> 
     </span>
    </p>
   </div>
   <div class='ocr_carea' id='block_1_57' title="bbox 2101 2529 3710 2600">
    <p class='ocr_par' dir='ltr' id='par_1_57' title="bbox 2101 2529 3710 2600">
     <span class='ocr_line' id='line_1_57' title="bbox 2101 2529 3710 2600; baseline -0.002 -13"><span class='ocrx_word' id='word_1_350' title='bbox 2101 2534 2359 2589; x_wconf 83' lang='lat' dir='ltr'><strong>interesse</strong></span> <span class='ocrx_word' id='word_1_351' title='bbox 2379 2533 2582 2600; x_wconf 91' lang='lat' dir='ltr'><strong>choris,</strong></span> <span class='ocrx_word' id='word_1_352' title='bbox 2623 2542 2678 2588; x_wconf 91' lang='lat' dir='ltr'><strong>et</strong></span> <span class='ocrx_word' id='word_1_353' title='bbox 2731 2535 2786 2587; x_wconf 93' lang='lat' dir='ltr'><strong>in</strong></span> <span class='ocrx_word' id='word_1_354' title='bbox 2836 2534 3022 2589; x_wconf 82' lang='lat' dir='ltr'><strong>laudes</strong></span> <span class='ocrx_word' id='word_1_355' title='bbox 3076 2532 3275 2587; x_wconf 88' lang='lat' dir='ltr'><strong>Christi</strong></span> <span class='ocrx_word' id='word_1_356' title='bbox 3333 2531 3539 2585; x_wconf 90' lang='lat' dir='ltr'><strong>milites</strong></span> <span class='ocrx_word' id='word_1_357' title='bbox 3583 2529 3710 2598; x_wconf 91' lang='lat' dir='ltr'><strong>ejus</strong></span> 
     </span>
    </p>
   </div>
   <div class='ocr_carea' id='block_1_58' title="bbox 2100 2619 3712 2692">
    <p class='ocr_par' dir='ltr' id='par_1_58' title="bbox 2100 2619 3712 2692">
     <span class='ocr_line' id='line_1_58' title="bbox 2100 2619 3712 2692; baseline -0.003 -16"><span class='ocrx_word' id='word_1_358' title='bbox 2100 2637 2199 2676; x_wconf 90' lang='lat' dir='ltr'><strong>sua</strong></span> <span class='ocrx_word' id='word_1_359' title='bbox 2227 2623 2507 2677; x_wconf 86' lang='lat' dir='ltr'><strong>exhortari</strong></span> <span class='ocrx_word' id='word_1_360' title='bbox 2537 2623 2826 2692; x_wconf 89' lang='lat' dir='ltr'><strong>prasentia</strong></span> <span class='ocrx_word' id='word_1_361' title='bbox 2857 2641 2868 2675; x_wconf 95' lang='lat'>:</span> <span class='ocrx_word' id='word_1_362' title='bbox 2903 2638 3008 2692; x_wconf 86' lang='lat' dir='ltr'><strong>qua</strong></span> <span class='ocrx_word' id='word_1_363' title='bbox 3035 2622 3091 2675; x_wconf 89' lang='lat' dir='ltr'><strong>in</strong></span> <span class='ocrx_word' id='word_1_364' title='bbox 3123 2637 3184 2676; x_wconf 90' lang='lat' dir='ltr'><strong>re</strong></span> <span class='ocrx_word' id='word_1_365' title='bbox 3213 2635 3336 2675; x_wconf 90' lang='lat' dir='ltr'><strong>cum</strong></span> <span class='ocrx_word' id='word_1_366' title='bbox 3393 2620 3542 2674; x_wconf 88' lang='lat' dir='ltr'><strong>vires</strong></span> <span class='ocrx_word' id='word_1_367' title='bbox 3604 2619 3712 2672; x_wconf 87' lang='lat' dir='ltr'><strong>sibi</strong></span> 
     </span>
    </p>
   </div>
   <div class='ocr_carea' id='block_1_59' title="bbox 2101 2707 3704 2780">
    <p class='ocr_par' dir='ltr' id='par_1_59' title="bbox 2101 2707 3704 2780">
     <span class='ocr_line' id='line_1_59' title="bbox 2101 2707 3704 2780; baseline -0.001 -18"><span class='ocrx_word' id='word_1_368' title='bbox 2101 2711 2298 2764; x_wconf 88' lang='lat' dir='ltr'><strong>deesse</strong></span> <span class='ocrx_word' id='word_1_369' title='bbox 2355 2711 2597 2778; x_wconf 89' lang='lat' dir='ltr'><strong>sentiret,</strong></span> <span class='ocrx_word' id='word_1_370' title='bbox 2630 2726 2767 2779; x_wconf 88' lang='lat' dir='ltr'><strong>quos</strong></span> <span class='ocrx_word' id='word_1_371' title='bbox 2797 2711 3045 2766; x_wconf 89' lang='lat' dir='ltr'><strong>comitari</strong></span> <span class='ocrx_word' id='word_1_372' title='bbox 3088 2725 3317 2780; x_wconf 88' lang='lat' dir='ltr'><strong>corpore</strong></span> <span class='ocrx_word' id='word_1_373' title='bbox 3345 2723 3453 2762; x_wconf 92' lang='lat' dir='ltr'><strong>non</strong></span> <span class='ocrx_word' id='word_1_374' title='bbox 3503 2707 3704 2778; x_wconf 90' lang='lat' dir='ltr'><strong>potuit,</strong></span> 
     </span>
    </p>
   </div>
   <div class='ocr_carea' id='block_1_60' title="bbox 2103 2797 3710 2869">
    <p class='ocr_par' dir='ltr' id='par_1_60' title="bbox 2103 2797 3710 2869">
     <span class='ocr_line' id='line_1_60' title="bbox 2103 2797 3710 2869; baseline -0.002 -17"><span class='ocrx_word' id='word_1_375' title='bbox 2103 2798 2440 2853; x_wconf 89' lang='lat' dir='ltr'><strong>orationibus</strong></span> <span class='ocrx_word' id='word_1_376' title='bbox 2469 2807 2523 2853; x_wconf 89' lang='lat' dir='ltr'><strong>et</strong></span> <span class='ocrx_word' id='word_1_377' title='bbox 2553 2798 2930 2854; x_wconf 89' lang='lat' dir='ltr'><strong>benedictione</strong></span> <span class='ocrx_word' id='word_1_378' title='bbox 2961 2799 3329 2869; x_wconf 89' lang='lat' dir='ltr'><strong>prosequitur.</strong></span> <span class='ocrx_word' id='word_1_379' title='bbox 3385 2799 3565 2851; x_wconf 90' lang='lat' dir='ltr'><strong>Inerat</strong></span> <span class='ocrx_word' id='word_1_380' title='bbox 3592 2797 3710 2864; x_wconf 87' lang='lat' dir='ltr'><strong>jam</strong></span> 
     </span>
    </p>
   </div>
   <div class='ocr_carea' id='block_1_61' title="bbox 2103 2885 3707 2958">
    <p class='ocr_par' dir='ltr' id='par_1_61' title="bbox 2103 2885 3707 2958">
     <span class='ocr_line' id='line_1_61' title="bbox 2103 2885 3707 2958; baseline -0.001 -19"><span class='ocrx_word' id='word_1_381' title='bbox 2103 2886 2271 2940; x_wconf 91' lang='lat' dir='ltr'><strong>vultui</strong></span> <span class='ocrx_word' id='word_1_382' title='bbox 2301 2887 2415 2954; x_wconf 86' lang='lat' dir='ltr'><strong>ejus</strong></span> <span class='ocrx_word' id='word_1_383' title='bbox 2442 2887 2693 2958; x_wconf 86' lang='lat' dir='ltr'><strong>quadam</strong></span> <span class='ocrx_word' id='word_1_384' title='bbox 2726 2889 2918 2942; x_wconf 89' lang='lat' dir='ltr'><strong>futura</strong></span> <span class='ocrx_word' id='word_1_385' title='bbox 2932 2886 3113 2956; x_wconf 90' lang='lat' dir='ltr'><strong>portio</strong></span> <span class='ocrx_word' id='word_1_386' title='bbox 3136 2886 3344 2956; x_wconf 80' lang='lat' dir='ltr'><strong>gloria,</strong></span> <span class='ocrx_word' id='word_1_387' title='bbox 3377 2886 3460 2939; x_wconf 91' lang='lat' dir='ltr'><strong>cui</strong></span> <span class='ocrx_word' id='word_1_388' title='bbox 3492 2885 3707 2938; x_wconf 87' lang='lat' dir='ltr'><strong>diceres</strong></span> 
     </span>
    </p>
   </div>
   <div class='ocr_carea' id='block_1_62' title="bbox 2102 2974 3436 3047">
    <p class='ocr_par' dir='ltr' id='par_1_62' title="bbox 2102 2974 3436 3047">
     <span class='ocr_line' id='line_1_62' title="bbox 2102 2974 3436 3047; baseline -0.001 -17"><span class='ocrx_word' id='word_1_389' title='bbox 2102 2975 2309 3045; x_wconf 90' lang='lat' dir='ltr'><strong>aliquid</strong></span> <span class='ocrx_word' id='word_1_390' title='bbox 2335 2975 2588 3030; x_wconf 82' lang='lat' dir='ltr'><strong>collatum</strong></span> <span class='ocrx_word' id='word_1_391' title='bbox 2630 2976 2697 3030; x_wconf 86' lang='lat' dir='ltr'><strong>de</strong></span> <span class='ocrx_word' id='word_1_392' title='bbox 2718 2975 3076 3031; x_wconf 87' lang='lat' dir='ltr'><strong>similitudine</strong></span> <span class='ocrx_word' id='word_1_393' title='bbox 3097 2974 3436 3047; x_wconf 84' lang='lat' dir='ltr'><strong>angelorum.</strong></span> 
     </span>
    </p>
   </div>
   <div class='ocr_carea' id='block_1_63' title="bbox 398 3062 2001 3158">
    <p class='ocr_par' dir='ltr' id='par_1_63' title="bbox 398 3062 1996 3157">
     <span class='ocr_line' id='line_1_63' title="bbox 398 3062 1996 3157; baseline -0.004 -11"><span class='ocrx_word' id='word_1_394' title='bbox 398 3062 640 3146; x_wconf 69' lang='lat' dir='ltr'><strong>oratorio</strong></span> <span class='ocrx_word' id='word_1_395' title='bbox 670 3062 771 3142; x_wconf 79' lang='lat' dir='ltr'><strong>sub</strong></span> <span class='ocrx_word' id='word_1_396' title='bbox 801 3087 902 3140; x_wconf 91' lang='lat' dir='ltr'><strong>hac</strong></span> <span class='ocrx_word' id='word_1_397' title='bbox 931 3062 1110 3157; x_wconf 83' lang='lat' dir='ltr'><strong>specie</strong></span> <span class='ocrx_word' id='word_1_398' title='bbox 1138 3085 1360 3157; x_wconf 85' lang='lat' dir='ltr'><strong>dignata</strong></span> <span class='ocrx_word' id='word_1_399' title='bbox 1381 3092 1457 3138; x_wconf 92' lang='lat' dir='ltr'><strong>est</strong></span> <span class='ocrx_word' id='word_1_400' title='bbox 1488 3088 1846 3156; x_wconf 86' lang='lat' dir='ltr'><strong>apparere.ln</strong></span> <span class='ocrx_word' id='word_1_401' title='bbox 1876 3085 1996 3139; x_wconf 91' lang='lat' dir='ltr'><strong>sinu</strong></span> 
     </span>
    </p>
   </div>
   <div class='ocr_carea' id='block_1_64' title="bbox 2111 3062 3707 3158">
    <p class='ocr_par' dir='ltr' id='par_1_64' title="bbox 2174 3062 3707 3135">
     <span class='ocr_line' id='line_1_64' title="bbox 2174 3062 3707 3135; baseline -0.001 -18"><span class='ocrx_word' id='word_1_402' title='bbox 2174 3066 2261 3121; x_wconf 74' lang='grc'><strong>45.</strong></span> <span class='ocrx_word' id='word_1_403' title='bbox 2291 3065 2459 3118; x_wconf 86' lang='lat' dir='ltr'><strong>Porro</strong></span> <span class='ocrx_word' id='word_1_404' title='bbox 2484 3064 2612 3118; x_wconf 92' lang='lat' dir='ltr'><strong>dum</strong></span> <span class='ocrx_word' id='word_1_405' title='bbox 2668 3065 2786 3119; x_wconf 85' lang='lat' dir='ltr'><strong>hac</strong></span> <span class='ocrx_word' id='word_1_406' title='bbox 2832 3073 3148 3135; x_wconf 79' lang='lat' dir='ltr'><strong>agerentur,</strong></span> <span class='ocrx_word' id='word_1_407' title='bbox 3201 3064 3424 3120; x_wconf 88' lang='lat' dir='ltr'><strong>obscuri</strong></span> <span class='ocrx_word' id='word_1_408' title='bbox 3484 3062 3707 3134; x_wconf 90' lang='lat' dir='ltr'><strong>quidam</strong></span> 
     </span>
    </p>
   </div>
   <div class='ocr_carea' id='block_1_65' title="bbox 402 3174 1992 3248">
    <p class='ocr_par' dir='ltr' id='par_1_65' title="bbox 402 3174 1992 3248">
     <span class='ocr_line' id='line_1_65' title="bbox 402 3174 1992 3248; baseline -0.006 -14"><span class='ocrx_word' id='word_1_409' title='bbox 402 3181 524 3248; x_wconf 90' lang='lat' dir='ltr'><strong>ejus</strong></span> <span class='ocrx_word' id='word_1_410' title='bbox 556 3178 779 3248; x_wconf 88' lang='lat' dir='ltr'><strong>elegans</strong></span> <span class='ocrx_word' id='word_1_411' title='bbox 807 3191 958 3246; x_wconf 88' lang='lat' dir='ltr'><strong>puer,</strong></span> <span class='ocrx_word' id='word_1_412' title='bbox 982 3183 1035 3230; x_wconf 91' lang='lat' dir='ltr'><strong>et</strong></span> <span class='ocrx_word' id='word_1_413' title='bbox 1056 3174 1295 3229; x_wconf 89' lang='lat' dir='ltr'><strong>divinam</strong></span> <span class='ocrx_word' id='word_1_414' title='bbox 1309 3174 1608 3244; x_wconf 87' lang='lat' dir='ltr'><strong>prafcrens</strong></span> <span class='ocrx_word' id='word_1_415' title='bbox 1621 3180 1957 3228; x_wconf 89' lang='lat' dir='ltr'><strong>venustatem</strong></span> <span class='ocrx_word' id='word_1_416' title='bbox 1981 3192 1992 3235; x_wconf 91' lang='lat'>;</span> 
     </span>
    </p>
   </div>
   <div class='ocr_carea' id='block_1_66' title="bbox 407 3261 2000 3338">
    <p class='ocr_par' dir='ltr' id='par_1_66' title="bbox 407 3261 2000 3338">
     <span class='ocr_line' id='line_1_66' title="bbox 407 3261 2000 3338; baseline -0.004 -15"><span class='ocrx_word' id='word_1_417' title='bbox 407 3269 529 3338; x_wconf 83' lang='lat' dir='ltr'><strong>ipsa</strong></span> <span class='ocrx_word' id='word_1_418' title='bbox 562 3264 765 3321; x_wconf 91' lang='lat' dir='ltr'><strong>blando</strong></span> <span class='ocrx_word' id='word_1_419' title='bbox 793 3264 930 3318; x_wconf 91' lang='lat' dir='ltr'><strong>lenis</strong></span> <span class='ocrx_word' id='word_1_420' title='bbox 959 3269 1208 3333; x_wconf 89' lang='lat' dir='ltr'><strong>aspectu,</strong></span> <span class='ocrx_word' id='word_1_421' title='bbox 1240 3263 1357 3333; x_wconf 89' lang='lat' dir='ltr'><strong>ipsa</strong></span> <span class='ocrx_word' id='word_1_422' title='bbox 1399 3261 1554 3316; x_wconf 92' lang='lat' dir='ltr'><strong>metis</strong></span> <span class='ocrx_word' id='word_1_423' title='bbox 1607 3269 1662 3316; x_wconf 89' lang='lat' dir='ltr'><strong>et</strong></span> <span class='ocrx_word' id='word_1_424' title='bbox 1709 3261 2000 3316; x_wconf 86' lang='lat' dir='ltr'><strong>exorabilis</strong></span> 
     </span>
    </p>
   </div>
   <div class='ocr_carea' id='block_1_67' title="bbox 398 3350 2001 3427">
    <p class='ocr_par' dir='ltr' id='par_1_67' title="bbox 398 3350 2001 3427">
     <span class='ocr_line' id='line_1_67' title="bbox 398 3350 2001 3427; baseline -0.004 -16"><span class='ocrx_word' id='word_1_425' title='bbox 398 3357 469 3412; x_wconf 89' lang='lat' dir='ltr'><strong>ad</strong></span> <span class='ocrx_word' id='word_1_426' title='bbox 499 3353 897 3427; x_wconf 87' lang='lat' dir='ltr'><strong>impetrandum</strong></span> <span class='ocrx_word' id='word_1_427' title='bbox 919 3367 1016 3424; x_wconf 90' lang='lat' dir='ltr'><strong>pro</strong></span> <span class='ocrx_word' id='word_1_428' title='bbox 1043 3350 1424 3422; x_wconf 89' lang='lat' dir='ltr'><strong>peccatoribus</strong></span> <span class='ocrx_word' id='word_1_429' title='bbox 1455 3350 1834 3406; x_wconf 89' lang='lat' dir='ltr'><strong>interventum.</strong></span> <span class='ocrx_word' id='word_1_430' title='bbox 1903 3350 2001 3405; x_wconf 92' lang='lat' dir='ltr'><strong>Cui</strong></span> 
     </span>
    </p>
   </div>
   <div class='ocr_carea' id='block_1_68' title="bbox 399 3439 1998 3517">
    <p class='ocr_par' dir='ltr' id='par_1_68' title="bbox 399 3439 1998 3517">
     <span class='ocr_line' id='line_1_68' title="bbox 399 3439 1998 3517; baseline -0.005 -15"><span class='ocrx_word' id='word_1_431' title='bbox 399 3445 742 3517; x_wconf 89' lang='lat' dir='ltr'><strong>applaudens</strong></span> <span class='ocrx_word' id='word_1_432' title='bbox 763 3442 976 3496; x_wconf 88' lang='lat' dir='ltr'><strong>divinus</strong></span> <span class='ocrx_word' id='word_1_433' title='bbox 1002 3439 1180 3494; x_wconf 86' lang='lat' dir='ltr'><strong>infans</strong></span> <span class='ocrx_word' id='word_1_434' title='bbox 1215 3463 1235 3487; x_wconf 76' lang='grc' dir='ltr'><strong>«ι</strong></span> <span class='ocrx_word' id='word_1_435' title='bbox 1265 3440 1409 3494; x_wconf 86' lang='lat' dir='ltr'><strong>Hora</strong></span> <span class='ocrx_word' id='word_1_436' title='bbox 1441 3439 1562 3505; x_wconf 90' lang='lat' dir='ltr'><strong>ista,</strong></span> <span class='ocrx_word' id='word_1_437' title='bbox 1620 3439 1811 3510; x_wconf 88' lang='lat' dir='ltr'><strong>inquit,</strong></span> <span class='ocrx_word' id='word_1_438' title='bbox 1872 3456 1998 3509; x_wconf 83' lang='lat' dir='ltr'><strong>nox,</strong></span> 
     </span>
    </p>
   </div>
   <div class='ocr_carea' id='block_1_69' title="bbox 401 3527 2002 3602">
    <p class='ocr_par' dir='ltr' id='par_1_69' title="bbox 401 3527 2002 3602">
     <span class='ocr_line' id='line_1_69' title="bbox 401 3527 2002 3602; baseline -0.004 -11"><span class='ocrx_word' id='word_1_439' title='bbox 401 3549 528 3590; x_wconf 89' lang='lat' dir='ltr'><strong>mea</strong></span> <span class='ocrx_word' id='word_1_440' title='bbox 556 3532 835 3587; x_wconf 90' lang='lat' dir='ltr'><strong>nativitate</strong></span> <span class='ocrx_word' id='word_1_441' title='bbox 863 3529 1111 3600; x_wconf 88' lang='lat' dir='ltr'><strong>insignis,</strong></span> <span class='ocrx_word' id='word_1_442' title='bbox 1143 3527 1379 3600; x_wconf 86' lang='lat' dir='ltr'><strong>gloriam</strong></span> <span class='ocrx_word' id='word_1_443' title='bbox 1409 3528 1642 3602; x_wconf 87' lang='lat' dir='ltr'><strong>angelis,</strong></span> <span class='ocrx_word' id='word_1_444' title='bbox 1676 3544 1864 3599; x_wconf 80' lang='lat' dir='ltr'><strong>pacem</strong></span> <span class='ocrx_word' id='word_1_445' title='bbox 1897 3529 2002 3584; x_wconf 90' lang='lat' dir='ltr'><strong>ho-</strong></span> 
     </span>
    </p>
   </div>
   <div class='ocr_carea' id='block_1_70' title="bbox 401 3616 2007 3680">
    <p class='ocr_par' dir='ltr' id='par_1_70' title="bbox 401 3616 2007 3680">
     <span class='ocr_line' id='line_1_70' title="bbox 401 3616 2007 3680; baseline -0.005 -2"><span class='ocrx_word' id='word_1_446' title='bbox 401 3622 642 3679; x_wconf 88' lang='lat' dir='ltr'><strong>minibus</strong></span> <span class='ocrx_word' id='word_1_447' title='bbox 664 3619 946 3675; x_wconf 88' lang='lat' dir='ltr'><strong>advenisse</strong></span> <span class='ocrx_word' id='word_1_448' title='bbox 977 3617 1257 3671; x_wconf 87' lang='lat' dir='ltr'><strong>denuntiat</strong></span> <span class='ocrx_word' id='word_1_449' title='bbox 1288 3635 1300 3678; x_wconf 90' lang='lat'><strong><em>;</em></strong></span> <span class='ocrx_word' id='word_1_450' title='bbox 1333 3632 1444 3671; x_wconf 86' lang='lat' dir='ltr'><strong>nox</strong></span> <span class='ocrx_word' id='word_1_451' title='bbox 1474 3618 1601 3680; x_wconf 89' lang='lat' dir='ltr'><strong>ista,</strong></span> <span class='ocrx_word' id='word_1_452' title='bbox 1627 3633 1766 3671; x_wconf 87' lang='lat' dir='ltr'><strong>mea</strong></span> <span class='ocrx_word' id='word_1_453' title='bbox 1789 3616 2007 3670; x_wconf 80' lang='lat' dir='ltr'><strong>conscia</strong></span> 
     </span>
    </p>
   </div>
   <div class='ocr_carea' id='block_1_71' title="bbox 408 3704 2008 3783">
    <p class='ocr_par' dir='ltr' id='par_1_71' title="bbox 408 3704 2008 3783">
     <span class='ocr_line' id='line_1_71' title="bbox 408 3704 2008 3783; baseline -0.005 -17"><span class='ocrx_word' id='word_1_454' title='bbox 408 3709 625 3783; x_wconf 86' lang='lat' dir='ltr'><strong>gratia,</strong></span> <span class='ocrx_word' id='word_1_455' title='bbox 654 3707 796 3778; x_wconf 90' lang='lat' dir='ltr'><strong>legis</strong></span> <span class='ocrx_word' id='word_1_456' title='bbox 824 3704 1181 3759; x_wconf 89' lang='lat' dir='ltr'><strong>obscuritates</strong></span> <span class='ocrx_word' id='word_1_457' title='bbox 1211 3704 1438 3774; x_wconf 91' lang='lat' dir='ltr'><strong>aperuit,</strong></span> <span class='ocrx_word' id='word_1_458' title='bbox 1480 3704 1796 3759; x_wconf 89' lang='lat' dir='ltr'><strong>vaticinium</strong></span> <span class='ocrx_word' id='word_1_459' title='bbox 1845 3705 2008 3760; x_wconf 84' lang='lat' dir='ltr'><strong>solvit</strong></span> 
     </span>
    </p>
   </div>
   <div class='ocr_carea' id='block_1_72' title="bbox 400 3791 2007 3871">
    <p class='ocr_par' dir='ltr' id='par_1_72' title="bbox 400 3791 2007 3871">
     <span class='ocr_line' id='line_1_72' title="bbox 400 3791 2007 3871; baseline -0.004 -19"><span class='ocrx_word' id='word_1_460' title='bbox 400 3797 815 3871; x_wconf 90' lang='lat' dir='ltr'><strong>prophetarum.</strong></span> <span class='ocrx_word' id='word_1_461' title='bbox 850 3791 909 3846; x_wconf 91' lang='lat' dir='ltr'><strong>In</strong></span> <span class='ocrx_word' id='word_1_462' title='bbox 939 3793 1039 3846; x_wconf 89' lang='lat' dir='ltr'><strong>hac</strong></span> <span class='ocrx_word' id='word_1_463' title='bbox 1069 3806 1173 3863; x_wconf 90' lang='lat' dir='ltr'><strong>ego</strong></span> <span class='ocrx_word' id='word_1_464' title='bbox 1205 3807 1273 3846; x_wconf 90' lang='lat' dir='ltr'><strong>ex</strong></span> <span class='ocrx_word' id='word_1_465' title='bbox 1304 3799 1354 3847; x_wconf 89' lang='lat' dir='ltr'><strong>te</strong></span> <span class='ocrx_word' id='word_1_466' title='bbox 1392 3801 1568 3861; x_wconf 89' lang='lat' dir='ltr'><strong>natus,</strong></span> <span class='ocrx_word' id='word_1_467' title='bbox 1607 3808 1640 3848; x_wconf 90' lang='grc' dir='ltr'>ο</span> <span class='ocrx_word' id='word_1_468' title='bbox 1671 3793 1838 3848; x_wconf 84' lang='lat' dir='ltr'><strong>Mater</strong></span> <span class='ocrx_word' id='word_1_469' title='bbox 1866 3809 2007 3864; x_wconf 88' lang='lat' dir='ltr'><strong>pra-</strong></span> 
     </span>
    </p>
   </div>
   <div class='ocr_carea' id='block_1_73' title="bbox 404 3880 2007 3953">
    <p class='ocr_par' dir='ltr' id='par_1_73' title="bbox 404 3880 2007 3953">
     <span class='ocr_line' id='line_1_73' title="bbox 404 3880 2007 3953; baseline -0.004 -11"><span class='ocrx_word' id='word_1_470' title='bbox 404 3885 577 3952; x_wconf 90' lang='lat' dir='ltr'><strong>clara,</strong></span> <span class='ocrx_word' id='word_1_471' title='bbox 608 3880 872 3952; x_wconf 90' lang='lat' dir='ltr'><strong>serpentis</strong></span> <span class='ocrx_word' id='word_1_472' title='bbox 898 3889 1060 3949; x_wconf 91' lang='lat' dir='ltr'><strong>caput</strong></span> <span class='ocrx_word' id='word_1_473' title='bbox 1086 3880 1334 3947; x_wconf 87' lang='lat' dir='ltr'><strong>contrivi,</strong></span> <span class='ocrx_word' id='word_1_474' title='bbox 1382 3896 1486 3952; x_wconf 91' lang='lat' dir='ltr'><strong>qua</strong></span> <span class='ocrx_word' id='word_1_475' title='bbox 1543 3882 1898 3953; x_wconf 89' lang='lat' dir='ltr'><strong>grassabatur</strong></span> <span class='ocrx_word' id='word_1_476' title='bbox 1953 3881 2007 3935; x_wconf 92' lang='lat' dir='ltr'><strong>in</strong></span> 
     </span>
    </p>
   </div>
   <div class='ocr_carea' id='block_1_74' title="bbox 406 3969 2009 4040">
    <p class='ocr_par' dir='ltr' id='par_1_74' title="bbox 406 3969 2009 4040">
     <span class='ocr_line' id='line_1_74' title="bbox 406 3969 2009 4040; baseline -0.005 -9"><span class='ocrx_word' id='word_1_477' title='bbox 406 3977 702 4031; x_wconf 87' lang='lat' dir='ltr'><strong>humanum</strong></span> <span class='ocrx_word' id='word_1_478' title='bbox 735 3984 929 4040; x_wconf 88' lang='lat' dir='ltr'><strong>genus,</strong></span> <span class='ocrx_word' id='word_1_479' title='bbox 961 3969 1236 4039; x_wconf 90' lang='lat' dir='ltr'><strong>antiquam</strong></span> <span class='ocrx_word' id='word_1_480' title='bbox 1267 3969 1385 4038; x_wconf 91' lang='lat' dir='ltr'><strong>ejus</strong></span> <span class='ocrx_word' id='word_1_481' title='bbox 1451 3984 1720 4025; x_wconf 85' lang='lat' dir='ltr'><strong>evacuans</strong></span> <span class='ocrx_word' id='word_1_482' title='bbox 1768 3977 2009 4039; x_wconf 86' lang='lat' dir='ltr'><strong>potesta-</strong></span> 
     </span>
    </p>
   </div>
   <div class='ocr_carea' id='block_1_75' title="bbox 413 4057 2005 4128">
    <p class='ocr_par' dir='ltr' id='par_1_75' title="bbox 413 4057 2005 4128">
     <span class='ocr_line' id='line_1_75' title="bbox 413 4057 2005 4128; baseline -0.006 -7"><span class='ocrx_word' id='word_1_483' title='bbox 413 4075 544 4121; x_wconf 91' lang='lat' dir='ltr'><strong>tem.</strong></span> <span class='ocrx_word' id='word_1_484' title='bbox 579 4060 684 4117; x_wconf 88' lang='lat' dir='ltr'><strong>Ubi</strong></span> <span class='ocrx_word' id='word_1_485' title='bbox 713 4057 1150 4113; x_wconf 90' lang='lat' dir='ltr'><strong>virulentisillius</strong></span> <span class='ocrx_word' id='word_1_486' title='bbox 1173 4057 1364 4128; x_wconf 87' lang='lat' dir='ltr'><strong>anguis</strong></span> <span class='ocrx_word' id='word_1_487' title='bbox 1391 4057 1586 4112; x_wconf 89' lang='lat' dir='ltr'><strong>astutia</strong></span> <span class='ocrx_word' id='word_1_488' title='bbox 1604 4060 1632 4111; x_wconf 83' lang='lat'><strong>‘?</strong></span> <span class='ocrx_word' id='word_1_489' title='bbox 1655 4059 1756 4114; x_wconf 90' lang='lat' dir='ltr'><strong>Ubi</strong></span> <span class='ocrx_word' id='word_1_490' title='bbox 1777 4058 2005 4128; x_wconf 90' lang='lat' dir='ltr'><strong>spicula,</strong></span> 
     </span>
    </p>
   </div>
   <div class='ocr_carea' id='block_1_76' title="bbox 408 4147 2010 4226">
    <p class='ocr_par' dir='ltr' id='par_1_76' title="bbox 408 4147 2010 4226">
     <span class='ocr_line' id='line_1_76' title="bbox 408 4147 2010 4226; baseline -0.004 -17"><span class='ocrx_word' id='word_1_491' title='bbox 408 4152 606 4226; x_wconf 89' lang='lat' dir='ltr'><strong>quibus</strong></span> <span class='ocrx_word' id='word_1_492' title='bbox 643 4158 765 4206; x_wconf 91' lang='lat' dir='ltr'><strong>ante</strong></span> <span class='ocrx_word' id='word_1_493' title='bbox 813 4147 1150 4204; x_wconf 88' lang='lat' dir='ltr'><strong>nativitatem</strong></span> <span class='ocrx_word' id='word_1_494' title='bbox 1205 4161 1386 4201; x_wconf 90' lang='lat' dir='ltr'><strong>meam</strong></span> <span class='ocrx_word' id='word_1_495' title='bbox 1437 4147 1646 4202; x_wconf 84' lang='lat' dir='ltr'><strong>animas</strong></span> <span class='ocrx_word' id='word_1_496' title='bbox 1673 4148 1728 4201; x_wconf 92' lang='lat' dir='ltr'><strong>in</strong></span> <span class='ocrx_word' id='word_1_497' title='bbox 1782 4155 2010 4202; x_wconf 92' lang='lat' dir='ltr'><strong>mortem</strong></span> 
     </span>
    </p>
   </div>
   <div class='ocr_carea' id='block_1_77' title="bbox 413 4235 2012 4304">
    <p class='ocr_par' dir='ltr' id='par_1_77' title="bbox 413 4235 2012 4304">
     <span class='ocr_line' id='line_1_77' title="bbox 413 4235 2012 4304; baseline -0.006 -6"><span class='ocrx_word' id='word_1_498' title='bbox 413 4240 778 4299; x_wconf 82' lang='lat' dir='ltr'><strong>vulnerabai?</strong></span> <span class='ocrx_word' id='word_1_499' title='bbox 813 4263 835 4286; x_wconf 68' lang='grc' dir='ltr'><strong><em>η</em></strong></span> <span class='ocrx_word' id='word_1_500' title='bbox 871 4237 964 4292; x_wconf 89' lang='lat' dir='ltr'><strong>His</strong></span> <span class='ocrx_word' id='word_1_501' title='bbox 993 4235 1174 4301; x_wconf 88' lang='lat' dir='ltr'><strong>dictis,</strong></span> <span class='ocrx_word' id='word_1_502' title='bbox 1208 4251 1440 4304; x_wconf 89' lang='lat' dir='ltr'><strong>nequam</strong></span> <span class='ocrx_word' id='word_1_503' title='bbox 1472 4252 1529 4290; x_wconf 92' lang='lat' dir='ltr'><strong>se</strong></span> <span class='ocrx_word' id='word_1_504' title='bbox 1559 4235 1777 4304; x_wconf 88' lang='lat' dir='ltr'><strong>spiritus</strong></span> <span class='ocrx_word' id='word_1_505' title='bbox 1828 4236 2012 4289; x_wconf 91' lang='lat' dir='ltr'><strong>immi-</strong></span> 
     </span>
    </p>
   </div>
   <div class='ocr_carea' id='block_1_78' title="bbox 417 4324 2014 4398">
    <p class='ocr_par' dir='ltr' id='par_1_78' title="bbox 417 4324 2014 4398">
     <span class='ocr_line' id='line_1_78' title="bbox 417 4324 2014 4398; baseline -0.006 -11"><span class='ocrx_word' id='word_1_506' title='bbox 417 4331 576 4388; x_wconf 89' lang='lat' dir='ltr'><strong>scuit.</strong></span> <span class='ocrx_word' id='word_1_507' title='bbox 610 4330 782 4398; x_wconf 87' lang='lat' dir='ltr'><strong>Quem</strong></span> <span class='ocrx_word' id='word_1_508' title='bbox 805 4343 927 4381; x_wconf 91' lang='lat' dir='ltr'><strong>cum</strong></span> <span class='ocrx_word' id='word_1_509' title='bbox 958 4340 1093 4394; x_wconf 90' lang='lat' dir='ltr'><strong>puer</strong></span> <span class='ocrx_word' id='word_1_510' title='bbox 1134 4324 1374 4394; x_wconf 89' lang='lat' dir='ltr'><strong>asperius</strong></span> <span class='ocrx_word' id='word_1_511' title='bbox 1419 4324 1774 4393; x_wconf 89' lang='lat' dir='ltr'><strong>increpasset,</strong></span> <span class='ocrx_word' id='word_1_512' title='bbox 1823 4324 2014 4394; x_wconf 90' lang='lat' dir='ltr'><strong>probi-</strong></span> 
     </span>
    </p>
   </div>
   <div class='ocr_carea' id='block_1_79' title="bbox 414 4411 2093 4508">
    <p class='ocr_par' dir='ltr' id='par_1_79' title="bbox 414 4411 2093 4508">
     <span class='ocr_line' id='line_1_79' title="bbox 414 4411 2093 4508; baseline -0.005 -32"><span class='ocrx_word' id='word_1_513' title='bbox 414 4421 560 4475; x_wconf 89' lang='lat' dir='ltr'><strong>bitus</strong></span> <span class='ocrx_word' id='word_1_514' title='bbox 579 4434 645 4472; x_wconf 93' lang='lat' dir='ltr'><strong>ne</strong></span> <span class='ocrx_word' id='word_1_515' title='bbox 675 4414 862 4471; x_wconf 89' lang='lat' dir='ltr'><strong>laudes</strong></span> <span class='ocrx_word' id='word_1_516' title='bbox 877 4422 945 4508; x_wconf 35' lang='lat' dir='ltr'><strong>-et</strong></span> <span class='ocrx_word' id='word_1_517' title='bbox 973 4413 1258 4508; x_wconf 82' lang='lat' dir='ltr'><strong>obsequia,</strong></span> <span class='ocrx_word' id='word_1_518' title='bbox 1292 4411 1491 4483; x_wconf 91' lang='lat' dir='ltr'><strong>quibus</strong></span> <span class='ocrx_word' id='word_1_519' title='bbox 1509 4411 1760 4508; x_wconf 66' lang='lat' dir='ltr'><strong>fidelium</strong></span> <span class='ocrx_word' id='word_1_520' title='bbox 1783 4412 2008 4508; x_wconf 74' lang='lat' dir='ltr'><strong>devotio</strong></span> <span class='ocrx_word' id='word_1_521' title='bbox 2045 4446 2093 4508; x_wconf 84' lang='lat' dir='ltr'><strong>D</strong></span> 
     </span>
    </p>
   </div>
   <div class='ocr_carea' id='block_1_80' title="bbox 418 4500 2015 4576">
    <p class='ocr_par' dir='ltr' id='par_1_80' title="bbox 418 4500 2015 4576">
     <span class='ocr_line' id='line_1_80' title="bbox 418 4500 2015 4576; baseline -0.005 -12"><span class='ocrx_word' id='word_1_522' title='bbox 418 4524 570 4564; x_wconf 90' lang='lat' dir='ltr'><strong>suam</strong></span> <span class='ocrx_word' id='word_1_523' title='bbox 600 4502 1034 4576; x_wconf 89' lang='lat' dir='ltr'><strong>persequebatur</strong></span> <span class='ocrx_word' id='word_1_524' title='bbox 1062 4500 1416 4568; x_wconf 89' lang='lat' dir='ltr'><strong>nativitatem,</strong></span> <span class='ocrx_word' id='word_1_525' title='bbox 1444 4500 1618 4555; x_wconf 88' lang='lat' dir='ltr'><strong>soluta</strong></span> <span class='ocrx_word' id='word_1_526' title='bbox 1676 4501 2015 4572; x_wconf 88' lang='lat' dir='ltr'><strong>perturbaret</strong></span> 
     </span>
    </p>
   </div>
   <div class='ocr_carea' id='block_1_81' title="bbox 420 4588 2015 4660">
    <p class='ocr_par' dir='ltr' id='par_1_81' title="bbox 420 4588 2015 4660">
     <span class='ocr_line' id='line_1_81' title="bbox 420 4588 2015 4660; baseline -0.006 -8"><span class='ocrx_word' id='word_1_527' title='bbox 420 4596 650 4657; x_wconf 88' lang='lat' dir='ltr'><strong>invidia,</strong></span> <span class='ocrx_word' id='word_1_528' title='bbox 681 4593 848 4647; x_wconf 89' lang='lat' dir='ltr'><strong>tristis</strong></span> <span class='ocrx_word' id='word_1_529' title='bbox 878 4599 930 4646; x_wconf 93' lang='lat' dir='ltr'><strong>et</strong></span> <span class='ocrx_word' id='word_1_530' title='bbox 974 4589 1233 4646; x_wconf 88' lang='lat' dir='ltr'><strong>confusus</strong></span> <span class='ocrx_word' id='word_1_531' title='bbox 1292 4588 1572 4644; x_wconf 86' lang='lat' dir='ltr'><strong>abscessit.</strong></span> <span class='ocrx_word' id='word_1_532' title='bbox 1633 4590 1750 4656; x_wconf 83' lang='lat' dir='ltr'><strong>Quo</strong></span> <span class='ocrx_word' id='word_1_533' title='bbox 1800 4589 2015 4660; x_wconf 85' lang='lat' dir='ltr'><strong>longius</strong></span> 
     </span>
    </p>
   </div>
   <div class='ocr_carea' id='block_1_82' title="bbox 421 4678 2016 4755">
    <p class='ocr_par' dir='ltr' id='par_1_82' title="bbox 421 4678 2016 4755">
     <span class='ocr_line' id='line_1_82' title="bbox 421 4678 2016 4755; baseline -0.004 -15"><span class='ocrx_word' id='word_1_534' title='bbox 421 4684 678 4755; x_wconf 86' lang='lat' dir='ltr'><strong>effugato,</strong></span> <span class='ocrx_word' id='word_1_535' title='bbox 715 4681 984 4737; x_wconf 89' lang='lat' dir='ltr'><strong>Christum</strong></span> <span class='ocrx_word' id='word_1_536' title='bbox 1013 4695 1136 4735; x_wconf 88' lang='lat' dir='ltr'><strong>cum</strong></span> <span class='ocrx_word' id='word_1_537' title='bbox 1166 4678 1427 4750; x_wconf 88' lang='lat' dir='ltr'><strong>genitrice</strong></span> <span class='ocrx_word' id='word_1_538' title='bbox 1456 4693 1553 4732; x_wconf 91' lang='lat' dir='ltr'><strong>sua</strong></span> <span class='ocrx_word' id='word_1_539' title='bbox 1581 4678 1771 4734; x_wconf 89' lang='lat' dir='ltr'><strong>scitote</strong></span> <span class='ocrx_word' id='word_1_540' title='bbox 1817 4679 2016 4734; x_wconf 90' lang='lat' dir='ltr'><strong>vestris</strong></span> 
     </span>
    </p>
   </div>
   <div class='ocr_carea' id='block_1_83' title="bbox 418 4767 2012 4842">
    <p class='ocr_par' dir='ltr' id='par_1_83' title="bbox 418 4767 2012 4842">
     <span class='ocr_line' id='line_1_83' title="bbox 418 4767 2012 4842; baseline -0.005 -13"><span class='ocrx_word' id='word_1_541' title='bbox 418 4775 683 4830; x_wconf 86' lang='lat' dir='ltr'><strong>interesse</strong></span> <span class='ocrx_word' id='word_1_542' title='bbox 734 4769 1030 4842; x_wconf 89' lang='lat' dir='ltr'><strong>obsequiis,</strong></span> <span class='ocrx_word' id='word_1_543' title='bbox 1071 4776 1123 4822; x_wconf 92' lang='lat' dir='ltr'><strong>et</strong></span> <span class='ocrx_word' id='word_1_544' title='bbox 1152 4784 1220 4822; x_wconf 87' lang='lat' dir='ltr'><strong>ex</strong></span> <span class='ocrx_word' id='word_1_545' title='bbox 1266 4767 1570 4822; x_wconf 89' lang='lat' dir='ltr'><strong>animorum</strong></span> <span class='ocrx_word' id='word_1_546' title='bbox 1617 4767 1872 4838; x_wconf 88' lang='lat' dir='ltr'><strong>qualitate</strong></span> <span class='ocrx_word' id='word_1_547' title='bbox 1925 4769 2012 4822; x_wconf 91' lang='lat' dir='ltr'><strong>vel</strong></span> 
     </span>
    </p>
   </div>
   <div class='ocr_carea' id='block_1_84' title="bbox 421 4856 2014 4930">
    <p class='ocr_par' dir='ltr' id='par_1_84' title="bbox 421 4856 2014 4930">
     <span class='ocr_line' id='line_1_84' title="bbox 421 4856 2014 4930; baseline -0.004 -13"><span class='ocrx_word' id='word_1_548' title='bbox 421 4860 747 4930; x_wconf 89' lang='lat' dir='ltr'><strong>supplicium</strong></span> <span class='ocrx_word' id='word_1_549' title='bbox 776 4859 980 4912; x_wconf 83' lang='lat' dir='ltr'><strong>dictare</strong></span> <span class='ocrx_word' id='word_1_550' title='bbox 1008 4856 1093 4912; x_wconf 87' lang='lat' dir='ltr'><strong>vel</strong></span> <span class='ocrx_word' id='word_1_551' title='bbox 1122 4857 1421 4927; x_wconf 91' lang='lat' dir='ltr'><strong>pramium.</strong></span> <span class='ocrx_word' id='word_1_552' title='bbox 1448 4858 1786 4926; x_wconf 85' lang='lat' dir='ltr'><strong>Quapropter</strong></span> <span class='ocrx_word' id='word_1_553' title='bbox 1804 4857 2014 4911; x_wconf 89' lang='lat' dir='ltr'><strong>sincera</strong></span> 
     </span>
    </p>
   </div>
   <div class='ocr_carea' id='block_1_85' title="bbox 421 4943 2014 5016">
    <p class='ocr_par' dir='ltr' id='par_1_85' title="bbox 421 4943 2014 5016">
     <span class='ocr_line' id='line_1_85' title="bbox 421 4943 2014 5016; baseline -0.005 -11"><span class='ocrx_word' id='word_1_554' title='bbox 421 4949 710 5005; x_wconf 88' lang='lat' dir='ltr'><strong>devotione</strong></span> <span class='ocrx_word' id='word_1_555' title='bbox 739 4945 936 5002; x_wconf 90' lang='lat' dir='ltr'><strong>mentis</strong></span> <span class='ocrx_word' id='word_1_556' title='bbox 965 4962 1087 5000; x_wconf 90' lang='lat' dir='ltr'><strong>eum</strong></span> <span class='ocrx_word' id='word_1_557' title='bbox 1146 4945 1420 5016; x_wconf 89' lang='lat' dir='ltr'><strong>suscipite,</strong></span> <span class='ocrx_word' id='word_1_558' title='bbox 1489 4945 1542 4998; x_wconf 92' lang='lat' dir='ltr'><strong>in</strong></span> <span class='ocrx_word' id='word_1_559' title='bbox 1601 4961 1664 5000; x_wconf 93' lang='lat' dir='ltr'><strong>eo</strong></span> <span class='ocrx_word' id='word_1_560' title='bbox 1703 4960 1863 5016; x_wconf 90' lang='lat' dir='ltr'><strong>quem</strong></span> <span class='ocrx_word' id='word_1_561' title='bbox 1909 4943 2014 4998; x_wconf 88' lang='lat' dir='ltr'><strong>sibi</strong></span> 
     </span>
    </p>
   </div>
   <div class='ocr_carea' id='block_1_86' title="bbox 425 5033 2014 5105">
    <p class='ocr_par' dir='ltr' id='par_1_86' title="bbox 425 5033 2014 5105">
     <span class='ocr_line' id='line_1_86' title="bbox 425 5033 2014 5105; baseline -0.001 -15"><span class='ocrx_word' id='word_1_562' title='bbox 425 5037 567 5093; x_wconf 86' lang='lat' dir='ltr'><strong>bene</strong></span> <span class='ocrx_word' id='word_1_563' title='bbox 594 5035 898 5105; x_wconf 86' lang='lat' dir='ltr'><strong>placentem</strong></span> <span class='ocrx_word' id='word_1_564' title='bbox 939 5034 1224 5099; x_wconf 88' lang='lat' dir='ltr'><strong>invenerit,</strong></span> <span class='ocrx_word' id='word_1_565' title='bbox 1265 5049 1556 5104; x_wconf 89' lang='lat' dir='ltr'><strong>perennem</strong></span> <span class='ocrx_word' id='word_1_566' title='bbox 1582 5033 1843 5088; x_wconf 90' lang='lat' dir='ltr'><strong>facturum</strong></span> <span class='ocrx_word' id='word_1_567' title='bbox 1867 5050 2014 5088; x_wconf 87' lang='lat' dir='ltr'><strong>man-</strong></span> 
     </span>
    </p>
   </div>
   <div class='ocr_carea' id='block_1_87' title="bbox 426 5121 2016 5192">
    <p class='ocr_par' dir='ltr' id='par_1_87' title="bbox 426 5121 2016 5192">
     <span class='ocr_line' id='line_1_87' title="bbox 426 5121 2016 5192; baseline -0.001 -12"><span class='ocrx_word' id='word_1_568' title='bbox 426 5126 661 5180; x_wconf 90' lang='lat' dir='ltr'><strong>sionem.</strong></span> <span class='ocrx_word' id='word_1_569' title='bbox 705 5124 830 5178; x_wconf 75' lang='lat' dir='ltr'><strong>Hac</strong></span> <span class='ocrx_word' id='word_1_570' title='bbox 859 5138 925 5178; x_wconf 87' lang='lat' dir='ltr'><strong>eo</strong></span> <span class='ocrx_word' id='word_1_571' title='bbox 955 5137 1074 5177; x_wconf 91' lang='lat' dir='ltr'><strong>cum</strong></span> <span class='ocrx_word' id='word_1_572' title='bbox 1104 5121 1355 5192; x_wconf 84' lang='lat' dir='ltr'><strong>lacrymis</strong></span> <span class='ocrx_word' id='word_1_573' title='bbox 1384 5121 1670 5188; x_wconf 89' lang='lat' dir='ltr'><strong>referente,</strong></span> <span class='ocrx_word' id='word_1_574' title='bbox 1719 5131 2016 5178; x_wconf 89' lang='lat' dir='ltr'><strong>conventus</strong></span> 
     </span>
    </p>
   </div>
   <div class='ocr_carea' id='block_1_88' title="bbox 413 5210 2015 5281">
    <p class='ocr_par' dir='ltr' id='par_1_88' title="bbox 413 5210 2015 5281">
     <span class='ocr_line' id='line_1_88' title="bbox 413 5210 2015 5281; baseline -0.002 -11"><span class='ocrx_word' id='word_1_575' title='bbox 413 5213 658 5281; x_wconf 74' lang='lat' dir='ltr'><strong>attendit,</strong></span> <span class='ocrx_word' id='word_1_576' title='bbox 687 5227 794 5268; x_wconf 91' lang='lat' dir='ltr'><strong>non</strong></span> <span class='ocrx_word' id='word_1_577' title='bbox 823 5211 934 5266; x_wconf 87' lang='lat' dir='ltr'><strong>allii</strong></span> <span class='ocrx_word' id='word_1_578' title='bbox 959 5211 1060 5266; x_wconf 91' lang='lat' dir='ltr'><strong>nisi</strong></span> <span class='ocrx_word' id='word_1_579' title='bbox 1091 5210 1213 5280; x_wconf 90' lang='lat' dir='ltr'><strong>ipsi,</strong></span> <span class='ocrx_word' id='word_1_580' title='bbox 1245 5224 1406 5280; x_wconf 88' lang='lat' dir='ltr'><strong>quam</strong></span> <span class='ocrx_word' id='word_1_581' title='bbox 1436 5210 1710 5274; x_wconf 83' lang='lat' dir='ltr'><strong>retulerat,</strong></span> <span class='ocrx_word' id='word_1_582' title='bbox 1742 5220 2015 5266; x_wconf 89' lang='lat' dir='ltr'><strong>ostensam</strong></span> 
     </span>
    </p>
   </div>
   <div class='ocr_carea' id='block_1_89' title="bbox 482 5379 2011 5452">
    <p class='ocr_par' dir='ltr' id='par_1_89' title="bbox 482 5379 2011 5452">
     <span class='ocr_line' id='line_1_89' title="bbox 482 5379 2011 5452; baseline -0.001 -16"><span class='ocrx_word' id='word_1_583' title='bbox 482 5382 597 5452; x_wconf 82' lang='lat'><strong>(69)</strong></span> <span class='ocrx_word' id='word_1_584' title='bbox 627 5384 779 5436; x_wconf 79' lang='lat' dir='ltr'><strong>Anno</strong></span> <span class='ocrx_word' id='word_1_585' title='bbox 811 5384 946 5452; x_wconf 67' lang='lat'><strong>{1109</strong></span> <span class='ocrx_word' id='word_1_586' title='bbox 979 5381 1181 5452; x_wconf 78' lang='lat' dir='ltr'><strong>Pascha</strong></span> <span class='ocrx_word' id='word_1_587' title='bbox 1213 5379 1362 5452; x_wconf 77' lang='lat' dir='ltr'><strong>in_25</strong></span> <span class='ocrx_word' id='word_1_588' title='bbox 1386 5379 1612 5452; x_wconf 84' lang='lat' dir='ltr'><strong>Aprilis,</strong></span> <span class='ocrx_word' id='word_1_589' title='bbox 1662 5387 1824 5450; x_wconf 88' lang='lat' dir='ltr'><strong>atque</strong></span> <span class='ocrx_word' id='word_1_590' title='bbox 1875 5381 2011 5435; x_wconf 87' lang='lat' dir='ltr'><strong>adeo</strong></span> 
     </span>
    </p>
   </div>
   <div class='ocr_carea' id='block_1_90' title="bbox 418 5450 1677 5507">
    <p class='ocr_par' dir='ltr' id='par_1_90' title="bbox 418 5450 1677 5507">
     <span class='ocr_line' id='line_1_90' title="bbox 418 5450 1677 5507; baseline -0.004 0"><span class='ocrx_word' id='word_1_591' title='bbox 418 5450 705 5507; x_wconf 77' lang='lat' dir='ltr'><strong>Deminica</strong></span> <span class='ocrx_word' id='word_1_592' title='bbox 737 5451 1041 5505; x_wconf 86' lang='lat' dir='ltr'><strong>Palmarum</strong></span> <span class='ocrx_word' id='word_1_593' title='bbox 1073 5450 1126 5504; x_wconf 87' lang='lat' dir='ltr'><strong>in</strong></span> <span class='ocrx_word' id='word_1_594' title='bbox 1159 5453 1222 5503; x_wconf 88' lang='grc'>18</span> <span class='ocrx_word' id='word_1_595' title='bbox 1255 5450 1394 5504; x_wconf 89' lang='lat' dir='ltr'><strong>diem</strong></span> <span class='ocrx_word' id='word_1_596' title='bbox 1427 5451 1677 5505; x_wconf 88' lang='lat' dir='ltr'><strong>cadebat.</strong></span> 
     </span>
    </p>
   </div>
   <div class='ocr_carea' id='block_1_91' title="bbox 490 5519 2012 5594">
    <p class='ocr_par' dir='ltr' id='par_1_91' title="bbox 490 5519 2012 5594">
     <span class='ocr_line' id='line_1_91' title="bbox 490 5519 2012 5594; baseline 0 -16"><span class='ocrx_word' id='word_1_597' title='bbox 490 5524 600 5592; x_wconf 81' lang='lat'><strong>(70)</strong></span> <span class='ocrx_word' id='word_1_598' title='bbox 646 5523 888 5578; x_wconf 81' lang='lat' dir='ltr'><strong>Bertinus</strong></span> <span class='ocrx_word' id='word_1_599' title='bbox 942 5522 1010 5576; x_wconf 91' lang='lat' dir='ltr'><strong>de</strong></span> <span class='ocrx_word' id='word_1_600' title='bbox 1061 5519 1300 5582; x_wconf 86' lang='lat' dir='ltr'><strong>Varenis,</strong></span> <span class='ocrx_word' id='word_1_601' title='bbox 1357 5530 1414 5575; x_wconf 92' lang='lat' dir='ltr'><strong>ut</strong></span> <span class='ocrx_word' id='word_1_602' title='bbox 1461 5537 1582 5576; x_wconf 89' lang='lat' dir='ltr'><strong>eum</strong></span> <span class='ocrx_word' id='word_1_603' title='bbox 1642 5531 1799 5576; x_wconf 85' lang='lat' dir='ltr'><strong>vocat</strong></span> <span class='ocrx_word' id='word_1_604' title='bbox 1854 5522 2012 5594; x_wconf 84' lang='lat' dir='ltr'><strong>Hugo</strong></span> 
     </span>
    </p>
   </div>
   <div class='ocr_carea' id='block_1_92' title="bbox 2108 3153 3718 3224">
    <p class='ocr_par' dir='ltr' id='par_1_92' title="bbox 2108 3153 3718 3224">
     <span class='ocr_line' id='line_1_92' title="bbox 2108 3153 3718 3224; baseline -0.001 -17"><span class='ocrx_word' id='word_1_605' title='bbox 2108 3153 2344 3208; x_wconf 92' lang='lat' dir='ltr'><strong>nominis</strong></span> <span class='ocrx_word' id='word_1_606' title='bbox 2372 3153 2484 3223; x_wconf 81' lang='lat'><strong>(70)</strong></span> <span class='ocrx_word' id='word_1_607' title='bbox 2537 3153 2606 3207; x_wconf 90' lang='lat' dir='ltr'><strong>ad</strong></span> <span class='ocrx_word' id='word_1_608' title='bbox 2659 3153 2717 3206; x_wconf 91' lang='grc' dir='ltr'><strong>Β.</strong></span> <span class='ocrx_word' id='word_1_609' title='bbox 2783 3154 3064 3224; x_wconf 83' lang='lat' dir='ltr'><strong>Hugonem</strong></span> <span class='ocrx_word' id='word_1_610' title='bbox 3125 3153 3350 3207; x_wconf 86' lang='lat' dir='ltr'><strong>festinus</strong></span> <span class='ocrx_word' id='word_1_611' title='bbox 3415 3153 3718 3222; x_wconf 89' lang='lat' dir='ltr'><strong>irrumpere</strong></span> 
     </span>
    </p>
   </div>
   <div class='ocr_carea' id='block_1_93' title="bbox 2109 3241 3718 3312">
    <p class='ocr_par' dir='ltr' id='par_1_93' title="bbox 2109 3241 3718 3312">
     <span class='ocr_line' id='line_1_93' title="bbox 2109 3241 3718 3312; baseline 0.001 -16"><span class='ocrx_word' id='word_1_612' title='bbox 2109 3243 2315 3308; x_wconf 89' lang='lat' dir='ltr'><strong>nititur,</strong></span> <span class='ocrx_word' id='word_1_613' title='bbox 2375 3241 2618 3297; x_wconf 91' lang='lat' dir='ltr'><strong>clamans</strong></span> <span class='ocrx_word' id='word_1_614' title='bbox 2676 3258 2736 3296; x_wconf 90' lang='lat' dir='ltr'><strong>se</strong></span> <span class='ocrx_word' id='word_1_615' title='bbox 2792 3257 3046 3312; x_wconf 82' lang='lat' dir='ltr'><strong>magnam</strong></span> <span class='ocrx_word' id='word_1_616' title='bbox 3083 3242 3153 3296; x_wconf 89' lang='lat' dir='ltr'><strong>ad</strong></span> <span class='ocrx_word' id='word_1_617' title='bbox 3195 3258 3318 3297; x_wconf 91' lang='lat' dir='ltr'><strong>eum</strong></span> <span class='ocrx_word' id='word_1_618' title='bbox 3405 3241 3718 3310; x_wconf 83' lang='lat' dir='ltr'><strong>suscepisse</strong></span> 
     </span>
    </p>
   </div>
   <div class='ocr_carea' id='block_1_94' title="bbox 2110 3330 3720 3402">
    <p class='ocr_par' dir='ltr' id='par_1_94' title="bbox 2110 3330 3720 3402">
     <span class='ocr_line' id='line_1_94' title="bbox 2110 3330 3720 3402; baseline 0 -18"><span class='ocrx_word' id='word_1_619' title='bbox 2110 3331 2460 3402; x_wconf 87' lang='lat' dir='ltr'><strong>legationem.</strong></span> <span class='ocrx_word' id='word_1_620' title='bbox 2493 3331 2628 3386; x_wconf 85' lang='lat' dir='ltr'><strong>Hinc</strong></span> <span class='ocrx_word' id='word_1_621' title='bbox 2658 3331 2939 3402; x_wconf 85' lang='lat' dir='ltr'><strong>ingressus</strong></span> <span class='ocrx_word' id='word_1_622' title='bbox 2972 3348 2983 3384; x_wconf 93' lang='lat'>:</span> <span class='ocrx_word' id='word_1_623' title='bbox 3017 3331 3102 3385; x_wconf 90' lang='lat' dir='ltr'><strong>Ne</strong></span> <span class='ocrx_word' id='word_1_624' title='bbox 3129 3338 3450 3385; x_wconf 89' lang='lat' dir='ltr'><strong>contemnas</strong></span> <span class='ocrx_word' id='word_1_625' title='bbox 3478 3345 3587 3397; x_wconf 89' lang='lat' dir='ltr'><strong>me,</strong></span> <span class='ocrx_word' id='word_1_626' title='bbox 3637 3330 3720 3384; x_wconf 89' lang='lat' dir='ltr'><strong>in-</strong></span> 
     </span>
    </p>
   </div>
   <div class='ocr_carea' id='block_1_95' title="bbox 2113 3418 3715 3490">
    <p class='ocr_par' dir='ltr' id='par_1_95' title="bbox 2113 3418 3715 3490">
     <span class='ocr_line' id='line_1_95' title="bbox 2113 3418 3715 3490; baseline -0.001 -17"><span class='ocrx_word' id='word_1_627' title='bbox 2113 3420 2246 3489; x_wconf 90' lang='lat' dir='ltr'><strong>quit,</strong></span> <span class='ocrx_word' id='word_1_628' title='bbox 2283 3420 2436 3473; x_wconf 86' lang='lat' dir='ltr'><strong>Pater</strong></span> <span class='ocrx_word' id='word_1_629' title='bbox 2477 3429 2683 3487; x_wconf 88' lang='lat' dir='ltr'><strong>sancte,</strong></span> <span class='ocrx_word' id='word_1_630' title='bbox 2743 3435 2904 3489; x_wconf 90' lang='lat' dir='ltr'><strong>quem</strong></span> <span class='ocrx_word' id='word_1_631' title='bbox 2964 3419 3128 3473; x_wconf 91' lang='lat' dir='ltr'><strong>rebus</strong></span> <span class='ocrx_word' id='word_1_632' title='bbox 3181 3418 3414 3483; x_wconf 79' lang='lat' dir='ltr'><strong>exilem,</strong></span> <span class='ocrx_word' id='word_1_633' title='bbox 3466 3418 3715 3490; x_wconf 87' lang='lat' dir='ltr'><strong>ignotum</strong></span> 
     </span>
    </p>
   </div>
   <div class='ocr_carea' id='block_1_96' title="bbox 2111 3506 3718 3579">
    <p class='ocr_par' dir='ltr' id='par_1_96' title="bbox 2111 3506 3718 3579">
     <span class='ocr_line' id='line_1_96' title="bbox 2111 3506 3718 3579; baseline 0.001 -19"><span class='ocrx_word' id='word_1_634' title='bbox 2111 3523 2330 3579; x_wconf 86' lang='lat' dir='ltr'><strong>genere,</strong></span> <span class='ocrx_word' id='word_1_635' title='bbox 2364 3507 2482 3562; x_wconf 88' lang='lat' dir='ltr'><strong>sola</strong></span> <span class='ocrx_word' id='word_1_636' title='bbox 2509 3506 2773 3562; x_wconf 91' lang='lat' dir='ltr'><strong>mittentis</strong></span> <span class='ocrx_word' id='word_1_637' title='bbox 2826 3508 3175 3563; x_wconf 89' lang='lat' dir='ltr'><strong>commendat</strong></span> <span class='ocrx_word' id='word_1_638' title='bbox 3229 3507 3534 3562; x_wconf 86' lang='lat' dir='ltr'><strong>auctoritas.</strong></span> <span class='ocrx_word' id='word_1_639' title='bbox 3597 3508 3718 3562; x_wconf 84' lang='lat' dir='ltr'><strong>No—</strong></span> 
     </span>
    </p>
   </div>
   <div class='ocr_carea' id='block_1_97' title="bbox 2114 3595 3720 3666">
    <p class='ocr_par' dir='ltr' id='par_1_97' title="bbox 2114 3595 3720 3666">
     <span class='ocr_line' id='line_1_97' title="bbox 2114 3595 3720 3666; baseline 0.001 -18"><span class='ocrx_word' id='word_1_640' title='bbox 2114 3595 2382 3651; x_wconf 87' lang='lat' dir='ltr'><strong>vellabam</strong></span> <span class='ocrx_word' id='word_1_641' title='bbox 2415 3596 2548 3664; x_wconf 82' lang='lat' dir='ltr'><strong>(7t),</strong></span> <span class='ocrx_word' id='word_1_642' title='bbox 2581 3611 2755 3666; x_wconf 88' lang='lat' dir='ltr'><strong>nuper</strong></span> <span class='ocrx_word' id='word_1_643' title='bbox 2796 3596 2851 3649; x_wconf 94' lang='lat' dir='ltr'><strong>in</strong></span> <span class='ocrx_word' id='word_1_644' title='bbox 2908 3610 3070 3666; x_wconf 85' lang='lat' dir='ltr'><strong>agro,</strong></span> <span class='ocrx_word' id='word_1_645' title='bbox 3127 3611 3250 3650; x_wconf 90' lang='lat' dir='ltr'><strong>cum</strong></span> <span class='ocrx_word' id='word_1_646' title='bbox 3311 3603 3537 3664; x_wconf 89' lang='lat' dir='ltr'><strong>repente</strong></span> <span class='ocrx_word' id='word_1_647' title='bbox 3583 3595 3720 3650; x_wconf 91' lang='lat' dir='ltr'><strong>mihi</strong></span> 
     </span>
    </p>
   </div>
   <div class='ocr_carea' id='block_1_98' title="bbox 2116 3683 3718 3756">
    <p class='ocr_par' dir='ltr' id='par_1_98' title="bbox 2116 3683 3718 3756">
     <span class='ocr_line' id='line_1_98' title="bbox 2116 3683 3718 3756; baseline 0.001 -18"><span class='ocrx_word' id='word_1_648' title='bbox 2116 3683 2363 3753; x_wconf 90' lang='lat' dir='ltr'><strong>quadam</strong></span> <span class='ocrx_word' id='word_1_649' title='bbox 2395 3691 2760 3754; x_wconf 89' lang='lat' dir='ltr'><strong>apparuerunt</strong></span> <span class='ocrx_word' id='word_1_650' title='bbox 2790 3700 3033 3756; x_wconf 84' lang='lat' dir='ltr'><strong>persona</strong></span> <span class='ocrx_word' id='word_1_651' title='bbox 3063 3684 3386 3740; x_wconf 90' lang='lat' dir='ltr'><strong>venerabilis</strong></span> <span class='ocrx_word' id='word_1_652' title='bbox 3425 3684 3718 3755; x_wconf 89' lang='lat' dir='ltr'><strong>cujusdam</strong></span> 
     </span>
    </p>
   </div>
   <div class='ocr_carea' id='block_1_99' title="bbox 2117 3772 3723 3843">
    <p class='ocr_par' dir='ltr' id='par_1_99' title="bbox 2117 3772 3723 3843">
     <span class='ocr_line' id='line_1_99' title="bbox 2117 3772 3723 3843; baseline 0.001 -17"><span class='ocrx_word' id='word_1_653' title='bbox 2117 3772 2403 3843; x_wconf 89' lang='lat' dir='ltr'><strong>dignitatis</strong></span> <span class='ocrx_word' id='word_1_654' title='bbox 2433 3781 2486 3827; x_wconf 92' lang='lat' dir='ltr'><strong>et</strong></span> <span class='ocrx_word' id='word_1_655' title='bbox 2512 3773 2650 3828; x_wconf 88' lang='lat' dir='ltr'><strong>ultra</strong></span> <span class='ocrx_word' id='word_1_656' title='bbox 2696 3774 2958 3843; x_wconf 89' lang='lat' dir='ltr'><strong>temporis</strong></span> <span class='ocrx_word' id='word_1_657' title='bbox 3007 3774 3170 3842; x_wconf 88' lang='lat' dir='ltr'><strong>hujus</strong></span> <span class='ocrx_word' id='word_1_658' title='bbox 3222 3782 3530 3843; x_wconf 84' lang='lat' dir='ltr'><strong>nostraque</strong></span> <span class='ocrx_word' id='word_1_659' title='bbox 3581 3788 3723 3828; x_wconf 90' lang='lat' dir='ltr'><strong>con-</strong></span> 
     </span>
    </p>
   </div>
   <div class='ocr_carea' id='block_1_100' title="bbox 2118 3861 3722 3934">
    <p class='ocr_par' dir='ltr' id='par_1_100' title="bbox 2118 3861 3722 3934">
     <span class='ocr_line' id='line_1_100' title="bbox 2118 3861 3722 3934; baseline 0 -18"><span class='ocrx_word' id='word_1_660' title='bbox 2118 3861 2337 3916; x_wconf 80' lang='lat' dir='ltr'><strong>ditionis</strong></span> <span class='ocrx_word' id='word_1_661' title='bbox 2375 3861 2619 3916; x_wconf 90' lang='lat' dir='ltr'><strong>homines</strong></span> <span class='ocrx_word' id='word_1_662' title='bbox 2649 3863 2856 3917; x_wconf 91' lang='lat' dir='ltr'><strong>honore</strong></span> <span class='ocrx_word' id='word_1_663' title='bbox 2883 3866 2937 3917; x_wconf 89' lang='lat' dir='ltr'><strong>et</strong></span> <span class='ocrx_word' id='word_1_664' title='bbox 2970 3862 3147 3932; x_wconf 88' lang='lat' dir='ltr'><strong>gloria</strong></span> <span class='ocrx_word' id='word_1_665' title='bbox 3177 3861 3513 3934; x_wconf 87' lang='lat' dir='ltr'><strong>dignissimi;</strong></span> <span class='ocrx_word' id='word_1_666' title='bbox 3547 3863 3722 3932; x_wconf 83' lang='lat' dir='ltr'><strong>prai-</strong></span> 
     </span>
    </p>
   </div>
   <div class='ocr_carea' id='block_1_101' title="bbox 2119 3951 3723 4023">
    <p class='ocr_par' dir='ltr' id='par_1_101' title="bbox 2119 3951 3723 4023">
     <span class='ocr_line' id='line_1_101' title="bbox 2119 3951 3723 4023; baseline 0.001 -18"><span class='ocrx_word' id='word_1_667' title='bbox 2119 3951 2212 4006; x_wconf 90' lang='lat' dir='ltr'><strong>bat</strong></span> <span class='ocrx_word' id='word_1_668' title='bbox 2243 3951 2473 4007; x_wconf 90' lang='lat' dir='ltr'><strong>Domina</strong></span> <span class='ocrx_word' id='word_1_669' title='bbox 2501 3951 2770 4023; x_wconf 85' lang='lat' dir='ltr'><strong>quadam,</strong></span> <span class='ocrx_word' id='word_1_670' title='bbox 2803 3951 2960 4020; x_wconf 90' lang='lat' dir='ltr'><strong>cujus</strong></span> <span class='ocrx_word' id='word_1_671' title='bbox 2991 3953 3195 4006; x_wconf 88' lang='lat' dir='ltr'><strong>vultum</strong></span> <span class='ocrx_word' id='word_1_672' title='bbox 3250 3952 3422 4007; x_wconf 79' lang='lat' dir='ltr'><strong>veloci</strong></span> <span class='ocrx_word' id='word_1_673' title='bbox 3489 3954 3723 4006; x_wconf 89' lang='lat' dir='ltr'><strong>transitu</strong></span> 
     </span>
    </p>
   </div>
   <div class='ocr_carea' id='block_1_102' title="bbox 2119 4039 3720 4110">
    <p class='ocr_par' dir='ltr' id='par_1_102' title="bbox 2119 4039 3720 4110">
     <span class='ocr_line' id='line_1_102' title="bbox 2119 4039 3720 4110; baseline 0.001 -17"><span class='ocrx_word' id='word_1_674' title='bbox 2119 4039 2310 4094; x_wconf 87' lang='lat' dir='ltr'><strong>intueri</strong></span> <span class='ocrx_word' id='word_1_675' title='bbox 2339 4055 2446 4095; x_wconf 93' lang='lat' dir='ltr'><strong>non</strong></span> <span class='ocrx_word' id='word_1_676' title='bbox 2472 4040 2642 4110; x_wconf 91' lang='lat' dir='ltr'><strong>potui,</strong></span> <span class='ocrx_word' id='word_1_677' title='bbox 2675 4041 2790 4096; x_wconf 86' lang='lat' dir='ltr'><strong>visu</strong></span> <span class='ocrx_word' id='word_1_678' title='bbox 2823 4040 3044 4095; x_wconf 89' lang='lat' dir='ltr'><strong>dorsum</strong></span> <span class='ocrx_word' id='word_1_679' title='bbox 3104 4040 3478 4096; x_wconf 90' lang='lat' dir='ltr'><strong>tantummodo</strong></span> <span class='ocrx_word' id='word_1_680' title='bbox 3525 4056 3720 4110; x_wconf 90' lang='lat' dir='ltr'><strong>prose-</strong></span> 
     </span>
    </p>
   </div>
   <div class='ocr_carea' id='block_1_103' title="bbox 2125 4128 3720 4198">
    <p class='ocr_par' dir='ltr' id='par_1_103' title="bbox 2125 4128 3720 4198">
     <span class='ocr_line' id='line_1_103' title="bbox 2125 4128 3720 4198; baseline 0.002 -16"><span class='ocrx_word' id='word_1_681' title='bbox 2125 4135 2275 4182; x_wconf 91' lang='lat' dir='ltr'><strong>cutus</strong></span> <span class='ocrx_word' id='word_1_682' title='bbox 2303 4128 2632 4198; x_wconf 90' lang='lat' dir='ltr'><strong>sequebatur</strong></span> <span class='ocrx_word' id='word_1_683' title='bbox 2663 4137 2844 4184; x_wconf 89' lang='lat' dir='ltr'><strong>autem</strong></span> <span class='ocrx_word' id='word_1_684' title='bbox 2861 4145 3034 4184; x_wconf 89' lang='lat' dir='ltr'><strong>senex</strong></span> <span class='ocrx_word' id='word_1_685' title='bbox 3090 4129 3250 4185; x_wconf 91' lang='lat' dir='ltr'><strong>nivea</strong></span> <span class='ocrx_word' id='word_1_686' title='bbox 3292 4129 3491 4184; x_wconf 90' lang='lat' dir='ltr'><strong>canitie</strong></span> <span class='ocrx_word' id='word_1_687' title='bbox 3546 4146 3720 4185; x_wconf 83' lang='lat' dir='ltr'><strong>vene-</strong></span> 
     </span>
    </p>
   </div>
   <div class='ocr_carea' id='block_1_104' title="bbox 2123 4216 3719 4289">
    <p class='ocr_par' dir='ltr' id='par_1_104' title="bbox 2123 4216 3719 4289">
     <span class='ocr_line' id='line_1_104' title="bbox 2123 4216 3719 4289; baseline 0.001 -19"><span class='ocrx_word' id='word_1_688' title='bbox 2123 4217 2344 4283; x_wconf 89' lang='lat' dir='ltr'><strong>randus,</strong></span> <span class='ocrx_word' id='word_1_689' title='bbox 2379 4216 2475 4286; x_wconf 91' lang='lat' dir='ltr'><strong>qui</strong></span> <span class='ocrx_word' id='word_1_690' title='bbox 2501 4217 2734 4272; x_wconf 90' lang='lat' dir='ltr'><strong>reductis</strong></span> <span class='ocrx_word' id='word_1_691' title='bbox 2764 4218 2818 4271; x_wconf 91' lang='lat' dir='ltr'><strong>in</strong></span> <span class='ocrx_word' id='word_1_692' title='bbox 2848 4233 2936 4273; x_wconf 89' lang='lat' dir='ltr'><strong>me</strong></span> <span class='ocrx_word' id='word_1_693' title='bbox 2957 4217 3128 4273; x_wconf 92' lang='lat' dir='ltr'><strong>oculis</strong></span> <span class='ocrx_word' id='word_1_694' title='bbox 3160 4236 3173 4271; x_wconf 91' lang='lat'><strong>:</strong></span> <span class='ocrx_word' id='word_1_695' title='bbox 3203 4219 3380 4273; x_wconf 76' lang='lat' dir='ltr'><strong>«Heus</strong></span> <span class='ocrx_word' id='word_1_696' title='bbox 3399 4217 3673 4289; x_wconf 89' lang='lat' dir='ltr'><strong>tu,inquit</strong></span> <span class='ocrx_word' id='word_1_697' title='bbox 3705 4258 3719 4285; x_wconf 95' lang='lat'><strong>,</strong></span> 
     </span>
    </p>
   </div>
   <div class='ocr_carea' id='block_1_105' title="bbox 2124 4305 3724 4382">
    <p class='ocr_par' dir='ltr' id='par_1_105' title="bbox 2124 4305 3724 4382">
     <span class='ocr_line' id='line_1_105' title="bbox 2124 4305 3724 4382; baseline 0.001 -24"><span class='ocrx_word' id='word_1_698' title='bbox 2124 4320 2158 4358; x_wconf 91' lang='grc' dir='ltr'>ο</span> <span class='ocrx_word' id='word_1_699' title='bbox 2186 4305 2456 4376; x_wconf 77' lang='lat' dir='ltr'><strong>agricola!</strong></span> <span class='ocrx_word' id='word_1_700' title='bbox 2490 4307 2643 4375; x_wconf 92' lang='lat' dir='ltr'><strong>cujus</strong></span> <span class='ocrx_word' id='word_1_701' title='bbox 2663 4309 2744 4361; x_wconf 91' lang='lat' dir='ltr'><strong>est</strong></span> <span class='ocrx_word' id='word_1_702' title='bbox 2771 4306 2861 4382; x_wconf 73' lang='lat' dir='ltr'><strong>hic</strong></span> <span class='ocrx_word' id='word_1_703' title='bbox 2891 4322 3025 4377; x_wconf 89' lang='lat' dir='ltr'><strong>ager</strong></span> <span class='ocrx_word' id='word_1_704' title='bbox 3055 4322 3217 4375; x_wconf 91' lang='lat' dir='ltr'><strong>quem</strong></span> <span class='ocrx_word' id='word_1_705' title='bbox 3275 4306 3407 4361; x_wconf 92' lang='lat' dir='ltr'><strong>colis</strong></span> <span class='ocrx_word' id='word_1_706' title='bbox 3448 4307 3476 4359; x_wconf 66' lang='grc' dir='ltr'><strong>εἶ</strong></span> <span class='ocrx_word' id='word_1_707' title='bbox 3540 4330 3562 4353; x_wconf 74' lang='grc' dir='ltr'><strong>ιο</strong></span> <span class='ocrx_word' id='word_1_708' title='bbox 3623 4305 3724 4360; x_wconf 89' lang='lat' dir='ltr'><strong>Cui</strong></span> 
     </span>
    </p>
   </div>
   <div class='ocr_carea' id='block_1_106' title="bbox 2126 4383 3723 4468">
    <p class='ocr_par' dir='ltr' id='par_1_106' title="bbox 2126 4383 3723 4468">
     <span class='ocr_line' id='line_1_106' title="bbox 2126 4383 3723 4468; baseline 0.001 -20"><span class='ocrx_word' id='word_1_709' title='bbox 2126 4408 2275 4464; x_wconf 84' lang='lat' dir='ltr'><strong>ego:</strong></span> <span class='ocrx_word' id='word_1_710' title='bbox 2315 4417 2337 4442; x_wconf 77' lang='grc' dir='ltr'>ιι</span> <span class='ocrx_word' id='word_1_711' title='bbox 2371 4395 2543 4464; x_wconf 88' lang='lat' dir='ltr'><strong>Beati,</strong></span> <span class='ocrx_word' id='word_1_712' title='bbox 2567 4383 2810 4466; x_wconf 75' lang='lat' dir='ltr'><strong>inquam,</strong></span> <span class='ocrx_word' id='word_1_713' title='bbox 2854 4395 3026 4449; x_wconf 84' lang='lat' dir='ltr'><strong>Patris</strong></span> <span class='ocrx_word' id='word_1_714' title='bbox 3080 4404 3160 4450; x_wconf 92' lang='lat' dir='ltr'><strong>est</strong></span> <span class='ocrx_word' id='word_1_715' title='bbox 3209 4397 3422 4451; x_wconf 86' lang='lat' dir='ltr'><strong>domini</strong></span> <span class='ocrx_word' id='word_1_716' title='bbox 3475 4397 3723 4468; x_wconf 86' lang='lat' dir='ltr'><strong>Hugonis</strong></span> 
     </span>
    </p>
   </div>
   <div class='ocr_carea' id='block_1_107' title="bbox 2126 4482 3724 4555">
    <p class='ocr_par' dir='ltr' id='par_1_107' title="bbox 2126 4482 3724 4555">
     <span class='ocr_line' id='line_1_107' title="bbox 2126 4482 3724 4555; baseline 0.002 -19"><span class='ocrx_word' id='word_1_717' title='bbox 2126 4482 2365 4536; x_wconf 88' lang='lat' dir='ltr'><strong>abbatis.</strong></span> <span class='ocrx_word' id='word_1_718' title='bbox 2407 4505 2430 4530; x_wconf 77' lang='grc' dir='ltr'><strong><em>ι</em></strong></span> <span class='ocrx_word' id='word_1_719' title='bbox 2464 4484 2612 4538; x_wconf 90' lang='lat' dir='ltr'><strong>Tunc</strong></span> <span class='ocrx_word' id='word_1_720' title='bbox 2651 4483 2742 4538; x_wconf 94' lang='lat' dir='ltr'><strong>ille</strong></span> <span class='ocrx_word' id='word_1_721' title='bbox 2776 4502 2786 4536; x_wconf 91' lang='lat'>:</span> <span class='ocrx_word' id='word_1_722' title='bbox 2827 4507 2849 4530; x_wconf 70' lang='grc' dir='ltr'><strong><em>υ</em></strong></span> <span class='ocrx_word' id='word_1_723' title='bbox 2877 4485 3026 4537; x_wconf 84' lang='lat' dir='ltr'><strong>Meus</strong></span> <span class='ocrx_word' id='word_1_724' title='bbox 3055 4492 3152 4552; x_wconf 86' lang='lat' dir='ltr'><strong>est,</strong></span> <span class='ocrx_word' id='word_1_725' title='bbox 3187 4485 3365 4554; x_wconf 91' lang='lat' dir='ltr'><strong>inquit</strong></span> <span class='ocrx_word' id='word_1_726' title='bbox 3385 4500 3538 4555; x_wconf 87' lang='lat' dir='ltr'><strong>ager,</strong></span> <span class='ocrx_word' id='word_1_727' title='bbox 3571 4501 3724 4539; x_wconf 89' lang='lat' dir='ltr'><strong>meus</strong></span> 
     </span>
    </p>
   </div>
   <div class='ocr_carea' id='block_1_108' title="bbox 2123 4572 3729 4643">
    <p class='ocr_par' dir='ltr' id='par_1_108' title="bbox 2123 4572 3729 4643">
     <span class='ocr_line' id='line_1_108' title="bbox 2123 4572 3729 4643; baseline 0.002 -19"><span class='ocrx_word' id='word_1_728' title='bbox 2123 4580 2202 4625; x_wconf 88' lang='lat' dir='ltr'><strong>est</strong></span> <span class='ocrx_word' id='word_1_729' title='bbox 2231 4579 2281 4625; x_wconf 89' lang='lat' dir='ltr'><strong>et</strong></span> <span class='ocrx_word' id='word_1_730' title='bbox 2310 4586 2608 4641; x_wconf 90' lang='lat' dir='ltr'><strong>possessor.</strong></span> <span class='ocrx_word' id='word_1_731' title='bbox 2645 4573 2763 4642; x_wconf 87' lang='lat' dir='ltr'><strong>Ego</strong></span> <span class='ocrx_word' id='word_1_732' title='bbox 2817 4572 2961 4626; x_wconf 87' lang='lat' dir='ltr'><strong>enim</strong></span> <span class='ocrx_word' id='word_1_733' title='bbox 3030 4573 3213 4626; x_wconf 88' lang='lat' dir='ltr'><strong>Petrus</strong></span> <span class='ocrx_word' id='word_1_734' title='bbox 3267 4590 3390 4628; x_wconf 89' lang='lat' dir='ltr'><strong>sum</strong></span> <span class='ocrx_word' id='word_1_735' title='bbox 3448 4573 3729 4643; x_wconf 89' lang='lat' dir='ltr'><strong>apostolus</strong></span> 
     </span>
    </p>
   </div>
   <div class='ocr_carea' id='block_1_109' title="bbox 2123 4661 3728 4732">
    <p class='ocr_par' dir='ltr' id='par_1_109' title="bbox 2123 4661 3728 4732">
     <span class='ocr_line' id='line_1_109' title="bbox 2123 4661 3728 4732; baseline 0.001 -19"><span class='ocrx_word' id='word_1_736' title='bbox 2123 4675 2243 4728; x_wconf 83' lang='lat' dir='ltr'><strong>qua</strong></span> <span class='ocrx_word' id='word_1_737' title='bbox 2265 4669 2444 4714; x_wconf 90' lang='lat' dir='ltr'><strong>autem</strong></span> <span class='ocrx_word' id='word_1_738' title='bbox 2475 4661 2754 4730; x_wconf 86' lang='lat' dir='ltr'><strong>pracedit,</strong></span> <span class='ocrx_word' id='word_1_739' title='bbox 2788 4661 2944 4715; x_wconf 81' lang='lat' dir='ltr'><strong>beata</strong></span> <span class='ocrx_word' id='word_1_740' title='bbox 2984 4662 3082 4716; x_wconf 91' lang='lat' dir='ltr'><strong>Dei</strong></span> <span class='ocrx_word' id='word_1_741' title='bbox 3111 4661 3343 4732; x_wconf 88' lang='lat' dir='ltr'><strong>genitrix</strong></span> <span class='ocrx_word' id='word_1_742' title='bbox 3391 4670 3475 4716; x_wconf 85' lang='lat' dir='ltr'><strong>est</strong></span> <span class='ocrx_word' id='word_1_743' title='bbox 3529 4662 3728 4727; x_wconf 80' lang='lat' dir='ltr'><strong>Maria,</strong></span> 
     </span>
    </p>
   </div>
   <div class='ocr_carea' id='block_1_110' title="bbox 2120 4749 3734 4822">
    <p class='ocr_par' dir='ltr' id='par_1_110' title="bbox 2120 4749 3734 4822">
     <span class='ocr_line' id='line_1_110' title="bbox 2120 4749 3734 4822; baseline 0.002 -19"><span class='ocrx_word' id='word_1_744' title='bbox 2120 4757 2425 4804; x_wconf 88' lang='lat' dir='ltr'><strong>sanctarum</strong></span> <span class='ocrx_word' id='word_1_745' title='bbox 2454 4749 2727 4804; x_wconf 90' lang='lat' dir='ltr'><strong>consortio</strong></span> <span class='ocrx_word' id='word_1_746' title='bbox 2758 4750 3060 4820; x_wconf 88' lang='lat' dir='ltr'><strong>constipata</strong></span> <span class='ocrx_word' id='word_1_747' title='bbox 3091 4751 3414 4807; x_wconf 89' lang='lat' dir='ltr'><strong>animarum.</strong></span> <span class='ocrx_word' id='word_1_748' title='bbox 3445 4752 3525 4805; x_wconf 91' lang='lat' dir='ltr'><strong>Tu</strong></span> <span class='ocrx_word' id='word_1_749' title='bbox 3561 4751 3734 4822; x_wconf 88' lang='lat' dir='ltr'><strong>igitur</strong></span> 
     </span>
    </p>
   </div>
   <div class='ocr_carea' id='block_1_111' title="bbox 2122 4837 3729 4910">
    <p class='ocr_par' dir='ltr' id='par_1_111' title="bbox 2122 4837 3729 4910">
     <span class='ocr_line' id='line_1_111' title="bbox 2122 4837 3729 4910; baseline 0.002 -18"><span class='ocrx_word' id='word_1_750' title='bbox 2122 4838 2190 4892; x_wconf 90' lang='lat' dir='ltr'><strong>ad</strong></span> <span class='ocrx_word' id='word_1_751' title='bbox 2220 4837 2471 4892; x_wconf 88' lang='lat' dir='ltr'><strong>abbatem</strong></span> <span class='ocrx_word' id='word_1_752' title='bbox 2503 4837 2722 4893; x_wconf 85' lang='lat' dir='ltr'><strong>festines</strong></span> <span class='ocrx_word' id='word_1_753' title='bbox 2750 4839 3054 4910; x_wconf 85' lang='lat' dir='ltr'><strong>Hugonem,</strong></span> <span class='ocrx_word' id='word_1_754' title='bbox 3087 4838 3327 4892; x_wconf 89' lang='lat' dir='ltr'><strong>dicturus</strong></span> <span class='ocrx_word' id='word_1_755' title='bbox 3359 4839 3408 4893; x_wconf 91' lang='lat' dir='ltr'><strong>ei</strong></span> <span class='ocrx_word' id='word_1_756' title='bbox 3464 4855 3476 4893; x_wconf 92' lang='lat'>:</span> <span class='ocrx_word' id='word_1_757' title='bbox 3533 4861 3556 4885; x_wconf 72' lang='grc' dir='ltr'>α</span> <span class='ocrx_word' id='word_1_758' title='bbox 3619 4841 3729 4896; x_wconf 87' lang='lat' dir='ltr'><strong>Di-</strong></span> 
     </span>
    </p>
   </div>
   <div class='ocr_carea' id='block_1_112' title="bbox 2122 4926 3731 4997">
    <p class='ocr_par' dir='ltr' id='par_1_112' title="bbox 2122 4926 3731 4997">
     <span class='ocr_line' id='line_1_112' title="bbox 2122 4926 3731 4997; baseline 0.002 -17"><span class='ocrx_word' id='word_1_759' title='bbox 2122 4943 2291 4996; x_wconf 91' lang='lat' dir='ltr'><strong>spone</strong></span> <span class='ocrx_word' id='word_1_760' title='bbox 2319 4926 2504 4981; x_wconf 89' lang='lat' dir='ltr'><strong>domui</strong></span> <span class='ocrx_word' id='word_1_761' title='bbox 2527 4935 2648 4992; x_wconf 85' lang='lat' dir='ltr'><strong>tua,</strong></span> <span class='ocrx_word' id='word_1_762' title='bbox 2684 4926 2825 4982; x_wconf 89' lang='lat' dir='ltr'><strong>viam</strong></span> <span class='ocrx_word' id='word_1_763' title='bbox 2856 4927 3124 4981; x_wconf 87' lang='lat' dir='ltr'><strong>universae</strong></span> <span class='ocrx_word' id='word_1_764' title='bbox 3155 4928 3333 4982; x_wconf 87' lang='lat' dir='ltr'><strong>carnis</strong></span> <span class='ocrx_word' id='word_1_765' title='bbox 3362 4927 3428 4980; x_wconf 88' lang='lat' dir='ltr'><strong>ad</strong></span> <span class='ocrx_word' id='word_1_766' title='bbox 3487 4944 3731 4997; x_wconf 81' lang='lat' dir='ltr'><strong>pnesens</strong></span> 
     </span>
    </p>
   </div>
   <div class='ocr_carea' id='block_1_113' title="bbox 2124 5015 3731 5086">
    <p class='ocr_par' dir='ltr' id='par_1_113' title="bbox 2124 5015 3731 5086">
     <span class='ocr_line' id='line_1_113' title="bbox 2124 5015 3731 5086; baseline 0.001 -17"><span class='ocrx_word' id='word_1_767' title='bbox 2124 5018 2488 5086; x_wconf 88' lang='lat' dir='ltr'><strong>ingressurus.</strong></span> <span class='ocrx_word' id='word_1_768' title='bbox 2523 5039 2544 5063; x_wconf 72' lang='grc' dir='ltr'><strong>ιι</strong></span> <span class='ocrx_word' id='word_1_769' title='bbox 2571 5015 2787 5068; x_wconf 88' lang='lat' dir='ltr'><strong>Jubenti</strong></span> <span class='ocrx_word' id='word_1_770' title='bbox 2820 5015 2946 5069; x_wconf 89' lang='lat' dir='ltr'><strong>talia</strong></span> <span class='ocrx_word' id='word_1_771' title='bbox 2974 5030 3166 5084; x_wconf 90' lang='lat' dir='ltr'><strong>parere</strong></span> <span class='ocrx_word' id='word_1_772' title='bbox 3213 5016 3420 5084; x_wconf 87' lang='lat' dir='ltr'><strong>distuli,</strong></span> <span class='ocrx_word' id='word_1_773' title='bbox 3480 5023 3731 5072; x_wconf 88' lang='lat' dir='ltr'><strong>metuens</strong></span> 
     </span>
    </p>
   </div>
   <div class='ocr_carea' id='block_1_114' title="bbox 2125 5103 3729 5173">
    <p class='ocr_par' dir='ltr' id='par_1_114' title="bbox 2125 5103 3729 5173">
     <span class='ocr_line' id='line_1_114' title="bbox 2125 5103 3729 5173; baseline 0.002 -16"><span class='ocrx_word' id='word_1_774' title='bbox 2125 5120 2190 5157; x_wconf 90' lang='lat' dir='ltr'><strong>ne</strong></span> <span class='ocrx_word' id='word_1_775' title='bbox 2220 5104 2544 5173; x_wconf 87' lang='lat' dir='ltr'><strong>vaniloquus</strong></span> <span class='ocrx_word' id='word_1_776' title='bbox 2564 5111 2618 5157; x_wconf 89' lang='lat' dir='ltr'><strong>et</strong></span> <span class='ocrx_word' id='word_1_777' title='bbox 2653 5104 2920 5173; x_wconf 87' lang='lat' dir='ltr'><strong>interpres</strong></span> <span class='ocrx_word' id='word_1_778' title='bbox 2946 5103 3196 5157; x_wconf 89' lang='lat' dir='ltr'><strong>falsitatis</strong></span> <span class='ocrx_word' id='word_1_779' title='bbox 3226 5103 3553 5173; x_wconf 83' lang='lat' dir='ltr'><strong>appellarer,</strong></span> <span class='ocrx_word' id='word_1_780' title='bbox 3621 5120 3729 5160; x_wconf 84' lang='lat' dir='ltr'><strong>ca-</strong></span> 
     </span>
    </p>
   </div>
   <div class='ocr_carea' id='block_1_115' title="bbox 2125 5191 3727 5264">
    <p class='ocr_par' dir='ltr' id='par_1_115' title="bbox 2125 5191 3727 5264">
     <span class='ocr_line' id='line_1_115' title="bbox 2125 5191 3727 5264; baseline 0.001 -18"><span class='ocrx_word' id='word_1_781' title='bbox 2125 5202 2296 5247; x_wconf 89' lang='lat' dir='ltr'><strong>terum</strong></span> <span class='ocrx_word' id='word_1_782' title='bbox 2329 5193 2506 5246; x_wconf 86' lang='lat' dir='ltr'><strong>denuo</strong></span> <span class='ocrx_word' id='word_1_783' title='bbox 2537 5192 2918 5257; x_wconf 89' lang='lat' dir='ltr'><strong>commonitus,</strong></span> <span class='ocrx_word' id='word_1_784' title='bbox 2941 5200 2992 5248; x_wconf 90' lang='lat' dir='ltr'><strong>et</strong></span> <span class='ocrx_word' id='word_1_785' title='bbox 3024 5191 3152 5264; x_wconf 89' lang='lat' dir='ltr'><strong>quia</strong></span> <span class='ocrx_word' id='word_1_786' title='bbox 3193 5191 3441 5261; x_wconf 87' lang='lat' dir='ltr'><strong>prafata</strong></span> <span class='ocrx_word' id='word_1_787' title='bbox 3499 5194 3727 5249; x_wconf 89' lang='lat' dir='ltr'><strong>visionis</strong></span> 
     </span>
    </p>
   </div>
   <div class='ocr_carea' id='block_1_116' title="bbox 2124 5379 2673 5434">
    <p class='ocr_par' dir='ltr' id='par_1_116' title="bbox 2124 5379 2673 5434">
     <span class='ocr_line' id='line_1_116' title="bbox 2124 5379 2673 5434; baseline -0.004 0"><span class='ocrx_word' id='word_1_788' title='bbox 2124 5380 2419 5434; x_wconf 84' lang='lat' dir='ltr'><strong>monachus</strong></span> <span class='ocrx_word' id='word_1_789' title='bbox 2448 5379 2501 5432; x_wconf 92' lang='lat' dir='ltr'><strong>in</strong></span> <span class='ocrx_word' id='word_1_790' title='bbox 2536 5379 2673 5433; x_wconf 87' lang='lat' dir='ltr'><strong>Vita.</strong></span> 
     </span>
    </p>
   </div>
   <div class='ocr_carea' id='block_1_117' title="bbox 2195 5449 3718 5524">
    <p class='ocr_par' dir='ltr' id='par_1_117' title="bbox 2195 5449 3718 5524">
     <span class='ocr_line' id='line_1_117' title="bbox 2195 5449 3718 5524; baseline 0.001 -19"><span class='ocrx_word' id='word_1_791' title='bbox 2195 5452 2308 5519; x_wconf 82' lang='lat' dir='ltr'><strong>(7t)</strong></span> <span class='ocrx_word' id='word_1_792' title='bbox 2338 5451 2393 5505; x_wconf 93' lang='lat' dir='ltr'><strong>S.</strong></span> <span class='ocrx_word' id='word_1_793' title='bbox 2427 5450 2753 5524; x_wconf 54' lang='lat' dir='ltr'><strong>Augustinus</strong></span> <span class='ocrx_word' id='word_1_794' title='bbox 2792 5449 2933 5524; x_wconf 88' lang='lat' dir='ltr'><strong>adv._</strong></span> <span class='ocrx_word' id='word_1_795' title='bbox 2955 5451 3228 5524; x_wconf 83' lang='lat' dir='ltr'><strong>Faustum,</strong></span> <span class='ocrx_word' id='word_1_796' title='bbox 3260 5521 3269 5524; x_wconf 90' lang='lat'>_</span> <span class='ocrx_word' id='word_1_797' title='bbox 3296 5473 3318 5498; x_wconf 72' lang='grc' dir='ltr'><strong><em>α</em></strong></span> <span class='ocrx_word' id='word_1_798' title='bbox 3348 5453 3543 5524; x_wconf 74' lang='lat' dir='ltr'><strong>homo</strong></span> <span class='ocrx_word' id='word_1_799' title='bbox 3592 5454 3718 5524; x_wconf 90' lang='lat' dir='ltr'><strong>qui-</strong></span> 
     </span>
    </p>
   </div>
   <div class='ocr_carea' id='block_1_118' title="bbox 2122 5521 3474 5593">
    <p class='ocr_par' dir='ltr' id='par_1_118' title="bbox 2122 5521 3474 5593">
     <span class='ocr_line' id='line_1_118' title="bbox 2122 5521 3474 5593; baseline -0.002 -16"><span class='ocrx_word' id='word_1_800' title='bbox 2122 5522 2247 5577; x_wconf 85' lang='lat' dir='ltr'><strong>dam</strong></span> <span class='ocrx_word' id='word_1_801' title='bbox 2288 5521 2817 5578; x_wconf 89' lang='lat' dir='ltr'><strong>novellavitvineam</strong></span> <span class='ocrx_word' id='word_1_802' title='bbox 2835 5530 2886 5576; x_wconf 90' lang='lat' dir='ltr'><strong>et</strong></span> <span class='ocrx_word' id='word_1_803' title='bbox 2921 5522 3120 5577; x_wconf 87' lang='lat' dir='ltr'><strong>locavit</strong></span> <span class='ocrx_word' id='word_1_804' title='bbox 3150 5521 3474 5593; x_wconf 77' lang='lat' dir='ltr'><strong>agricolis.»</strong></span> 
     </span>
    </p>
   </div>
  </div>
