4032 6078
246 270 349 324 889

1818 266 1999 321 VITA.

3457 262 3560 328 890

250 390 569 446 relationem
592 389 1267 462 distuleﬁm,gravioribus
1298 389 1479 445 verbis
1522 390 1850 461 inerepatus.
1881 388 1939 451 Α
1967 388 2114 444 tione
2146 389 2409 445 venerari.
2431 390 2537 458 Qui
2567 397 2623 445 ut
2653 399 2707 446 et
2760 390 2995 447 moriens
3049 391 3353 448 ostenderet
3398 411 3560 465 quam

246 494 574 548 suspensam
606 480 810 533 dudum
841 481 1169 551 legationem
1201 478 1422 549 exsequi
1458 476 1730 533 festinavi.
1752 478 1849 532 His

260 567 450 635 dictis,
482 567 569 621 alii
594 569 812 639 quidem
846 567 1091 623 falsitatis
1120 583 1242 623 eum
1291 565 1611 637 arguebant,
1669 566 1864 621 beatus

256 663 447 710 autem
478 654 647 709 abbas
676 663 881 711 certum
907 672 1019 710 suae
1043 654 1398 727 depositionis
1420 653 1697 708 asserebat
1716 654 1864 708 indi-

254 742 427 798 cium.
457 742 543 797 Ex
575 750 700 798 tunc
732 743 787 797 in
841 742 1097 813 lacrymis
1152 742 1477 813 promissam
1530 740 1867 811 exspectavit

254 831 619 899 vocationem,
653 847 779 886 cum
809 831 1067 902 Apostolo
1100 831 1289 885 dicens
1321 848 1332 883 :
1390 831 1561 903 Cupio
1612 830 1862 889 dissolvi.

255 924 451 975 etesse
471 936 602 976 cum
638 920 859 976 Christo
880 919 1053 991 (Phil.
1078 935 1114 985 ι,
1152 918 1261 988 23).

328 1011 419 1065 45.
452 1008 655 1063 Aderat
682 1008 1068 1064 sacratissimm
1098 1008 1281 1064 Coma:
1309 1006 1446 1075 dies,
1477 1015 1528 1062 et
1584 1022 1710 1062 ecce
1761 1006 1863 1062 Dei

260 1112 474 1165 servus,
506 1112 615 1151 non
644 1105 757 1151 tam
792 1097 914 1167 lege
950 1097 1207 1167 temporis
1233 1111 1396 1168 quam
1426 1095 1699 1151 charitatis
1725 1093 1861 1150 aﬂ'e-

259 1192 350 1241 ctu
383 1184 692 1256 capitulum
754 1185 1094 1256 ingreditur;
1128 1184 1219 1238 ubi
1250 1200 1374 1239 cum
1422 1199 1519 1255 pro
1582 1183 1667 1237 his
1730 1197 1865 1256 quos

260 1273 622 1329 Cluniacense
704 1273 1014 1329 ccenobium
1092 1289 1249 1328 sacra
1321 1272 1427 1327 sibi
1502 1272 1865 1327 familiaritate

265 1362 607 1430 astrinxerat,
640 1360 943 1416 afﬂuentem
969 1360 1224 1431 jussisset
1277 1360 1395 1416 ﬁeri
1444 1360 1862 1430 eleemosynam,

261 1458 489 1521 rOgatus
521 1450 807 1505 absolvere
841 1457 1195 1516 conventum,
1228 1449 1376 1505 ﬂevit
1406 1448 1693 1504 uberrime.
1724 1448 1865 1502 Tan-

261 1538 424 1591 demv
467 1536 707 1610 singultu
782 1536 1072 1609 fatigatum
1146 1552 1405 1608 promens
1478 1551 1861 1606 responsum:

268 1647 290 1673 α
324 1625 535 1697 Egone,
568 1625 765 1696 inquit,
794 1642 895 1682 vos
941 1625 1246 1690 absolvam,
1301 1640 1460 1695 quem
1490 1624 1708 1696 propria
1736 1623 1869 1696 ligat

1971 476 2120 549 vigili
2179 484 2233 532 et
2263 477 2522 533 sollicitus
2535 478 2695 533 fuerit
2716 477 2862 534 circa
2877 480 3289 534 commissarum
3308 482 3410 535 sibi
3426 483 3561 556 vigi-

1967 562 2068 618 lias
2096 564 2300 632 ovium,
2334 565 2536 636 quibus
2563 566 2737 636 potuit
2766 566 3104 622 sermonibus
3133 567 3560 624 anniversarium

1969 652 2362 723 archiepiscopi
2416 652 2671 708 Gaufridi
2731 654 2863 721 (73),
2923 662 2976 709 et
3031 654 3298 710 Guidonis
3352 657 3569 712 abbatis

1969 740 2159 794 adesse
2187 740 2473 808 nuntiavit,
2508 740 2821 813 significans
2848 749 3095 811 oportere
3144 744 3412 799 defunctis
3466 746 3578 801 fra-

1971 827 2144 882 tribus
2172 827 2354 883 debita
2376 829 2511 884 solvi
2538 828 2837 884 beneﬁcia.
2876 831 3038 884 Beata
3083 830 3327 902 profecto
3355 834 3564 900 anima,

1969 932 2093 988 quae
2126 932 2225 972 nec
2256 931 2323 972 eo
2354 924 2601 986 tempore
2627 916 2801 987 potuit
2856 934 3077 973 suorum
3134 920 3359 974 salutem
3416 921 3565 976 obli—

1969 1004 2121 1074 visci,
2150 1020 2255 1074 quo
2284 1005 2558 1059 nonnullis
2582 1006 2649 1060 de
2679 1020 2776 1061 sua
2822 1006 2986 1061 etiam
3044 1008 3215 1063 salute
3270 1010 3565 1065 succedere

1971 1094 2110 1149 solet
2130 1093 2355 1149 oblivio.

2041 1183 2131 1236 48.
2166 1183 2335 1237 Porro
2366 1183 2605 1237 exiturus
2633 1199 2699 1238 ex
2730 1185 2833 1239 hac
2870 1186 3100 1256 zEgypto
3154 1186 3254 1241 Dei
3310 1185 3564 1252 famulus,

1972 1270 2031 1323 B.
2066 1270 2304 1325 Marcelli
2337 1273 2448 1338 (74)
2478 1286 2697 1341 capsam
2729 1272 2829 1325 sibi
2854 1273 3009 1341 jubet
3038 1275 3374 1344 praesentari,
3426 1276 3574 1346 pium

1974 1358 2230 1430 lacrymis
2262 1358 2608 1428 interpellans
2637 1360 2981 1425 advocatum,
3016 1369 3072 1415 ut
3114 1361 3234 1431 ejus
3279 1363 3569 1431 conducta,

1973 1454 2100 1517 post
2129 1446 2398 1514 exsilium,
2450 1448 2638 1518 patrias
2697 1448 3031 1503 redderetur.
3084 1449 3237 1504 Flent
3293 1449 3386 1503 filii
3442 1451 3575 1505 assi-

1976 1535 2184 1596 dentes,
2212 1552 2311 1591 nec
2337 1534 2667 1620 alius_alium
2695 1537 3025 1603 consolatur,
3058 1538 3152 1592 ubi
3194 1553 3293 1608 par
3321 1537 3572 1592 omnibus

1976 1631 2030 1678 et
2058 1623 2461 1678 inconsolabilis
2492 1632 2609 1680 erat
2640 1639 2803 1680 causa
2830 1625 2882 1679 la
2913 1627 3192 1681 nentandi.
3244 1625 3451 1694 Quibus
3478 1625 3572 1680 ille

256 1713 593 1769 conscientia
614 1715 642 1766 ἢ
671 1714 788 1787 Ego
823 1723 1063 1770 vestram
1096 1713 1294 1770 levabo
1328 1713 1628 1780 sarcinam,
1683 1711 1869 1766 multi-
1900 1734 1956 1794 Β
1976 1727 2135 1765 suum
2167 1710 2482 1784 significans
2512 1727 2819 1782 excessum,
2839 1730 2987 1782 cum,
3010 1714 3364 1782 Benedictio,
3389 1722 3570 1783 protu-

261 1802 390 1872 plici
416 1808 714 1871 prostratus
744 1810 797 1858 et
821 1803 1013 1873 jacens
1042 1817 1274 1859 excessu
1294 1802 1323 1855 εὶ
1362 1800 1650 1869 Quomodo
1667 1800 1867 1870 jugum

259 1889 435 1945 solvet
464 1898 830 1960 peccatorum,
865 1891 1168 1962 subjugata
1195 1890 1435 1960 peccatis
1483 1888 1652 1944 oratio
1672 1889 1700 1941 ‘?
1754 1889 1868 1943 Nos

265 1986 469 2047 tamen,
495 1977 621 2033 licet
642 1978 873 2051 indigni,
894 1979 1137 2034 debitum
1154 1992 1552 2050 prosequemur
1580 1975 1818 2032 ofﬁcium
1849 1991 1862 2031 :

268 2066 533 2121 Dominus
561 2073 764 2135 autem,
798 2068 887 2137 qui
918 2067 1080 2121 solvit
1108 2064 1446 2137 compeditos
1474 2072 1526 2120 et
1553 2064 1716 2119 elisos
1745 2062 1864 2119 eri-

262 2153 344 2225 git
375 2154 550 2224 (Psal.
583 2170 745 2222 chv,
777 2157 854 2225 7),
887 2154 1034 2226 quod
1064 2171 1176 2210 sua:
1205 2153 1418 2224 pietatis
1446 2160 1545 2218 est,
1600 2152 1657 2205 in
1709 2151 1865 2207 vobis

262 2242 496 2298 interius
527 2242 781 2315 dignetur
812 2246 1050 2313 cperarl.
1093 2266 1115 2291 ιο
1150 2242 1363 2298 Dehinc
1392 2240 1617 2297 elevatis
1662 2240 1716 2294 in
1745 2255 1862 2294 cte-

269 2331 384 2387 lum
414 2331 604 2399 oculis,
638 2331 891 2402 perfusus
945 2346 1041 2387 ora
1078 2331 1347 2397 ﬂectibus,
1377 2328 1733 2386 commissum
1762 2327 1864 2381 sibi

272 2435 498 2491 gregem
530 2418 788 2474 absolvit.
820 2419 1040 2474 Addidit
1068 2427 1120 2474 et
1148 2418 1398 2473 solatium
1454 2414 1861 2472 benedictionis.

276 2508 550 2563 Christum
604 2515 821 2564 secutus
877 2507 1225 2579 magistrum,
1289 2505 1382 2576 qui
1423 2504 1744 2560 transiturus
1798 2502 1868 2556 ad

273 2597 507 2662 Patrem,
541 2595 838 2667 discipulos
868 2595 922 2649 in
943 2611 1206 2666 pressura
1225 2593 1412 2649 mundi
1454 2593 1671 2649 relictos
1689 2590 1865 2646 bene-

267 2683 429 2747 dixit,
464 2698 684 2753 semper
712 2683 789 2739 eis
817 2684 1102 2738 adfuturus
1131 2683 1329 2756 gratia,
1360 2696 1497 2753 quos
1524 2694 1753 2750 corpore
1773 2678 1867 2733 de-

273 2772 510 2827 serebat.
544 2772 753 2828 Dehinc
809 2771 1031 2843 expleto
1096 2787 1401 2841 pauperum
1458 2768 1740 2841 obsequio,
1798 2767 1869 2820 ad

272 2860 592 2915 imitandum
623 2861 925 2918 Dominicae
953 2860 1272 2915 humilitatis
1302 2857 1630 2928 exemplum,
1679 2856 1869 2911 beatus

272 2964 437 3003 senex
466 2949 602 3003 hora
631 2950 871 3004 mandati
895 2949 949 3003 in
979 2948 1281 3019 capitulum
1311 2947 1470 3015 redit,
1492 2944 1868 3001 lavatfratrum

274 3037 523 3108 vestigia,
555 3036 623 3092 de
652 3038 963 3109 evangelica
992 3039 1225 3094 lectione
1256 3050 1563 3091 sermonem
1620 3039 1869 3088 sanctum

271 3126 620 3196 subnectens,
655 3127 829 3181 rivum
881 3133 1270 3197 provocantem
1326 3126 1704 3195 lacrymarum.
1763 3122 1869 3177 Se-

274 3216 460 3286 quenti
492 3231 708 3287 quoque
739 3215 981 3271 Sabbato
1006 3215 1171 3271 sacris
1216 3214 1459 3269 interfuit
1518 3211 1712 3276 cilicio,
1769 3226 1871 3266 co—

276 3304 523 3359 lumnam
554 3306 668 3375 (72)
698 3319 855 3359 novae
886 3304 1025 3360 lucis
1053 3304 1322 3373 salutans,
1352 3310 1405 3357 et
1424 3301 1628 3358 crebris
1644 3315 1874 3355 exorans

275 3393 554 3463 suspiriis,
580 3401 637 3447 ut
666 3393 737 3448 ad
767 3399 962 3448 terram
994 3392 1397 3463 promissionis,
1477 3404 1639 3460 quam
1668 3388 1814 3443 velut
1842 3404 1873 3443 e

278 3480 511 3538 conﬁnio
534 3482 651 3552 jam
683 3482 1008 3547 intuebatur,
1043 3478 1308 3536 inoﬂ'enso
1349 3495 1541 3551 gressu
1592 3476 1873 3549 pervenire

276 3577 595 3626 mereretur.

349 3678 439 3730 47.
473 3677 806 3748 Supererant
833 3676 1008 3732 adhuc
1040 3676 1259 3731 tantulae
1288 3675 1429 3731 vires
1456 3676 1511 3729 in
1541 3673 1723 3747 fragili
1753 3688 1875 3729 cor—

280 3779 438 3835 pore,
464 3774 520 3821 ut
551 3767 603 3820 in
630 3766 861 3822 ecclesia
887 3767 1203 3837 paschalem
1256 3764 1558 3820 celebraret
1610 3763 1875 3819 solemni-

284 3861 468 3919 tatem,
504 3853 711 3910 festivis
738 3854 1034 3927 insignitus
1089 3853 1443 3920 ornamentis,
1499 3868 1626 3923 qua:
1679 3852 1882 3922 pariter

284 3950 338 3997 et
368 3942 475 3998 diei
505 3942 736 4015 gloriam
766 3951 821 3999 et
877 3951 1082 3998 sanctae
1138 3942 1282 3997 illius
1337 3943 1539 3997 animae
1592 3940 1880 4011 puritatem

289 4030 693 4100 quodammodo
751 4031 1089 4086 nuntiabant.
1147 4030 1401 4086 Refectus
1444 4029 1555 4084 illic
1612 4028 1885 4084 alimentis

285 4120 675 4191 spiritualibus,
708 4121 777 4175 ad
808 4120 1051 4187 domum,
1086 4120 1139 4173 in
1168 4134 1275 4190 qua
1330 4118 1528 4173 morari
1583 4132 1883 4173 consueve-

287 4217 389 4272 rat,
414 4210 648 4264 divertit.
676 4211 914 4280 Vespere
933 4216 1113 4263 autem
1142 4207 1306 4274 facto,
1350 4207 1551 4262 decidit
1582 4206 1637 4260 in
1666 4206 1883 4275 lectum,

288 4298 423 4353 nihil
455 4298 599 4353 aliud
631 4314 792 4368 quam
825 4298 1071 4353 laborum
1103 4313 1323 4353 suorum
1342 4296 1503 4352 finem
1525 4300 1579 4351 et
1607 4295 1887 4366 praemium

289 4396 623 4458 exspectans.
651 4387 829 4441 Tertia
859 4403 994 4442 vero
1027 4386 1181 4455 feria,
1238 4400 1363 4441 cum
1417 4385 1532 4456 jam
1588 4384 1888 4455 caligantes

292 4476 433 4531 oculi
465 4476 655 4547 lingua
715 4475 992 4544 deﬁciens,
1045 4483 1098 4531 et
1151 4483 1348 4531 caetera
1406 4489 1661 4530 sensuum
1718 4471 1895 4528 oﬂicia

292 4573 621 4634 praesentem
654 4565 941 4619 transitum
994 4564 1378 4630 acclamarent,
1432 4564 1793 4633 interrogatus
1849 4559 1894 4613 si

293 4651 705 4708 viviﬁcatricem
732 4652 951 4707 Domini
982 4668 1199 4708 carnem
1255 4660 1615 4724 cognosceret
1648 4670 1659 4706 :
1725 4674 1746 4698 α
1783 4649 1894 4705 Co-

293 4756 515 4812 gnosco,
549 4741 744 4812 inquit,
778 4750 829 4796 et
858 4743 1046 4796 adoro.
1084 4764 1106 4790 ι»
1143 4739 1400 4797 Oblatum
1432 4756 1647 4811 quoque
1693 4738 1889 4794 saluti-

294 4832 422 4887 fera:
452 4831 627 4886 crucis
655 4831 895 4902 signum,
940 4830 1400 4886 Christianissima
1456 4828 1662 4885 studuit
1715 4828 1889 4883 devo-

365 5009 476 5077 (ἿΞ)
537 5010 765 5063 Cereum
823 5006 1131 5078 paschalem
1189 5005 1452 5078 intellige,
1512 5019 1670 5075 quem
1729 5003 1890 5059 etiam

296 5079 537 5135 Ecclesia
561 5080 616 5134 in
646 5080 762 5147 ejus
793 5077 1230 5133 benedictionem
1258 5077 1503 5148 appellat
1533 5078 1884 5132 columnam.

369 5178 481 5244 (73)
514 5177 591 5230 Ex
625 5175 869 5246 pluribus
895 5174 1185 5246 Gaufredis
1212 5190 1307 5246 seu
1339 5172 1652 5229 Godifredis
1682 5173 1895 5246 archie_-_

294 5243 556 5319 piscopis,
579 5243 1174 5319 quosrecensetlndex
1204 5244 1759 5319 San-ltfarthanorum,
1792 5243 1893 5298 soli

298 5315 406 5389 duo
438 5315 609 5389 atque»
630 5317 793 5389 ambo
823 5316 1250 5388 Burdegalenses
1279 5315 1600 5389 adducihuc
1627 5322 1890 5389 possunt;

300 5385 836 5471 primus'nominat‘us
865 5385 1139 5471 anno?”
1164 5404 1176 5443 ;
1203 5395 1255 5471 et
1301 5387 1590 5471 secundus,
1640 5385 1734 5471 qui
1758 5385 1897 5471 sedit

298 5454 439 5515 inter
468 5474 641 5514 annos
677 5460 813 5512 1027
845 5468 897 5511 et
928 5459 1083 5523 1047,
1143 5457 1241 5512 sed
1298 5457 1440 5511 infra
1494 5454 1890 5509 demonstrabi-

300 5546 422 5585 mus
474 5529 614 5584 inter
671 5530 1063 5600 Lugdunenses
1118 5528 1384 5600 antistites
1441 5527 1610 5595 hujus
1664 5526 1898 5600 nominis

296 5617 463 5656 unum
493 5602 597 5655 hoc
628 5596 870 5668 tempore
901 5597 1268 5669 recipiendum
1298 5613 1436 5664 esse,
1479 5613 1638 5669 quem
1670 5596 1891 5669 omnino

304 5680 561 5743 putamus
590 5685 709 5727 esse
734 5665 1103 5738 eumdem,'de
1131 5685 1240 5742 quo
1272 5669 1356 5726 hic
1410 5665 1592 5740 agitur
1624 5686 1639 5724 :
1704 5665 1897 5723 obierit

1900 3088 1953 3151 Ο

1978 1800 2145 1868 lisset,
2209 1800 2467 1870 loquendi
2523 1799 2833 1856 facultatem
2892 1803 3092 1857 amisit.
3162 1801 3370 1857 Deinde
3450 1818 3574 1858 cum

1975 1888 2231 1943 inclinata
2260 1896 2404 1944 esset
2432 1889 2501 1944 ad
2531 1904 2814 1960 vesperam
2845 1890 2981 1958 dies,
3030 1890 3239 1946 delatus
3295 1890 3348 1944 in
3402 1891 3573 1945 eccle-

1976 1978 2112 2032 siam
2139 1977 2467 2033 beatissimaa
2497 1977 2596 2033 Dei
2626 1978 2904 2050 genitricis
2942 1979 3140 2045 Mariae,
3198 1980 3369 2035 fessos
3423 1986 3571 2033 artus

1976 2071 2032 2122 et
2080 2074 2328 2121 naturam
2375 2066 2704 2138 proﬁtentes,
2738 2068 2917 2123 cilicio
2955 2076 3007 2123 et
3062 2068 3229 2123 cineri
3286 2083 3568 2123 commen-

1977 2154 2145 2208 davit.
2224 2154 2359 2210 Sole
2416 2155 2615 2211 dehinc
2643 2156 3017 2225 occumbente,
3078 2156 3160 2211 sol
3191 2156 3462 2224 occubuit,
3520 2164 3574 2210 et

1976 2250 2301 2297 exoneratus
2346 2242 2565 2299 sarcina
2621 2245 2798 2298 carnis
2845 2245 3086 2315 spiritus,
3135 2245 3429 2300 incolatum
3488 2259 3577 2315 pa-

1983 2331 2117 2398 triae,
2165 2331 2487 2402 temporalia
2544 2333 2888 2404 sempiternis
2919 2332 3144 2388 feliciter
3191 2333 3571 2389 commutavit.

1975 2419 2226 2474 Exoritur
2256 2420 2602 2488 praesentium
2635 2421 2842 2476 clamor
2872 2420 3133 2489 ﬁliorum,
3167 2423 3260 2491 qui
3317 2436 3577 2492 percussa

1976 2507 2133 2562 exciti
2165 2508 2371 2575 tabula,
2404 2517 2563 2578 prout
2592 2525 2711 2564 mos
2748 2518 2850 2575 est,
2917 2509 2987 2563 ad
3044 2509 3571 2565 commendationem

1976 2595 2153 2651 beatas
2191 2596 2336 2652 illius
2367 2598 2563 2653 animae
2592 2606 2982 2653 convenerant.
3043 2598 3288 2652 Habebat
3345 2598 3573 2668 quisque

1978 2685 2123 2741 velut
2144 2687 2459 2755 specialem,
2481 2703 2586 2758 qua
2614 2686 2846 2753 doleret,
2876 2703 3112 2752 causam,
3148 2694 3197 2741 et
3257 2694 3385 2755 quot
3444 2686 3569 2740 fue-

1977 2781 2100 2829 rant
2129 2789 2246 2841 ora,
2276 2778 2354 2829 tot
2402 2775 2659 2829 virtutum
2716 2775 2833 2844 ejus
2888 2775 3132 2846 insignia
3186 2774 3575 2844 promebantur

1974 2862 2080 2918 Alii
2110 2878 2347 2934 namque
2376 2862 2621 2932 pertinax
2647 2862 2857 2917 abbatis
2888 2863 3076 2917 odium
3107 2863 3162 2917 in
3194 2862 3321 2916 vitia
3367 2862 3575 2918 refere-

1974 2950 2125 3020 bant,
2159 2950 2249 3004 alii
2282 2950 2421 3006 circa
2452 2952 2772 3022 poenitentes
2826 2961 3108 3023 paternum
3171 2952 3288 3022 ejus
3334 2967 3582 3007 recense-

1981 3040 2115 3094 bant
2142 3038 2412 3094 aﬂ'ectum.
2476 3040 2927 3095 Lamentabantur
2994 3040 3260 3108 nonnulli,
3314 3055 3579 3110 pauperes

1978 3128 2222 3183 amisisse
2251 3136 2485 3199 patrem,
2520 3128 2714 3182 viduas
2745 3130 3093 3194 advocatum,
3124 3128 3361 3199 pupillos
3388 3128 3582 3182 defen-

1980 3233 2180 3273 sorem.
2210 3217 2586 3272 Memorabant
2614 3215 2781 3286 aliqui
2810 3216 3065 3271 collatam
3096 3217 3235 3271 Patri
3278 3216 3580 3287 prephetiaa

1980 3305 2235 3378 gratiam,
2267 3304 2449 3375 plures
2480 3304 2761 3374 spirituum
2794 3304 3119 3359 discretione
3162 3305 3397 3375 desuper
3448 3305 3573 3358 insi-

1980 3393 2214 3466 gnitum.
2250 3393 2487 3448 Fuerunt
2516 3393 2678 3448 etiam
2746 3393 2836 3463 qui
2891 3392 3239 3462 deplorarent
3293 3393 3579 3464 Hugonem

1982 3481 2226 3538 timuisse
2258 3481 2526 3537 Christum
2552 3481 2733 3549 irasci,
2755 3481 2798 3535 si
2831 3481 2997 3536 iratus
3040 3481 3209 3537 solem
3254 3481 3460 3537 videret
3489 3496 3578 3536 oc-

1984 3573 2277 3629 cidentem.
2329 3571 2681 3627 Exuberabat
2740 3570 3029 3641 unicuique
3081 3570 3225 3642 quod
3282 3570 3337 3624 in
3393 3570 3582 3625 laudes

1985 3663 2099 3731 ejus
2158 3662 2503 3730 declamaret,
2565 3668 2615 3717 et
2636 3660 2839 3733 linguae
2861 3659 3185 3715 referrendis
3223 3659 3443 3714 deerant
3473 3674 3584 3713 me-

1988 3752 2128 3819 ritis,
2161 3766 2271 3806 non
2297 3750 2495 3823 linguis
2524 3750 2722 3805 merita
2751 3766 2879 3819 quae
2936 3747 3221 3803 referrent.
3294 3749 3436 3803 Inter
3491 3748 3591 3802 hos

1990 3840 2399 3895 lamentantium
2429 3855 2631 3895 cuneos
2661 3846 2710 3893 et
2733 3837 3097 3910 frequentiam
3146 3835 3589 3892 decumbentium

1990 3945 2152 4000 super
2208 3937 2354 3983 artus
2401 3928 2696 3992 exanimes,
2759 3927 2847 3981 vix
2902 3926 3117 3981 vacavit
3170 3941 3366 3996 corpus
3422 3924 3589 3992 ablui,

1990 4016 2082 4073 vix
2112 4017 2328 4071 obvolvi
2357 4013 2787 4070 sacerdotalibus
2818 4013 3163 4067 indumentis.
3214 4013 3313 4067 Cui
3364 4012 3491 4066 dum
3555 4026 3588 4066 a

1994 4105 2244 4159 fratribus
2282 4103 2508 4175 praefata
2546 4103 2843 4157 solveretur
2905 4100 3245 4168 humanitas,
3314 4100 3589 4153 modicum

1996 4193 2229 4249 balsami
2293 4191 2460 4262 (quod
2524 4190 2747 4245 minime
2785 4188 3071 4243 videbatur
3124 4181 3381 4256 ungendo
3419 4186 3587 4257 capiti

1995 4281 2262 4353 sufficere)
2312 4287 2519 4335 tantum
2577 4278 2771 4333 dicitur
2823 4278 3126 4348 suscepisse
3172 4277 3585 4343 incrementum,

1998 4378 2060 4424 ut
2109 4369 2179 4424 ad
2224 4368 2491 4423 liniendas
2550 4367 2814 4437 quasdam
2869 4365 3063 4436 reliqui
3103 4372 3284 4435 partes
3357 4363 3599 4434 corporis

2003 4458 2319 4514 abundaret.

2074 4549 2163 4602 49.
2195 4546 2291 4601 His
2318 4546 2421 4600 rite
2450 4544 2701 4615 peractis,
2742 4544 2977 4615 populus
3016 4543 3227 4598 irruens
3274 4540 3589 4607 admittitur,

2004 4634 2277 4708 quaudum
2306 4634 2405 4689 sub
2433 4649 2530 4689 suo
2560 4633 2851 4705 profecerit
2880 4632 3199 4704 patrocinio,
3228 4628 3481 4701 lacrymis
3513 4628 3594 4682 in-

2004 4725 2194 4780 dicans
2215 4731 2267 4779 et
2295 4723 2568 4792 expensis.
2602 4723 2737 4795 Ejus
2758 4722 2996 4778 clamore
3026 4721 3185 4776 vicini
3226 4719 3392 4774 colles
3421 4718 3593 4773 resul-

1999 4820 2132 4879 tant,
2165 4812 2492 4883 sumptuosis
2520 4811 2873 4866 luminaribus
2902 4810 3173 4881 exsequiae
3229 4808 3592 4877 celebrantur,

2001 5007 2134 5065 ergo
2161 4991 2232 5044 28
2260 4991 2463 5065 Aprilis
2493 4990 2648 5043 1072.
2711 4988 3045 5065 Guidonem_
3076 4986 3347 5065 abbatem,
3406 5001 3594 5065 possu-

2002 5057 2123 5117 mus
2144 5057 2423 5142 suspicari
2447 5078 2571 5115 eum
2602 5074 2975 5142 quanam-pra
3016 5057 3370 5142 laudavimus
3420 5057 3591 5142 ρο..ῐηὶ-

2001 5142 2113 5189 tem
2144 5126 2897 5197 Matisconensem,Cluniuci‘
2913 5129 3087 5201 posita
3130 5129 3348 5184 abbatia
3404 5126 3596 5183 defun-

2004 5213 2170 5259 ctum.

2075 5303 2191 5372 (74)
2222 5300 2442 5356 Videtur
2468 5299 2689 5354 indicari
2713 5299 2769 5372 S.
2820 5294 3104 5372 Marcellus
3138 5313 3310 5372 papa
3363 5304 3586 5372 martyr,

2003 5369 2391 5453 cujus’aliquse
2423 5371 2666 5452 reliquias
2707 5369 2953 5453 Cluniaci
2990 5369 3246 5453 “fuerint;
3306 5370 3592 5453 nam_inter

2004 5441 2217 5510 altaria,
2282 5441 2335 5496 in
2376 5442 2565 5512 majori
2603 5442 2837 5497 ecclesia
2902 5441 3169 5512 dedicata_
3217 5453 3370 5512 anno
3431 5442 3588 5512 1131,

2003 5507 2289 5639 υηῖιῐῖὓξῧῑ
2326 5507 2483 5583 hujus
2519 5512 2713 5578 sancti,
2755 5521 2811 5566 ut
2849 5519 3067 5566 notatur
3155 5509 3211 5563 in
3241 5507 3591 5578 bibliotheca,

2003 5602 2067 5639 eo
2098 5630 2108 5639 .
2286 5626 2297 5638 .

2003 5588 2108 5642 col.
2140 5588 2297 5641 1639.
