4032 6078
459 301 555 357 891

1535 302 1599 355 S.
1644 297 1960 356 HUGONIS
2016 296 2302 354 ABBATIS
2343 299 2664 356 CLUNIAC.

3651 303 3757 356 89?.

455 426 720 481 Rccensct
750 424 994 495 quisque,
1022 436 1182 495 quam
1207 438 1330 478 vera
1361 422 1520 479 fuerit
1564 423 1668 479 sub
1691 439 1757 480 eo
1798 423 2037 493 libertas,
2065 422 2126 489 Α
2155 441 2300 480 mam
2330 421 2428 482 Dei
2450 425 2774 498 genitricem
2803 424 3030 482 Mariam
3055 444 3068 488 ;
3102 424 3349 482 astabant
3391 425 3606 483 eminus
3660 442 3762 484 sa-

457 522 692 586 quantus
721 529 903 567 rerum
930 519 1241 582 provectus,
1272 527 1394 581 quae
1460 527 1671 567 morum
1719 510 1895 584 gloria
1952 508 2051 567 sub

456 603 634 658 sacris
664 603 777 669 eius
807 598 1137 669 disciplinis.
1178 598 1432 655 Curritur
1459 600 1600 655 inter
1618 599 1735 656 hmo
1757 598 1824 655 ad
1847 601 2051 673 ample-

458 690 658 747 ctenda
689 689 858 743 Patris
886 688 1136 759 vestigia,
1188 687 1317 743 ﬂetu
1375 696 1552 744 vestes
1605 689 1938 761 irrigantur;
1998 698 2055 746 et

455 780 627 835 credit
655 777 883 849 quisque
912 793 1107 847 parum
1134 776 1238 831 sibi
1268 772 1689 848 provisum,nisi
1734 774 1903 849 pedes
1931 774 2051 847 ejus

454 868 538 924 Vel
570 865 762 923 osculo
792 866 878 922 vel
909 866 1183 921 oblatione
1222 874 1525 922 veneretur.
1577 862 1663 922 Sic
1694 875 1963 929 transacto
1993 868 2049 920 in

451 956 708 1026 lacrymis
757 954 955 1020 triduo,
1022 962 1329 1025 procurata,
1399 970 1505 1025 quo
1571 951 1759 1011 debuit
1820 957 2049 1025 honore,

374 1096 377 1097 ν
448 1043 733 1116 sepultura
802 1043 1045 1099 Sabbato
1107 1043 1225 1113 (’75)
1275 1042 1401 1098 felix
1450 1043 1759 1112 depositum
1791 1046 2044 1115 suscepit.

446 1132 723 1189 Transivit
752 1141 931 1187 autem
964 1133 1035 1185 B.
1065 1132 1237 1185 abbas
1267 1131 1422 1186 tertio
1453 1131 1729 1186 Kalendas
1751 1131 1891 1195 Maii,
1926 1124 2047 1203 ple-

450 1232 551 1276 nus
581 1220 910 1276 auctoritatis
939 1229 991 1277 et
1020 1222 1239 1293 gratiae,
1274 1216 1592 1292 relinquens
1621 1217 1748 1276 filiis
1789 1221 2045 1292 gaudium

446 1306 513 1366 de
546 1324 762 1379 corona,
799 1310 1107 1380 exemplum
1141 1308 1208 1364 de
1238 1309 1366 1375 vita,
1401 1304 1635 1380 gloriam
1667 1304 1734 1364 de
1789 1326 2040 1381 corpore,

445 1402 598 1470 spem
631 1400 701 1454 de
734 1398 1131 1453 intercessione.
1165 1395 1278 1467 Qui
1336 1395 1581 1469 profecto
1636 1406 1851 1468 quantae
1908 1396 2044 1455 foret

446 1487 594 1557 apud
624 1487 794 1541 Deum
825 1486 1035 1558 gratim,
1068 1496 1189 1557 post
1242 1485 1524 1541 transitum
1583 1502 1797 1558 quoque
1851 1487 2039 1559 ipsius,

443 1575 630 1629 multis
652 1575 882 1629 innotuit
902 1575 1254 1647 argumentis.

516 1664 606 1719 50.
638 1662 770 1718 Erat
823 1662 1064 1718 Cluniaci
1127 1660 1441 1719 Bernardus
1489 1662 1622 1735 (76),
1683 1665 1903 1735 quidam
1960 1665 2043 1721 vir

2159 508 2363 587 gittarii
2394 508 2631 586 quidam,
2672 515 2785 586 qui,
2840 513 3205 571 sacratissima
3254 513 3469 588 virgine
3515 510 3756 589 cognita,

2158 603 2309 659 velut
2338 603 2603 675 perterriti
2653 603 3028 660 abscesserunt
3083 611 3136 659 et
3183 603 3398 660 confusi
3454 604 3594 674 (80).
3640 605 3765 661 Vita

2159 699 2243 749 est
2267 690 2377 748 illic
2404 699 2703 764 martyrum
2733 690 2893 747 simul
2924 698 2979 748 et
3027 682 3397 748 confessorem
3447 691 3759 759 multitudo,

2155 796 2381 853 quorum
2411 780 2671 851 quosdam
2698 781 2934 851 desuper
2985 780 3121 835 mihi
3178 795 3510 852 cognoscere
3564 780 3756 835 datum

2157 879 2258 937 est,
2290 877 2343 925 et
2371 861 2512 924 inter
2557 885 2744 925 eorum
2800 869 3117 925 discernere
3169 869 3472 940 qualitates.
3532 870 3760 925 Beatum

2155 958 2230 1013 ibi
2261 958 2560 1014 Martialem
2607 958 2861 1030 cognovi,
2908 965 2962 1014 et
3021 957 3330 1023 Martinum,
3381 964 3434 1012 et
3487 956 3758 1013 abbatum

2154 1042 2387 1119 gloriam
2417 1042 2784 1102 Benedictum.
2819 1044 2935 1102 Visi
2977 1053 3100 1100 sunt
3147 1045 3201 1100 hi
3255 1045 3365 1101 duo
3399 1045 3648 1117 spiritum
3680 1046 3753 1104 Β.

2153 1135 2399 1206 Hugonis
2430 1135 2485 1188 in
2512 1135 2899 1190 fertilissimam
2929 1134 3199 1190 deducere
3240 1133 3476 1203 vineam,
3521 1150 3760 1207 eumque

2152 1224 2227 1279 ibi
2257 1225 2546 1290 eollocare,
2612 1226 2872 1294 tanquam
2901 1230 3255 1294 pausaturum
3300 1231 3423 1294 post
3462 1222 3745 1278 laborem.

2152 1312 2271 1382 Quo
2302 1314 2357 1368 in
2388 1313 2508 1369 loco
2537 1313 2667 1368 dum
2696 1311 2903 1383 pariter
2930 1320 2985 1367 et
3013 1312 3242 1385 gloriam
3297 1320 3629 1381 sanctorum,
3694 1320 3756 1370 et

2152 1418 2271 1473 quae
2299 1402 2605 1475 agebantur
2629 1401 2948 1469 admirarer,
2980 1400 3089 1469 ille,
3121 1400 3357 1457 reductis
3383 1400 3666 1456 blanchius
3694 1401 3758 1455 in

2149 1509 2236 1549 me
2266 1491 2437 1548 oculis
2470 1508 2481 1545 :
2516 1491 2630 1558 Sta,
2664 1491 2854 1560 inquit,
2891 1490 3078 1558 frater,
3112 1497 3163 1546 et
3193 1489 3422 1545 comede
3467 1489 3753 1545 nobiscum

2148 1582 2217 1637 de
2245 1578 2495 1637 candidis
2524 1579 2615 1650 qui
2644 1579 2801 1634 nobis
2827 1578 3103 1634 abundant
3162 1578 3392 1634 racemis
3419 1596 3432 1641 ;
3499 1592 3607 1651 ego
3659 1576 3754 1633 hic

2146 1670 2421 1727 modicum
2486 1668 2823 1739 requiescam
2888 1669 3023 1739 (81),
3095 1666 3270 1723 donec
3320 1666 3521 1739 pedum
3567 1674 3752 1722 tumor

439 1752 643 1821 justus,
677 1758 897 1807 sanctus
927 1756 978 1807 et
1009 1753 1304 1820 timoratus,
1328 1752 1412 1807 cui
1441 1754 1634 1825 religio
1674 1754 2036 1812 reverentiam
2066 1777 2119 1837 Β
2152 1760 2414 1825 subsidat,
2445 1758 2699 1831 etpulvis
2720 1758 3048 1824 excutiatur,
3097 1771 3262 1829 quem
3300 1755 3586 1827 multiplici
3620 1754 3747 1810 via-

444 1848 852 1910 comparaverat
878 1848 931 1895 et
958 1856 1173 1895 nomen.
1207 1839 1260 1895 Is
1290 1841 1415 1896 dum
1439 1838 1496 1896 B.
1558 1844 1716 1916 Hugo
1774 1844 2028 1915 migraret

439 1929 508 1983 ad
539 1945 785 2000 superos,
809 1938 1061 2002 gravatus
1078 1946 1294 2002 sopore,
1321 1947 1420 1987 nec
1441 1932 1667 2002 strepitu
1716 1928 2025 1988 discurren-

439 2015 591 2085 tium,
638 2035 735 2073 nec
766 2016 1137 2073 immoderatis
1183 2016 1514 2075 clamoribus
1563 2021 1735 2091 potuit
1782 2020 2023 2076 excitari.

438 2107 550 2161 Nec
581 2106 747 2162 multo
778 2116 899 2178 post
926 2106 980 2161 in
1011 2108 1209 2164 lectum
1267 2107 1486 2179 decidit,
1545 2108 1798 2165 humanae
1837 2112 2024 2180 reipu-

434 2193 590 2250 blicae
622 2212 876 2266 supremo
897 2211 1143 2253 cessurus
1165 2197 1537 2253 incommodo.
1577 2196 1698 2266 Quo
1720 2199 1849 2253 dum
1872 2216 2028 2272 urge-

437 2292 588 2338 retur
614 2284 682 2340 ad
712 2285 937 2350 exitum,
969 2286 1282 2341 convocmis
1321 2286 1642 2355 quibusdam
1701 2288 1978 2343 monachis
2011 2307 2022 2342 :

446 2394 467 2419 α
505 2371 688 2439 Vobis,
722 2374 915 2445 inquit,
940 2373 1149 2443 fratres,
1183 2372 1344 2431 vobis
1387 2376 1596 2443 aperire
1652 2378 2025 2432 necessarium

441 2460 594 2529 duxi,
617 2478 776 2532 quam
800 2461 930 2516 mihi
954 2460 1215 2517 Dominus
1236 2464 1531 2518 ostenderit
1577 2464 1861 2520 visionem.
1897 2467 2022 2533 Vos,

444 2549 771 2605 referentem
793 2551 957 2606 nolite
980 2551 1223 2606 falsitatis
1244 2567 1491 2624 arguere,
1515 2553 1603 2621 qui
1635 2552 1677 2606 si
1711 2570 1815 2609 non
1837 2571 2026 2610 amore

441 2638 671 2703 virtutis,
737 2639 928 2695 saltem
986 2651 1132 2695 metu
1182 2641 1396 2710 judicii,
1439 2658 1547 2712 quo
1604 2643 1798 2698 dubius
1835 2659 2022 2709 vocor,

435 2726 650 2781 mentiri
676 2727 1043 2783 formidarem.
1075 2729 1258 2783 Nostis
1286 2730 1505 2801 quidem
1536 2747 1622 2785 me
1654 2748 1823 2800 nuper
1886 2732 2023 2789 obe-

435 2814 690 2870 dientiam
722 2813 956 2886 Nogenti
989 2816 1099 2885 (77)
1155 2823 1511 2887 spontaneum
1567 2820 1869 2883 dimisisse;
1928 2823 2023 2876 sed

438 2919 542 2973 qua
565 2919 685 2956 eam
711 2904 921 2959 ratione
950 2901 1264 2969 dimiserim,
1292 2906 1517 2960 forsitan
1550 2904 1832 2978 ignoratis.
1879 2910 2024 2965 Dor-

434 2989 618 3045 mienti
658 2990 787 3045 mihi
816 2991 1068 3063 qumdam
1103 2993 1419 3049 venerabilis
1463 3011 1703 3065 persona
1752 2999 2022 3067 apparuit,

431 3077 748 3150 Dionysium
796 3078 1181 3152 AreOpagitam
1239 3082 1350 3153 (78)
1406 3099 1463 3138 se
1502 3084 1809 3152 nominans,
1865 3095 1917 3141 et
1968 3096 2024 3142 ut

433 3164 748 3222 Cluniaeum
780 3177 1103 3238 revertcrer,
1152 3169 1235 3224 his
1264 3187 1466 3243 urgens
1495 3173 1679 3227 verbis
1713 3191 1726 3228 :
1779 3173 2025 3244 Oportet,

436 3255 627 3321 frater,
662 3263 877 3328 Oportet
909 3265 957 3312 te
988 3258 1301 3315 Cluniaeum
1357 3262 1675 3331 quantocius
1722 3263 1923 3327 redire,
1978 3269 2033 3317 et

433 3342 689 3400 abbatem
719 3345 953 3402 salutare
982 3346 1287 3420 Hugonem,
1310 3352 1613 3405 communis
1659 3351 1759 3406 iter
1812 3351 2027 3424 ingres-

431 3449 621 3488 surum
652 3436 1119 3507 peregrinationis.
1153 3436 1378 3493 Videbis
1408 3441 1573 3494 etiam
1628 3440 1747 3509 ejus
1802 3455 2027 3495 succes-

430 3538 635 3590 sorem,
669 3523 753 3579 cui
785 3525 851 3579 de
884 3524 1140 3580 Romanis
1168 3522 1364 3580 ﬁnibus
1391 3528 1574 3583 divina
1604 3530 1768 3583 misso
1824 3529 2023 3600 gratia,

430 3612 703 3681 principes
732 3613 1102 3682 apostolorum
1134 3615 1434 3684 pastorales
1489 3617 1749 3672 excubias
1794 3618 2026 3675 commi-

428 3708 638 3754 serunt.
697 3700 810 3754 Hac
876 3716 980 3773 ego
1035 3702 1387 3773 suggestione
1444 3704 1757 3776 compulsus
1808 3706 2025 3779 regredi

431 3786 755 3843 Cluniaeum
780 3788 1052 3845 festinavi.
1077 3790 1169 3845 Vm
1185 3791 1316 3845 mihi
1341 3791 1571 3848 misero!
1623 3794 1781 3849 Pater
1807 3790 2025 3865 quidem

432 3876 666 3931 recessit
692 3895 703 3941 ;
739 3875 831 3931 sed
858 3893 967 3933 non
996 3880 1167 3934 merui
1190 3880 1423 3935 salutare
1453 3881 1815 3937 recedentem.
1842 3886 2024 3939 Accu-

427 3980 619 4020 semne
647 3981 894 4036 soporem
953 3966 1044 4038 qui
1094 3984 1180 4024 me
1221 3969 1407 4039 tenuit,
1453 3986 1521 4024 an
1577 3972 1781 4043 gratias
1838 3988 2020 4045 agam,

424 4052 665 4109 incertus
719 4072 863 4109 sum.
921 4052 1119 4111 Invidit
1180 4066 1231 4112 et
1283 4058 1544 4129 providit.
1597 4060 1788 4115 Tenuit
1846 4062 2026 4118 carnis

428 4143 637 4212 oculos,
664 4158 729 4198 ne
753 4144 990 4199 viderem
1008 4160 1132 4200 cum
1162 4147 1473 4208 recederet;
1507 4149 1601 4203 sed
1632 4164 1735 4219 quo
1764 4166 2021 4207 necesse-

428 4231 515 4297 rit,
548 4230 899 4287 interioribus
930 4234 1100 4289 oculis
1129 4236 1364 4290 ostendit
1394 4238 1530 4306 (79).
1577 4239 1714 4305 Vidi,
1774 4247 1828 4294 et
1883 4245 2020 4296 teste

427 4320 545 4376 Deo
577 4321 689 4377 vidi
716 4322 1008 4393 permistos
1039 4323 1358 4379 mortalibus
1389 4340 1632 4397 superos,
1665 4335 1722 4383 et
1768 4328 2020 4383 beatissi—

489 4523 606 4606 (Ἶςᾶ)
664 4524 883 4593 Triduo,
923 4540 1047 4582 cum
1086 4527 1295 4583 scilicet
1333 4527 1557 4585 obiisset
1612 4529 1748 4585 feria
1803 4545 1860 4585 Iv
1914 4548 2014 4588 ve-

416 4612 607 4748 ‘spa‘b
635 4664 947 4722 Bernardus
961 4664 1351 4738 Narbonensis,
1370 4671 1444 4725 uti
1474 4685 1597 4725 eum
1654 4680 1813 4728 vocat
1856 4676 2013 4748 Hugo

414 4745 658 4886 1:18;?le
690 4808 1059 4886 Nongentum,
1110 4810 1285 4881 inquit
1314 4811 1681 4879 Quercetanus
1736 4816 1788 4869 in
1849 4816 2009 4886 notis,

420 4877 794 4953 Bertieiuagri
826 4877 1111 4951 'Oppidum
1172 4877 1223 4936 et
1264 4877 1550 4953 prioratus,
1590 4886 1641 4940 in
1677 4888 1885 4943 honore
1933 4877 1999 4942 S.

419 4947 661 5017 Dionysii
691 4947 1043 5006 constructus.
1083 4976 1103 4999 ι»

442 5016 603 5099 ..(78)
634 5016 928 5099 Prtedictus
984 5023 1149 5099 fingo
1192 5022 1406 5078 titulum
1450 5026 1805 5099 Areopagitae
1835 5028 2006 5082 omit-

418 5088 498 5155 tit,
533 5105 688 5167 quem
714 5088 1203 5167 Iiildebertus'hic,
1237 5109 1305 5167 ea
1344 5098 1565 5167 prepria
1595 5088 1647 5150 rt
1671 5088 1830 5154 vtunc
1858 5115 2009 5154 com-

418 5157 1040 5283 mpniddel’arisiorum
1080 5157 1646 5237 apoStolo'Opihione,
1706 5170 2009 5224 censendus

418 5245 472 5283 es
519 5244 547 5282 a
594 5246 808 5283 tectsse.

414 5237 496 5284 est
519 5237 808 5299 adjecisse.

486 5302 601 5369 (79)
632 5300 781 5354 Idem
812 5300 959 5355 addit
994 5317 1007 5354 :
1055 5324 1076 5347 «ι
1118 5298 1277 5356 Adfui
1318 5300 1370 5357 in
1425 5306 1661 5360 oratorio
1706 5308 1764 5363 Β.
1822 5310 2005 5365 Mariae

416 5371 646 5442 virginis
675 5372 861 5425 matris
890 5371 1126 5435 Domini,
1158 5373 1253 5426 ubi
1300 5374 1443 5428 idem
1503 5376 1656 5430 Pater
1711 5379 1920 5436 delatus
1975 5392 2007 5434 a

414 5442 671 5495 fratnbus
684 5457 751 5496 ea
781 5443 911 5496 hora
940 5444 1260 5512 exspiravit.
1306 5467 1328 5493 ιι

488 5514 656 5584 (δὼς
701 5512 803 5578 Qui
860 5512 988 5566 dum
1032 5514 1385 5584 susciperent
1438 5516 1672 5572 animam
1729 5520 2007 5578 morientis

420 5577 610 5650 Patris,
644 5577 911 5637 irruerunt
938 5582 1148 5640 eminus
1178 5577 1394 5656 quidam
1452 5586 1750 5658 sagittarii;
1820 5599 2004 5648 contra

2136 1869 2258 1909 rum
2288 1849 2511 1906 circuitu
2541 1846 2833 1916 contraxi;
2895 1845 3093 1903 dehinc
3135 1840 3206 1900 ad
3275 1844 3442 1899 aliam
3498 1841 3748 1900 transibo

2136 1940 2494 2009 mansionem,
2554 1952 2718 2008 quam
2790 1934 2923 1989 mihi
2998 1933 3262 1989 Dominus
3307 1932 3638 2005 praeparavit
3687 1931 3748 1987 in

2134 2038 2396 2086 aeternum
2425 2028 2561 2098 (82).
2591 2024 2753 2080 Dices
2784 2032 2963 2078 autem
3003 2022 3194 2077 Pontio
3236 2021 3539 2076 successori
3587 2035 3739 2088 meo,

2133 2123 2194 2173 ut
2222 2118 2291 2172 ab
2329 2115 2631 2170 humilitate
2661 2112 2967 2167 nullatenus
3000 2110 3276 2167 declinare
3307 2108 3569 2165 sustineat
3596 2108 3738 2180 (83),

2134 2206 2394 2277 operibus
2451 2203 2610 2257 instet
2672 2199 3082 2269 misericordiae,
3147 2214 3366 2254 suarum
3422 2197 3737 2265 immemor,

2133 2294 2348 2364 injuriis
2377 2300 2663 2348 moveatur
2717 2290 2943 2345 alienis.
2978 2289 3155 2360 Super
3184 2287 3369 2343 omnia
3422 2287 3540 2342 zelo
3595 2286 3741 2358 legis

2136 2383 2364 2449 ferveat,
2396 2381 2545 2437 circa
2565 2380 2945 2450 delinquentes
2983 2392 3083 2432 nec
3130 2376 3390 2431 remissus
3439 2374 3505 2428 ait
3554 2374 3742 2429 indul-

2135 2472 2338 2544 gentia,
2365 2485 2466 2526 nec
2483 2468 2868 2524 immoderatus
2892 2466 3203 2537 disciplina.
3228 2464 3416 2519 Adhuc
3435 2463 3526 2518 ille
3545 2461 3744 2533 teque-

2135 2560 2309 2624 batur,
2364 2574 2487 2613 eum
2542 2556 2883 2613 demulcente
2948 2556 3191 2610 animum
3253 2553 3460 2608 visione
3516 2567 3748 2607 somnus

2133 2648 2412 2705 abscessit.
2458 2648 2568 2703 Vos
2605 2653 2785 2700 autem
2835 2645 3031 2700 scitote
3077 2659 3163 2698 me
3211 2657 3339 2698 vera
3372 2641 3645 2707 locutum,
3696 2641 3747 2694 si

2133 2753 2352 2796 cursum
2382 2736 2512 2791 vitae
2552 2750 2791 2804 praesens
2822 2733 3079 2788 terminet
3113 2729 3415 2798 inﬁrmitas,
3458 2731 3504 2785 ai
3537 2729 3741 2797 minus,

2132 2822 2188 2881 in
2217 2833 2375 2895 caput
2405 2840 2585 2881 meum
2615 2822 2909 2893 provocavi
2938 2820 3205 2885 Iudicem.
3276 2821 3410 2890 quia
3450 2833 3739 2875 commen-

2134 2922 2273 2969 tatus
2301 2914 2619 2969 falsitatem.
2665 2935 2686 2961 υ
2721 2911 2851 2967 Haec
2877 2910 3055 2966 relata
3102 2918 3387 2967 moverunt
3443 2900 3739 2976 auditores,

2132 3003 2299 3073 ipsius
2319 3002 2543 3057 edoctos
2572 3000 2740 3065 obitu,
2766 3000 2995 3055 fratrem
3023 2999 3357 3053 Bernardnm
3407 2996 3543 3052 nihil
3601 3011 3740 3067 pro-

2137 3090 2324 3145 tulisse
2354 3089 2645 3145 mendacii.
2686 3089 2785 3143 Die
2807 3087 3078 3159 siquidem
3110 3088 3264 3142 tertia
3294 3088 3428 3155 (8L),
3458 3084 3739 3141 hominem

2138 3194 2411 3250 egressus,
2472 3187 2524 3233 et
2563 3176 2927 3233 testimonium
2955 3176 3147 3245 gloriae
3195 3174 3428 3244 abbatis,
3472 3179 3530 3229 et
3581 3189 3737 3245 spem

2138 3269 2375 3339 propriae
2393 3267 2581 3321 salutis
2604 3266 2863 3321 fratribus
2894 3264 3154 3334 reliquit..

2208 3356 2455 3425 51.1psa
2483 3354 2643 3410 etiam
2677 3362 2856 3419 nocte,
2894 3369 3001 3424 qua
3049 3354 3107 3407 Β.
3153 3352 3314 3423 Hugo
3361 3351 3615 3423 migravit
3666 3350 3741 3406 ad

2135 3459 2380 3514 superos.
2414 3436 2765 3499 Noviomensi
2789 3441 2971 3496 abbati
3001 3456 3110 3497 non
3165 3440 3490 3496 dissimilem
3548 3440 3739 3496 ferunt

2136 3533 2447 3605 apparuisse
2480 3532 2762 3587 visionem.
2798 3532 2988 3586 Visum
3018 3529 3067 3585 ei
3097 3538 3177 3584 est
3206 3529 3428 3585 lectulos
3474 3518 3609 3584 duos
3664 3529 3735 3583 ab

2134 3621 2347 3693 angelis
2378 3620 2430 3674 in
2462 3621 2657 3676 coelum
2690 3618 2907 3686 deferri,
2939 3617 3027 3690 qui
3072 3617 3305 3673 molliori
3360 3617 3524 3683 cultu,
3573 3616 3734 3672 solli-

2133 3702 2389 3765 citudinis
2420 3706 2749 3764 oblivionem
2780 3716 2833 3763 et
2866 3723 3119 3763 somnum
3165 3713 3549 3777 provocarent.
3610 3708 3734 3761 An-

2132 3796 2242 3871 geli
2259 3806 2459 3866 autem,
2475 3797 2565 3869 qui
2581 3794 2807 3853 lectulos
2826 3789 3161 3861 deferebant,
3182 3790 3493 3866 hujusmodi
3514 3795 3729 3851 clama-

2086 3902 2092 3907 ‘
2132 3887 2266 3941 bant
2293 3886 2511 3942 verbis:
2535 3884 2683 3941 Duos
2705 3883 2946 3942 illustres
2966 3886 3114 3941 viros
3137 3885 3191 3940 in
3220 3884 3303 3940 his
3331 3877 3733 3941 collocabimus

2132 3976 2312 4045 lectis,
2349 3974 2661 4030 Anselmum
2710 3974 2921 4031 scilicet
2958 3973 3398 4031 Cantuariensem
3448 3973 3728 4044 archiepi-

2133 4080 2382 4136 scopum,
2416 4072 2575 4134 atque
2603 4063 2889 4137 Hugonem
2919 4058 3286 4120 Cluniacensis
3319 4056 3571 4118 abbatem
3603 4078 3729 4118 mo-

2132 4150 2387 4217 nasterii;
2426 4153 2516 4223 qui
2571 4160 2696 4224 post
2734 4161 2908 4208 terras
2950 4151 3167 4219 ccelum,
3204 4159 3328 4223 post
3365 4148 3582 4208 labores
3632 4167 3728 4208 re-

2132 4241 2341 4313 quiem,
2375 4236 2635 4312 gaudium
2667 4244 2789 4312 post
2819 4241 3090 4311 lacrymas
3106 4247 3435 4296 meruerunt.
3461 4239 3588 4295 Post
3607 4242 3732 4296 haec

2130 4328 2305 4385 abbas
2335 4327 2631 4403 evigilans,
2664 4328 2941 4385 nonnullis
2971 4344 3090 4400 quae
3116 4324 3344 4399 viderat,
3393 4328 3599 4398 retulit,
3655 4316 3731 4384 ad

2128 4548 2263 4605 quos
2322 4535 2717 4605 misericordiae
2761 4542 2935 4590 mater
3002 4548 3226 4589 manum
3263 4549 3415 4589 suam
3466 4533 3720 4601 elevavit,

2122 4604 2193 4679 et
2235 4604 2608 4679 egredientem
2658 4607 2893 4679 protexit
2928 4623 2939 4659 :
2996 4605 3433 4679 qua_cognita,g
3452 4605 3726 4678 sagittarii

2121 4668 2300 4732 illico"
2332 4678 2606 4751 fugerunt,
2641 4668 2811 4732 territi
2842 4676 2894 4732 et
2922 4668 3160 4731 confusi.
3198 4668 3346 4731 avita
3380 4668 3548 4750 Ἠυεὸ
3595 4691 3721 4732 me—

2118 4756 2378 4803 moratus.

2189 4821 2300 4886 (8t)
2333 4820 2502 4874 Idem.
2539 4840 2560 4868 α
2598 4821 2705 4874 Per
2734 4816 2967 4872 triduum
2998 4817 3085 4872 hic
3113 4818 3468 4888 requiescam.
3510 4839 3533 4863 ι

2187 4889 2302 4959 (82)
2334 4892 2516 4961 Usque
2545 4890 2685 4944 adeo
2715 4889 2876 4961 etiam
2907 4889 3238 4943 sanctissimi
3273 4888 3472 4959 quique
3505 4888 3718 4959 aliquid

2117 4975 2148 5014 e
2173 4960 2284 5015 vita
2308 4959 2552 5031 eﬂ'erunt,
2587 4960 2821 5031 quodsi
2842 4974 2948 5031 non
3000 4975 3219 5031 poenam
3268 4965 3567 5031 mereatur,
3603 4975 3721 5031 eos

2120 5038 2297 5085 tamen
2328 5047 2360 5085 a
2390 5028 2565 5085 libera
2595 5025 2694 5085 Dei
2724 5028 2976 5102 fruitione
3000 5025 3058 5085 et
3119 5030 3309 5102 gloriae
3378 5025 3724 5102 plenitudine

2117 5102 2381 5155 tantillum
2420 5108 2736 5173 remoretur,
2770 5098 2824 5154 in
2854 5116 3054 5173 magna
3116 5092 3299 5172 quiete
3362 5092 3716 5156 nihilominus

2116 5187 2181 5226 ae
2212 5186 2343 5242 pace
2373 5172 2770 5241 praestolantes.

2185 5239 2299 5311 (83)
2333 5239 2667 5298 «'Utaervet
2708 5241 2810 5296 sibi
2858 5241 3248 5304 innocentiam,
3308 5239 3431 5311 aliis
3487 5240 3713 5298 misert-

2114 5308 2391 5385 cordiam;
2430 5336 2451 5363 »
2493 5313 2567 5385 ita
2594 5313 2753 5385 ilqu
2784 5313 3106 5385 monachus
3150 5328 3163 5365 :
3205 5308 3420 5385 sedat)
3470 5314 3712 5385 utraque

2114 5384 2332 5437 tandem
2358 5384 2649 5440 recessisse
2682 5378 2915 5438 'videtur
2959 5378 3197 5451 Pontius,
3239 5381 3531 5438 indiscreta
3546 5378 3715 5439 disci-

2111 5453 2277 5522 plina;
2306 5455 2421 5509 relo
2451 5455 2706 5524 abreptus
2719 5494 2731 5507 .

2184 5524 2354 5596 (eiu
2412 5524 2569 5596 Festo
2617 5523 2825 5596 scilicet
2879 5528 3189 5580 sanctorum
3246 5523 3510 5596 omnium,
3568 5534 3592 5574 ο
3648 5524 3708 5579 ut

2112 5592 2266 5649 addit
2296 5593 2456 5667 nugo
2478 5594 2593 5666 jam
2623 5593 2814 5652 dictus.
