4032 6078
339 310 439 366 893

1898 304 2053 359 VITA
2069 348 2081 361 .

3535 308 3638 364 894

324 434 606 508 utriusque
660 435 948 490 transitum
996 442 1251 503 personas
1306 431 1595 502 praefatam
1664 429 1920 485 derivans
1952 432 2005 492 A
2034 430 2090 486 in
2118 432 2340 499 somnis,
2361 431 2410 486 ei
2443 432 2714 487 monuisse
2744 446 2854 487 non
2911 432 3359 486 illuminationem
3390 432 3632 501 corporis

328 524 611 579 visionem.
664 523 779 579 Nec
824 522 944 592 ejus
992 522 1272 577 frustratus
1321 529 1404 576 est
1450 519 1771 586 intellectus,
1799 532 1921 573 cum

336 611 501 667 ambo
531 611 633 666 sub
660 611 855 666 eodem
888 611 1000 666 fere
1031 619 1289 680 tempore,
1331 609 1575 677 corporis
1621 607 1781 675 hujus
1828 621 1931 661 an-

334 700 543 773 gustias
594 700 833 755 evasisse
880 706 1261 753 memorentur.
1291 699 1409 752 Alia
1437 710 1654 765 quoque
1703 694 1932 749 merito-

335 805 453 844 rum
483 788 631 844 beati
669 788 769 842 viri
799 787 1105 842 claruerunt
1132 786 1393 859 insignia,
1424 799 1545 855 quas
1573 783 1718 838 circa
1748 784 1933 837 deten-

334 886 419 933 tos
442 876 613 932 variis
659 876 1022 948 languoribus
1050 885 1176 945 post
1195 883 1422 929 mortem
1470 888 1689 946 quoque
1743 886 1936 941 perpe-

341 974 472 1020 trata
514 965 787 1037 leguntur,
857 965 1150 1020 llincmaro
1197 964 1411 1018 cuidam
1449 956 1938 1032 superexcrescens

341 1054 543 1126 albugo
572 1053 805 1124 pupillas
836 1053 1113 1109 oculorum
1144 1052 1447 1117 obtexerat,
1490 1065 1722 1119 eumque
1752 1050 1808 1103 in
1829 1048 1936 1102 mi-

341 1143 637 1198 serabilem
675 1143 1030 1197 damnaverat
1060 1142 1355 1197 caecitatem
1388 1158 1401 1203 ;
1438 1138 1523 1194 cui
1553 1153 1675 1192 cum
1708 1152 1938 1206 recupe-

343 1233 531 1287 randae
551 1231 740 1287 salutis
758 1247 885 1301 spes
903 1247 970 1285 ex
999 1231 1212 1286 meritis
1241 1238 1294 1285 et
1323 1231 1632 1284 interventu
1679 1226 1940 1294 penderet

340 1320 570 1387 abbatis,
617 1327 944 1376 memoratur
1001 1319 1197 1374 Christi
1244 1320 1505 1373 famulum
1546 1316 1594 1372 ei
1626 1316 1941 1386 apparuisse

1458 1658 1913 1799 ALIA

2031 536 2299 590 quaerere,
2334 522 2425 575 sed
2457 522 2652 575 mentis
2684 539 2695 574 :
2744 523 2965 576 tandem
3007 529 3185 575 tamen
3241 536 3404 589 super
3442 518 3644 590 depre—

2039 609 2209 662 cautis
2254 609 2457 663 lumina
2482 609 2642 679 signo
2663 610 2837 664 crucis
2876 610 3160 678 impresso,
3212 608 3495 663 recessisse
3545 607 3643 661 Dei

2040 696 2323 761 famulum,
2382 704 2434 751 et
2478 696 2771 751 abstersam
2803 699 2974 751 oculis
3020 697 3341 752 cmcitatem.
3408 695 3639 763 Quidam

2038 799 2256 855 quoque
2284 784 2529 850 fratrum,
2551 785 2770 840 nomine
2790 785 2987 851 Guido,
3029 800 3150 840 cum
3193 784 3639 855 tranquillitatem

2042 872 2240 925 mentis
2278 872 2440 925 simul
2464 880 2517 926 et
2541 874 2784 942 corporis
2813 886 2954 927 nova
2985 874 3033 928 ei
3062 874 3392 927 excussisset
3445 887 3641 926 emen-

2044 959 2136 1026 tia,
2195 960 2457 1014 dednctus
2530 961 2597 1013 ad
2654 961 2961 1029 sepulcrum
3014 960 3157 1016 beati
3232 962 3353 1027 viri,
3413 960 3639 1030 depulso

2046 1048 2248 1118 quievit
2277 1048 2644 1113 incommodo,
2678 1050 2784 1102 sibi
2818 1050 3017 1119 pariter
3042 1059 3095 1104 et
3148 1049 3437 1104 conventui
3471 1048 3641 1103 sacris

2046 1137 2159 1204 ejus
2213 1136 2419 1189 meritis
2461 1137 2751 1199 restitutus,
2822 1143 3089 1207 praesente
3154 1139 3391 1192 Domino
3459 1142 3641 1190 nostro

2045 1225 2170 1279 Jesu
2202 1224 2429 1291 Christo,
2451 1225 2539 1293 qui
2570 1240 2693 1279 cum
2727 1227 2882 1281 Patre
2909 1234 2959 1280 et
3009 1227 3209 1296 Spiritu
3261 1234 3451 1280 sancto
3509 1225 3641 1281 vivit

2048 1321 2101 1369 et
2125 1322 2318 1386 regnat
2339 1327 2434 1384 per
2455 1312 2661 1367 inﬁnita
2691 1315 2908 1370 saecula.
2945 1316 3139 1370 Amen.

2045 1660 2510 1799 VI'I‘A

652 1934 982 1992 AUCTORE
1010 1931 1408 2001 RAYNALDO,
1439 1933 1587 1987 ABB.
1621 1926 2142 1999 VEZELIACENSI,
2172 1926 2439 1987 DEINDE
2470 1928 2796 1989 ARCHIEP.
2837 1932 3315 1989 LUGDUNENSI.

771 2089 879 2155 (Ex
909 2103 1016 2141 ms.
1052 2085 1313 2142 sereniss.
1350 2084 1651 2140 Christiane
1680 2083 1890 2153 reginae
1923 2080 2156 2147 Sueciw,
2189 2085 2249 2136 et
2274 2082 2387 2138 alio
2416 2085 2643 2157 collegii
2671 2086 2858 2140 nostri
2884 2085 3213 2153 Duacemi.)

938 2403 1327 2460 PROLOGUS.

404 2521 689 2578 Universis
721 2520 979 2576 Ecclesiae
1010 2520 1383 2575 Cluniacensis
1424 2518 1549 2572 ﬁliis
1575 2518 1742 2571 frater
1782 2517 1932 2571 Rav-

335 2626 576 2679 NALDUS,
635 2609 1034 2666 Vezeliacensis
1098 2608 1379 2675 Ecclesiaa,
1432 2622 1542 2661 non
1592 2615 1701 2660 tam
1758 2606 1928 2661 abbas

330 2714 490 2770 quam
522 2715 732 2765 servus,
757 2698 815 2752 in
866 2698 1103 2751 Domino
1148 2696 1398 2750 salutem.
1451 2695 1590 2750 Cum
1644 2695 1934 2749 multorum

329 2785 558 2841 fratrum
607 2787 827 2842 monitis
883 2802 1096 2858 urgear,
1146 2793 1202 2839 ut
1251 2786 1421 2840 Vitam
1496 2783 1725 2854 piissimi
1767 2784 1934 2837 Patris

329 2874 534 2930 domini
566 2874 807 2945 Hugonis
838 2875 1209 2928 Cluniacensis
1228 2873 1439 2926 abbatis
1497 2874 1770 2927 succincte
1828 2872 1932 2927 de-

333 2963 591 3030 scribam,
628 2962 926 3028 devotioni,
951 2978 1058 3016 uon
1084 2960 1772 3033 prmsumptioniinservire
1804 2960 1933 3014 mibi

332 3051 621 3107 consilium
644 3059 749 3105 est.
789 3050 947 3118 Quod
980 3049 1027 3103 si
1061 3049 1193 3104 forte
1231 3050 1463 3119 alicujus
1494 3049 1698 3104 altioris
1728 3048 1932 3120 ingenii

333 3141 433 3194 viri
482 3140 721 3197 studium
779 3139 835 3192 in
887 3139 989 3193 hoc
1050 3153 1217 3208 opere
1282 3146 1405 3192 ante
1463 3153 1562 3193 nos
1637 3137 1929 3199 desudarit,

330 3245 458 3297 non,
502 3237 559 3283 ut
587 3228 738 3282 illum
783 3225 1070 3286 oﬂ‘uscare.
1109 3242 1199 3281 me
1247 3236 1425 3282 autem
1482 3227 1687 3280 clarum
1753 3225 1932 3280 facere

328 3317 512 3383 velim,
575 3318 677 3372 hoc
720 3330 901 3387 agam,
931 3317 1025 3370 sed
1075 3315 1223 3370 illius
1266 3332 1405 3386 opus
1448 3314 1718 3383 majorum
1768 3324 1931 3384 atque

330 3404 656 3475 sapientium
688 3405 927 3458 virorum
973 3403 1305 3458 excellentiae
1347 3400 1756 3471 relinquendum
1783 3420 1794 3462 ;
1824 3418 1929 3456 no-

330 3500 497 3546 strum
531 3507 657 3546 vero
691 3492 961 3545 minorum
1014 3500 1173 3559 atque
1220 3490 1399 3544 minus
1438 3489 1720 3559 capacium
1755 3489 1930 3544 studio

328 3580 732 3635 attribuendum
762 3588 917 3648 puto,
944 3595 1042 3633 nec
1073 3579 1321 3633 sordebit
1357 3578 1629 3633 humilitas
1658 3578 1931 3633 sermonis

327 3666 534 3734 inculti,
566 3667 691 3721 dum
722 3668 842 3739 ipse
874 3666 1048 3738 stylus
1076 3683 1206 3738 pure
1228 3668 1485 3723 inserviat
1514 3666 1741 3722 veritati.

979 3788 1200 3842 CAPUT
1231 3788 1278 3843 Ι.

330 3876 725 3932 Adolescentia
752 3878 844 3948 pie
875 3880 1213 3948 transacta,-
1244 3876 1572 3931 tirocinium
1588 3876 1716 3932 vitae
1730 3892 1929 3932 mona-

401 3948 578 4013 sticw,
612 3947 857 4017 dignitas
900 3947 1220 4009 abbatialis,
1256 3947 1571 4002 liberalitas
1600 3949 1661 4001 in
1710 3963 1927 4017 paupe-

403 4034 512 4086 res,
543 4019 921 4087 familiaritas
971 4033 1101 4072 cum
1137 4017 1374 4085 Christo,
1399 4022 1649 4090 potestas
1704 4019 1768 4073 in
1807 4018 1926 4071 dae-

399 4103 619 4144 mones.
1156 4101 1159 4104 ’

402 4198 452 4249 1.
486 4194 659 4265 [gitur
673 4193 754 4248 vir
772 4193 985 4260 beatus,
1011 4210 1083 4248 ex
1101 4193 1455 4249 nobilissimis
1481 4194 1926 4264 Burgundionum

328 4282 604 4351 prosapiae
632 4282 832 4336 lineam
866 4283 1101 4349 habens,
1135 4291 1287 4353 patre
1318 4282 1590 4337 Daltnatio
1645 4283 1758 4337 viro
1788 4300 1924 4338 con-

329 4369 512 4438 sulari,
574 4378 750 4425 matre
782 4385 910 4426 vero
967 4370 1324 4441 Aremburge,
1383 4371 1579 4425 reliosa
1636 4372 1924 4426 admodum

328 4457 552 4527 femina,
585 4475 758 4529 neque
789 4459 904 4514 viro
934 4459 1200 4513 natalibus
1220 4460 1418 4528 impari
1447 4467 1765 4529 procreatus
1822 4468 1922 4513 est.

330 4544 470 4615 Quae
492 4547 818 4602 venerabilis
860 4555 1125 4616 matrona,
1158 4549 1259 4603 hac
1288 4550 1356 4604 de
1387 4563 1496 4621 qua
1526 4548 1740 4619 agimus
1782 4549 1927 4603 felici

331 4634 525 4690 sobole
555 4637 788 4707 gravita,
840 4652 960 4690 cum
990 4645 1176 4706 partus
1204 4636 1442 4702 instaret,
1475 4638 1766 4707 quemdam
1825 4653 1923 4692 ve-

332 4724 633 4778 nerabilem
693 4724 1057 4792 sacerdmem,
1082 4733 1135 4778 ut
1168 4741 1264 4795 pro
1308 4726 1389 4780 sui
1420 4734 1611 4795 partus
1665 4726 1928 4796 angustiis

333 4810 655 4866 alleviandis
684 4813 800 4867 Deo
831 4812 1159 4867 sacrificium
1190 4813 1422 4880 offerret,
1455 4814 1663 4869 censuit
1683 4831 1924 4869 exoran-

331 4899 479 4954 dum.
514 4900 677 4970 Cujus
705 4900 918 4955 devotis
948 4902 1196 4969 precibus
1224 4901 1305 4955 vir
1332 4902 1431 4956 Dei
1478 4902 1604 4956 dum
1636 4902 1923 4973 obtempe-

329 4996 520 5055 rasset,
552 4988 769 5043 videbat
815 4996 865 5043 et
924 4987 1041 5058 ipse
1087 4988 1140 5042 in
1195 4990 1313 5059 ipso
1341 4998 1690 5046 sacrosancto
1733 4992 1922 5057 calice,

1959 3742 2007 3806 C

1968 2402 2015 2462 B
2049 2402 2286 2456 futurum
2310 2413 2636 2474 protestatus
2667 2415 2769 2462 est.
2805 2407 2962 2476 Quod
2991 2406 3058 2461 ab
3088 2408 3219 2478 ipsis
3249 2407 3490 2478 pueritia:
3521 2420 3633 2461 sua!

2043 2492 2363 2547 rudimentis
2391 2496 2523 2550 satis
2555 2497 2659 2549 iam
2695 2497 3082 2564 innotescebat,
3116 2498 3244 2552 dum
3275 2505 3371 2550 aut
3393 2495 3634 2551 ecclesia:

2044 2591 2134 2636 aut
2164 2583 2364 2637 scholis
2386 2582 2721 2655 frequentius
2752 2586 3072 2654 adhaereret,
3107 2586 3255 2641 horis
3301 2594 3478 2639 tamen
3513 2584 3634 2638 fur-

2044 2670 2185 2738 tivis,
2247 2674 2369 2743 quia
2415 2682 2621 2742 patrem
2680 2692 2837 2728 suum
2896 2676 3137 2740 timebat,
3181 2675 3271 2745 qui
3312 2673 3634 2729 militaribus

2042 2761 2230 2815 studiis
2285 2761 2433 2814 illum
2476 2763 2745 2832 applicare
2803 2764 3036 2819 volebat.
3103 2764 3165 2818 Et
3213 2780 3330 2818 cum
3367 2762 3413 2818 ei
3473 2762 3641 2816 vestis

2041 2850 2337 2918 pretiosior
2368 2867 2430 2905 ac
2466 2852 2705 2906 colorum
2738 2853 2997 2908 varietate
3028 2853 3303 2907 decentior
3346 2858 3639 2921 aptaretur,

2040 2937 2155 3007 ipse
2187 2954 2309 2991 eam
2364 2956 2460 3008 pro
2509 2939 2793 3008 ahjectiori
2842 2950 2894 2994 et
2952 2940 3267 3010 simpliciori
3302 2939 3637 3009 reSpuebat;

2040 3043 2139 3080 nec
2195 3027 2455 3098 lasciviae,
2516 3037 2569 3082 nt
2612 3030 2700 3082 illa
2728 3038 2863 3083 setas
2894 3029 3114 3097 assolet,
3163 3029 3256 3084 sed
3316 3026 3644 3082 innocentia:

2038 3123 2092 3168 et
2149 3114 2477 3185 simplicitati
2524 3134 2741 3187 operam
2775 3117 2937 3171 dabat
2971 3137 2982 3180 ;
3018 3118 3325 3189 frequenter
3371 3116 3528 3170 etiam
3588 3122 3641 3169 et

2038 3203 2275 3269 lectioni,
2311 3204 2489 3257 invitis
2518 3207 2847 3275 parentibus,
2884 3206 3258 3259 incumbebat.
3298 3206 3395 3259 Pro
3445 3203 3639 3274 quibus

2039 3292 2289 3345 omnibus
2349 3301 2398 3346 et
2429 3294 2511 3345 his
2543 3294 2829 3361 similibus,
2864 3295 2989 3347 dum
3022 3309 3051 3347 a
3084 3302 3233 3361 patre
3264 3301 3315 3346 et
3366 3309 3396 3347 ει
3436 3295 3636 3348 coaevis

2039 3381 2200 3434 etiam
2234 3390 2571 3451 argueretur,
2598 3382 2802 3437 scilicet
2825 3382 2964 3451 quod
2992 3382 3107 3436 haec
3129 3382 3400 3436 contraria
3425 3382 3631 3437 militiae

2040 3470 2234 3535 forent,
2295 3468 2616 3524 deliberavit
2652 3470 2793 3540 apud
2825 3486 2881 3524 se
2910 3469 3069 3524 aliam
3127 3469 3227 3524 sibi
3280 3471 3632 3541 quaerendam

2039 3558 2282 3612 militiam
2333 3559 2416 3613 cui
2480 3575 2586 3612 non
2643 3568 2817 3613 essent
2874 3560 2995 3627 ista,
3030 3558 3144 3613 sine
3176 3560 3370 3631 quibus
3401 3558 3634 3614 militare

2038 3646 2225 3715 nollet,
2258 3647 2554 3701 contraria.

2106 3758 2156 3808 2.
2190 3755 2375 3824 Itaque
2422 3754 2622 3809 relictis
2643 3755 2912 3821 omnibus,
2940 3771 2972 3809 a
3000 3756 3203 3811 saeculo
3234 3755 3408 3810 nudus
3437 3754 3632 3821 evasit,

2038 3851 2090 3897 et
2119 3843 2186 3897 Β.
2246 3842 2498 3899 0dilonis
2539 3844 2850 3915 magisterio
2908 3861 2964 3899 se
3020 3846 3359 3910 submittens,
3396 3843 3631 3898 Cluniaci

2038 3933 2334 3987 monachus
2364 3931 2589 3986 efﬁcitur
2618 3952 2630 3995 ;
2666 3933 2718 3987 in
2751 3935 2904 4003 cujus
2931 3934 3272 4003 susceptione
3318 3933 3534 4003 quidam
3566 3933 3634 3987 de

2038 4019 2359 4086 senioribus,
2413 4028 2472 4073 ut
2526 4020 2713 4086 fertur,
2775 4020 2829 4073 in
2861 4022 2977 4075 haec
3024 4021 3191 4075 verba
3220 4036 3625 4090 prorumpens;

2041 4130 2063 4155 α
2099 4106 2144 4161 Ο
2177 4114 2455 4177 quantum,
2492 4107 2681 4176 inquit,
2714 4108 2876 4162 hodie
2917 4110 3244 4174 thesaurum,
3269 4108 3630 4162 (lluniacensis

2038 4195 2299 4260 Ecclesia,
2324 4196 2623 4263 suscepisti,
2654 4196 2665 4248 Ξ
2693 4195 2795 4262 Qui
2815 4202 3019 4266 pestea,
3044 4203 3260 4266 quantae
3292 4195 3627 4263 humilitatis,

2037 4292 2250 4354 quantae
2280 4283 2523 4352 puritatis
2552 4292 2603 4337 et
2635 4284 2949 4350 honestatis,
3000 4300 3268 4353 quamque
3310 4285 3521 4339 fervens
3576 4284 3629 4336 in

2037 4389 2225 4427 amore
2252 4371 2350 4426 Dei
2377 4372 2656 4439 exstiterit,
2688 4388 2794 4427 non
2826 4388 3002 4427 sermo
3039 4382 3245 4440 noster,
3277 4373 3371 4427 sed
3397 4374 3453 4424 Β.
3489 4370 3625 4426 Odi-

2036 4461 2175 4517 Ionis
2223 4461 2457 4528 solertia,
2517 4461 2605 4530 qui
2651 4478 2773 4515 eum
2829 4461 2972 4515 infra
3028 4476 3200 4515 annos
3229 4458 3626 4524 adolescentiae,

2037 4550 2439 4605 Cluniacensem
2500 4550 2766 4604 ordinavit
2809 4550 3185 4620 praepositum,
3246 4550 3511 4604 declarat.
3568 4546 3630 4602 In

2036 4640 2190 4707 cujus
2220 4639 2507 4709 regiminis
2550 4638 2745 4706 officio,
2780 4656 2884 4708 qua
2916 4638 3277 4695 misericomiia
3333 4644 3386 4691 et
3442 4636 3628 4690 chari-

2038 4737 2160 4794 tatc,
2195 4744 2297 4798 qua
2350 4727 2667 4782 strenuitate
2696 4732 2749 4782 et
2776 4728 3057 4798 vigilantia
3113 4726 3378 4793 institerit,
3437 4726 3628 4779 senio-

2034 4834 2152 4871 rum
2211 4814 2647 4871 Cluniacensium
2707 4816 2921 4870 devotio
2972 4815 3278 4869 manifestat
3336 4832 3349 4876 ;
3409 4814 3500 4885 qui
3559 4814 3630 4868 ad

2034 4908 2274 4976 primum
2335 4906 2402 4960 de
2455 4904 2668 4960 abbatis
2716 4905 2983 4958 electione
3042 4903 3289 4972 verbum,
3343 4920 3463 4957 cum
3506 4919 3628 4957 eum

2036 4995 2368 5049 nominaSset
2397 4995 2487 5064 qui
2518 4993 2762 5047 electioni
2788 4999 3042 5061 praeerat,
3074 5000 3124 5046 ct
3182 4993 3236 5045 in
3292 4991 3505 5047 czeteris
3534 5007 3628 5047 no-

329 5078 488 5146 quasi
514 5076 800 5145 cujusdam
832 5075 1080 5131 infantuli
1127 5075 1306 5148 imago
1356 5079 1672 5147 apparebat,
1724 5080 1777 5133 in
1823 5096 1925 5150 qua
1953 5093 2007 5153 D
2043 5082 2312 5137 minandis
2340 5082 2643 5151 procedere
2675 5081 2948 5146 voluisset,
2982 5081 3160 5134 statim
3219 5081 3286 5134 de
3344 5082 3471 5135 St'dc
3502 5097 3628 5135 eum

329 5162 633 5232 exprimere
660 5174 875 5233 poterat
905 5163 1086 5236 quanti
1143 5164 1286 5233 apud
1334 5166 1506 5219 Deum
1566 5167 1709 5221 foret
1739 5169 1923 5223 meriti

331 5267 467 5320 puer
517 5252 607 5308 ille
652 5254 740 5323 qui
799 5253 1136 5308 nascebatur.
1188 5252 1326 5320 Mox,
1360 5262 1575 5323 peracto
1627 5257 1917 5310 missarum

324 5336 525 5407 officio,
567 5342 786 5396 festinat
814 5341 1071 5396 sacerdos
1117 5348 1173 5395 ut
1225 5342 1300 5394 rei
1332 5342 1527 5411 probet
1566 5351 1838 5410 eventum,
1873 5352 1924 5398 et

321 5429 588 5490 infantem
619 5440 804 5485 natum
856 5432 1077 5500 reperit,
1137 5431 1287 5497 cujus
1339 5432 1671 5503 praesagium
1719 5433 1923 5487 viderat

324 5522 379 5572 et
408 5526 707 5588 agnoverat
753 5519 805 5573 in
849 5520 983 5573 tanti
1029 5518 1248 5585 speculo
1277 5519 1617 5573 sacramenti.
1678 5520 1826 5575 Tunc
1854 5521 1922 5575 de

323 5603 418 5659 illo
475 5605 643 5662 multa
672 5605 990 5679 praedicens,
1049 5620 1309 5677 magnum
1355 5605 1514 5663 illum
1553 5606 1599 5662 si
1643 5606 1924 5667 adviveret

2031 5178 2345 5241 rapuerunt,
2379 5180 2429 5224 et
2459 5186 2580 5223 cum
2614 5170 2710 5223 Dei
2743 5168 2991 5222 laudibus
3020 5169 3073 5221 in
3130 5169 3383 5223 abbatem
3405 5171 3627 5223 levave-

2032 5270 2170 5314 runt.
2205 5260 2354 5314 Tunc
2410 5258 2644 5326 denique
2676 5273 2809 5328 quas
2838 5273 2996 5312 cruce
3028 5257 3128 5310 sibi
3153 5257 3427 5323 indixerit,
3461 5257 3632 5311 lorica

2035 5349 2144 5415 illa,
2165 5364 2268 5417 qua
2292 5345 2508 5399 indutus
2539 5346 2608 5398 ad
2630 5360 2845 5399 carnem
2871 5344 3212 5413 juventutem
3245 5361 3399 5399 suam
3429 5342 3631 5412 perdo-

2036 5437 2184 5500 muit,
2216 5452 2320 5488 una
2348 5449 2463 5503 prae
2492 5433 2702 5487 caeteris
2730 5432 2797 5485 ad
2830 5433 3101 5487 medicum
3132 5432 3357 5486 deducta
3379 5431 3627 5499 sufﬁciat,

2033 5524 2132 5578 sub
2164 5538 2287 5594 qua,
2345 5528 2395 5575 ct
2426 5536 2599 5587 suam,
2635 5519 2758 5574 licet
2789 5519 3065 5588 innocens,
3091 5526 3145 5573 et
3175 5520 3338 5588 patris
3395 5518 3477 5572 sui
3535 5519 3629 5589 qui

2033 5613 2100 5668 de
2129 5608 2331 5666 mundo
2382 5607 2497 5679 jam
2546 5614 2852 5665 excesserat
2878 5606 3254 5676 poenitentiam
3285 5604 3502 5678 agebat.
3546 5607 3624 5662 De
