4032 6078
370 256 480 310 895

1472 245 1540 300 S.
1579 241 1894 301 HUGONIS
1932 241 2215 297 ABBATIS
2246 241 2565 299 CLUNIAC.

3560 245 3666 298 896

358 375 593 434 lectione
616 387 746 431 vero
773 381 827 429 et
855 369 1114 437 oratione,
1146 367 1343 440 quibus
1367 382 1510 437 pene
1534 365 1686 438 jugis
1735 365 1955 420 insiste-
1985 364 2042 425 A
2069 380 2179 435 qua
2233 366 2468 436 puritate
2521 374 2575 421 et
2620 364 2875 438 aequitate
2929 365 3117 439 culpas
3181 368 3519 435 discutiebat,
3570 367 3670 438 qui

357 464 471 535 bat,
538 464 617 519 ita
672 461 861 533 paucis
923 473 1121 515 censeo
1168 455 1556 521 deﬁniendum,
1608 454 1735 523 quia
1791 455 1870 509 sic
1898 453 1955 508 in

356 560 590 624 utroque
619 567 676 606 se
704 546 1065 605 insatiabilem
1102 544 1426 601 ostendebat
1452 559 1515 598 ac
1545 543 1611 612 si,
1640 558 1765 598 cum
1795 541 1957 614 lege-

358 650 469 711 vet,
499 642 641 695 Deus
671 638 720 693 ei
751 635 975 693 visibilis
1002 634 1320 704 loqueretur
1351 651 1362 694 ;
1397 648 1521 686 cum
1577 646 1707 687 vero
1755 637 1954 696 oraret,

358 729 502 785 facie
531 727 601 782 ad
630 725 827 781 faciem
856 740 979 777 cum
1010 723 1123 777 Deo
1152 721 1623 777 sermocinaretur.

427 817 479 870 3.
528 812 1016 869 Misericordiarum
1075 818 1258 864 autem
1288 808 1409 877 ejus
1440 808 1713 877 explicare
1760 822 1958 861 nume-

354 918 477 958 rum
503 917 612 957 non
641 899 867 967 sufficio,
909 898 1117 954 scilicet
1146 913 1309 969 quam
1358 895 1483 966 pius
1502 911 1635 967 erga
1691 894 1954 960 subditos,

356 1006 522 1062 quam
552 989 735 1063 largus
764 989 911 1044 circa
939 1002 1208 1058 pauperes
1241 985 1429 1050 fuerit,
1473 1000 1636 1055 quam
1665 983 1961 1038 benevolus

357 1088 465 1134 tam
488 1078 634 1133 circa
664 1078 872 1132 alienos
902 1091 1065 1145 quam
1096 1074 1242 1130 circa
1290 1073 1621 1128 domesticos
1678 1071 1957 1126 exstiterit.

356 1166 646 1222 Enimvero
676 1172 836 1219 tantae
865 1162 1146 1217 charitatis
1187 1170 1241 1217 et
1295 1160 1575 1216 modestiae
1628 1162 1773 1215 circa
1820 1158 1961 1213 ﬁlios

356 1254 664 1310 habebatur
692 1260 751 1307 ut
781 1252 836 1305 in
869 1252 989 1307 dies
1034 1266 1290 1305 numerus
1319 1264 1507 1304 eorum
1539 1255 1851 1317 augeretur,
1910 1253 1963 1301 et

356 1343 570 1399 felicem
604 1359 661 1397 se
714 1342 950 1412 quisque
994 1340 1343 1394 arbitraretur
1370 1337 1459 1407 qui
1488 1337 1588 1390 sub
1620 1344 1770 1391 tanto
1800 1337 1962 1390 Patre

359 1431 431 1486 ad
461 1428 835 1485 conversionis
867 1428 1103 1499 gratiam
1136 1427 1473 1496 perveniret.
1511 1426 1650 1479 Nam
1708 1424 1779 1480 de
1808 1424 1960 1479 elee-

358 1518 597 1587 mosynis
651 1516 788 1585 ejus,
821 1517 913 1585 qui
944 1516 1109 1586 digne
1151 1516 1357 1569 referat
1386 1515 1413 1567 εἶ
1444 1512 1656 1581 Quibus
1686 1513 1760 1567 ita
1806 1513 1962 1566 insu-

361 1605 527 1660 dabat
582 1612 640 1658 ut
682 1612 883 1674 praeter
911 1603 1284 1673 quotidianum
1312 1603 1513 1658 victum
1543 1601 1702 1657 etiam
1758 1608 1960 1668 vestes,

358 1701 471 1748 tam
502 1692 558 1746 in
585 1692 765 1746 hieme
796 1707 960 1763 quam
991 1692 1045 1745 in
1073 1698 1262 1746 {estate
1308 1689 1637 1761 pauperibus
1691 1703 1961 1761 congruas

360 1788 719 1852 compararet,
771 1788 826 1835 et
880 1795 1019 1850 pene
1078 1779 1338 1850 quidquid
1398 1778 1601 1833 habere
1634 1785 1864 1849 poterat,
1907 1777 1963 1831 in

362 1884 551 1924 eorum
581 1868 993 1923 necessitatibus
1045 1867 1368 1922 insumeret.
1410 1866 1456 1923 Ο
1486 1866 1704 1922 ﬁdelem
1764 1866 1964 1921 Christi

365 1957 798 2027 dispensatorem
827 1958 839 2010 !
870 1958 957 2011 cui
986 1972 1186 2026 parum
1221 1964 1490 2025 eratpane
1518 1971 1785 2025 pauperes
1798 1954 1962 2035 alere.

356 2045 466 2098 nisi
497 2060 589 2099 eos
616 2044 868 2100 carnibus
888 2043 1164 2115 saginaret
1197 2062 1209 2107 ;
1243 2059 1461 2114 parum,
1512 2044 1620 2097 nisi
1648 2042 1844 2097 crebro
1875 2057 1969 2099 eos

366 2132 498 2189 vino
522 2132 819 2188 laetiﬁcaret
842 2153 858 2199 ;
881 2148 1095 2202 parum,
1128 2132 1238 2186 nisi
1264 2147 1642 2203 saepenumero
1674 2131 1963 2202 argenteis,

363 2220 641 2275 interdum
699 2236 827 2276 vero
876 2229 930 2275 et
958 2220 1140 2275 aureis
1170 2236 1263 2275 eos
1314 2228 1687 2275 remuneratos
1709 2220 1957 2273 haberet.

366 2310 435 2364 Et
457 2309 586 2380 quid
617 2309 667 2365 ei
698 2309 816 2364 haec
845 2309 1048 2376 omnia,
1108 2309 1213 2363 nisi
1246 2309 1412 2364 vestis
1463 2306 1631 2363 etiam
1677 2306 1967 2376 multiplex

365 2405 680 2467 sequeretur
699 2395 825 2449 εἲΛά
853 2396 1106 2467 algorem
1160 2396 1544 2467 depellendum
1594 2396 1766 2450 laneae
1795 2404 1969 2450 vestes

367 2484 704 2555 parabantur
736 2501 749 2547 ;
783 2483 853 2538 ad
881 2492 1069 2539 mstum
1126 2483 1525 2555 reprimendum
1564 2484 1723 2539 lineae
1751 2499 1968 2538 coeme-

367 2572 562 2626 bantur
592 2587 605 2640 ;
640 2580 693 2626 et
729 2588 797 2627 ne
828 2571 1032 2642 aliquid
1063 2573 1271 2627 deesset
1300 2572 1559 2641 perfectae
1579 2572 1969 2640 charilati,ipse

366 2674 460 2715 eas
488 2675 616 2713 cum
645 2659 915 2726 fratribus,
978 2659 1069 2730 qui
1127 2660 1205 2713 illi
1263 2660 1602 2727 assistebant,
1649 2660 1971 2729 plerumque

368 2747 695 2809 consuebat;
733 2755 843 2801 tum
867 2762 998 2802 vero
1038 2747 1427 2812 calceamenta,
1460 2763 1566 2803 non
1619 2748 1736 2802 sine
1791 2763 1968 2802 axun-

369 2834 459 2900 gia
541 2849 646 2903 qua
730 2843 1067 2905 angerentur
1137 2835 1511 2890 distribuebat.
1571 2836 1759 2905 Neque
1816 2835 1969 2909 illum

366 2919 582 2989 Joanni,
617 2921 711 2993 qui
768 2922 839 2976 ob
870 2922 1296 2976 immensitatem
1327 2923 1793 2993 eleemosynarum
1824 2923 1971 2976 solus

367 3009 425 3064 in
481 3008 727 3066 Ecclesia
792 3010 1208 3083 cognominatur
1291 3010 1569 3079 Eleemon,
1649 3011 1970 3065 dissimilem

368 3097 535 3152 fuisse
563 3098 837 3167 crederes,
888 3098 1016 3153 dum
1075 3100 1355 3154 thesauros
1411 3099 1865 3170 incomparabiles
1917 3098 1971 3152 in
2001 3068 2051 3131 Ο

372 3200 561 3240 eorum
592 3186 907 3259 proﬂigaret
936 3188 1187 3257 expensis
1221 3229 1233 3256 ,
1266 3196 1322 3242 et
1350 3188 1495 3259 quod
1526 3187 1683 3243 alicui
1716 3187 1974 3257 potentis-

370 3272 511 3329 simo
540 3274 657 3346 regi
689 3273 936 3331 sufﬁcere
967 3275 1037 3330 ad
1076 3275 1294 3330 divitias
1342 3277 1666 3342 crederetur,
1729 3277 1828 3330 hoc
1856 3276 1975 3346 ipse

368 3362 644 3418 multoties
700 3362 756 3418 in
805 3378 1106 3436 pauperum
1145 3364 1379 3420 miseriis
1435 3365 1779 3437 dispergeret
1830 3363 1973 3418 rele-

367 3451 580 3506 vandis.

442 3557 495 3610 4.
531 3555 675 3624 Quid
703 3557 773 3612 de
800 3556 905 3613 ﬁde
934 3558 1052 3627 ejus
1078 3558 1420 3613 memorabili
1451 3558 1650 3626 dicam,
1682 3575 1790 3630 qua
1828 3558 1976 3627 apud

373 3643 550 3699 Deum
582 3644 716 3697 tanti
752 3644 929 3699 meriti
958 3645 1149 3699 claruit
1179 3653 1236 3700 ut
1264 3654 1316 3700 et
1337 3654 1463 3701 vota
1518 3647 1639 3715 ejus
1667 3646 1972 3701 exaudiret:

375 3740 429 3784 et
459 3731 794 3800 frequenter,
826 3732 913 3786 vel
940 3748 1005 3786 eo
1035 3733 1320 3804 ignorante
1353 3734 1439 3787 vel
1487 3749 1551 3788 eo
1577 3734 1817 3800 absente,
1876 3750 1976 3803 per

374 3818 559 3888 ipsum
613 3818 839 3873 virtutes
894 3829 1209 3889 operaretur
1236 3823 1264 3874 ‘?
1293 3822 1451 3885 Nam,
1506 3829 1565 3875 ut
1608 3822 1678 3875 ad
1724 3821 1830 3874 alia
1878 3834 1977 3874 suo

374 3905 498 3962 loco
526 3906 866 3976 perveniam,
898 3907 1133 3977 primum
1174 3909 1416 3964 omnium
1448 3909 1628 3978 ipsum
1684 3908 1752 3963 de
1781 3907 1976 3964 Salva-

375 4003 492 4050 tore
548 3993 868 4049 miraculum
926 3995 996 4050 ad
1051 3996 1290 4051 medium
1375 3998 1727 4063 deducamus,
1807 3995 1975 4066 quod,

376 4082 625 4155 quamvis
652 4083 769 4153 ipse
798 4099 906 4139 non
934 4084 1156 4151 viderit,
1210 4085 1368 4140 testis
1398 4093 1579 4140 tamen
1610 4083 1785 4139 ﬁdelis
1834 4098 1980 4154 papa

377 4170 678 4242 Gregorius
708 4172 987 4243 septimus,
1022 4173 1114 4245 qui
1141 4173 1538 4228 Ilildebrandus
1595 4181 1753 4228 antea
1807 4187 1975 4227 voca-

375 4258 552 4325 batur,
580 4259 744 4329 hujus
760 4260 840 4314 rei
862 4260 1026 4315 fuisse
1053 4261 1416 4333 cognoscitur.
1450 4262 1541 4317 Sic
1594 4262 1792 4317 etenim
1848 4262 1978 4315 dum

382 4344 619 4418 quadam
649 4347 736 4402 die
766 4348 820 4401 in
851 4348 1185 4404 Cluniacensi
1226 4350 1464 4419 capitulo
1512 4350 1724 4421 (utpote
1778 4365 1977 4404 mona-

2063 454 2313 509 Judicem
2341 454 2661 510 saeculorum
2690 470 3030 510 assessorem
3060 456 3263 513 habere
3318 456 3660 512 merebatur.

2064 542 2217 596 Hunc
2237 541 2436 613 itaque,
2464 551 2522 597 ut
2551 542 2738 611 fertur,
2793 543 2873 598 vir
2900 542 2999 599 iste
3030 552 3192 601 tantae
3218 544 3554 600 auctoritatis
3610 553 3670 600 et

2064 631 2255 701 gratiae
2303 631 2375 686 ob
2429 631 2734 702 disciplinas
2779 632 3120 688 severitatem
3179 640 3233 688 et
3290 631 3667 703 temperantia

2066 718 2534 774 mansuetudinem
2587 719 2848 775 blandum
2876 720 3105 776 vocebat
3158 721 3426 789 Iudicem,
3484 720 3554 775 ob
3610 720 3671 774 id

2068 806 2322 875 maxime,
2380 807 2506 877 quia
2551 816 2609 862 ut
2662 816 2837 865 mater
2890 807 3018 864 ﬁliis
3070 809 3469 878 blandiebatur,
3530 813 3672 864 etut

2068 901 2221 965 pater
2250 894 2447 950 delicta
2474 896 2805 967 corrigebat.

2140 986 2193 1039 ὅ.
2253 983 2360 1039 Sed
2396 985 2545 1053 dum,
2577 985 2707 1055 quid
2736 985 2880 1041 circa
2927 987 3265 1057 Stephanum
3312 1002 3508 1057 papam
3570 1002 3673 1057 per

2069 1088 2191 1127 eum
2214 1080 2429 1143 gestum
2459 1074 2545 1139 sit,
2579 1074 2889 1142 considero,
2947 1090 3055 1131 non
3088 1076 3158 1130 ab
3203 1092 3280 1138 re.
3342 1076 3469 1130 huic
3518 1072 3673 1145 Operi

2068 1160 2419 1216 inserendum
2453 1161 2726 1218 existimo.
2760 1162 2859 1218 Hic
2887 1164 3086 1218 etenim
3139 1164 3284 1234 apud
3343 1163 3666 1219 Florentiam

2070 1249 2237 1305 Italiae
2287 1250 2479 1305 urbem
2525 1251 2834 1306 inﬁrmitate
2891 1252 3218 1319 decubabat,
3278 1259 3332 1308 et
3387 1267 3497 1307 non
3553 1252 3674 1305 sine

2070 1337 2168 1391 Dei
2199 1338 2376 1408 gratia
2405 1355 2438 1392 a
2467 1347 2656 1395 sancto
2685 1340 2804 1395 viro
2834 1340 3104 1409 visitatus,
3138 1349 3259 1410 post
3288 1340 3517 1395 multum
3549 1353 3675 1395 cum

2071 1440 2137 1481 eo
2168 1425 2412 1481 habitum
2443 1427 2799 1497 colloquium,
2848 1436 2907 1482 ut
2960 1429 3106 1484 inter
3162 1444 3352 1484 manus
3399 1426 3678 1498 ejusmori

2070 1523 2367 1570 mereretur
2420 1517 2712 1571 Dominum
2759 1517 3040 1582 exorabat,
3102 1534 3226 1572 cum
3269 1532 3396 1572 ecce
3455 1515 3677 1570 humani

2072 1602 2294 1673 generis
2323 1602 2593 1672 inimicus,
2618 1604 2765 1659 horis
2794 1605 2993 1675 quibus
3032 1605 3113 1659 vir
3138 1605 3236 1659 Dei
3259 1604 3468 1669 aberat,
3505 1603 3671 1658 obtu-

1990 1726 2044 1787 B
2076 1691 2217 1745 libus
2247 1691 2527 1746 morientis
2554 1692 2825 1761 pontiﬁcis
2852 1709 2909 1748 se
2937 1693 3186 1765 ingerere
3228 1701 3280 1747 et
3337 1694 3556 1747 horrore
3586 1692 3672 1745 sui

2075 1786 2310 1833 mentem
2342 1780 2461 1849 ejus
2486 1788 2687 1835 terrere
2716 1789 2877 1851 atque
2909 1782 3143 1846 turbare,
3165 1782 3260 1836 sed
3300 1782 3368 1835 ad
3412 1781 3515 1835 viri
3570 1780 3673 1834 Dei

2074 1867 2379 1939 ingressum
2414 1866 2618 1938 fugere,
2646 1884 2697 1924 et
2719 1869 2958 1940 quandiu
2987 1885 3110 1924 cum
3140 1885 3203 1924 eo
3234 1877 3352 1923 erat
3380 1885 3490 1923 non
3530 1867 3675 1922 ultra

2074 1971 2354 2024 apparere.
2389 1954 2547 2024 Quod
2577 1956 2670 2010 ubi
2704 1966 3036 2027 compertum
3069 1966 3172 2024 est,
3229 1958 3297 2011 ab
3345 1957 3461 2027 ipso
3527 1971 3673 2025 pon-

2074 2042 2217 2097 tifice
2263 2044 2487 2097 summis
2524 2044 2784 2115 precibus
2814 2053 3002 2115 postea
3056 2046 3326 2112 detentus,
3375 2060 3545 2116 usque
3601 2045 3672 2097 ad

2076 2132 2277 2185 exitum
2307 2133 2424 2202 ejus
2452 2148 2575 2186 cum
2606 2148 2671 2187 eo
2696 2134 3012 2202 permansit,
3045 2142 3098 2188 et
3124 2148 3328 2203 corpus
3378 2133 3520 2202 ejus,
3561 2133 3675 2186 suis

2076 2219 2331 2274 manibus
2352 2221 2524 2275 lotum
2579 2229 2632 2275 et
2688 2221 2927 2276 funereis
2965 2221 3209 2276 vestibus
3248 2221 3565 2287 involutum,
3620 2221 3676 2274 in

2075 2307 2322 2377 sepulcro
2355 2308 2571 2363 locavit.

2148 2399 2200 2448 6.
2230 2396 2347 2450 Nec
2398 2397 2593 2450 mirum
2649 2396 2694 2451 si
2750 2397 2817 2453 ad
2858 2398 2988 2452 tanti
3028 2398 3123 2453 viri
3162 2397 3500 2468 praesentiam
3551 2398 3677 2451 dia-

2076 2482 2235 2537 bolus
2266 2484 2576 2556 fugabatur,
2607 2486 2763 2556 cujus
2792 2486 3010 2555 spiritus
3039 2486 3095 2540 in
3126 2495 3331 2541 tantum
3363 2487 3475 2539 Deo
3495 2484 3677 2539 adhae-

2075 2572 2237 2627 rebat
2266 2580 2323 2626 ut
2350 2572 2512 2627 etiam
2559 2573 2677 2644 ipse
2706 2575 2765 2627 in
2795 2590 3035 2644 persona
3077 2591 3188 2629 sum
3240 2575 3507 2628 Dominus
3553 2574 3675 2641 ejus

2079 2660 2316 2715 Christus
2370 2661 2438 2715 ad
2495 2677 2617 2715 eum
2696 2662 3024 2717 visitandum
3074 2664 3259 2718 venire
3335 2662 3674 2733 dignaretur.

2078 2748 2237 2816 Quod
2267 2758 2397 2804 tunc
2428 2766 2642 2820 quoque
2673 2751 2801 2806 licet
2821 2751 3073 2805 dissimili
3098 2752 3282 2822 priori,
3343 2766 3450 2805 non
3501 2760 3683 2805 tamen

2078 2837 2276 2908 impari
2330 2839 2667 2894 revelatione
2697 2840 2908 2907 claruit,
2942 2841 3160 2911 quando
3201 2840 3421 2911 quidam
3481 2840 3681 2904 senior,

2079 2924 2217 2980 sicut
2238 2926 2382 2979 idem
2414 2934 2471 2981 ut
2500 2927 2794 2993 credimus,
2822 2928 2890 2983 de
2908 2945 2968 2984 se
2991 2929 3142 3000 quasi
3168 2929 3236 2983 de
3266 2928 3372 2984 alio
3394 2927 3679 2996 referebat,

2079 3013 2257 3083 ipsum
2284 3013 2697 3085 Redemptorem
2757 3032 2879 3071 cum
2936 3017 3165 3085 cithara,
3225 3017 3283 3069 in
3337 3014 3679 3070 Cluniacensi

2083 3102 2247 3156 choro
2303 3102 2624 3171 psallentem
2674 3119 2857 3159 coram
2896 3105 3130 3176 singulis
3188 3104 3466 3168 fratribus,
3499 3103 3679 3163 vidit;

2083 3197 2269 3244 cantus
2298 3199 2498 3257 autem,
2531 3192 2623 3262 qui
2655 3192 2995 3260 audiebatur,
3055 3192 3146 3247 illa
3189 3191 3505 3263 evangelica
3535 3192 3684 3246 anti-

2081 3279 2265 3350 phona
2284 3278 2875 3336 erat:Sedereautem
2923 3296 3159 3345 mecum,
3209 3297 3325 3336 mm
3366 3283 3447 3334 est
3493 3294 3683 3334 meum

2083 3367 2217 3422 dare
2234 3368 2421 3430 vobis;
2455 3367 2551 3423 sed
2572 3370 2766 3440 quibus
2793 3373 3068 3441 paratum
3116 3374 3200 3425 est
3253 3386 3288 3423 a
3337 3371 3509 3423 Patre
3563 3383 3683 3423 meo

2085 3457 2420 3524 (Matth.xx,
2453 3457 2564 3528 23),
2600 3466 2724 3513 tunc
2754 3458 2920 3513 etiam
2979 3465 3152 3512 tantus
3201 3456 3337 3512 odor
3384 3456 3683 3511 cmlestiam

2084 3553 2385 3600 aromatum
2418 3545 2769 3602 effervescere
2790 3546 3100 3612 videbatur,
3134 3553 3191 3600 ut
3216 3552 3531 3600 cunctorum
3564 3543 3682 3597 fra-

2083 3634 2356 3704 grantiam
2387 3633 2761 3690 baleamorum
2792 3650 3049 3706 superare
3072 3635 3405 3689 crederetur.

2723 3742 2946 3797 CAPUT
2976 3742 3046 3795 II.

2084 3829 2656 3901 Defunctusapqmis,
2672 3830 2810 3901 aegri
2824 3845 2860 3884 α
2880 3829 3087 3885 morbis
3105 3828 3347 3883 liberati.
3376 3826 3598 3898 Templa
3619 3839 3686 3879 ac

2347 3899 2600 3956 ownobia
2621 3899 2924 3956 exstructa
2953 3904 3054 3955 aut
3086 3902 3417 3969 reformata.

2157 3990 2214 4041 7.
2266 3989 2381 4042 Nec
2428 3987 2563 4042 illud
2619 3988 2832 4044 silentio
2901 3988 3274 4059 obtegendum
3319 4000 3482 4040 censo
3541 3983 3687 4055 quod

2086 4077 2302 4149 quidam
2338 4076 2521 4144 frater,
2555 4077 2773 4132 nomine
2804 4077 3039 4144 Pontius,
3088 4076 3286 4130 divinae
3337 4072 3685 4128 animadver-

2087 4165 2252 4221 sionis
2268 4165 2533 4235 judicium
2564 4165 2617 4218 in
2637 4181 2697 4220 se
2725 4180 2863 4235 pene
2892 4165 3165 4231 sensisset,
3199 4163 3299 4217 nisi
3354 4162 3402 4217 ei
3452 4160 3686 4215 cmlestis

2085 4254 2280 4325 pietas,
2310 4270 2408 4323 per
2426 4257 2570 4309 hunc
2592 4254 2690 4309 Dei
2720 4269 2930 4308 servum
2959 4252 3320 4308 subvenisset.
3394 4250 3531 4303 Nam
3563 4263 3684 4303 cum

2087 4342 2232 4413 apud
2261 4344 2539 4413 quandum
2581 4343 2796 4410 cellam,
2846 4342 2931 4397 cui
2987 4342 3142 4396 Mons
3190 4343 3304 4409 (85)
3361 4337 3685 4393 vocabulum

383 4437 517 4491 chus
538 4443 590 4490 et
610 4435 748 4491 ωηο
777 4436 1038 4492 Romam;
1085 4436 1343 4492 Ecclesia:
1397 4420 1776 4507 subdiaconus)
1820 4438 1980 4491 beato
2008 4420 2061 4480 D
2092 4437 2188 4499 est,
2221 4431 2266 4485 is
2293 4431 2363 4485 de
2400 4446 2505 4501 quo
2526 4432 2705 4503 agitur
2734 4431 2904 4485 frater
2933 4432 3263 4493 moraretur,
3295 4426 3531 4495 illucque
3588 4439 3687 4477 ve-

378 4523 501 4579 viro
518 4523 798 4591 assideret,
828 4540 1121 4580 conversus
1151 4526 1444 4581 Dominum
1474 4526 1654 4580 Iesum
1709 4526 1791 4580 illi
1847 4540 1983 4580 con-

381 4612 575 4666 sedere
605 4611 758 4679 vidit,
819 4619 876 4667 et
931 4614 1084 4684 quasi
1141 4616 1193 4667 in
1224 4614 1462 4687 singulis
1506 4613 1730 4685 judiciis
1755 4613 1875 4682 ejus
1905 4611 1981 4670 illi

382 4699 611 4768 faveret,
645 4700 796 4755 vultu
827 4709 883 4756 et
919 4702 1104 4757 habitu
1145 4702 1331 4757 hilaris
1361 4702 1685 4774 apparebat.
1740 4703 1867 4757 Mox
1896 4699 1985 4755 ille

383 4788 595 4843 cunctis
627 4790 990 4858 stupentibus,
1006 4807 1125 4844 rem
1155 4791 1433 4861 siquidem
1459 4791 1677 4861 penitus
1722 4791 1982 4861 ignoran-

386 4874 550 4943 tibus,
584 4883 731 4930 tanto
780 4877 957 4933 Judici
986 4895 1301 4951 assurgens,
1326 4880 1568 4934 medium
1598 4894 1667 4934 vo
1693 4879 1821 4933 ebat
1848 4892 1984 4934 con-

387 4963 625 5018 sitituere
669 4964 968 5020 dominum.
1031 4967 1272 5022 Tandem
1329 4983 1360 5022 a
1420 4967 1590 5023 Patre
1619 4966 1983 5035 sanctissimo,

390 5066 485 5106 cur
512 5050 578 5105 de
599 5052 729 5106 sede
757 5055 1098 5123 surrexisset,
1129 5055 1434 5126 requisitus,
1492 5056 1757 5112 visionem
1802 5056 1985 5124 (quam

397 5138 591 5210 quibus
619 5140 790 5196 oculis
820 5142 1064 5210 vidisset,
1097 5146 1303 5198 nescire
1327 5160 1383 5197 se
1406 5144 1694 5212 fatebatur)
1714 5151 1769 5197 ut
1797 5142 1985 5211 praeli-

398 5228 670 5296 bavimus,
713 5231 963 5301 exposuit
995 5248 1006 5284 :
1038 5231 1095 5285 in
1153 5247 1258 5300 quo
1296 5233 1632 5302 perpendere
1675 5247 1986 5304 possumus,

2091 4520 2255 4573 uisset
2285 4520 2441 4574 Pater
2486 4520 2837 4584 reverendus,
2867 4519 2978 4583 ille,
3014 4517 3138 4589 quia
3170 4532 3312 4577 eum,
3345 4521 3532 4583 utpote
3589 4511 3692 4566 ad-

2093 4624 2281 4664 versus
2324 4608 2535 4663 Patrem
2592 4609 2753 4663 stulte
2806 4621 3172 4674 murmurans,
3214 4604 3404 4658 videre
3451 4601 3690 4663 nolebat,

2090 4696 2340 4751 simulato
2371 4697 2632 4767 languore
2662 4697 2732 4750 ad
2762 4696 2957 4751 lectum
2973 4693 3220 4749 secessit.
3258 4690 3371 4745 Sed
3402 4698 3612 4760 quanto
3638 4702 3696 4742 se

2091 4784 2407 4840 subtrahere
2434 4786 2550 4839 viro
2579 4784 2675 4839 Dei
2717 4786 3036 4851 conabatur,
3071 4790 3221 4836 tanto
3284 4780 3396 4835 vita
3443 4778 3511 4832 de
3569 4791 3697 4831 cor-

2092 4889 2227 4943 pore
2257 4874 2384 4942 (non
2398 4874 2513 4943 jam
2546 4890 2610 4928 ex
2641 4871 2875 4939 ﬁctione,
2909 4872 3005 4925 sed
3019 4879 3172 4924 certa
3195 4866 3527 4934 veleludine)
3548 4863 3698 4919 exire

2094 4962 2403 5029 festinabat,
2428 4962 2501 5015 ita
2529 4970 2586 5015 ut
2608 4960 2723 5029 jam
2758 4975 2888 5015 voce
2917 4957 3182 5013 vaucibus
3201 4957 3460 5022 haerente,
3485 4951 3702 5023 loquela

2093 5049 2370 5105 deﬁceret.
2403 5050 2644 5104 Curritur
2671 5049 2743 5102 ad
2770 5048 2922 5117 pium
2954 5055 3243 5117 pastorem,
3275 5051 3331 5097 ut
3352 5057 3509 5096 ovem
3559 5054 3696 5109 pene

2094 5140 2417 5210 migrantem
2447 5152 2657 5191 summo
2690 5136 2898 5191 Pastori
2927 5133 3359 5189 commendaret.
3422 5128 3545 5183 Mox
3605 5127 3699 5180 ille

2096 5230 2418 5295 accelerans,
2450 5225 2848 5282 absolutionem
2872 5218 3364 5279 commendationis
3402 5215 3685 5288 praemisit,

493 5433 605 5505 (85)
626 5434 776 5505 Alnter
804 5433 1236 5491 Claromontanae
1261 5435 1517 5492 dioecesis
1547 5437 1859 5505 decanatus,
1886 5451 2023 5490 unus
2053 5434 2119 5491 de
2146 5431 2426 5491 Montibus
2453 5431 2667 5499 dicitur,
2724 5430 3063 5487 Cluniacensi
3119 5426 3442 5483 monasterio
3491 5421 3697 5491 unitas.

417 5500 556 5558 Vide
585 5503 967 5561 bibliothecam
999 5506 1103 5562 col.
1130 5507 1287 5561 1755.
