4032 6078
323 304 424 360 897

1886 296 2066 355 VlTA.

3537 317 3640 370 898

321 436 380 483 et
410 427 488 483 sic
517 442 687 498 aeger,
712 425 920 482 viribus
949 434 1004 482 et
1036 442 1169 483 voce
1199 425 1473 498 paulisper
1500 426 1776 495 restitutis,
1810 428 1931 483 cul-
1957 427 2014 489 A
2045 423 2445 496 frequentiora;
2483 427 2679 499 quibus
2718 428 2901 484 tamen
2928 438 3035 485 tam
3075 442 3292 488 cautum
3324 452 3383 491 se
3411 438 3641 494 exhibe-

322 531 446 585 pam
500 514 805 582 conﬁtetur,
850 514 1204 573 temeritatem
1262 522 1498 583 accusat,
1556 514 1774 570 veniam
1830 515 1929 569 im-

324 605 505 676 plorat
533 608 589 658 et
618 602 844 669 obtinet,
877 609 930 657 et
958 603 1040 659 sic
1082 604 1303 658 demum
1345 602 1418 658 ab
1459 603 1804 660 incommodo
1834 604 1928 659 illo

326 692 686 748 convalescit.

396 780 455 834 8.
484 780 631 834 Alter
660 794 790 834 vero
832 795 956 833 cum
997 779 1068 834 ab
1114 779 1223 835 hoc
1269 779 1473 836 saeculo
1518 780 1826 853 migrasset,
1876 787 1932 835 et

328 868 445 937 ejus
483 884 682 937 corpus
726 868 782 922 in
811 867 1052 923 oratorio
1094 867 1434 923 Cluniacensi
1478 869 1814 923 inhumatum
1856 884 1929 923 ex

327 973 478 1013 more
519 960 850 1024 servaretur,
882 956 1095 1012 duobus
1127 957 1380 1012 fratribus
1416 956 1539 1027 ipsa
1589 956 1929 1012 dormitionis

326 1062 440 1100 suae
484 1053 640 1100 nocte
684 1044 971 1115 apparuit;
1024 1044 1222 1115 quibus
1265 1045 1473 1099 crimen
1523 1044 1752 1100 duorum
1799 1046 1930 1100 soli-

326 1133 545 1201 dorum,
579 1149 717 1204 quos
761 1132 880 1187 sine
919 1132 1139 1187 licentia
1183 1132 1402 1188 cuidam
1433 1133 1639 1188 homini
1668 1133 1925 1199 dedisset,

327 1222 707 1287 confitebatur,
739 1224 796 1276 et
840 1220 969 1291 quia
1006 1219 1129 1275 sine
1169 1220 1517 1277 confessione
1562 1221 1721 1289 huius
1750 1229 1932 1276 reatus

325 1311 571 1377 obiisset,
601 1326 632 1364 a
661 1313 852 1364 sancto
880 1309 1035 1363 Patre
1072 1308 1471 1365 absolutionem
1521 1309 1799 1380 poscebat,
1834 1325 1931 1364 an-

324 1408 538 1472 tequam
594 1397 890 1469 sepulturas
945 1395 1270 1453 traderetur.
1309 1399 1469 1452 Mane
1524 1406 1703 1453 autem
1762 1399 1927 1465 facto,

323 1488 588 1545 visionem
618 1486 769 1557 quasi
799 1501 906 1541 uno
936 1500 1030 1541 ore
1058 1484 1218 1541 ambo
1249 1499 1434 1542 coram
1482 1486 1631 1541 omni
1660 1495 1929 1542 conventu

324 1576 488 1632 beato
535 1575 652 1631 viro
697 1582 1092 1644 exposuerunt.
1133 1574 1284 1630 Tunc
1316 1574 1593 1644 requisita,
1627 1591 1786 1645 quam
1835 1576 1931 1631 de.

326 1664 543 1721 functus
593 1663 972 1719 nominaverat
1015 1676 1277 1731 persona,
1309 1661 1611 1717 secundum
1657 1679 1930 1732 praemon-

2035 514 2127 568 bat
2157 521 2213 568 ut
2243 530 2460 587 semper
2490 515 2693 573 sanctis
2724 517 2996 587 imputare
3028 521 3291 591 quidquid
3316 539 3383 579 eo
3412 525 3641 582 admini-

2036 610 2241 659 strante
2271 604 2549 674 sospitatis
2580 621 2612 658 a
2642 605 2755 661 Deo
2786 606 2948 661 alicui
2970 592 3399 679 impenderetur.

2108 690 2200 744 11.
2242 692 2369 747 ltem
2416 692 2707 764 aliquando
2763 694 3064 749 Valentiam
3105 695 3300 755 Gallia
3327 699 3638 770 intraturus,

2037 777 2255 832 obviam
2312 780 2476 835 habet
2519 797 2830 851 pauperum
2874 783 3298 854 multitudinem,
3330 804 3453 858 quas
3500 791 3643 846 elec-

2036 880 2315 936 mosynam
2347 884 2379 922 a
2420 875 2528 922 tam
2560 869 2770 925 famoso
2800 886 2900 939 per
2926 872 3114 927 orbem
3145 874 3522 943 dispensatore
3552 894 3644 934 ex-

2037 953 2274 1022 petebat.
2315 954 2477 1010 Jubet
2526 972 2812 1013 meonomo
2862 975 2961 1014 suo
3006 961 3302 1029 Jarentoni,
3349 962 3499 1019 fratri
3541 982 3643 1036 per

2038 1041 2223 1096 omnia
2253 1043 2653 1111 strenuissimo,
2688 1046 2950 1115 impertiri
2989 1063 3143 1104 more
3189 1050 3352 1107 solito
3400 1068 3498 1122 per
3526 1068 3645 1109 om-
3730 1042 3733 1053 “

2037 1144 2162 1184 nem
2197 1130 2407 1186 turbam
2449 1141 2770 1204 argenteos;
2806 1142 2859 1188 at
2904 1134 2996 1190 ille
3044 1145 3185 1207 post,
3237 1138 3408 1195 ferme
3452 1141 3643 1197 decem

2038 1217 2241 1274 solidos
2270 1235 2379 1274 non
2408 1220 2511 1275 sibi
2550 1222 2899 1289 remansisse,
2940 1223 3162 1295 reliquis
3190 1226 3248 1280 in
3286 1243 3423 1297 opus
3464 1230 3645 1286 simile

2039 1308 2397 1377 consumptis,
2430 1309 2602 1365 ethos
2631 1310 2750 1365 fore
2779 1309 2833 1364 in
2864 1310 3057 1381 majori
3082 1313 3301 1369 forsitan
3322 1318 3645 1374 necessitate

2040 1395 2339 1451 servandos
2358 1395 2618 1451 afﬁrmat.
2677 1419 2700 1444 α
2732 1398 2879 1466 Noli,
2910 1399 3101 1471 inquit,
3135 1402 3425 1472 trepidare,
3452 1406 3641 1474 frater,

2040 1481 2214 1538 fidelis
2257 1491 2340 1538 est
2395 1485 2559 1550 Deus,
2604 1494 2657 1540 et
2708 1485 2918 1541 conﬁdo
2960 1488 3105 1558 quia,
3168 1490 3285 1545 istis
3321 1491 3643 1560 distributis,

2037 1570 2215 1625 bonus
2244 1579 2625 1628 remunerator
2663 1582 2848 1630 noster
2894 1576 3052 1630 Jesus
3093 1577 3229 1632 satis
3272 1576 3506 1634 ﬁdeliter
3545 1597 3645 1635 re-

2039 1659 2416 1729 compensabit
2461 1660 2517 1715 in
2563 1662 2839 1730 praesenti,
2871 1662 2915 1717 si
2964 1663 3182 1719 datores
3232 1666 3430 1722 hilares
3472 1667 3645 1723 fueri-

326 1759 548 1808 stratam
580 1751 849 1806 visionem
878 1757 1094 1820 reperta
1136 1766 1226 1805 res
1262 1758 1366 1806 est.
1407 1750 1529 1806 Mox
1568 1750 1771 1808 indicta
1801 1767 1932 1808 cun—
1959 1776 2012 1837 Β
2041 1763 2188 1802 mus.
2232 1770 2254 1796 ιο
2308 1747 2660 1818 Complentur
2700 1750 2856 1818 jussa
2903 1751 3097 1820 Patris,
3143 1755 3199 1807 et
3244 1761 3531 1826 antequam
3576 1756 3647 1812 ad

326 1841 429 1896 etis
481 1854 579 1911 pro
636 1840 803 1895 fratre
856 1837 1199 1908 pmnitentia,
1274 1837 1628 1904 orationibus,
1682 1840 1931 1909 psalmis,

327 1928 689 2000 eleemosynis
715 1936 878 1999 atque
908 1925 1090 1981 missis
1118 1926 1410 1995 adjunctis,
1442 1927 1711 1983 absolutio
1750 1935 1938 1984 secuta

333 2026 436 2074 est.
463 2018 554 2073 Sic
582 2017 860 2084 nimirum,
892 2016 972 2071 sic
995 2030 1109 2072 non
1139 2015 1317 2071 solum
1347 2015 1403 2070 in
1435 2016 1610 2083 terris,
1644 2016 1741 2071 red
1770 2017 1935 2072 etiam

328 2108 386 2162 in
424 2106 579 2163 caelis
623 2105 760 2161 ﬁdes
808 2104 934 2175 ejus
961 2104 1235 2169 virtutem,
1265 2103 1434 2159 virtus
1460 2111 1808 2174 potestatem,
1838 2121 1937 2175 po-

332 2203 498 2251 testas
516 2195 771 2267 gloriam,
803 2192 979 2266 gloria
1006 2193 1099 2248 hic
1129 2190 1513 2260 humilitatem,
1530 2192 1645 2248 illic
1673 2207 1935 2249 coronam

338 2284 394 2339 in
424 2284 544 2338 dies
566 2282 831 2355 pariebat.

401 2376 452 2426 9.
486 2372 739 2440 Quodam
770 2369 936 2426 etiam
982 2379 1243 2440 tempore,
1277 2369 1407 2425 dum
1437 2370 1540 2426 iter
1571 2386 1671 2441 per
1695 2371 1937 2426 Wasco-

333 2460 444 2515 uiae
480 2468 661 2531 partes
696 2468 904 2533 ageret,
936 2458 1226 2515 comitante
1264 2474 1453 2514 secum
1517 2458 1769 2514 Hunaldo
1799 2459 1935 2527 (86),

335 2547 763 2620 prudentissimo
791 2547 911 2604 viro
940 2555 1099 2617 atque
1145 2562 1241 2602 suo
1288 2546 1577 2613 monacho,
1608 2562 1721 2601 non
1748 2547 1939 2617 procul

331 2651 367 2692 a
398 2637 488 2694 via
515 2636 801 2707 prospexit
817 2635 1096 2706 quandam
1136 2634 1333 2691 cellam
1362 2634 1418 2688 in
1447 2650 1557 2706 qua
1584 2635 1669 2689 vir
1698 2635 1939 2705 quidam,

330 2726 533 2782 nobilis
579 2725 801 2797 quidem
849 2740 1069 2797 genere,
1102 2724 1197 2779 sed
1243 2722 1393 2794 lepra
1433 2738 1744 2794 percussus,
1774 2724 1940 2797 dege-

337 2814 431 2869 bat
458 2833 470 2877 ;
506 2814 662 2882 cujus
692 2829 872 2870 mores
900 2829 1020 2869 com
1057 2811 1363 2883 inquisisset
1391 2820 1444 2867 et
1472 2810 1787 2883 patientiam
1818 2812 1939 2880 ejus

337 2902 621 2973 probatam
689 2902 1029 2975 agnovisset,
1066 2900 1151 2956 vir
1204 2900 1403 2972 insigni
1441 2900 1641 2971 pietate
1695 2901 1765 2955 ad
1812 2915 1938 2956 eum

284 3027 295 3041 .
336 2990 665 3048 visitandum
706 2990 944 3057 divertit,
1012 2998 1069 3045 et
1131 3005 1230 3059 per
1287 2988 1676 3045 consolationis
1712 2987 1937 3044 verbum

333 3079 615 3136 charitatis
671 3080 916 3136 ofﬁcium
982 3078 1304 3149 adimplens,
1384 3084 1589 3133 vestem
1648 3077 1938 3147 pelliceam

336 3168 503 3237 exuit,
530 3176 584 3224 et
612 3183 736 3224 cum
762 3168 970 3238 aliquot
999 3166 1271 3239 argenteis
1299 3164 1513 3221 inﬁrmo
1542 3165 1782 3220 donavit.
1816 3163 1936 3232 Quo

328 3255 577 3327 digresso
603 3271 768 3327 aeger,
799 3254 893 3310 ubi
922 3262 1131 3311 vestem
1160 3252 1352 3321 induit,
1384 3267 1418 3307 a
1464 3252 1627 3324 plaga
1660 3251 1827 3322 lepraa
1876 3266 1936 3307 se

328 3352 570 3400 curatum
597 3344 845 3415 protinus
873 3343 1118 3416 agnovit.

404 3433 491 3487 10.
523 3434 732 3489 Rursus
769 3433 910 3488 idem
941 3432 1026 3489 vir
1071 3429 1478 3496 sanctissimus,
1511 3427 1748 3483 Parisios
1792 3428 1935 3483 forte

332 3522 644 3589 advenerat,
697 3530 751 3578 et
794 3523 853 3576 Β.
905 3518 1205 3577 Genovefae
1268 3515 1576 3584 ecclesiam,
1609 3532 1731 3588 quae
1785 3523 1938 3572 extra

331 3625 516 3667 muros
535 3610 686 3666 urbis
714 3610 821 3666 sita
849 3618 951 3676 est,
977 3617 1088 3664 tum
1121 3622 1219 3679 pro
1247 3605 1538 3662 devotione
1580 3603 1933 3661 sacratissimi

333 3700 579 3769 corporis
634 3700 772 3769 ejus,
823 3707 934 3757 tum
988 3713 1090 3769 pro
1145 3694 1492 3752 veneratione
1557 3692 1935 3763 apostolorum

337 3786 615 3859 principis,
639 3788 792 3857 cujus
821 3787 897 3841 ibi
928 3786 1150 3856 planela
1178 3800 1298 3840 esse
1326 3781 1582 3848 creditur,
1604 3781 1698 3852 pio
1719 3780 1946 3853 religio—

335 3875 420 3930 nis
468 3876 613 3931 cultu
658 3875 1003 3938 visitaverat;
1039 3889 1150 3945 quo
1198 3882 1324 3928 tunc
1366 3870 1585 3941 quidam
1632 3871 1810 3939 miles,
1850 3885 1943 3926 no-

341 3963 489 4019 mine
518 3964 828 4033 Rotbertus,
861 3962 957 4036 qui
984 3980 1056 4020 ex
1084 3962 1252 4034 plaga
1280 3960 1422 4018 ictus
1439 3958 1625 4015 bellici
1651 3957 1943 4029 paralysim

333 4052 651 4121 incurrerat,
693 4053 952 4109 clientum
989 4051 1239 4106 manibus
1283 4048 1568 4113 advectus,
1605 4046 1854 4119 rogabat,
1886 4053 1947 4101 ut

334 4154 439 4211 pro
471 4140 640 4211 ipsius
661 4141 835 4197 salute
862 4141 1099 4196 Domino
1128 4138 1476 4210 supplicaret.
1517 4134 1634 4203 Ille,
1667 4143 1947 4203 assumpta

339 4227 646 4297 apostolica
670 4227 864 4294 infula,
887 4226 1272 4299 languentibus
1300 4223 1559 4280 membris
1600 4222 1862 4290 admovit,
1894 4227 1948 4277 et

335 4315 599 4389 imposita
639 4317 736 4372 illa
779 4316 1096 4387 antiphona,
1158 4330 1278 4386 quae
1318 4314 1388 4369 de
1430 4310 1714 4382 paralytici
1760 4310 1946 4365 Encas

346 4402 649 4459 salvatione
712 4402 766 4457 in
823 4402 1388 4465 Ecclesia~cantatur,
1441 4404 1646 4453 mutato
1706 4396 1945 4464 nomine,

342 4491 478 4546 dixit
528 4509 540 4545 :

342 4583 485 4647 (Act.
508 4581 708 4650 ix,34).
729 4580 923 4635 Statim
951 4581 1167 4637 cunctis
1196 4577 1506 4634 videntibus
1534 4579 1587 4631 et
1624 4572 1949 4629 mirantibus

342 4684 454 4738 prae
483 4668 710 4741 gaudio,
734 4685 900 4723 sanus
928 4677 980 4725 et
1009 4666 1295 4725 incolumis
1322 4666 1393 4721 ad
1426 4664 1642 4736 propria
1662 4660 1944 4718 remeavit-

347 4756 454 4811 Sed
521 4774 641 4827 quae
706 4758 933 4813 obtentu
998 4765 1302 4813 sanctorum
1350 4753 1639 4826 pignorum
1689 4748 1949 4805 miracula

344 4845 597 4916 gesserit,
657 4852 805 4901 tanto
872 4844 1033 4902 nobis
1091 4842 1506 4899 innumerabilia
1569 4849 1692 4896 sunt
1747 4845 1947 4909 quanto

417 5041 532 5111 (86)
551 5040 724 5113 _Hugo
753 5040 1128 5113 monachusin
1159 5039 1280 5096 Vita
1302 5058 1329 5113 :_
1368 5061 1389 5086 υ
1424 5034 1834 5113 Assumptisque
1862 5048 1944 5113 se:

345 5125 467 5163 cum
511 5106 745 5167 'duobus
794 5112 1072 5168 monachis
1103 5112 1239 5178 suis,
1298 5110 1557 5165 Duranno
1621 5106 1828 5178 sciliCet
1851 5106 1944 5178 qui

344 5179 448 5257 fuit
473 5181 774 5257 Tolosanus
803 5184 1122 5257 episcopus;
1155 5186 1209 5257 et
1227 5174 1493 5257 'Hunaldo
1516 5176 1749 5257 lquifuit
1778 5174 1948 5254 abbas

344 5250 751 5323 Moysiacensis,
784 5248 871 5310 vir
916 5248 1421 5323 eloquentissimus,
1450 5273 1470 5299 »
1508 5248 1947 5323 Centulli_comi-

345 5318 781 5379 tis'Bearnensis
825 5318 1149 5392 fratem-qui
1196 5321 1425 5378 cluniaci
1469 5320 1566 5392 sub
1614 5318 1673 5373 S.
1717 5319 1947 5392 Hugpne

346 5408 485 5447 anne
545 5396 682 5468 1062
737 5388 1321 5468 monasticam__vitam
1386 5391 1684 5468 amplexus,
1717 5388 1945 5468 “eodem

345 5472 531 5535 sancto
575 5465 751 5520 adhuc
795 5466 1080 5535 superstite
1118 5462 1571 5535 Moysiacensibus
1598 5456 1944 5535 praefuit;_d8

344 5533 603 5606 Duranno
660 5527 956 5591 actum-ad
1009 5527 1345 5606 superiorem
1382 5533 1576 5606 Vitam,
1600 5527 1801 5606 preter
1844 5527 1947 5582 hos

344 5604 590 5660 miraculi
636 5613 825 5663 testem
873 5599 1355 5677 aliumfclericum
1413 5602 1551 5658 forte
1604 5599 1942 5664 Secularem,

1966 3126 2016 3190 C

2042 1834 2315 1891 civitatem
2356 1837 2645 1902 veniretur,
2688 1853 2813 1894 ecce
2856 1840 3079 1908 quidam
3116 1839 3185 1895 de
3234 1841 3451 1898 civitate
3493 1843 3648 1898 obtu-

2042 1922 2105 1977 lit
2133 1923 2181 1978 ei
2213 1940 2422 1991 aurum,
2462 1925 2607 1995 quod
2637 1925 2937 1982 solidorum
2966 1928 3199 1999 pretium
3248 1929 3432 1985 decies
3480 1947 3642 1988 exce-

2043 2012 2225 2067 debat.
2294 2014 2444 2069 Tunc
2507 2028 2799 2070 conversus
2862 2015 2931 2070 ad
2987 2016 3314 2086 praedictum
3380 2018 3645 2075 fratrem:

2047 2121 2069 2146 ε
2112 2099 2332 2171 Accipe,
2365 2100 2564 2171 inquit,
2623 2110 2677 2157 et
2727 2118 2793 2158 ne
2849 2102 2987 2157 ultra
3032 2103 3101 2159 de
3141 2104 3285 2160 bono
3334 2106 3644 2163 feneratore

2043 2186 2283 2244 difﬁdas.
2321 2212 2342 2235 ι»
2378 2189 2681 2261 Singularis
2709 2190 2765 2244 in
2791 2191 2965 2246 Deum
3007 2190 3216 2247 ﬁducia:
3246 2193 3330 2249 vir
3360 2194 3482 2262 iste,
3517 2209 3650 2266 quo-

2045 2276 2147 2331 ties
2177 2293 2245 2331 ex
2273 2292 2477 2349 magna
2506 2285 2559 2332 et
2587 2278 2909 2333 intolerabili
2941 2281 3167 2350 penuria
3212 2298 3274 2337 se
3315 2285 3368 2338 et
3398 2283 3642 2352 domum,

2045 2363 2135 2420 cui
2156 2373 2410 2434 praeerat,
2442 2364 2571 2435 fide,
2605 2382 2711 2436 qua
2754 2375 2895 2423 totus
2941 2368 2996 2422 in
3043 2370 3160 2425 Deo
3202 2378 3336 2438 erat,
3369 2371 3639 2443 liberavit,

2047 2468 2373 2509 enumerare
2402 2454 2724 2527 perlongum
2755 2464 2855 2511 est.

2118 2546 2205 2597 12.
2249 2541 2359 2597 Sed
2415 2542 2562 2614 quod
2617 2543 2790 2598 beatis
2845 2545 3104 2615 apostolis
3160 2548 3316 2604 Petro
3372 2556 3425 2603 et
3480 2549 3645 2606 Paulo

2046 2630 2286 2700 scripsit,
2318 2646 2486 2686 unum
2517 2631 2586 2688 de
2616 2632 2800 2688 multis
2829 2633 3066 2689 sufficiat
3106 2635 3342 2692 breviter
3374 2644 3644 2693 retexere.

2046 2718 2295 2787 Quadam
2325 2719 2466 2786 vice,
2501 2727 2729 2790 urgente
2776 2720 2979 2790 inOpia,
3012 2722 3176 2776 missa
3205 2740 3237 2777 a
3282 2724 3537 2779 fratribus
3579 2726 3649 2780 ad

2044 2822 2167 2862 eum
2197 2807 2398 2878 legatio
2427 2816 2507 2863 est
2535 2809 2673 2877 (erat
2701 2808 2846 2863 enim
2880 2817 3003 2865 tunc
3020 2810 3330 2867 Marciniaci
3352 2812 3467 2882 (87)
3498 2829 3651 2868 oran-

2043 2896 2203 2963 tibus,
2235 2904 2295 2951 ut
2321 2895 2376 2950 in
2416 2903 2562 2951 tanta
2589 2896 2911 2952 necessitate
2938 2897 3019 2953 eis
3045 2898 3365 2955 consuleret.
3398 2901 3636 2956 Conver-

2043 2983 2173 3038 titur
2201 2999 2334 3056 ergo
2364 2985 2434 3039 ad
2459 2984 2730 3056 singulare
2766 2984 3095 3054 praesidium
3123 3005 3134 3051 ;
3168 2987 3328 3042 mittit
3379 2989 3639 3058 apostolis

2044 3071 2353 3142 epistolam,
2386 3087 2587 3144 rogans
2616 3080 2667 3128 et
2706 3073 2998 3129 obsecrans
3025 3083 3083 3129 ut
3111 3090 3392 3131 servorum
3422 3092 3642 3132 suorum

2042 3159 2461 3227 misererentur;
2484 3169 2537 3215 et
2564 3160 2655 3232 qui
2686 3168 2912 3216 eatenus
2950 3162 3129 3217 locum
3168 3163 3319 3217 illum
3359 3164 3640 3229 rexissent,

2044 3248 2184 3302 etde
2214 3263 2385 3317 parvo
2413 3247 2469 3301 in
2507 3262 2767 3318 magnum
2808 3248 3201 3318 provexissent,
3234 3265 3379 3305 nunc
3427 3266 3645 3322 quoque

2042 3334 2111 3390 ab
2160 3336 2243 3389 his
2291 3334 2552 3406 angustiis
2606 3350 2731 3389 eum
2786 3335 3079 3407 eriperent,
3149 3353 3248 3392 nec
3303 3337 3373 3392 ad
3424 3346 3648 3409 peccata

2042 3423 2180 3493 ejus,
2211 3423 2307 3479 sed
2336 3423 2407 3477 ad
2444 3421 2821 3478 miserationes
2867 3438 2995 3479 suas
3041 3423 3254 3494 multas,
3286 3426 3644 3495 respicerent.

2041 3510 2301 3567 Defertur
2350 3511 2533 3581 itaque
2578 3518 2702 3565 ante
2746 3510 2987 3582 ipsorum
3041 3512 3213 3568 altare
3258 3512 3460 3586 legatio
3488 3514 3639 3572 ﬁdei.

2042 3599 2186 3669 Quid
2241 3600 2455 3654 multa?
2513 3600 2684 3655 Tanta
2741 3614 2851 3655 non
2905 3600 3088 3656 multis
3144 3601 3378 3657 evolutis
3433 3602 3647 3674 diebus,

2049 3704 2228 3743 rerum
2277 3688 2438 3758 capia
2484 3688 2816 3758 supervenit,
2848 3695 2905 3743 ut
2942 3704 3050 3744 non
3095 3689 3274 3746 solum
3318 3690 3464 3745 illius
3506 3696 3652 3750 tem-

2050 3777 2223 3847 poris,
2255 3776 2353 3833 sed
2381 3785 2436 3833 et
2477 3778 2639 3833 totius
2679 3776 2808 3832 anni
2854 3777 3061 3835 levaret
3105 3778 3368 3849 inopiam.
3418 3780 3488 3834 Et
3528 3780 3659 3853 quia

2053 3865 2336 3921 occasione
2370 3879 2431 3920 se
2479 3865 2755 3936 praebente
2795 3865 2862 3920 de
2908 3865 3084 3921 beatis
3130 3867 3392 3937 apostolis
3430 3866 3656 3924 fecimus

2050 3954 2404 4021 mentionem,
2464 3953 2691 4024 dignum
2747 3957 2829 4007 est
2857 3954 3066 4009 referre
3121 3955 3353 4026 qualiter
3406 3971 3508 4026 per
3562 3972 3655 4011 eos

2052 4037 2123 4093 de
2173 4052 2327 4094 nova
2382 4035 2620 4092 basilicas
2664 4036 2977 4093 fundatione
3018 4037 3104 4094 vir
3123 4038 3328 4110 .beatus
3358 4038 3653 4095 commoni-

2053 4129 2140 4181 tus
2166 4127 2252 4180 sit.

2125 4214 2214 4271 13.
2248 4213 2483 4283 Quidam
2515 4214 2686 4269 abbas
2714 4214 3049 4281 monasterii,
3079 4214 3165 4269 cui
3211 4213 3396 4270 Balma
3419 4214 3532 4286 (88)
3565 4230 3656 4271 vo-

2056 4300 2310 4357 cabulum
2348 4309 2448 4369 est,
2482 4302 2669 4358 Gunzo
2712 4302 2950 4370 nomine,
2982 4302 3066 4359 vir
3111 4317 3324 4374 magnae
3366 4305 3657 4359 honestatis

2056 4396 2107 4445 et
2136 4388 2515 4461 simplicitatis,
2549 4389 2679 4444 dum
2727 4389 3019 4461 aliquando
3048 4390 3204 4462 gravi
3251 4389 3508 4463 languore
3550 4407 3654 4460 pa-

591 4491 867 4560 noiberle,
909 4493 1160 4548 “name
1191 4489 1476 4547 Dominus
1503 4484 1641 4541 ,Ιεειι
1683 4484 1941 4542 Christus
1973 4470 2030 4533 D
2056 4477 2249 4548 ralysis
2284 4476 2527 4533 Cluniaci
2558 4477 2831 4544 deﬁceret,
2862 4477 2934 4532 ita
2968 4482 3027 4531 ut
3062 4477 3132 4532 ad
3175 4486 3416 4533 extrema
3452 4479 3566 4547 jam
3596 4494 3657 4535 se

2055 4565 2340 4622 devenisse
2369 4566 2635 4633 crederet,
2668 4566 2912 4637 quadam
2963 4574 3142 4632 nocte,
3186 4566 3325 4620 vidit
3353 4567 3460 4620 sibi
3507 4567 3653 4622 assi-

2056 4661 2198 4710 stere
2225 4654 2372 4726 ipsos
2413 4653 2692 4726 apostolos
2739 4654 2951 4708 Petrum
2981 4662 3033 4709 et
3062 4654 3285 4708 Paulum
3314 4670 3438 4710 cum
3469 4663 3653 4725 proto-

2055 4751 2290 4813 martyre
2344 4744 2642 4813 Stephano,
2674 4758 2902 4812 quorum
2932 4742 3142 4812 primus
3169 4750 3331 4814 atque
3377 4742 3655 4813 princeps,

2055 4829 2307 4887 videlicet
2340 4831 2534 4886 beatus
2555 4831 2768 4895 Petrus,
2791 4837 3076 4901 postquam
3107 4830 3179 4886 ab
3207 4830 3325 4900 ipso
3356 4831 3445 4901 qui
3472 4840 3662 4887 essent

2054 5026 2259 5099 allegat
2311 5027 2470 5099 llugo
2501 5045 2511 5080 :
2569 5048 2589 5075 ιι
2624 5025 2924 5099 Religioso
2949 5028 3074 5082 viro
3104 5026 3349 5099 Vicentio
3390 5028 3657 5087 referente

2054 5095 2221 5169 didici
2279 5095 2699 5169 quae'narravi,
2732 5095 2851 5167 ipse
2900 5096 3043 5155 facto
3092 5095 3358 5169 interfuit,
3391 5101 3542 5169 vidit,
3604 5108 3657 5158 et

2058 5166 2415 5225 testimonium
2449 5166 2805 5237 perhibuit.»

2125 5241 2237 5305 (87)
2258 5241 2337 5294 De
2357 5240 2460 5294 hoc
2476 5237 2883 5296 Marciniaceusi
2915 5240 3249 5297 monasterio
3279 5241 3409 5296 satis
3439 5241 3653 5314 egimus

2053 5327 2213 5365 SllDl‘ﬂ
2224 5351 2236 5362 .

2263 5381 2450 5435 Balma
2486 5380 2650 5451 vulgo
2681 5382 2909 5445 Baume,
2943 5377 3191 5437 dimcesis
3216 5381 3648 5449 Vesonlinensis,

2052 5452 2208 5521 cujus
2254 5452 2503 5506 conditor
2558 5452 2656 5506 fuit
2710 5451 2766 5507 S.
2808 5451 3080 5520 Euricius,
3126 5460 3183 5506 ut
3224 5451 3279 5505 in
3337 5451 3498 5517 hujus
3532 5453 3651 5506 Vita

2052 5522 2253 5594 legitur
2278 5521 2351 5581 ad
2374 5527 2438 5579 13
2466 5522 2587 5577 Jan.
