  <div class='ocr_page' id='page_1' title='image "/cluster/home/n/w/nwhite01/storage/ocr_20150623/159/hvd.32044054760178/455.png"; bbox 0 0 3956 6084; ppageno 0'>
   <div class='ocr_carea' id='block_1_1' title="bbox 419 285 520 338">
    <p class='ocr_par' dir='ltr' id='par_1_1' title="bbox 419 285 520 338">
     <span class='ocr_line' id='line_1_1' title="bbox 419 285 520 338; baseline -0.02 0"><span class='ocrx_word' id='word_1_1' title='bbox 419 285 520 338; x_wconf 77' lang='lat'><strong>899</strong></span> 
     </span>
    </p>
   </div>
   <div class='ocr_carea' id='block_1_2' title="bbox 1524 277 2618 336">
    <p class='ocr_par' dir='ltr' id='par_1_2' title="bbox 1524 277 2618 336">
     <span class='ocr_line' id='line_1_2' title="bbox 1524 277 2618 336; baseline 0.001 -2"><span class='ocrx_word' id='word_1_2' title='bbox 1524 282 1578 334; x_wconf 76' lang='lat' dir='ltr'><strong>S.</strong></span> <span class='ocrx_word' id='word_1_3' title='bbox 1614 277 1928 334; x_wconf 78' lang='lat' dir='ltr'><strong>llUGONlS</strong></span> <span class='ocrx_word' id='word_1_4' title='bbox 1966 277 2260 334; x_wconf 67' lang='lat' dir='ltr'><strong>ABBATIS</strong></span> <span class='ocrx_word' id='word_1_5' title='bbox 2301 281 2618 336; x_wconf 70' lang='lat' dir='ltr'><strong>CLUNIAC.</strong></span> 
     </span>
    </p>
   </div>
   <div class='ocr_carea' id='block_1_3' title="bbox 3629 293 3751 345">
    <p class='ocr_par' dir='ltr' id='par_1_3' title="bbox 3629 293 3751 345">
     <span class='ocr_line' id='line_1_3' title="bbox 3629 293 3751 345; baseline 0.008 -1"><span class='ocrx_word' id='word_1_6' title='bbox 3629 293 3751 345; x_wconf 77' lang='grc'><strong>906</strong></span> 
     </span>
    </p>
   </div>
   <div class='ocr_carea' id='block_1_4' title="bbox 413 402 3750 479">
    <p class='ocr_par' dir='ltr' id='par_1_4' title="bbox 413 402 3750 479">
     <span class='ocr_line' id='line_1_4' title="bbox 413 402 3750 479; baseline 0.002 -15"><span class='ocrx_word' id='word_1_7' title='bbox 413 409 719 479; x_wconf 72' lang='lat' dir='ltr'><strong>requiritur,</strong></span> <span class='ocrx_word' id='word_1_8' title='bbox 755 415 806 462; x_wconf 86' lang='lat' dir='ltr'><strong>et</strong></span> <span class='ocrx_word' id='word_1_9' title='bbox 853 423 1005 460; x_wconf 86' lang='lat' dir='ltr'><strong>suum</strong></span> <span class='ocrx_word' id='word_1_10' title='bbox 1054 418 1250 457; x_wconf 86' lang='lat' dir='ltr'>nomen</span> <span class='ocrx_word' id='word_1_11' title='bbox 1299 410 1460 472; x_wconf 87' lang='lat' dir='ltr'><strong>atque</strong></span> <span class='ocrx_word' id='word_1_12' title='bbox 1491 404 1756 458; x_wconf 83' lang='lat' dir='ltr'><strong>sociorum</strong></span> <span class='ocrx_word' id='word_1_13' title='bbox 1799 403 2004 457; x_wconf 86' lang='lat' dir='ltr'><strong>edidis-</strong></span> <span class='ocrx_word' id='word_1_14' title='bbox 2033 403 2089 462; x_wconf 85' lang='lat' dir='ltr'><strong>A</strong></span> <span class='ocrx_word' id='word_1_15' title='bbox 2119 402 2223 456; x_wconf 88' lang='lat' dir='ltr'><strong>Sed</strong></span> <span class='ocrx_word' id='word_1_16' title='bbox 2281 404 2522 472; x_wconf 85' lang='lat' dir='ltr'><strong>nunquid</strong></span> <span class='ocrx_word' id='word_1_17' title='bbox 2588 405 2642 459; x_wconf 89' lang='lat' dir='ltr'><strong>in</strong></span> <span class='ocrx_word' id='word_1_18' title='bbox 2692 406 2886 462; x_wconf 86' lang='lat' dir='ltr'><strong>Galliis</strong></span> <span class='ocrx_word' id='word_1_19' title='bbox 2936 415 3162 476; x_wconf 84' lang='lat' dir='ltr'><strong>tantum,</strong></span> <span class='ocrx_word' id='word_1_20' title='bbox 3235 427 3302 464; x_wconf 89' lang='lat' dir='ltr'><strong>an</strong></span> <span class='ocrx_word' id='word_1_21' title='bbox 3361 413 3750 474; x_wconf 70' lang='lat' dir='ltr'><strong>occidentales</strong></span> 
     </span>
    </p>
   </div>
   <div class='ocr_carea' id='block_1_5' title="bbox 410 492 2006 563">
    <p class='ocr_par' dir='ltr' id='par_1_5' title="bbox 410 492 2006 563">
     <span class='ocr_line' id='line_1_5' title="bbox 410 492 2006 563; baseline -0.005 -11"><span class='ocrx_word' id='word_1_22' title='bbox 410 507 513 563; x_wconf 87' lang='lat' dir='ltr'><strong>set,</strong></span> <span class='ocrx_word' id='word_1_23' title='bbox 548 499 621 552; x_wconf 78' lang='lat' dir='ltr'><strong>sic</strong></span> <span class='ocrx_word' id='word_1_24' title='bbox 656 505 732 551; x_wconf 85' lang='lat' dir='ltr'><strong>est</strong></span> <span class='ocrx_word' id='word_1_25' title='bbox 762 509 989 550; x_wconf 75' lang='lat' dir='ltr'><strong>exorsus</strong></span> <span class='ocrx_word' id='word_1_26' title='bbox 1024 513 1034 547; x_wconf 93' lang='lat'><strong>:</strong></span> <span class='ocrx_word' id='word_1_27' title='bbox 1088 515 1109 537; x_wconf 80' lang='grc' dir='ltr'>α</span> <span class='ocrx_word' id='word_1_28' title='bbox 1146 493 1337 562; x_wconf 81' lang='lat' dir='ltr'><strong>Surge,</strong></span> <span class='ocrx_word' id='word_1_29' title='bbox 1374 492 1560 554; x_wconf 83' lang='lat' dir='ltr'><strong>frater,</strong></span> <span class='ocrx_word' id='word_1_30' title='bbox 1595 492 1773 557; x_wconf 84' lang='lat' dir='ltr'><strong>ocius,</strong></span> <span class='ocrx_word' id='word_1_31' title='bbox 1808 499 1856 544; x_wconf 86' lang='lat' dir='ltr'><strong>et</strong></span> <span class='ocrx_word' id='word_1_32' title='bbox 1890 492 2006 544; x_wconf 85' lang='lat' dir='ltr'><strong>llu-</strong></span> 
     </span>
    </p>
   </div>
   <div class='ocr_carea' id='block_1_6' title="bbox 409 579 2006 657">
    <p class='ocr_par' dir='ltr' id='par_1_6' title="bbox 409 579 2006 657">
     <span class='ocr_line' id='line_1_6' title="bbox 409 579 2006 657; baseline -0.004 -18"><span class='ocrx_word' id='word_1_33' title='bbox 409 587 537 657; x_wconf 82' lang='lat' dir='ltr'><strong>goni</strong></span> <span class='ocrx_word' id='word_1_34' title='bbox 572 585 752 639; x_wconf 89' lang='lat' dir='ltr'><strong>abbati</strong></span> <span class='ocrx_word' id='word_1_35' title='bbox 787 583 947 653; x_wconf 87' lang='lat' dir='ltr'><strong>hujus</strong></span> <span class='ocrx_word' id='word_1_36' title='bbox 976 580 1257 640; x_wconf 61' lang='lat' dir='ltr'><strong>Ecclesiae.</strong></span> <span class='ocrx_word' id='word_1_37' title='bbox 1302 582 1417 634; x_wconf 69' lang='lat' dir='ltr'><strong>haec</strong></span> <span class='ocrx_word' id='word_1_38' title='bbox 1448 588 1627 633; x_wconf 87' lang='lat' dir='ltr'><strong>nostra</strong></span> <span class='ocrx_word' id='word_1_39' title='bbox 1667 579 1820 633; x_wconf 84' lang='lat' dir='ltr'><strong>defer</strong></span> <span class='ocrx_word' id='word_1_40' title='bbox 1847 596 2006 632; x_wconf 88' lang='lat' dir='ltr'><strong>man—</strong></span> 
     </span>
    </p>
   </div>
   <div class='ocr_carea' id='block_1_7' title="bbox 411 668 2009 743">
    <p class='ocr_par' dir='ltr' id='par_1_7' title="bbox 411 668 2009 743">
     <span class='ocr_line' id='line_1_7' title="bbox 411 668 2009 743; baseline -0.004 -14"><span class='ocrx_word' id='word_1_41' title='bbox 411 677 536 729; x_wconf 87' lang='lat' dir='ltr'><strong>data</strong></span> <span class='ocrx_word' id='word_1_42' title='bbox 570 691 579 727; x_wconf 90' lang='lat'><strong>:</strong></span> <span class='ocrx_word' id='word_1_43' title='bbox 607 673 890 743; x_wconf 76' lang='lat' dir='ltr'><strong>Angustias</strong></span> <span class='ocrx_word' id='word_1_44' title='bbox 939 670 1178 724; x_wconf 64' lang='lat' dir='ltr'><strong>basilica:</strong></span> <span class='ocrx_word' id='word_1_45' title='bbox 1209 677 1411 722; x_wconf 63' lang='lat' dir='ltr'><strong>nostra:</strong></span> <span class='ocrx_word' id='word_1_46' title='bbox 1445 669 1662 722; x_wconf 77' lang='lat' dir='ltr'><strong>fratrum</strong></span> <span class='ocrx_word' id='word_1_47' title='bbox 1717 668 2009 722; x_wconf 83' lang='lat' dir='ltr'><strong>multitudo</strong></span> 
     </span>
    </p>
   </div>
   <div class='ocr_carea' id='block_1_8' title="bbox 415 756 2009 828">
    <p class='ocr_par' dir='ltr' id='par_1_8' title="bbox 415 756 2009 828">
     <span class='ocr_line' id='line_1_8' title="bbox 415 756 2009 828; baseline -0.004 -12"><span class='ocrx_word' id='word_1_48' title='bbox 415 765 551 816; x_wconf 87' lang='lat' dir='ltr'><strong>ferre</strong></span> <span class='ocrx_word' id='word_1_49' title='bbox 578 762 670 814; x_wconf 76' lang='lat' dir='ltr'><strong>vix</strong></span> <span class='ocrx_word' id='word_1_50' title='bbox 702 767 896 828; x_wconf 78' lang='lat' dir='ltr'><strong>potest,</strong></span> <span class='ocrx_word' id='word_1_51' title='bbox 923 766 974 812; x_wconf 89' lang='lat' dir='ltr'><strong>et</strong></span> <span class='ocrx_word' id='word_1_52' title='bbox 997 758 1245 811; x_wconf 86' lang='lat' dir='ltr'><strong>volumus</strong></span> <span class='ocrx_word' id='word_1_53' title='bbox 1268 765 1323 808; x_wconf 90' lang='lat' dir='ltr'><strong>ut.</strong></span> <span class='ocrx_word' id='word_1_54' title='bbox 1353 757 1671 824; x_wconf 77' lang='lat' dir='ltr'><strong>ampliorem</strong></span> <span class='ocrx_word' id='word_1_55' title='bbox 1705 756 1872 809; x_wconf 87' lang='lat' dir='ltr'><strong>abbas</strong></span> <span class='ocrx_word' id='word_1_56' title='bbox 1897 757 2009 824; x_wconf 85' lang='lat' dir='ltr'><strong>ipse</strong></span> 
     </span>
    </p>
   </div>
   <div class='ocr_carea' id='block_1_9' title="bbox 407 844 2007 913">
    <p class='ocr_par' dir='ltr' id='par_1_9' title="bbox 407 844 2007 913">
     <span class='ocr_line' id='line_1_9' title="bbox 407 844 2007 913; baseline -0.006 -7"><span class='ocrx_word' id='word_1_57' title='bbox 407 850 639 906; x_wconf 60' lang='lat' dir='ltr'><strong>aediﬁcet</strong></span> <span class='ocrx_word' id='word_1_58' title='bbox 662 863 760 901; x_wconf 83' lang='lat' dir='ltr'><strong>nec</strong></span> <span class='ocrx_word' id='word_1_59' title='bbox 790 848 856 900; x_wconf 84' lang='lat' dir='ltr'><strong>de</strong></span> <span class='ocrx_word' id='word_1_60' title='bbox 889 845 1198 913; x_wconf 84' lang='lat' dir='ltr'><strong>sumptibus</strong></span> <span class='ocrx_word' id='word_1_61' title='bbox 1229 844 1459 912; x_wconf 82' lang='lat' dir='ltr'><strong>difiidat,</strong></span> <span class='ocrx_word' id='word_1_62' title='bbox 1493 853 1732 897; x_wconf 86' lang='lat' dir='ltr'><strong>nostrum</strong></span> <span class='ocrx_word' id='word_1_63' title='bbox 1755 844 1856 897; x_wconf 81' lang='lat' dir='ltr'><strong>erit</strong></span> <span class='ocrx_word' id='word_1_64' title='bbox 1877 859 2007 913; x_wconf 91' lang='lat' dir='ltr'><strong>pro-</strong></span> 
     </span>
    </p>
   </div>
   <div class='ocr_carea' id='block_1_10' title="bbox 411 933 2008 1003">
    <p class='ocr_par' dir='ltr' id='par_1_10' title="bbox 411 933 2008 1003">
     <span class='ocr_line' id='line_1_10' title="bbox 411 933 2008 1003; baseline -0.004 -12"><span class='ocrx_word' id='word_1_65' title='bbox 411 939 598 993; x_wconf 78' lang='lat' dir='ltr'><strong>videre</strong></span> <span class='ocrx_word' id='word_1_66' title='bbox 630 939 698 990; x_wconf 90' lang='lat' dir='ltr'><strong>de</strong></span> <span class='ocrx_word' id='word_1_67' title='bbox 737 935 991 990; x_wconf 87' lang='lat' dir='ltr'><strong>omnibus</strong></span> <span class='ocrx_word' id='word_1_68' title='bbox 1022 949 1143 1003; x_wconf 67' lang='lat' dir='ltr'><strong>quae</strong></span> <span class='ocrx_word' id='word_1_69' title='bbox 1187 933 1310 986; x_wconf 88' lang='lat' dir='ltr'><strong>huic</strong></span> <span class='ocrx_word' id='word_1_70' title='bbox 1341 933 1489 1001; x_wconf 89' lang='lat' dir='ltr'><strong>operi</strong></span> <span class='ocrx_word' id='word_1_71' title='bbox 1536 933 1839 986; x_wconf 84' lang='lat' dir='ltr'><strong>necessaria</strong></span> <span class='ocrx_word' id='word_1_72' title='bbox 1887 934 2008 985; x_wconf 86' lang='lat' dir='ltr'><strong>fue-</strong></span> 
     </span>
    </p>
   </div>
   <div class='ocr_carea' id='block_1_11' title="bbox 402 1020 2006 1091">
    <p class='ocr_par' dir='ltr' id='par_1_11' title="bbox 402 1020 2006 1091">
     <span class='ocr_line' id='line_1_11' title="bbox 402 1020 2006 1091; baseline -0.006 -11"><span class='ocrx_word' id='word_1_73' title='bbox 402 1027 534 1080; x_wconf 86' lang='lat' dir='ltr'><strong>rint.</strong></span> <span class='ocrx_word' id='word_1_74' title='bbox 573 1046 595 1074; x_wconf 65' lang='grc' dir='ltr'><strong>ν</strong></span> <span class='ocrx_word' id='word_1_75' title='bbox 632 1025 734 1078; x_wconf 84' lang='lat' dir='ltr'><strong>Cui</strong></span> <span class='ocrx_word' id='word_1_76' title='bbox 767 1024 858 1077; x_wconf 90' lang='lat' dir='ltr'><strong>ille</strong></span> <span class='ocrx_word' id='word_1_77' title='bbox 888 1042 897 1074; x_wconf 90' lang='lat'>:</span> <span class='ocrx_word' id='word_1_78' title='bbox 940 1047 958 1068; x_wconf 75' lang='grc' dir='ltr'>α</span> <span class='ocrx_word' id='word_1_79' title='bbox 993 1021 1364 1091; x_wconf 82' lang='lat' dir='ltr'><strong>Legationem,</strong></span> <span class='ocrx_word' id='word_1_80' title='bbox 1413 1020 1604 1088; x_wconf 81' lang='lat' dir='ltr'><strong>inquit,</strong></span> <span class='ocrx_word' id='word_1_81' title='bbox 1640 1021 1796 1073; x_wconf 88' lang='lat' dir='ltr'><strong>istam</strong></span> <span class='ocrx_word' id='word_1_82' title='bbox 1831 1021 2006 1074; x_wconf 87' lang='lat' dir='ltr'><strong>susci-</strong></span> 
     </span>
    </p>
   </div>
   <div class='ocr_carea' id='block_1_12' title="bbox 402 1109 2006 1185">
    <p class='ocr_par' dir='ltr' id='par_1_12' title="bbox 402 1109 2006 1185">
     <span class='ocr_line' id='line_1_12' title="bbox 402 1109 2006 1185; baseline -0.005 -15"><span class='ocrx_word' id='word_1_83' title='bbox 402 1132 532 1185; x_wconf 84' lang='lat' dir='ltr'><strong>pere</strong></span> <span class='ocrx_word' id='word_1_84' title='bbox 562 1130 668 1168; x_wconf 92' lang='lat' dir='ltr'><strong>non</strong></span> <span class='ocrx_word' id='word_1_85' title='bbox 695 1113 887 1178; x_wconf 85' lang='lat' dir='ltr'><strong>audeo,</strong></span> <span class='ocrx_word' id='word_1_86' title='bbox 919 1112 1045 1179; x_wconf 86' lang='lat' dir='ltr'><strong>quia</strong></span> <span class='ocrx_word' id='word_1_87' title='bbox 1095 1126 1265 1178; x_wconf 86' lang='lat' dir='ltr'><strong>neque</strong></span> <span class='ocrx_word' id='word_1_88' title='bbox 1311 1109 1444 1163; x_wconf 71' lang='lat' dir='ltr'><strong>fides</strong></span> <span class='ocrx_word' id='word_1_89' title='bbox 1486 1109 1664 1162; x_wconf 88' lang='lat' dir='ltr'><strong>verbis</strong></span> <span class='ocrx_word' id='word_1_90' title='bbox 1712 1109 2006 1162; x_wconf 88' lang='lat' dir='ltr'><strong>adhibere-</strong></span> 
     </span>
    </p>
   </div>
   <div class='ocr_carea' id='block_1_13' title="bbox 404 1197 2007 1270">
    <p class='ocr_par' dir='ltr' id='par_1_13' title="bbox 404 1197 2007 1270">
     <span class='ocr_line' id='line_1_13' title="bbox 404 1197 2007 1270; baseline -0.004 -12"><span class='ocrx_word' id='word_1_91' title='bbox 404 1212 510 1258; x_wconf 88' lang='lat' dir='ltr'><strong>tur.</strong></span> <span class='ocrx_word' id='word_1_92' title='bbox 559 1227 579 1250; x_wconf 72' lang='lat'><em>»</em></span> <span class='ocrx_word' id='word_1_93' title='bbox 613 1203 676 1256; x_wconf 86' lang='lat' dir='ltr'><strong>Et</strong></span> <span class='ocrx_word' id='word_1_94' title='bbox 717 1200 990 1270; x_wconf 84' lang='lat' dir='ltr'><strong>apostolus</strong></span> <span class='ocrx_word' id='word_1_95' title='bbox 1025 1215 1036 1252; x_wconf 87' lang='lat'><strong>:</strong></span> <span class='ocrx_word' id='word_1_96' title='bbox 1075 1222 1094 1245; x_wconf 72' lang='grc' dir='ltr'><strong>«ι</strong></span> <span class='ocrx_word' id='word_1_97' title='bbox 1132 1197 1387 1267; x_wconf 81' lang='lat' dir='ltr'><strong>Signum,</strong></span> <span class='ocrx_word' id='word_1_98' title='bbox 1424 1197 1516 1263; x_wconf 88' lang='lat' dir='ltr'><strong>ait,</strong></span> <span class='ocrx_word' id='word_1_99' title='bbox 1545 1198 1785 1250; x_wconf 75' lang='lat' dir='ltr'><strong>veritatis</strong></span> <span class='ocrx_word' id='word_1_100' title='bbox 1829 1199 1931 1251; x_wconf 90' lang='lat' dir='ltr'><strong>hoc</strong></span> <span class='ocrx_word' id='word_1_101' title='bbox 1974 1213 2007 1251; x_wconf 86' lang='lat' dir='ltr'><strong>a</strong></span> 
     </span>
    </p>
   </div>
   <div class='ocr_carea' id='block_1_14' title="bbox 398 1285 2004 1358">
    <p class='ocr_par' dir='ltr' id='par_1_14' title="bbox 398 1285 2004 1358">
     <span class='ocr_line' id='line_1_14' title="bbox 398 1285 2004 1358; baseline -0.006 -9"><span class='ocrx_word' id='word_1_102' title='bbox 398 1310 490 1348; x_wconf 86' lang='lat' dir='ltr'><strong>me</strong></span> <span class='ocrx_word' id='word_1_103' title='bbox 523 1293 762 1357; x_wconf 87' lang='lat' dir='ltr'><strong>habeas;</strong></span> <span class='ocrx_word' id='word_1_104' title='bbox 799 1289 921 1358; x_wconf 90' lang='lat' dir='ltr'><strong>quia</strong></span> <span class='ocrx_word' id='word_1_105' title='bbox 954 1302 1107 1349; x_wconf 74' lang='lat' dir='ltr'><strong>mox,</strong></span> <span class='ocrx_word' id='word_1_106' title='bbox 1133 1285 1355 1354; x_wconf 82' lang='lat' dir='ltr'><strong>impleto</strong></span> <span class='ocrx_word' id='word_1_107' title='bbox 1376 1285 1660 1356; x_wconf 82' lang='lat' dir='ltr'><strong>legationis</strong></span> <span class='ocrx_word' id='word_1_108' title='bbox 1682 1285 1874 1354; x_wconf 80' lang='lat' dir='ltr'><strong>oﬂicio,</strong></span> <span class='ocrx_word' id='word_1_109' title='bbox 1903 1287 2004 1339; x_wconf 80' lang='lat' dir='ltr'><strong>sal-</strong></span> 
     </span>
    </p>
   </div>
   <div class='ocr_carea' id='block_1_15' title="bbox 400 1374 2007 1442">
    <p class='ocr_par' dir='ltr' id='par_1_15' title="bbox 400 1374 2007 1442">
     <span class='ocr_line' id='line_1_15' title="bbox 400 1374 2007 1442; baseline -0.008 -4"><span class='ocrx_word' id='word_1_110' title='bbox 400 1400 530 1438; x_wconf 84' lang='lat' dir='ltr'><strong>vum</strong></span> <span class='ocrx_word' id='word_1_111' title='bbox 562 1382 630 1435; x_wconf 88' lang='lat' dir='ltr'><strong>ab</strong></span> <span class='ocrx_word' id='word_1_112' title='bbox 663 1378 813 1432; x_wconf 89' lang='lat' dir='ltr'><strong>omni</strong></span> <span class='ocrx_word' id='word_1_113' title='bbox 841 1375 1193 1430; x_wconf 90' lang='lat' dir='ltr'><strong>incommodo</strong></span> <span class='ocrx_word' id='word_1_114' title='bbox 1227 1383 1275 1427; x_wconf 85' lang='lat' dir='ltr'><strong>te</strong></span> <span class='ocrx_word' id='word_1_115' title='bbox 1304 1374 1561 1442; x_wconf 76' lang='lat' dir='ltr'><strong>reperies.</strong></span> <span class='ocrx_word' id='word_1_116' title='bbox 1593 1394 1614 1422; x_wconf 72' lang='grc' dir='ltr'><strong><em>ι</em></strong></span> <span class='ocrx_word' id='word_1_117' title='bbox 1666 1375 1913 1442; x_wconf 83' lang='lat' dir='ltr'><strong>Dixerat,</strong></span> <span class='ocrx_word' id='word_1_118' title='bbox 1955 1380 2007 1427; x_wconf 87' lang='lat' dir='ltr'><strong>et</strong></span> 
     </span>
    </p>
   </div>
   <div class='ocr_carea' id='block_1_16' title="bbox 398 1462 2004 1533">
    <p class='ocr_par' dir='ltr' id='par_1_16' title="bbox 398 1462 2004 1533">
     <span class='ocr_line' id='line_1_16' title="bbox 398 1462 2004 1533; baseline -0.007 -7"><span class='ocrx_word' id='word_1_119' title='bbox 398 1473 468 1526; x_wconf 88' lang='lat' dir='ltr'><strong>ab</strong></span> <span class='ocrx_word' id='word_1_120' title='bbox 512 1469 686 1524; x_wconf 89' lang='lat' dir='ltr'><strong>oculis</strong></span> <span class='ocrx_word' id='word_1_121' title='bbox 740 1468 853 1533; x_wconf 84' lang='lat' dir='ltr'><strong>ejus</strong></span> <span class='ocrx_word' id='word_1_122' title='bbox 909 1463 1090 1517; x_wconf 78' lang='lat' dir='ltr'><strong>statim</strong></span> <span class='ocrx_word' id='word_1_123' title='bbox 1144 1462 1278 1515; x_wconf 87' lang='lat' dir='ltr'><strong>visio</strong></span> <span class='ocrx_word' id='word_1_124' title='bbox 1338 1462 1622 1531; x_wconf 79' lang='lat' dir='ltr'><strong>disparuit.</strong></span> <span class='ocrx_word' id='word_1_125' title='bbox 1656 1463 2004 1516; x_wconf 82' lang='lat' dir='ltr'><strong>llluccscente</strong></span> 
     </span>
    </p>
   </div>
   <div class='ocr_carea' id='block_1_17' title="bbox 398 1550 2002 1618">
    <p class='ocr_par' dir='ltr' id='par_1_17' title="bbox 398 1550 2002 1618">
     <span class='ocr_line' id='line_1_17' title="bbox 398 1550 2002 1618; baseline -0.005 -6"><span class='ocrx_word' id='word_1_126' title='bbox 398 1575 540 1614; x_wconf 87' lang='lat' dir='ltr'><strong>vero</strong></span> <span class='ocrx_word' id='word_1_127' title='bbox 600 1554 861 1616; x_wconf 81' lang='lat' dir='ltr'><strong>diluculo,</strong></span> <span class='ocrx_word' id='word_1_128' title='bbox 921 1552 1183 1605; x_wconf 88' lang='lat' dir='ltr'><strong>mandata</strong></span> <span class='ocrx_word' id='word_1_129' title='bbox 1258 1550 1374 1603; x_wconf 88' lang='lat' dir='ltr'><strong>viro</strong></span> <span class='ocrx_word' id='word_1_130' title='bbox 1457 1551 1552 1602; x_wconf 88' lang='lat' dir='ltr'><strong>Dei</strong></span> <span class='ocrx_word' id='word_1_131' title='bbox 1601 1567 1705 1618; x_wconf 84' lang='lat' dir='ltr'><strong>per</strong></span> <span class='ocrx_word' id='word_1_132' title='bbox 1759 1550 2002 1604; x_wconf 85' lang='lat' dir='ltr'><strong>ordinem</strong></span> 
     </span>
    </p>
   </div>
   <div class='ocr_carea' id='block_1_18' title="bbox 398 1639 2001 1710">
    <p class='ocr_par' dir='ltr' id='par_1_18' title="bbox 398 1639 2001 1710">
     <span class='ocr_line' id='line_1_18' title="bbox 398 1639 2001 1710; baseline -0.006 -7"><span class='ocrx_word' id='word_1_133' title='bbox 398 1645 652 1710; x_wconf 81' lang='lat' dir='ltr'><strong>retexuit,</strong></span> <span class='ocrx_word' id='word_1_134' title='bbox 687 1651 737 1695; x_wconf 78' lang='lat' dir='ltr'><strong>et.</strong></span> <span class='ocrx_word' id='word_1_135' title='bbox 767 1657 832 1695; x_wconf 86' lang='lat' dir='ltr'><strong>ex</strong></span> <span class='ocrx_word' id='word_1_136' title='bbox 876 1640 1144 1708; x_wconf 83' lang='lat' dir='ltr'><strong>promisso</strong></span> <span class='ocrx_word' id='word_1_137' title='bbox 1194 1639 1418 1708; x_wconf 85' lang='lat' dir='ltr'><strong>apostoli</strong></span> <span class='ocrx_word' id='word_1_138' title='bbox 1465 1639 1544 1692; x_wconf 88' lang='lat' dir='ltr'><strong>sic</strong></span> <span class='ocrx_word' id='word_1_139' title='bbox 1593 1639 1761 1692; x_wconf 80' lang='lat' dir='ltr'><strong>factus</strong></span> <span class='ocrx_word' id='word_1_140' title='bbox 1791 1640 2001 1694; x_wconf 84' lang='lat' dir='ltr'><strong>incolu-</strong></span> 
     </span>
    </p>
   </div>
   <div class='ocr_carea' id='block_1_19' title="bbox 398 1726 2080 1805">
    <p class='ocr_par' dir='ltr' id='par_1_19' title="bbox 398 1726 2080 1805">
     <span class='ocr_line' id='line_1_19' title="bbox 398 1726 2080 1805; baseline -0.004 -17"><span class='ocrx_word' id='word_1_141' title='bbox 398 1736 500 1788; x_wconf 87' lang='lat' dir='ltr'><strong>mis</strong></span> <span class='ocrx_word' id='word_1_142' title='bbox 547 1741 648 1787; x_wconf 87' lang='lat' dir='ltr'><strong>est.</strong></span> <span class='ocrx_word' id='word_1_143' title='bbox 702 1731 767 1784; x_wconf 86' lang='lat' dir='ltr'><strong>Et.</strong></span> <span class='ocrx_word' id='word_1_144' title='bbox 809 1730 929 1782; x_wconf 80' lang='lat' dir='ltr'><strong>haec</strong></span> <span class='ocrx_word' id='word_1_145' title='bbox 987 1727 1161 1796; x_wconf 84' lang='lat' dir='ltr'><strong>prima</strong></span> <span class='ocrx_word' id='word_1_146' title='bbox 1215 1743 1374 1780; x_wconf 84' lang='lat' dir='ltr'><strong>causa</strong></span> <span class='ocrx_word' id='word_1_147' title='bbox 1432 1726 1546 1794; x_wconf 86' lang='lat' dir='ltr'><strong>fuit,</strong></span> <span class='ocrx_word' id='word_1_148' title='bbox 1598 1742 1716 1796; x_wconf 61' lang='lat' dir='ltr'><strong>quae</strong></span> <span class='ocrx_word' id='word_1_149' title='bbox 1762 1729 2080 1805; x_wconf 79' lang='lat' dir='ltr'><strong>animumB</strong></span> 
     </span>
    </p>
   </div>
   <div class='ocr_carea' id='block_1_20' title="bbox 393 1815 1988 1884">
    <p class='ocr_par' dir='ltr' id='par_1_20' title="bbox 393 1815 1988 1884">
     <span class='ocr_line' id='line_1_20' title="bbox 393 1815 1988 1884; baseline -0.005 -6"><span class='ocrx_word' id='word_1_150' title='bbox 393 1823 562 1877; x_wconf 82' lang='lat' dir='ltr'><strong>sancti</strong></span> <span class='ocrx_word' id='word_1_151' title='bbox 605 1819 776 1874; x_wconf 84' lang='lat' dir='ltr'><strong>Patris</strong></span> <span class='ocrx_word' id='word_1_152' title='bbox 805 1817 874 1870; x_wconf 85' lang='lat' dir='ltr'><strong>ad</strong></span> <span class='ocrx_word' id='word_1_153' title='bbox 923 1825 1127 1869; x_wconf 90' lang='lat' dir='ltr'><strong>tantum</strong></span> <span class='ocrx_word' id='word_1_154' title='bbox 1159 1831 1296 1884; x_wconf 86' lang='lat' dir='ltr'><strong>Opus</strong></span> <span class='ocrx_word' id='word_1_155' title='bbox 1339 1815 1698 1869; x_wconf 86' lang='lat' dir='ltr'><strong>inchoandum</strong></span> <span class='ocrx_word' id='word_1_156' title='bbox 1747 1818 1988 1872; x_wconf 82' lang='lat' dir='ltr'><strong>maxime</strong></span> 
     </span>
    </p>
   </div>
   <div class='ocr_carea' id='block_1_21' title="bbox 390 1903 1991 1973">
    <p class='ocr_par' dir='ltr' id='par_1_21' title="bbox 390 1903 1991 1973">
     <span class='ocr_line' id='line_1_21' title="bbox 390 1903 1991 1973; baseline -0.005 -7"><span class='ocrx_word' id='word_1_157' title='bbox 390 1908 692 1966; x_wconf 84' lang='lat' dir='ltr'><strong>inclinavit.</strong></span> <span class='ocrx_word' id='word_1_158' title='bbox 752 1905 924 1973; x_wconf 85' lang='lat' dir='ltr'><strong>Cujus</strong></span> <span class='ocrx_word' id='word_1_159' title='bbox 983 1903 1185 1958; x_wconf 80' lang='lat' dir='ltr'><strong>fabrica</strong></span> <span class='ocrx_word' id='word_1_160' title='bbox 1245 1911 1399 1956; x_wconf 62' lang='lat' dir='ltr'><strong>tanta:</strong></span> <span class='ocrx_word' id='word_1_161' title='bbox 1465 1904 1874 1972; x_wconf 72' lang='lat' dir='ltr'><strong>pulchritudinis</strong></span> <span class='ocrx_word' id='word_1_162' title='bbox 1939 1912 1991 1958; x_wconf 89' lang='lat' dir='ltr'><strong>et</strong></span> 
     </span>
    </p>
   </div>
   <div class='ocr_carea' id='block_1_22' title="bbox 391 1991 1988 2062">
    <p class='ocr_par' dir='ltr' id='par_1_22' title="bbox 391 1991 1988 2062">
     <span class='ocr_line' id='line_1_22' title="bbox 391 1991 1988 2062; baseline -0.004 -10"><span class='ocrx_word' id='word_1_163' title='bbox 391 1997 688 2052; x_wconf 83' lang='lat' dir='ltr'><strong>venustatis</strong></span> <span class='ocrx_word' id='word_1_164' title='bbox 733 1995 787 2047; x_wconf 87' lang='lat' dir='ltr'><strong>in</strong></span> <span class='ocrx_word' id='word_1_165' title='bbox 837 2009 898 2046; x_wconf 88' lang='lat' dir='ltr'><strong>se</strong></span> <span class='ocrx_word' id='word_1_166' title='bbox 941 1991 1173 2062; x_wconf 79' lang='lat' dir='ltr'><strong>gratiam</strong></span> <span class='ocrx_word' id='word_1_167' title='bbox 1215 1991 1494 2060; x_wconf 66' lang='lat' dir='ltr'><strong>prmtcudit</strong></span> <span class='ocrx_word' id='word_1_168' title='bbox 1534 2000 1586 2044; x_wconf 93' lang='lat' dir='ltr'><strong>ut</strong></span> <span class='ocrx_word' id='word_1_169' title='bbox 1617 1992 1667 2045; x_wconf 91' lang='lat' dir='ltr'><strong>in</strong></span> <span class='ocrx_word' id='word_1_170' title='bbox 1700 2002 1806 2046; x_wconf 89' lang='lat' dir='ltr'><strong>tota</strong></span> <span class='ocrx_word' id='word_1_171' title='bbox 1838 1994 1988 2047; x_wconf 86' lang='lat' dir='ltr'><strong>occi-</strong></span> 
     </span>
    </p>
   </div>
   <div class='ocr_carea' id='block_1_23' title="bbox 383 2079 1988 2154">
    <p class='ocr_par' dir='ltr' id='par_1_23' title="bbox 383 2079 1988 2154">
     <span class='ocr_line' id='line_1_23' title="bbox 383 2079 1988 2154; baseline -0.006 -12"><span class='ocrx_word' id='word_1_172' title='bbox 383 2085 587 2142; x_wconf 87' lang='lat' dir='ltr'><strong>dentali</strong></span> <span class='ocrx_word' id='word_1_173' title='bbox 637 2083 798 2154; x_wconf 80' lang='lat' dir='ltr'><strong>plaga</strong></span> <span class='ocrx_word' id='word_1_174' title='bbox 843 2084 986 2146; x_wconf 87' lang='lat' dir='ltr'><strong>(nam</strong></span> <span class='ocrx_word' id='word_1_175' title='bbox 1037 2080 1103 2132; x_wconf 89' lang='lat' dir='ltr'><strong>de</strong></span> <span class='ocrx_word' id='word_1_176' title='bbox 1153 2079 1275 2132; x_wconf 87' lang='lat' dir='ltr'><strong>aliis</strong></span> <span class='ocrx_word' id='word_1_177' title='bbox 1328 2080 1515 2133; x_wconf 90' lang='lat' dir='ltr'><strong>mundi</strong></span> <span class='ocrx_word' id='word_1_178' title='bbox 1569 2081 1812 2149; x_wconf 88' lang='lat' dir='ltr'><strong>partibus</strong></span> <span class='ocrx_word' id='word_1_179' title='bbox 1857 2082 1988 2134; x_wconf 88' lang='lat' dir='ltr'><strong>mihi</strong></span> 
     </span>
    </p>
   </div>
   <div class='ocr_carea' id='block_1_24' title="bbox 383 2167 1988 2243">
    <p class='ocr_par' dir='ltr' id='par_1_24' title="bbox 383 2167 1988 2243">
     <span class='ocr_line' id='line_1_24' title="bbox 383 2167 1988 2243; baseline -0.004 -14"><span class='ocrx_word' id='word_1_180' title='bbox 383 2176 561 2230; x_wconf 88' lang='lat' dir='ltr'><strong>minus</strong></span> <span class='ocrx_word' id='word_1_181' title='bbox 589 2172 877 2243; x_wconf 77' lang='lat' dir='ltr'><strong>cognitum</strong></span> <span class='ocrx_word' id='word_1_182' title='bbox 910 2169 1018 2238; x_wconf 88' lang='lat' dir='ltr'><strong>est)</strong></span> <span class='ocrx_word' id='word_1_183' title='bbox 1047 2167 1190 2222; x_wconf 89' lang='lat' dir='ltr'><strong>nulla</strong></span> <span class='ocrx_word' id='word_1_184' title='bbox 1223 2167 1291 2220; x_wconf 88' lang='lat' dir='ltr'><strong>sit</strong></span> <span class='ocrx_word' id='word_1_185' title='bbox 1313 2168 1409 2220; x_wconf 86' lang='lat' dir='ltr'><strong>hac</strong></span> <span class='ocrx_word' id='word_1_186' title='bbox 1441 2168 1868 2238; x_wconf 86' lang='lat' dir='ltr'><strong>conspicabilior</strong></span> <span class='ocrx_word' id='word_1_187' title='bbox 1896 2169 1988 2223; x_wconf 83' lang='lat' dir='ltr'><strong>ba-</strong></span> 
     </span>
    </p>
   </div>
   <div class='ocr_carea' id='block_1_25' title="bbox 385 2263 561 2318">
    <p class='ocr_par' dir='ltr' id='par_1_25' title="bbox 385 2263 561 2318">
     <span class='ocr_line' id='line_1_25' title="bbox 385 2263 561 2318; baseline -0.023 0"><span class='ocrx_word' id='word_1_188' title='bbox 385 2263 561 2318; x_wconf 77' lang='lat' dir='ltr'><strong>silice.</strong></span> 
     </span>
    </p>
   </div>
   <div class='ocr_carea' id='block_1_26' title="bbox 457 2345 1984 2418">
    <p class='ocr_par' dir='ltr' id='par_1_26' title="bbox 457 2345 1984 2418">
     <span class='ocr_line' id='line_1_26' title="bbox 457 2345 1984 2418; baseline -0.003 -13"><span class='ocrx_word' id='word_1_189' title='bbox 457 2354 540 2405; x_wconf 71' lang='lat' dir='ltr'><strong>ft.</strong></span> <span class='ocrx_word' id='word_1_190' title='bbox 571 2350 676 2405; x_wconf 89' lang='lat' dir='ltr'><strong>Sed</strong></span> <span class='ocrx_word' id='word_1_191' title='bbox 709 2365 776 2402; x_wconf 90' lang='lat' dir='ltr'><strong>ne</strong></span> <span class='ocrx_word' id='word_1_192' title='bbox 824 2349 924 2401; x_wconf 90' lang='lat' dir='ltr'><strong>hoc</strong></span> <span class='ocrx_word' id='word_1_193' title='bbox 965 2345 1138 2400; x_wconf 89' lang='lat' dir='ltr'><strong>solum</strong></span> <span class='ocrx_word' id='word_1_194' title='bbox 1185 2345 1347 2412; x_wconf 85' lang='lat' dir='ltr'><strong>hujus</strong></span> <span class='ocrx_word' id='word_1_195' title='bbox 1377 2346 1476 2399; x_wconf 86' lang='lat' dir='ltr'><strong>viri</strong></span> <span class='ocrx_word' id='word_1_196' title='bbox 1507 2345 1603 2399; x_wconf 86' lang='lat' dir='ltr'><strong>Dei</strong></span> <span class='ocrx_word' id='word_1_197' title='bbox 1637 2347 1984 2418; x_wconf 86' lang='lat' dir='ltr'><strong>magniﬁcum</strong></span> 
     </span>
    </p>
   </div>
   <div class='ocr_carea' id='block_1_27' title="bbox 382 2433 1986 2510">
    <p class='ocr_par' dir='ltr' id='par_1_27' title="bbox 382 2433 1986 2510">
     <span class='ocr_line' id='line_1_27' title="bbox 382 2433 1986 2510; baseline -0.005 -14"><span class='ocrx_word' id='word_1_198' title='bbox 382 2456 539 2510; x_wconf 92' lang='lat' dir='ltr'><strong>opus,</strong></span> <span class='ocrx_word' id='word_1_199' title='bbox 574 2439 692 2492; x_wconf 90' lang='lat' dir='ltr'><strong>aliis</strong></span> <span class='ocrx_word' id='word_1_200' title='bbox 728 2434 1131 2505; x_wconf 58' lang='lat' dir='ltr'><strong>prietermissis,</strong></span> <span class='ocrx_word' id='word_1_201' title='bbox 1165 2433 1398 2487; x_wconf 82' lang='lat' dir='ltr'><strong>edidisse</strong></span> <span class='ocrx_word' id='word_1_202' title='bbox 1457 2433 1666 2499; x_wconf 88' lang='lat' dir='ltr'><strong>videar,</strong></span> <span class='ocrx_word' id='word_1_203' title='bbox 1713 2435 1796 2487; x_wconf 90' lang='lat' dir='ltr'><strong>hic</strong></span> <span class='ocrx_word' id='word_1_204' title='bbox 1853 2436 1986 2488; x_wconf 88' lang='lat' dir='ltr'><strong>Clu-</strong></span> 
     </span>
    </p>
   </div>
   <div class='ocr_carea' id='block_1_28' title="bbox 383 2522 1991 2588">
    <p class='ocr_par' dir='ltr' id='par_1_28' title="bbox 383 2522 1991 2588">
     <span class='ocr_line' id='line_1_28' title="bbox 383 2522 1991 2588; baseline -0.004 -6"><span class='ocrx_word' id='word_1_205' title='bbox 383 2529 593 2582; x_wconf 86' lang='lat' dir='ltr'><strong>niacnm</strong></span> <span class='ocrx_word' id='word_1_206' title='bbox 625 2524 926 2587; x_wconf 81' lang='lat' dir='ltr'><strong>renovavit,</strong></span> <span class='ocrx_word' id='word_1_207' title='bbox 961 2523 1047 2576; x_wconf 86' lang='lat' dir='ltr'><strong>hic</strong></span> <span class='ocrx_word' id='word_1_208' title='bbox 1099 2522 1336 2574; x_wconf 85' lang='lat' dir='ltr'><strong>fratrum</strong></span> <span class='ocrx_word' id='word_1_209' title='bbox 1375 2537 1677 2588; x_wconf 86' lang='lat' dir='ltr'><strong>numerum,</strong></span> <span class='ocrx_word' id='word_1_210' title='bbox 1711 2530 1816 2575; x_wconf 87' lang='lat' dir='ltr'><strong>tam</strong></span> <span class='ocrx_word' id='word_1_211' title='bbox 1846 2523 1991 2576; x_wconf 92' lang='lat' dir='ltr'><strong>intus</strong></span> 
     </span>
    </p>
   </div>
   <div class='ocr_carea' id='block_1_29' title="bbox 385 2609 1989 2686">
    <p class='ocr_par' dir='ltr' id='par_1_29' title="bbox 385 2609 1989 2686">
     <span class='ocr_line' id='line_1_29' title="bbox 385 2609 1989 2686; baseline -0.003 -17"><span class='ocrx_word' id='word_1_212' title='bbox 385 2632 546 2686; x_wconf 87' lang='lat' dir='ltr'><strong>quam</strong></span> <span class='ocrx_word' id='word_1_213' title='bbox 578 2615 727 2677; x_wconf 87' lang='lat' dir='ltr'><strong>foris,</strong></span> <span class='ocrx_word' id='word_1_214' title='bbox 763 2613 885 2682; x_wconf 85' lang='lat' dir='ltr'><strong>plus</strong></span> <span class='ocrx_word' id='word_1_215' title='bbox 915 2611 1167 2666; x_wconf 88' lang='lat' dir='ltr'><strong>omnibus</strong></span> <span class='ocrx_word' id='word_1_216' title='bbox 1208 2609 1702 2679; x_wconf 71' lang='lat' dir='ltr'><strong>praedecessoribus</strong></span> <span class='ocrx_word' id='word_1_217' title='bbox 1730 2611 1837 2664; x_wconf 88' lang='lat' dir='ltr'><strong>suis</strong></span> <span class='ocrx_word' id='word_1_218' title='bbox 1867 2628 1989 2665; x_wconf 89' lang='lat' dir='ltr'><strong>am-</strong></span> 
     </span>
    </p>
   </div>
   <div class='ocr_carea' id='block_1_30' title="bbox 387 2697 1990 2774">
    <p class='ocr_par' dir='ltr' id='par_1_30' title="bbox 387 2697 1990 2774">
     <span class='ocr_line' id='line_1_30' title="bbox 387 2697 1990 2774; baseline -0.001 -17"><span class='ocrx_word' id='word_1_219' title='bbox 387 2703 600 2774; x_wconf 87' lang='lat' dir='ltr'><strong>pliavit,</strong></span> <span class='ocrx_word' id='word_1_220' title='bbox 636 2702 726 2754; x_wconf 89' lang='lat' dir='ltr'><strong>hic</strong></span> <span class='ocrx_word' id='word_1_221' title='bbox 771 2700 935 2754; x_wconf 85' lang='lat' dir='ltr'><strong>cellas</strong></span> <span class='ocrx_word' id='word_1_222' title='bbox 982 2697 1226 2752; x_wconf 82' lang='lat' dir='ltr'><strong>aediliciis</strong></span> <span class='ocrx_word' id='word_1_223' title='bbox 1272 2698 1606 2766; x_wconf 77' lang='lat' dir='ltr'><strong>reformavit,</strong></span> <span class='ocrx_word' id='word_1_224' title='bbox 1639 2700 1720 2752; x_wconf 87' lang='lat' dir='ltr'><strong>his</strong></span> <span class='ocrx_word' id='word_1_225' title='bbox 1763 2716 1990 2769; x_wconf 88' lang='lat' dir='ltr'><strong>posses-</strong></span> 
     </span>
    </p>
   </div>
   <div class='ocr_carea' id='block_1_31' title="bbox 391 2786 1989 2852">
    <p class='ocr_par' dir='ltr' id='par_1_31' title="bbox 391 2786 1989 2852">
     <span class='ocr_line' id='line_1_31' title="bbox 391 2786 1989 2852; baseline -0.001 -7"><span class='ocrx_word' id='word_1_226' title='bbox 391 2792 575 2845; x_wconf 89' lang='lat' dir='ltr'><strong>siones</strong></span> <span class='ocrx_word' id='word_1_227' title='bbox 625 2787 868 2843; x_wconf 88' lang='lat' dir='ltr'><strong>terminis</strong></span> <span class='ocrx_word' id='word_1_228' title='bbox 909 2786 1175 2840; x_wconf 84' lang='lat' dir='ltr'><strong>dilatavit.</strong></span> <span class='ocrx_word' id='word_1_229' title='bbox 1217 2786 1346 2852; x_wconf 82' lang='lat' dir='ltr'><strong>Quis</strong></span> <span class='ocrx_word' id='word_1_230' title='bbox 1388 2787 1668 2840; x_wconf 84' lang='lat' dir='ltr'><strong>beatorum</strong></span> <span class='ocrx_word' id='word_1_231' title='bbox 1708 2789 1989 2843; x_wconf 81' lang='lat' dir='ltr'><strong>confesso-</strong></span> 
     </span>
    </p>
   </div>
   <div class='ocr_carea' id='block_1_32' title="bbox 390 2873 1990 2946">
    <p class='ocr_par' dir='ltr' id='par_1_32' title="bbox 390 2873 1990 2946">
     <span class='ocr_line' id='line_1_32' title="bbox 390 2873 1990 2946; baseline -0.001 -13"><span class='ocrx_word' id='word_1_232' title='bbox 390 2896 508 2933; x_wconf 90' lang='lat' dir='ltr'><strong>rum</strong></span> <span class='ocrx_word' id='word_1_233' title='bbox 542 2875 804 2930; x_wconf 82' lang='lat' dir='ltr'><strong>Martialis</strong></span> <span class='ocrx_word' id='word_1_234' title='bbox 836 2873 948 2943; x_wconf 81' lang='lat'><strong>(89)</strong></span> <span class='ocrx_word' id='word_1_235' title='bbox 979 2882 1032 2927; x_wconf 90' lang='lat' dir='ltr'><strong>et</strong></span> <span class='ocrx_word' id='word_1_236' title='bbox 1061 2873 1255 2944; x_wconf 62' lang='lat' dir='ltr'><strong>.‘Egidii</strong></span> <span class='ocrx_word' id='word_1_237' title='bbox 1287 2873 1397 2940; x_wconf 82' lang='lat'><strong>(90)</strong></span> <span class='ocrx_word' id='word_1_238' title='bbox 1436 2875 1695 2928; x_wconf 80' lang='lat' dir='ltr'><strong>ecclesias</strong></span> <span class='ocrx_word' id='word_1_239' title='bbox 1725 2877 1990 2946; x_wconf 76' lang='lat' dir='ltr'><strong>religione</strong></span> 
     </span>
    </p>
   </div>
   <div class='ocr_carea' id='block_1_33' title="bbox 391 2961 1988 3029">
    <p class='ocr_par' dir='ltr' id='par_1_33' title="bbox 391 2961 1988 3029">
     <span class='ocr_line' id='line_1_33' title="bbox 391 2961 1988 3029; baseline -0.003 -7"><span class='ocrx_word' id='word_1_240' title='bbox 391 2965 738 3029; x_wconf 79' lang='lat' dir='ltr'><strong>restauravit,</strong></span> <span class='ocrx_word' id='word_1_241' title='bbox 793 2963 890 3015; x_wconf 90' lang='lat' dir='ltr'><strong>nisi</strong></span> <span class='ocrx_word' id='word_1_242' title='bbox 936 2962 1032 3015; x_wconf 85' lang='lat' dir='ltr'><strong>iste</strong></span> <span class='ocrx_word' id='word_1_243' title='bbox 1085 2962 1166 3014; x_wconf 87' lang='lat' dir='ltr'><strong>vir</strong></span> <span class='ocrx_word' id='word_1_244' title='bbox 1220 2961 1454 3014; x_wconf 78' lang='lat' dir='ltr'><strong>beatus?</strong></span> <span class='ocrx_word' id='word_1_245' title='bbox 1490 2961 1623 3028; x_wconf 85' lang='lat' dir='ltr'><strong>Quis</strong></span> <span class='ocrx_word' id='word_1_246' title='bbox 1653 2963 1716 3016; x_wconf 90' lang='lat' dir='ltr'><strong>B.</strong></span> <span class='ocrx_word' id='word_1_247' title='bbox 1766 2969 1988 3019; x_wconf 75' lang='lat' dir='ltr'><strong>Austro-</strong></span> 
     </span>
    </p>
   </div>
   <div class='ocr_carea' id='block_1_34' title="bbox 2115 491 3746 574">
    <p class='ocr_par' dir='ltr' id='par_1_34' title="bbox 2115 491 3746 574">
     <span class='ocr_line' id='line_1_34' title="bbox 2115 491 3746 574; baseline 0.009 -30"><span class='ocrx_word' id='word_1_248' title='bbox 2115 491 2412 560; x_wconf 76' lang='lat' dir='ltr'><strong>provincize</strong></span> <span class='ocrx_word' id='word_1_249' title='bbox 2462 496 2934 563; x_wconf 65' lang='lat' dir='ltr'><strong>praetermittenda:</strong></span> <span class='ocrx_word' id='word_1_250' title='bbox 2976 500 3144 551; x_wconf 82' lang='lat' dir='ltr'><strong>sunt?</strong></span> <span class='ocrx_word' id='word_1_251' title='bbox 3196 516 3420 568; x_wconf 83' lang='lat' dir='ltr'><strong>quarum</strong></span> <span class='ocrx_word' id='word_1_252' title='bbox 3451 503 3746 574; x_wconf 74' lang='lat' dir='ltr'><strong>singulas,</strong></span> 
     </span>
    </p>
   </div>
   <div class='ocr_carea' id='block_1_35' title="bbox 2118 581 3744 657">
    <p class='ocr_par' dir='ltr' id='par_1_35' title="bbox 2118 581 3744 657">
     <span class='ocr_line' id='line_1_35' title="bbox 2118 581 3744 657; baseline 0.008 -23"><span class='ocrx_word' id='word_1_253' title='bbox 2118 586 2316 649; x_wconf 88' lang='lat' dir='ltr'><strong>quanto</strong></span> <span class='ocrx_word' id='word_1_254' title='bbox 2363 581 2644 651; x_wconf 77' lang='lat' dir='ltr'><strong>religionis</strong></span> <span class='ocrx_word' id='word_1_255' title='bbox 2691 583 2898 639; x_wconf 88' lang='lat' dir='ltr'><strong>lumine</strong></span> <span class='ocrx_word' id='word_1_256' title='bbox 2945 585 3241 657; x_wconf 86' lang='lat' dir='ltr'><strong>illustrarit,</strong></span> <span class='ocrx_word' id='word_1_257' title='bbox 3278 597 3550 644; x_wconf 82' lang='lat' dir='ltr'><strong>testantur</strong></span> <span class='ocrx_word' id='word_1_258' title='bbox 3596 608 3744 647; x_wconf 85' lang='lat' dir='ltr'><strong>mo-</strong></span> 
     </span>
    </p>
   </div>
   <div class='ocr_carea' id='block_1_36' title="bbox 2119 671 3741 746">
    <p class='ocr_par' dir='ltr' id='par_1_36' title="bbox 2119 671 3741 746">
     <span class='ocr_line' id='line_1_36' title="bbox 2119 671 3741 746; baseline 0.009 -25"><span class='ocrx_word' id='word_1_259' title='bbox 2119 671 2369 735; x_wconf 86' lang='lat' dir='ltr'><strong>nasteria,</strong></span> <span class='ocrx_word' id='word_1_260' title='bbox 2401 687 2522 739; x_wconf 65' lang='lat' dir='ltr'><strong>qua}</strong></span> <span class='ocrx_word' id='word_1_261' title='bbox 2565 671 2824 743; x_wconf 88' lang='lat' dir='ltr'><strong>pleraque</strong></span> <span class='ocrx_word' id='word_1_262' title='bbox 2873 674 2926 726; x_wconf 92' lang='lat' dir='ltr'><strong>in</strong></span> <span class='ocrx_word' id='word_1_263' title='bbox 2977 675 3073 737; x_wconf 88' lang='lat' dir='ltr'><strong>eis,</strong></span> <span class='ocrx_word' id='word_1_264' title='bbox 3110 675 3195 729; x_wconf 85' lang='lat' dir='ltr'><strong>vel</strong></span> <span class='ocrx_word' id='word_1_265' title='bbox 3236 677 3353 746; x_wconf 85' lang='lat' dir='ltr'><strong>ipse</strong></span> <span class='ocrx_word' id='word_1_266' title='bbox 3397 682 3741 744; x_wconf 71' lang='lat' dir='ltr'><strong>construxit,</strong></span> 
     </span>
    </p>
   </div>
   <div class='ocr_carea' id='block_1_37' title="bbox 2116 759 3739 840">
    <p class='ocr_par' dir='ltr' id='par_1_37' title="bbox 2116 759 3739 840">
     <span class='ocr_line' id='line_1_37' title="bbox 2116 759 3739 840; baseline 0.007 -29"><span class='ocrx_word' id='word_1_267' title='bbox 2116 759 2203 812; x_wconf 84' lang='lat' dir='ltr'><strong>val</strong></span> <span class='ocrx_word' id='word_1_268' title='bbox 2233 759 2300 812; x_wconf 86' lang='lat' dir='ltr'><strong>ad</strong></span> <span class='ocrx_word' id='word_1_269' title='bbox 2334 760 2613 814; x_wconf 86' lang='lat' dir='ltr'><strong>meliorem</strong></span> <span class='ocrx_word' id='word_1_270' title='bbox 2645 769 2842 814; x_wconf 80' lang='lat' dir='ltr'><strong>statum</strong></span> <span class='ocrx_word' id='word_1_271' title='bbox 2874 762 3106 831; x_wconf 87' lang='lat' dir='ltr'><strong>plurima</strong></span> <span class='ocrx_word' id='word_1_272' title='bbox 3135 765 3470 821; x_wconf 81' lang='lat' dir='ltr'><strong>reformavit.</strong></span> <span class='ocrx_word' id='word_1_273' title='bbox 3526 769 3587 822; x_wconf 82' lang='lat' dir='ltr'><strong>In</strong></span> <span class='ocrx_word' id='word_1_274' title='bbox 3618 787 3739 840; x_wconf 75' lang='lat' dir='ltr'><strong>pa-</strong></span> 
     </span>
    </p>
   </div>
   <div class='ocr_carea' id='block_1_38' title="bbox 2119 848 3743 918">
    <p class='ocr_par' dir='ltr' id='par_1_38' title="bbox 2119 848 3743 918">
     <span class='ocr_line' id='line_1_38' title="bbox 2119 848 3743 918; baseline 0.009 -18"><span class='ocrx_word' id='word_1_275' title='bbox 2119 848 2368 902; x_wconf 91' lang='lat' dir='ltr'><strong>trimonio</strong></span> <span class='ocrx_word' id='word_1_276' title='bbox 2401 864 2613 918; x_wconf 87' lang='lat' dir='ltr'><strong>quoque</strong></span> <span class='ocrx_word' id='word_1_277' title='bbox 2657 865 2775 912; x_wconf 88' lang='lat' dir='ltr'><strong>suo,</strong></span> <span class='ocrx_word' id='word_1_278' title='bbox 2805 851 2990 904; x_wconf 82' lang='lat' dir='ltr'><strong>fratris</strong></span> <span class='ocrx_word' id='word_1_279' title='bbox 3033 851 3110 906; x_wconf 86' lang='lat' dir='ltr'><strong>fui</strong></span> <span class='ocrx_word' id='word_1_280' title='bbox 3142 853 3400 909; x_wconf 82' lang='lat' dir='ltr'><strong>Gaufredi</strong></span> <span class='ocrx_word' id='word_1_281' title='bbox 3451 858 3632 914; x_wconf 89' lang='lat' dir='ltr'><strong>studio</strong></span> <span class='ocrx_word' id='word_1_282' title='bbox 3686 869 3743 914; x_wconf 87' lang='lat' dir='ltr'><strong>et</strong></span> 
     </span>
    </p>
   </div>
   <div class='ocr_carea' id='block_1_39' title="bbox 2116 936 3742 1003">
    <p class='ocr_par' dir='ltr' id='par_1_39' title="bbox 2116 936 3742 1003">
     <span class='ocr_line' id='line_1_39' title="bbox 2116 936 3742 1003; baseline 0.008 -14"><span class='ocrx_word' id='word_1_283' title='bbox 2116 936 2338 1003; x_wconf 79' lang='lat' dir='ltr'><strong>auxilio,</strong></span> <span class='ocrx_word' id='word_1_284' title='bbox 2373 939 2873 992; x_wconf 84' lang='lat' dir='ltr'><strong>sanctimonialium</strong></span> <span class='ocrx_word' id='word_1_285' title='bbox 2926 941 3256 995; x_wconf 78' lang='lat' dir='ltr'><strong>feminarum</strong></span> <span class='ocrx_word' id='word_1_286' title='bbox 3303 944 3742 1002; x_wconf 74' lang='lat' dir='ltr'><strong>Manciniacense</strong></span> 
     </span>
    </p>
   </div>
   <div class='ocr_carea' id='block_1_40' title="bbox 2121 1025 3741 1098">
    <p class='ocr_par' dir='ltr' id='par_1_40' title="bbox 2121 1025 3741 1098">
     <span class='ocr_line' id='line_1_40' title="bbox 2121 1025 3741 1098; baseline 0.009 -21"><span class='ocrx_word' id='word_1_287' title='bbox 2121 1025 2361 1078; x_wconf 81' lang='lat' dir='ltr'><strong>fundavit</strong></span> <span class='ocrx_word' id='word_1_288' title='bbox 2391 1027 2732 1089; x_wconf 80' lang='lat' dir='ltr'><strong>cumobium;</strong></span> <span class='ocrx_word' id='word_1_289' title='bbox 2769 1029 2970 1098; x_wconf 88' lang='lat' dir='ltr'><strong>quibus</strong></span> <span class='ocrx_word' id='word_1_290' title='bbox 2999 1038 3050 1083; x_wconf 86' lang='lat' dir='ltr'><strong>et</strong></span> <span class='ocrx_word' id='word_1_291' title='bbox 3080 1032 3472 1087; x_wconf 80' lang='lat' dir='ltr'><strong>coenobitarum</strong></span> <span class='ocrx_word' id='word_1_292' title='bbox 3501 1043 3557 1090; x_wconf 81' lang='lat' dir='ltr'><strong>et</strong></span> <span class='ocrx_word' id='word_1_293' title='bbox 3587 1052 3741 1091; x_wconf 70' lang='lat' dir='ltr'><strong>ana-</strong></span> 
     </span>
    </p>
   </div>
   <div class='ocr_carea' id='block_1_41' title="bbox 2117 1115 3739 1195">
    <p class='ocr_par' dir='ltr' id='par_1_41' title="bbox 2117 1115 3739 1195">
     <span class='ocr_line' id='line_1_41' title="bbox 2117 1115 3739 1195; baseline 0.009 -28"><span class='ocrx_word' id='word_1_294' title='bbox 2117 1115 2456 1168; x_wconf 88' lang='lat' dir='ltr'><strong>choretarum</strong></span> <span class='ocrx_word' id='word_1_295' title='bbox 2488 1115 2718 1169; x_wconf 88' lang='lat' dir='ltr'><strong>instituit</strong></span> <span class='ocrx_word' id='word_1_296' title='bbox 2747 1117 2948 1188; x_wconf 76' lang='lat' dir='ltr'><strong>legem,</strong></span> <span class='ocrx_word' id='word_1_297' title='bbox 2987 1126 3044 1171; x_wconf 87' lang='lat' dir='ltr'><strong>ut</strong></span> <span class='ocrx_word' id='word_1_298' title='bbox 3074 1127 3124 1173; x_wconf 89' lang='lat' dir='ltr'><strong>et</strong></span> <span class='ocrx_word' id='word_1_299' title='bbox 3155 1120 3482 1178; x_wconf 71' lang='lat' dir='ltr'><strong>obedientia:</strong></span> <span class='ocrx_word' id='word_1_300' title='bbox 3515 1141 3739 1195; x_wconf 83' lang='lat' dir='ltr'><strong>propo—</strong></span> 
     </span>
    </p>
   </div>
   <div class='ocr_carea' id='block_1_42' title="bbox 2114 1204 3737 1277">
    <p class='ocr_par' dir='ltr' id='par_1_42' title="bbox 2114 1204 3737 1277">
     <span class='ocr_line' id='line_1_42' title="bbox 2114 1204 3737 1277; baseline 0.01 -23"><span class='ocrx_word' id='word_1_301' title='bbox 2114 1204 2273 1255; x_wconf 88' lang='lat' dir='ltr'><strong>situm</strong></span> <span class='ocrx_word' id='word_1_302' title='bbox 2322 1204 2660 1271; x_wconf 62' lang='lat' dir='ltr'><strong>aemulentur,</strong></span> <span class='ocrx_word' id='word_1_303' title='bbox 2731 1213 2782 1259; x_wconf 88' lang='lat' dir='ltr'><strong>et</strong></span> <span class='ocrx_word' id='word_1_304' title='bbox 2836 1209 3087 1277; x_wconf 86' lang='lat' dir='ltr'><strong>perpetui</strong></span> <span class='ocrx_word' id='word_1_305' title='bbox 3144 1209 3366 1266; x_wconf 67' lang='lat' dir='ltr'><strong>claustri</strong></span> <span class='ocrx_word' id='word_1_306' title='bbox 3424 1213 3737 1270; x_wconf 80' lang='lat' dir='ltr'><strong>solitudine</strong></span> 
     </span>
    </p>
   </div>
   <div class='ocr_carea' id='block_1_43' title="bbox 2114 1293 3080 1350">
    <p class='ocr_par' dir='ltr' id='par_1_43' title="bbox 2114 1293 3080 1350">
     <span class='ocr_line' id='line_1_43' title="bbox 2114 1293 3080 1350; baseline 0.006 -6"><span class='ocrx_word' id='word_1_307' title='bbox 2114 1293 2564 1347; x_wconf 82' lang='lat' dir='ltr'><strong>anaehoretarum</strong></span> <span class='ocrx_word' id='word_1_308' title='bbox 2596 1293 2877 1348; x_wconf 87' lang='lat' dir='ltr'><strong>imitentur</strong></span> <span class='ocrx_word' id='word_1_309' title='bbox 2897 1295 3080 1350; x_wconf 87' lang='lat' dir='ltr'><strong>vitam.</strong></span> 
     </span>
    </p>
   </div>
   <div class='ocr_carea' id='block_1_44' title="bbox 2736 1428 3095 1486">
    <p class='ocr_par' dir='ltr' id='par_1_44' title="bbox 2736 1428 3095 1486">
     <span class='ocr_line' id='line_1_44' title="bbox 2736 1428 3095 1486; baseline 0.011 -4"><span class='ocrx_word' id='word_1_310' title='bbox 2736 1428 2960 1484; x_wconf 73' lang='lat' dir='ltr'><strong>CAPUT</strong></span> <span class='ocrx_word' id='word_1_311' title='bbox 3003 1429 3095 1486; x_wconf 88' lang='lat' dir='ltr'><strong>IIl.</strong></span> 
     </span>
    </p>
   </div>
   <div class='ocr_carea' id='block_1_45' title="bbox 2114 1532 3734 1610">
    <p class='ocr_par' dir='ltr' id='par_1_45' title="bbox 2114 1532 3734 1610">
     <span class='ocr_line' id='line_1_45' title="bbox 2114 1532 3734 1610; baseline 0.009 -25"><span class='ocrx_word' id='word_1_312' title='bbox 2114 1532 2352 1588; x_wconf 75' lang='lat' dir='ltr'><strong>Secreta</strong></span> <span class='ocrx_word' id='word_1_313' title='bbox 2383 1535 2707 1591; x_wconf 81' lang='lat' dir='ltr'><strong>animorum</strong></span> <span class='ocrx_word' id='word_1_314' title='bbox 2735 1537 2983 1605; x_wconf 71' lang='lat' dir='ltr'><strong>cognita,</strong></span> <span class='ocrx_word' id='word_1_315' title='bbox 3008 1539 3211 1606; x_wconf 79' lang='lat' dir='ltr'><strong>futura</strong></span> <span class='ocrx_word' id='word_1_316' title='bbox 3226 1539 3520 1610; x_wconf 72' lang='lat' dir='ltr'><strong>prcedicta,</strong></span> <span class='ocrx_word' id='word_1_317' title='bbox 3543 1547 3734 1606; x_wconf 68' lang='lat' dir='ltr'><strong>morbi</strong></span> 
     </span>
    </p>
   </div>
   <div class='ocr_carea' id='block_1_46' title="bbox 2799 1627 3008 1680">
    <p class='ocr_par' dir='ltr' id='par_1_46' title="bbox 2799 1627 3008 1680">
     <span class='ocr_line' id='line_1_46' title="bbox 2799 1627 3008 1680; baseline -0.01 0"><span class='ocrx_word' id='word_1_318' title='bbox 2799 1627 3008 1680; x_wconf 77' lang='lat' dir='ltr'><strong>curati.</strong></span> 
     </span>
    </p>
   </div>
   <div class='ocr_carea' id='block_1_47' title="bbox 2183 1737 3731 1820">
    <p class='ocr_par' dir='ltr' id='par_1_47' title="bbox 2183 1737 3731 1820">
     <span class='ocr_line' id='line_1_47' title="bbox 2183 1737 3731 1820; baseline 0.01 -31"><span class='ocrx_word' id='word_1_319' title='bbox 2183 1740 2266 1789; x_wconf 82' lang='grc'><strong>16.</strong></span> <span class='ocrx_word' id='word_1_320' title='bbox 2301 1739 2444 1791; x_wconf 89' lang='lat' dir='ltr'><strong>Inter</strong></span> <span class='ocrx_word' id='word_1_321' title='bbox 2486 1745 2563 1792; x_wconf 90' lang='lat' dir='ltr'><strong>tot</strong></span> <span class='ocrx_word' id='word_1_322' title='bbox 2605 1737 2904 1808; x_wconf 82' lang='lat' dir='ltr'><strong>gratiarum</strong></span> <span class='ocrx_word' id='word_1_323' title='bbox 2937 1737 3100 1808; x_wconf 85' lang='lat' dir='ltr'><strong>dona,</strong></span> <span class='ocrx_word' id='word_1_324' title='bbox 3145 1742 3452 1811; x_wconf 65' lang='lat' dir='ltr'><strong>preptietire</strong></span> <span class='ocrx_word' id='word_1_325' title='bbox 3501 1762 3731 1820; x_wconf 76' lang='lat' dir='ltr'><strong>quoque</strong></span> 
     </span>
    </p>
   </div>
   <div class='ocr_carea' id='block_1_48' title="bbox 2104 1825 3729 1899">
    <p class='ocr_par' dir='ltr' id='par_1_48' title="bbox 2104 1825 3729 1899">
     <span class='ocr_line' id='line_1_48' title="bbox 2104 1825 3729 1899; baseline 0.007 -20"><span class='ocrx_word' id='word_1_326' title='bbox 2104 1825 2302 1894; x_wconf 88' lang='lat' dir='ltr'><strong>Spiritu</strong></span> <span class='ocrx_word' id='word_1_327' title='bbox 2334 1826 2417 1879; x_wconf 91' lang='lat' dir='ltr'><strong>vir</strong></span> <span class='ocrx_word' id='word_1_328' title='bbox 2447 1826 2822 1880; x_wconf 86' lang='lat' dir='ltr'><strong>sanctissimus</strong></span> <span class='ocrx_word' id='word_1_329' title='bbox 2854 1843 2960 1881; x_wconf 90' lang='lat' dir='ltr'><strong>non</strong></span> <span class='ocrx_word' id='word_1_330' title='bbox 3011 1829 3249 1896; x_wconf 84' lang='lat' dir='ltr'><strong>carebat,</strong></span> <span class='ocrx_word' id='word_1_331' title='bbox 3283 1846 3394 1899; x_wconf 84' lang='lat' dir='ltr'><strong>quo</strong></span> <span class='ocrx_word' id='word_1_332' title='bbox 3435 1832 3729 1890; x_wconf 78' lang='lat' dir='ltr'><strong>interdum</strong></span> 
     </span>
    </p>
   </div>
   <div class='ocr_carea' id='block_1_49' title="bbox 2097 1913 3733 1991">
    <p class='ocr_par' dir='ltr' id='par_1_49' title="bbox 2097 1913 3733 1991">
     <span class='ocr_line' id='line_1_49' title="bbox 2097 1913 3733 1991; baseline 0.008 -23"><span class='ocrx_word' id='word_1_333' title='bbox 2097 1914 2150 1968; x_wconf 89' lang='lat' dir='ltr'><strong>in</strong></span> <span class='ocrx_word' id='word_1_334' title='bbox 2184 1913 2562 1967; x_wconf 82' lang='lat' dir='ltr'><strong>discernendis</strong></span> <span class='ocrx_word' id='word_1_335' title='bbox 2591 1914 2962 1968; x_wconf 81' lang='lat' dir='ltr'><strong>voluntatibus</strong></span> <span class='ocrx_word' id='word_1_336' title='bbox 2992 1924 3044 1970; x_wconf 87' lang='lat' dir='ltr'><strong>et</strong></span> <span class='ocrx_word' id='word_1_337' title='bbox 3073 1917 3274 1974; x_wconf 76' lang='lat' dir='ltr'><strong>animis</strong></span> <span class='ocrx_word' id='word_1_338' title='bbox 3294 1919 3546 1991; x_wconf 72' lang='lat' dir='ltr'><strong>fratrum,</strong></span> <span class='ocrx_word' id='word_1_339' title='bbox 3577 1932 3733 1981; x_wconf 76' lang='lat' dir='ltr'><strong>tanta</strong></span> 
     </span>
    </p>
   </div>
   <div class='ocr_carea' id='block_1_50' title="bbox 2097 2001 3717 2071">
    <p class='ocr_par' dir='ltr' id='par_1_50' title="bbox 2097 2001 3717 2071">
     <span class='ocr_line' id='line_1_50' title="bbox 2097 2001 3717 2071; baseline 0.009 -16"><span class='ocrx_word' id='word_1_340' title='bbox 2097 2001 2334 2070; x_wconf 88' lang='lat' dir='ltr'><strong>pollebat</strong></span> <span class='ocrx_word' id='word_1_341' title='bbox 2371 2001 2546 2071; x_wconf 86' lang='lat' dir='ltr'><strong>gratia</strong></span> <span class='ocrx_word' id='word_1_342' title='bbox 2584 2010 2640 2055; x_wconf 88' lang='lat' dir='ltr'><strong>ut</strong></span> <span class='ocrx_word' id='word_1_343' title='bbox 2695 2018 2842 2070; x_wconf 63' lang='lat' dir='ltr'><strong>saepe</strong></span> <span class='ocrx_word' id='word_1_344' title='bbox 2896 2019 3076 2059; x_wconf 85' lang='lat' dir='ltr'><strong>mores</strong></span> <span class='ocrx_word' id='word_1_345' title='bbox 3131 2021 3198 2061; x_wconf 85' lang='lat' dir='ltr'><strong>ac</strong></span> <span class='ocrx_word' id='word_1_346' title='bbox 3251 2005 3476 2062; x_wconf 72' lang='lat' dir='ltr'><strong>aﬁ‘ectus</strong></span> <span class='ocrx_word' id='word_1_347' title='bbox 3517 2027 3717 2068; x_wconf 81' lang='lat' dir='ltr'><strong>eorum</strong></span> 
     </span>
    </p>
   </div>
   <div class='ocr_carea' id='block_1_51' title="bbox 2097 2089 3724 2166">
    <p class='ocr_par' dir='ltr' id='par_1_51' title="bbox 2097 2089 3724 2166">
     <span class='ocr_line' id='line_1_51' title="bbox 2097 2089 3724 2166; baseline 0.01 -25"><span class='ocrx_word' id='word_1_348' title='bbox 2097 2089 2434 2157; x_wconf 75' lang='lat' dir='ltr'><strong>praediceret.</strong></span> <span class='ocrx_word' id='word_1_349' title='bbox 2467 2089 2624 2144; x_wconf 87' lang='lat' dir='ltr'><strong>Unde</strong></span> <span class='ocrx_word' id='word_1_350' title='bbox 2647 2091 2840 2145; x_wconf 84' lang='lat' dir='ltr'><strong>accidit</strong></span> <span class='ocrx_word' id='word_1_351' title='bbox 2871 2099 2944 2158; x_wconf 87' lang='lat' dir='ltr'><strong>ut,</strong></span> <span class='ocrx_word' id='word_1_352' title='bbox 2979 2093 3214 2162; x_wconf 78' lang='lat' dir='ltr'><strong>quodam</strong></span> <span class='ocrx_word' id='word_1_353' title='bbox 3270 2103 3535 2166; x_wconf 84' lang='lat' dir='ltr'><strong>tempore,</strong></span> <span class='ocrx_word' id='word_1_354' title='bbox 3592 2119 3724 2157; x_wconf 80' lang='lat' dir='ltr'><strong>cum</strong></span> 
     </span>
    </p>
   </div>
   <div class='ocr_carea' id='block_1_52' title="bbox 2097 2177 3720 2247">
    <p class='ocr_par' dir='ltr' id='par_1_52' title="bbox 2097 2177 3720 2247">
     <span class='ocr_line' id='line_1_52' title="bbox 2097 2177 3720 2247; baseline 0.009 -15"><span class='ocrx_word' id='word_1_355' title='bbox 2097 2177 2266 2232; x_wconf 87' lang='lat' dir='ltr'><strong>cellas</strong></span> <span class='ocrx_word' id='word_1_356' title='bbox 2293 2193 2417 2231; x_wconf 89' lang='lat' dir='ltr'><strong>suas</strong></span> <span class='ocrx_word' id='word_1_357' title='bbox 2461 2179 2840 2247; x_wconf 83' lang='lat' dir='ltr'><strong>perlustrando</strong></span> <span class='ocrx_word' id='word_1_358' title='bbox 2873 2180 3122 2236; x_wconf 86' lang='lat' dir='ltr'><strong>visitaret</strong></span> <span class='ocrx_word' id='word_1_359' title='bbox 3151 2187 3208 2237; x_wconf 79' lang='lat' dir='ltr'><strong>et</strong></span> <span class='ocrx_word' id='word_1_360' title='bbox 3254 2184 3322 2236; x_wconf 82' lang='lat' dir='ltr'><strong>ad</strong></span> <span class='ocrx_word' id='word_1_361' title='bbox 3353 2185 3532 2243; x_wconf 74' lang='lat' dir='ltr'><strong>locum</strong></span> <span class='ocrx_word' id='word_1_362' title='bbox 3567 2191 3720 2245; x_wconf 75' lang='lat' dir='ltr'><strong>Cha-</strong></span> 
     </span>
    </p>
   </div>
   <div class='ocr_carea' id='block_1_53' title="bbox 2097 2265 3720 2338">
    <p class='ocr_par' dir='ltr' id='par_1_53' title="bbox 2097 2265 3720 2338">
     <span class='ocr_line' id='line_1_53' title="bbox 2097 2265 3720 2338; baseline 0.008 -20"><span class='ocrx_word' id='word_1_363' title='bbox 2097 2265 2268 2324; x_wconf 83' lang='lat' dir='ltr'><strong>ritalis</strong></span> <span class='ocrx_word' id='word_1_364' title='bbox 2301 2267 2555 2329; x_wconf 88' lang='lat' dir='ltr'><strong>venisset,</strong></span> <span class='ocrx_word' id='word_1_365' title='bbox 2589 2266 2728 2321; x_wconf 89' lang='lat' dir='ltr'><strong>inter</strong></span> <span class='ocrx_word' id='word_1_366' title='bbox 2755 2268 2895 2322; x_wconf 90' lang='lat' dir='ltr'><strong>alios</strong></span> <span class='ocrx_word' id='word_1_367' title='bbox 2941 2269 3154 2338; x_wconf 83' lang='lat' dir='ltr'><strong>fratres,</strong></span> <span class='ocrx_word' id='word_1_368' title='bbox 3189 2288 3356 2325; x_wconf 87' lang='lat' dir='ltr'><strong>unum</strong></span> <span class='ocrx_word' id='word_1_369' title='bbox 3403 2275 3475 2332; x_wconf 76' lang='lat' dir='ltr'><strong>ab</strong></span> <span class='ocrx_word' id='word_1_370' title='bbox 3518 2280 3720 2336; x_wconf 70' lang='lat' dir='ltr'><strong>osculo</strong></span> 
     </span>
    </p>
   </div>
   <div class='ocr_carea' id='block_1_54' title="bbox 2093 2354 3720 2433">
    <p class='ocr_par' dir='ltr' id='par_1_54' title="bbox 2093 2354 3720 2433">
     <span class='ocr_line' id='line_1_54' title="bbox 2093 2354 3720 2433; baseline 0.009 -26"><span class='ocrx_word' id='word_1_371' title='bbox 2093 2354 2432 2422; x_wconf 86' lang='lat' dir='ltr'><strong>repudiaret.</strong></span> <span class='ocrx_word' id='word_1_372' title='bbox 2468 2354 2776 2423; x_wconf 82' lang='lat' dir='ltr'><strong>Requisitus</strong></span> <span class='ocrx_word' id='word_1_373' title='bbox 2809 2357 2878 2410; x_wconf 89' lang='lat' dir='ltr'><strong>de</strong></span> <span class='ocrx_word' id='word_1_374' title='bbox 2904 2373 3088 2424; x_wconf 84' lang='lat' dir='ltr'><strong>causa,</strong></span> <span class='ocrx_word' id='word_1_375' title='bbox 3116 2358 3426 2429; x_wconf 73' lang='lat' dir='ltr'><strong>malignum</strong></span> <span class='ocrx_word' id='word_1_376' title='bbox 3458 2365 3720 2433; x_wconf 67' lang='lat' dir='ltr'><strong>spiritum</strong></span> 
     </span>
    </p>
   </div>
   <div class='ocr_carea' id='block_1_55' title="bbox 2097 2442 3721 2522">
    <p class='ocr_par' dir='ltr' id='par_1_55' title="bbox 2097 2442 3721 2522">
     <span class='ocr_line' id='line_1_55' title="bbox 2097 2442 3721 2522; baseline 0.012 -28"><span class='ocrx_word' id='word_1_377' title='bbox 2097 2442 2152 2495; x_wconf 89' lang='lat' dir='ltr'><strong>in</strong></span> <span class='ocrx_word' id='word_1_378' title='bbox 2196 2458 2260 2496; x_wconf 91' lang='lat' dir='ltr'><strong>eo</strong></span> <span class='ocrx_word' id='word_1_379' title='bbox 2307 2442 2690 2497; x_wconf 81' lang='lat' dir='ltr'><strong>habitationem</strong></span> <span class='ocrx_word' id='word_1_380' title='bbox 2742 2443 2948 2500; x_wconf 86' lang='lat' dir='ltr'><strong>habere</strong></span> <span class='ocrx_word' id='word_1_381' title='bbox 3005 2448 3306 2516; x_wconf 72' lang='lat' dir='ltr'><strong>respondit.</strong></span> <span class='ocrx_word' id='word_1_382' title='bbox 3372 2451 3721 2522; x_wconf 76' lang='lat' dir='ltr'><strong>Stupefactis</strong></span> 
     </span>
    </p>
   </div>
   <div class='ocr_carea' id='block_1_56' title="bbox 2098 2531 3720 2614">
    <p class='ocr_par' dir='ltr' id='par_1_56' title="bbox 2098 2531 3720 2614">
     <span class='ocr_line' id='line_1_56' title="bbox 2098 2531 3720 2614; baseline 0.009 -32"><span class='ocrx_word' id='word_1_383' title='bbox 2098 2531 2186 2599; x_wconf 86' lang='lat' dir='ltr'><strong>qui</strong></span> <span class='ocrx_word' id='word_1_384' title='bbox 2219 2531 2465 2598; x_wconf 85' lang='lat' dir='ltr'><strong>aderant,</strong></span> <span class='ocrx_word' id='word_1_385' title='bbox 2499 2532 2861 2603; x_wconf 83' lang='lat' dir='ltr'><strong>interrogatur</strong></span> <span class='ocrx_word' id='word_1_386' title='bbox 2901 2533 3070 2588; x_wconf 82' lang='lat' dir='ltr'><strong>miser</strong></span> <span class='ocrx_word' id='word_1_387' title='bbox 3114 2535 3183 2590; x_wconf 82' lang='lat' dir='ltr'><strong>de</strong></span> <span class='ocrx_word' id='word_1_388' title='bbox 3230 2539 3581 2608; x_wconf 73' lang='lat' dir='ltr'><strong>conscientia,</strong></span> <span class='ocrx_word' id='word_1_389' title='bbox 3617 2546 3720 2614; x_wconf 77' lang='lat' dir='ltr'><strong>qui</strong></span> 
     </span>
    </p>
   </div>
   <div class='ocr_carea' id='block_1_57' title="bbox 2101 2619 3714 2688">
    <p class='ocr_par' dir='ltr' id='par_1_57' title="bbox 2101 2619 3714 2688">
     <span class='ocr_line' id='line_1_57' title="bbox 2101 2619 3714 2688; baseline 0.011 -17"><span class='ocrx_word' id='word_1_390' title='bbox 2101 2634 2226 2672; x_wconf 85' lang='lat' dir='ltr'><strong>mox</strong></span> <span class='ocrx_word' id='word_1_391' title='bbox 2259 2619 2548 2674; x_wconf 77' lang='lat' dir='ltr'><strong>confitetur</strong></span> <span class='ocrx_word' id='word_1_392' title='bbox 2577 2636 2634 2674; x_wconf 90' lang='lat' dir='ltr'><strong>se</strong></span> <span class='ocrx_word' id='word_1_393' title='bbox 2658 2621 2780 2675; x_wconf 78' lang='lat' dir='ltr'><strong>sine</strong></span> <span class='ocrx_word' id='word_1_394' title='bbox 2810 2622 3135 2677; x_wconf 75' lang='lat' dir='ltr'><strong>sacerdotaii</strong></span> <span class='ocrx_word' id='word_1_395' title='bbox 3155 2625 3350 2682; x_wconf 79' lang='lat' dir='ltr'><strong>ordine</strong></span> <span class='ocrx_word' id='word_1_396' title='bbox 3370 2629 3594 2687; x_wconf 74' lang='lat' dir='ltr'><strong>missam</strong></span> <span class='ocrx_word' id='word_1_397' title='bbox 3616 2634 3714 2688; x_wconf 82' lang='lat' dir='ltr'><strong>diu</strong></span> 
     </span>
    </p>
   </div>
   <div class='ocr_carea' id='block_1_58' title="bbox 2097 2708 3713 2781">
    <p class='ocr_par' dir='ltr' id='par_1_58' title="bbox 2097 2708 3713 2781">
     <span class='ocr_line' id='line_1_58' title="bbox 2097 2708 3713 2781; baseline 0.011 -20"><span class='ocrx_word' id='word_1_398' title='bbox 2097 2708 2424 2775; x_wconf 84' lang='lat' dir='ltr'><strong>celebrasse,</strong></span> <span class='ocrx_word' id='word_1_399' title='bbox 2493 2708 2886 2766; x_wconf 80' lang='lat' dir='ltr'><strong>confessionem</strong></span> <span class='ocrx_word' id='word_1_400' title='bbox 2960 2718 3014 2765; x_wconf 87' lang='lat' dir='ltr'><strong>et</strong></span> <span class='ocrx_word' id='word_1_401' title='bbox 3079 2713 3434 2781; x_wconf 62' lang='lat' dir='ltr'><strong>pauitantian</strong></span> <span class='ocrx_word' id='word_1_402' title='bbox 3498 2719 3713 2777; x_wconf 70' lang='lat' dir='ltr'><strong>nultum</strong></span> 
     </span>
    </p>
   </div>
   <div class='ocr_carea' id='block_1_59' title="bbox 2097 2796 3713 2877">
    <p class='ocr_par' dir='ltr' id='par_1_59' title="bbox 2097 2796 3713 2877">
     <span class='ocr_line' id='line_1_59' title="bbox 2097 2796 3713 2877; baseline 0.01 -28"><span class='ocrx_word' id='word_1_403' title='bbox 2097 2812 2217 2850; x_wconf 84' lang='lat' dir='ltr'><strong>sese</strong></span> <span class='ocrx_word' id='word_1_404' title='bbox 2246 2796 2569 2865; x_wconf 85' lang='lat' dir='ltr'><strong>suscepisse,</strong></span> <span class='ocrx_word' id='word_1_405' title='bbox 2603 2803 2656 2850; x_wconf 86' lang='lat' dir='ltr'><strong>et</strong></span> <span class='ocrx_word' id='word_1_406' title='bbox 2703 2798 2878 2852; x_wconf 86' lang='lat' dir='ltr'><strong>adhuc</strong></span> <span class='ocrx_word' id='word_1_407' title='bbox 2915 2799 2971 2853; x_wconf 90' lang='lat' dir='ltr'><strong>in</strong></span> <span class='ocrx_word' id='word_1_408' title='bbox 3001 2800 3212 2855; x_wconf 76' lang='lat' dir='ltr'><strong>scelere</strong></span> <span class='ocrx_word' id='word_1_409' title='bbox 3239 2802 3358 2871; x_wconf 85' lang='lat' dir='ltr'><strong>ipso</strong></span> <span class='ocrx_word' id='word_1_410' title='bbox 3387 2821 3454 2861; x_wconf 82' lang='lat' dir='ltr'><strong>se</strong></span> <span class='ocrx_word' id='word_1_411' title='bbox 3493 2811 3713 2877; x_wconf 80' lang='lat' dir='ltr'><strong>perdu-</strong></span> 
     </span>
    </p>
   </div>
   <div class='ocr_carea' id='block_1_60' title="bbox 2097 2885 3706 2965">
    <p class='ocr_par' dir='ltr' id='par_1_60' title="bbox 2097 2885 3706 2965">
     <span class='ocr_line' id='line_1_60' title="bbox 2097 2885 3706 2965; baseline 0.009 -26"><span class='ocrx_word' id='word_1_412' title='bbox 2097 2901 2218 2939; x_wconf 86' lang='lat' dir='ltr'><strong>rare</strong></span> <span class='ocrx_word' id='word_1_413' title='bbox 2244 2903 2256 2948; x_wconf 89' lang='lat'><strong>;</strong></span> <span class='ocrx_word' id='word_1_414' title='bbox 2288 2885 2383 2938; x_wconf 86' lang='lat' dir='ltr'><strong>sed</strong></span> <span class='ocrx_word' id='word_1_415' title='bbox 2414 2902 2535 2938; x_wconf 91' lang='lat' dir='ltr'><strong>cum</strong></span> <span class='ocrx_word' id='word_1_416' title='bbox 2567 2886 2840 2941; x_wconf 81' lang='lat' dir='ltr'><strong>debuisset</strong></span> <span class='ocrx_word' id='word_1_417' title='bbox 2868 2888 3152 2957; x_wconf 80' lang='lat' dir='ltr'><strong>poenitere,</strong></span> <span class='ocrx_word' id='word_1_418' title='bbox 3177 2900 3370 2959; x_wconf 68' lang='lat' dir='ltr'><strong>postea</strong></span> <span class='ocrx_word' id='word_1_419' title='bbox 3398 2894 3706 2965; x_wconf 65' lang='lat' dir='ltr'><strong>ﬂagitiosus</strong></span> 
     </span>
    </p>
   </div>
   <div class='ocr_carea' id='block_1_61' title="bbox 2098 2975 3708 3048">
    <p class='ocr_par' dir='ltr' id='par_1_61' title="bbox 2098 2975 3708 3048">
     <span class='ocr_line' id='line_1_61' title="bbox 2098 2975 3708 3048; baseline 0.009 -21"><span class='ocrx_word' id='word_1_420' title='bbox 2098 2981 2261 3042; x_wconf 87' lang='lat' dir='ltr'><strong>atque</strong></span> <span class='ocrx_word' id='word_1_421' title='bbox 2291 2975 2558 3042; x_wconf 81' lang='lat' dir='ltr'><strong>pessimus</strong></span> <span class='ocrx_word' id='word_1_422' title='bbox 2587 2975 2784 3029; x_wconf 84' lang='lat' dir='ltr'><strong>evasit.</strong></span> <span class='ocrx_word' id='word_1_423' title='bbox 2831 2976 2909 3030; x_wconf 89' lang='lat' dir='ltr'><strong>Sit</strong></span> <span class='ocrx_word' id='word_1_424' title='bbox 2941 2993 3160 3047; x_wconf 85' lang='lat' dir='ltr'><strong>quoque</strong></span> <span class='ocrx_word' id='word_1_425' title='bbox 3185 2980 3331 3048; x_wconf 78' lang='lat' dir='ltr'><strong>apud</strong></span> <span class='ocrx_word' id='word_1_426' title='bbox 3362 2985 3708 3042; x_wconf 79' lang='lat' dir='ltr'><strong>Avenionem</strong></span> 
     </span>
    </p>
   </div>
   <div class='ocr_carea' id='block_1_62' title="bbox 394 3049 3706 3158">
    <p class='ocr_par' dir='ltr' id='par_1_62' title="bbox 394 3049 3706 3158">
     <span class='ocr_line' id='line_1_62' title="bbox 394 3049 3706 3158; baseline 0.002 -48"><span class='ocrx_word' id='word_1_427' title='bbox 394 3056 560 3110; x_wconf 91' lang='lat' dir='ltr'><strong>monii</strong></span> <span class='ocrx_word' id='word_1_428' title='bbox 593 3054 702 3123; x_wconf 72' lang='grc'><strong>(91)</strong></span> <span class='ocrx_word' id='word_1_429' title='bbox 723 3051 1095 3114; x_wconf 77' lang='lat' dir='ltr'><strong>Arvernensis,</strong></span> <span class='ocrx_word' id='word_1_430' title='bbox 1130 3049 1230 3103; x_wconf 88' lang='lat' dir='ltr'><strong>nisi</strong></span> <span class='ocrx_word' id='word_1_431' title='bbox 1262 3049 1360 3104; x_wconf 88' lang='lat' dir='ltr'><strong>iste</strong></span> <span class='ocrx_word' id='word_1_432' title='bbox 1389 3050 1473 3103; x_wconf 84' lang='lat' dir='ltr'><strong>vir</strong></span> <span class='ocrx_word' id='word_1_433' title='bbox 1503 3051 1731 3104; x_wconf 82' lang='lat' dir='ltr'><strong>beatus?</strong></span> <span class='ocrx_word' id='word_1_434' title='bbox 1761 3052 1892 3120; x_wconf 84' lang='lat' dir='ltr'><strong>Quis</strong></span> <span class='ocrx_word' id='word_1_435' title='bbox 1932 3055 1982 3109; x_wconf 90' lang='lat' dir='ltr'><strong>B.</strong></span> <span class='ocrx_word' id='word_1_436' title='bbox 2017 3095 2065 3158; x_wconf 66' lang='grc' dir='ltr'>Ο</span> <span class='ocrx_word' id='word_1_437' title='bbox 2097 3061 2308 3127; x_wconf 83' lang='lat' dir='ltr'><strong>urbem,</strong></span> <span class='ocrx_word' id='word_1_438' title='bbox 2345 3063 2476 3115; x_wconf 91' lang='lat' dir='ltr'><strong>dum</strong></span> <span class='ocrx_word' id='word_1_439' title='bbox 2509 3062 2739 3132; x_wconf 86' lang='lat' dir='ltr'><strong>quadam</strong></span> <span class='ocrx_word' id='word_1_440' title='bbox 2774 3064 2860 3119; x_wconf 88' lang='lat' dir='ltr'><strong>die</strong></span> <span class='ocrx_word' id='word_1_441' title='bbox 2891 3065 2961 3119; x_wconf 82' lang='lat' dir='ltr'><strong>ab</strong></span> <span class='ocrx_word' id='word_1_442' title='bbox 2982 3081 3048 3120; x_wconf 89' lang='lat' dir='ltr'><strong>eo</strong></span> <span class='ocrx_word' id='word_1_443' title='bbox 3079 3067 3296 3136; x_wconf 85' lang='lat' dir='ltr'><strong>quidam</strong></span> <span class='ocrx_word' id='word_1_444' title='bbox 3331 3069 3536 3128; x_wconf 61' lang='lat' dir='ltr'><strong>debilis</strong></span> <span class='ocrx_word' id='word_1_445' title='bbox 3554 3076 3706 3131; x_wconf 68' lang='lat' dir='ltr'><strong>elee.</strong></span> 
     </span>
    </p>
   </div>
   <div class='ocr_carea' id='block_1_63' title="bbox 385 3138 1978 3212">
    <p class='ocr_par' dir='ltr' id='par_1_63' title="bbox 385 3138 1978 3212">
     <span class='ocr_line' id='line_1_63' title="bbox 385 3138 1978 3212; baseline -0.002 -15"><span class='ocrx_word' id='word_1_446' title='bbox 385 3144 567 3198; x_wconf 75' lang='lat' dir='ltr'><strong>Maria:</strong></span> <span class='ocrx_word' id='word_1_447' title='bbox 621 3139 959 3212; x_wconf 62' lang='lat' dir='ltr'><strong>Magdalenaa</strong></span> <span class='ocrx_word' id='word_1_448' title='bbox 992 3138 1409 3192; x_wconf 79' lang='lat' dir='ltr'><strong>Vizeliacensem</strong></span> <span class='ocrx_word' id='word_1_449' title='bbox 1451 3138 1728 3192; x_wconf 83' lang='lat' dir='ltr'><strong>ecclesiam</strong></span> <span class='ocrx_word' id='word_1_450' title='bbox 1786 3142 1855 3194; x_wconf 83' lang='lat' dir='ltr'><strong>ad</strong></span> <span class='ocrx_word' id='word_1_451' title='bbox 1885 3157 1978 3195; x_wconf 88' lang='lat' dir='ltr'><strong>or-</strong></span> 
     </span>
    </p>
   </div>
   <div class='ocr_carea' id='block_1_64' title="bbox 384 3227 1979 3302">
    <p class='ocr_par' dir='ltr' id='par_1_64' title="bbox 384 3227 1979 3302">
     <span class='ocr_line' id='line_1_64' title="bbox 384 3227 1979 3302; baseline -0.001 -16"><span class='ocrx_word' id='word_1_452' title='bbox 384 3233 526 3286; x_wconf 88' lang='lat' dir='ltr'><strong>dinis</strong></span> <span class='ocrx_word' id='word_1_453' title='bbox 585 3229 848 3302; x_wconf 79' lang='lat' dir='ltr'><strong>regularis</strong></span> <span class='ocrx_word' id='word_1_454' title='bbox 897 3228 1182 3297; x_wconf 85' lang='lat' dir='ltr'><strong>pristinum</strong></span> <span class='ocrx_word' id='word_1_455' title='bbox 1234 3227 1446 3282; x_wconf 79' lang='lat' dir='ltr'><strong>reduxit</strong></span> <span class='ocrx_word' id='word_1_456' title='bbox 1484 3235 1701 3295; x_wconf 84' lang='lat' dir='ltr'><strong>statum,</strong></span> <span class='ocrx_word' id='word_1_457' title='bbox 1734 3229 1833 3283; x_wconf 82' lang='lat' dir='ltr'><strong>nisi</strong></span> <span class='ocrx_word' id='word_1_458' title='bbox 1882 3230 1979 3284; x_wconf 87' lang='lat' dir='ltr'><strong>iste</strong></span> 
     </span>
    </p>
   </div>
   <div class='ocr_carea' id='block_1_65' title="bbox 374 3316 1981 3389">
    <p class='ocr_par' dir='ltr' id='par_1_65' title="bbox 374 3316 1981 3389">
     <span class='ocr_line' id='line_1_65' title="bbox 374 3316 1981 3389; baseline 0 -14"><span class='ocrx_word' id='word_1_459' title='bbox 374 3323 457 3375; x_wconf 86' lang='lat' dir='ltr'><strong>vir</strong></span> <span class='ocrx_word' id='word_1_460' title='bbox 514 3321 748 3375; x_wconf 82' lang='lat' dir='ltr'><strong>beatus?</strong></span> <span class='ocrx_word' id='word_1_461' title='bbox 798 3317 895 3371; x_wconf 81' lang='lat' dir='ltr'><strong>Hic</strong></span> <span class='ocrx_word' id='word_1_462' title='bbox 947 3316 1180 3370; x_wconf 81' lang='lat' dir='ltr'><strong>Pictavis</strong></span> <span class='ocrx_word' id='word_1_463' title='bbox 1230 3316 1292 3370; x_wconf 92' lang='lat' dir='ltr'><strong>S.</strong></span> <span class='ocrx_word' id='word_1_464' title='bbox 1350 3317 1571 3369; x_wconf 78' lang='lat' dir='ltr'><strong>Joannis</strong></span> <span class='ocrx_word' id='word_1_465' title='bbox 1619 3318 1981 3389; x_wconf 66' lang='lat' dir='ltr'><strong>Evangel&#39;istw</strong></span> 
     </span>
    </p>
   </div>
   <div class='ocr_carea' id='block_1_66' title="bbox 379 3404 1978 3476">
    <p class='ocr_par' dir='ltr' id='par_1_66' title="bbox 379 3404 1978 3476">
     <span class='ocr_line' id='line_1_66' title="bbox 379 3404 1978 3476; baseline -0.002 -12"><span class='ocrx_word' id='word_1_466' title='bbox 379 3409 686 3464; x_wconf 80' lang='lat' dir='ltr'><strong>ccrnobium</strong></span> <span class='ocrx_word' id='word_1_467' title='bbox 723 3409 834 3476; x_wconf 70' lang='grc'>(92)</span> <span class='ocrx_word' id='word_1_468' title='bbox 867 3406 934 3459; x_wconf 88' lang='lat' dir='ltr'><strong>ab</strong></span> <span class='ocrx_word' id='word_1_469' title='bbox 965 3405 1096 3474; x_wconf 87' lang='lat' dir='ltr'><strong>ipsis</strong></span> <span class='ocrx_word' id='word_1_470' title='bbox 1146 3404 1510 3458; x_wconf 82' lang='lat' dir='ltr'><strong>fundamentis</strong></span> <span class='ocrx_word' id='word_1_471' title='bbox 1556 3405 1818 3476; x_wconf 84' lang='lat' dir='ltr'><strong>religione</strong></span> <span class='ocrx_word' id='word_1_472' title='bbox 1851 3408 1978 3460; x_wconf 88' lang='lat' dir='ltr'><strong>fun—</strong></span> 
     </span>
    </p>
   </div>
   <div class='ocr_carea' id='block_1_67' title="bbox 375 3492 1978 3563">
    <p class='ocr_par' dir='ltr' id='par_1_67' title="bbox 375 3492 1978 3563">
     <span class='ocr_line' id='line_1_67' title="bbox 375 3492 1978 3563; baseline 0 -11"><span class='ocrx_word' id='word_1_473' title='bbox 375 3499 576 3562; x_wconf 70' lang='lat' dir='ltr'><strong>davit;</strong></span> <span class='ocrx_word' id='word_1_474' title='bbox 644 3495 812 3550; x_wconf 88' lang='lat' dir='ltr'><strong>sancti</strong></span> <span class='ocrx_word' id='word_1_475' title='bbox 883 3509 1096 3563; x_wconf 85' lang='lat' dir='ltr'><strong>quoque</strong></span> <span class='ocrx_word' id='word_1_476' title='bbox 1163 3492 1357 3546; x_wconf 83' lang='lat' dir='ltr'><strong>Bertini</strong></span> <span class='ocrx_word' id='word_1_477' title='bbox 1417 3493 1742 3548; x_wconf 81' lang='lat' dir='ltr'><strong>confessoris</strong></span> <span class='ocrx_word' id='word_1_478' title='bbox 1795 3497 1978 3551; x_wconf 87' lang='lat' dir='ltr'><strong>eccle-</strong></span> 
     </span>
    </p>
   </div>
   <div class='ocr_carea' id='block_1_68' title="bbox 375 3581 1974 3658">
    <p class='ocr_par' dir='ltr' id='par_1_68' title="bbox 375 3581 1974 3658">
     <span class='ocr_line' id='line_1_68' title="bbox 375 3581 1974 3658; baseline -0.001 -18"><span class='ocrx_word' id='word_1_479' title='bbox 375 3587 511 3640; x_wconf 78' lang='lat' dir='ltr'><strong>siam</strong></span> <span class='ocrx_word' id='word_1_480' title='bbox 543 3589 654 3654; x_wconf 82' lang='lat'><strong>(93)</strong></span> <span class='ocrx_word' id='word_1_481' title='bbox 686 3599 806 3637; x_wconf 84' lang='lat' dir='ltr'><strong>cum</strong></span> <span class='ocrx_word' id='word_1_482' title='bbox 832 3581 1086 3650; x_wconf 78' lang='lat' dir='ltr'><strong>pluribus</strong></span> <span class='ocrx_word' id='word_1_483' title='bbox 1116 3581 1284 3649; x_wconf 88' lang='lat' dir='ltr'><strong>ipsius</strong></span> <span class='ocrx_word' id='word_1_484' title='bbox 1313 3581 1584 3634; x_wconf 66' lang='lat' dir='ltr'><strong>Flandrize</strong></span> <span class='ocrx_word' id='word_1_485' title='bbox 1611 3585 1974 3658; x_wconf 78' lang='lat' dir='ltr'><strong>monasteriis,</strong></span> 
     </span>
    </p>
   </div>
   <div class='ocr_carea' id='block_1_69' title="bbox 369 3669 1976 3744">
    <p class='ocr_par' dir='ltr' id='par_1_69' title="bbox 369 3669 1976 3744">
     <span class='ocr_line' id='line_1_69' title="bbox 369 3669 1976 3744; baseline -0.002 -16"><span class='ocrx_word' id='word_1_486' title='bbox 369 3673 638 3744; x_wconf 82' lang='lat' dir='ltr'><strong>religione</strong></span> <span class='ocrx_word' id='word_1_487' title='bbox 668 3671 994 3729; x_wconf 84' lang='lat' dir='ltr'><strong>illustravit;</strong></span> <span class='ocrx_word' id='word_1_488' title='bbox 1034 3669 1212 3722; x_wconf 90' lang='lat' dir='ltr'><strong>locum</strong></span> <span class='ocrx_word' id='word_1_489' title='bbox 1247 3670 1409 3721; x_wconf 87' lang='lat' dir='ltr'><strong>etiam</strong></span> <span class='ocrx_word' id='word_1_490' title='bbox 1444 3670 1530 3737; x_wconf 90' lang='lat' dir='ltr'><strong>qui</strong></span> <span class='ocrx_word' id='word_1_491' title='bbox 1564 3671 1837 3726; x_wconf 86' lang='lat' dir='ltr'><strong>cbaritatis</strong></span> <span class='ocrx_word' id='word_1_492' title='bbox 1873 3674 1976 3727; x_wconf 88' lang='lat' dir='ltr'><strong>ob-</strong></span> 
     </span>
    </p>
   </div>
   <div class='ocr_carea' id='block_1_70' title="bbox 368 3756 1980 3826">
    <p class='ocr_par' dir='ltr' id='par_1_70' title="bbox 368 3756 1980 3826">
     <span class='ocr_line' id='line_1_70' title="bbox 368 3756 1980 3826; baseline 0.002 -12"><span class='ocrx_word' id='word_1_493' title='bbox 368 3761 502 3814; x_wconf 87' lang='lat' dir='ltr'><strong>tinet</strong></span> <span class='ocrx_word' id='word_1_494' title='bbox 563 3775 784 3823; x_wconf 88' lang='lat' dir='ltr'><strong>nomen,</strong></span> <span class='ocrx_word' id='word_1_495' title='bbox 817 3773 916 3826; x_wconf 89' lang='lat' dir='ltr'><strong>per</strong></span> <span class='ocrx_word' id='word_1_496' title='bbox 971 3757 1165 3822; x_wconf 90' lang='lat' dir='ltr'><strong>virum,</strong></span> <span class='ocrx_word' id='word_1_497' title='bbox 1204 3756 1468 3810; x_wconf 87' lang='lat' dir='ltr'><strong>mirabilis</strong></span> <span class='ocrx_word' id='word_1_498' title='bbox 1511 3759 1652 3826; x_wconf 84' lang='lat' dir='ltr'><strong>apud</strong></span> <span class='ocrx_word' id='word_1_499' title='bbox 1701 3760 1873 3813; x_wconf 89' lang='lat' dir='ltr'><strong>Deum</strong></span> <span class='ocrx_word' id='word_1_500' title='bbox 1927 3770 1980 3818; x_wconf 87' lang='lat' dir='ltr'><strong>et</strong></span> 
     </span>
    </p>
   </div>
   <div class='ocr_carea' id='block_1_71' title="bbox 368 3832 1977 3918">
    <p class='ocr_par' dir='ltr' id='par_1_71' title="bbox 368 3832 1977 3918">
     <span class='ocr_line' id='line_1_71' title="bbox 368 3832 1977 3918; baseline 0.001 -16"><span class='ocrx_word' id='word_1_501' title='bbox 368 3849 620 3902; x_wconf 89' lang='lat' dir='ltr'><strong>homines</strong></span> <span class='ocrx_word' id='word_1_502' title='bbox 643 3846 858 3918; x_wconf 83' lang='lat' dir='ltr'><strong>gratiae,</strong></span> <span class='ocrx_word' id='word_1_503' title='bbox 898 3832 1207 3899; x_wconf 82' lang='lat' dir='ltr'><strong>Gerardum</strong></span> <span class='ocrx_word' id='word_1_504' title='bbox 1241 3846 1566 3898; x_wconf 87' lang='lat' dir='ltr'><strong>monachum</strong></span> <span class='ocrx_word' id='word_1_505' title='bbox 1597 3863 1752 3900; x_wconf 87' lang='lat' dir='ltr'><strong>suum</strong></span> <span class='ocrx_word' id='word_1_506' title='bbox 1783 3850 1977 3918; x_wconf 83' lang='lat' dir='ltr'><strong>aprin-</strong></span> 
     </span>
    </p>
   </div>
   <div class='ocr_carea' id='block_1_72' title="bbox 368 3935 753 4008">
    <p class='ocr_par' dir='ltr' id='par_1_72' title="bbox 368 3935 753 4008">
     <span class='ocr_line' id='line_1_72' title="bbox 368 3935 753 4008; baseline -0.01 -16"><span class='ocrx_word' id='word_1_507' title='bbox 368 3937 511 4008; x_wconf 91' lang='lat' dir='ltr'><strong>cipio</strong></span> <span class='ocrx_word' id='word_1_508' title='bbox 545 3935 753 3990; x_wconf 85' lang='lat' dir='ltr'><strong>struxit.</strong></span> 
     </span>
    </p>
   </div>
   <div class='ocr_carea' id='block_1_73' title="bbox 440 4021 1972 4097">
    <p class='ocr_par' dir='ltr' id='par_1_73' title="bbox 440 4021 1972 4097">
     <span class='ocr_line' id='line_1_73' title="bbox 440 4021 1972 4097; baseline 0.001 -18"><span class='ocrx_word' id='word_1_509' title='bbox 440 4030 528 4080; x_wconf 75' lang='lat' dir='ltr'><strong>t5.</strong></span> <span class='ocrx_word' id='word_1_510' title='bbox 569 4024 786 4080; x_wconf 77' lang='lat' dir='ltr'><strong>Parisiis</strong></span> <span class='ocrx_word' id='word_1_511' title='bbox 818 4021 1106 4079; x_wconf 84' lang='lat' dir='ltr'><strong>ecclesiam</strong></span> <span class='ocrx_word' id='word_1_512' title='bbox 1139 4023 1195 4078; x_wconf 93' lang='lat' dir='ltr'><strong>S.</strong></span> <span class='ocrx_word' id='word_1_513' title='bbox 1228 4022 1458 4090; x_wconf 82' lang='lat' dir='ltr'><strong>Martini,</strong></span> <span class='ocrx_word' id='word_1_514' title='bbox 1493 4041 1613 4094; x_wconf 69' lang='lat' dir='ltr'><strong>qua:</strong></span> <span class='ocrx_word' id='word_1_515' title='bbox 1653 4026 1719 4080; x_wconf 89' lang='lat' dir='ltr'><strong>de</strong></span> <span class='ocrx_word' id='word_1_516' title='bbox 1766 4028 1972 4097; x_wconf 80' lang='lat' dir='ltr'><strong>campis</strong></span> 
     </span>
    </p>
   </div>
   <div class='ocr_carea' id='block_1_74' title="bbox 363 4112 1969 4184">
    <p class='ocr_par' dir='ltr' id='par_1_74' title="bbox 363 4112 1969 4184">
     <span class='ocr_line' id='line_1_74' title="bbox 363 4112 1969 4184; baseline 0.001 -14"><span class='ocrx_word' id='word_1_517' title='bbox 363 4123 721 4184; x_wconf 87' lang='lat' dir='ltr'><strong>nuncupatur,</strong></span> <span class='ocrx_word' id='word_1_518' title='bbox 764 4113 831 4168; x_wconf 92' lang='lat' dir='ltr'><strong>de</strong></span> <span class='ocrx_word' id='word_1_519' title='bbox 889 4112 1197 4166; x_wconf 88' lang='lat' dir='ltr'><strong>canonicali</strong></span> <span class='ocrx_word' id='word_1_520' title='bbox 1239 4113 1445 4181; x_wconf 86' lang='lat' dir='ltr'><strong>ordine,</strong></span> <span class='ocrx_word' id='word_1_521' title='bbox 1505 4114 1557 4167; x_wconf 91' lang='lat' dir='ltr'><strong>in</strong></span> <span class='ocrx_word' id='word_1_522' title='bbox 1615 4116 1969 4170; x_wconf 85' lang='lat' dir='ltr'><strong>monasticam</strong></span> 
     </span>
    </p>
   </div>
   <div class='ocr_carea' id='block_1_75' title="bbox 362 4201 1970 4273">
    <p class='ocr_par' dir='ltr' id='par_1_75' title="bbox 362 4201 1970 4273">
     <span class='ocr_line' id='line_1_75' title="bbox 362 4201 1970 4273; baseline 0 -16"><span class='ocrx_word' id='word_1_523' title='bbox 362 4203 629 4258; x_wconf 87' lang='lat' dir='ltr'><strong>transtulit</strong></span> <span class='ocrx_word' id='word_1_524' title='bbox 659 4218 932 4256; x_wconf 90' lang='lat' dir='ltr'><strong>normam.</strong></span> <span class='ocrx_word' id='word_1_525' title='bbox 967 4201 1071 4256; x_wconf 88' lang='lat' dir='ltr'><strong>Sed</strong></span> <span class='ocrx_word' id='word_1_526' title='bbox 1104 4218 1206 4255; x_wconf 84' lang='lat' dir='ltr'><strong>cur</strong></span> <span class='ocrx_word' id='word_1_527' title='bbox 1239 4202 1351 4255; x_wconf 85' lang='lat' dir='ltr'><strong>fere</strong></span> <span class='ocrx_word' id='word_1_528' title='bbox 1383 4210 1546 4255; x_wconf 89' lang='lat' dir='ltr'><strong>totam</strong></span> <span class='ocrx_word' id='word_1_529' title='bbox 1579 4203 1810 4256; x_wconf 83' lang='lat' dir='ltr'><strong>Galliam</strong></span> <span class='ocrx_word' id='word_1_530' title='bbox 1843 4221 1970 4273; x_wconf 85' lang='lat' dir='ltr'><strong>per-</strong></span> 
     </span>
    </p>
   </div>
   <div class='ocr_carea' id='block_1_76' title="bbox 363 4290 1970 4363">
    <p class='ocr_par' dir='ltr' id='par_1_76' title="bbox 363 4290 1970 4363">
     <span class='ocr_line' id='line_1_76' title="bbox 363 4290 1970 4363; baseline 0.001 -17"><span class='ocrx_word' id='word_1_531' title='bbox 363 4307 606 4363; x_wconf 85' lang='lat' dir='ltr'><strong>agerem,</strong></span> <span class='ocrx_word' id='word_1_532' title='bbox 656 4307 821 4361; x_wconf 90' lang='lat' dir='ltr'><strong>quam</strong></span> <span class='ocrx_word' id='word_1_533' title='bbox 873 4291 944 4344; x_wconf 88' lang='lat' dir='ltr'><strong>ita</strong></span> <span class='ocrx_word' id='word_1_534' title='bbox 973 4290 1317 4344; x_wconf 87' lang='lat' dir='ltr'><strong>monasteriis</strong></span> <span class='ocrx_word' id='word_1_535' title='bbox 1363 4292 1686 4360; x_wconf 88' lang='lat' dir='ltr'><strong>perornavit,</strong></span> <span class='ocrx_word' id='word_1_536' title='bbox 1729 4300 1804 4359; x_wconf 91' lang='lat' dir='ltr'><strong>ut,</strong></span> <span class='ocrx_word' id='word_1_537' title='bbox 1856 4295 1970 4348; x_wconf 81' lang='lat' dir='ltr'><strong>sive</strong></span> 
     </span>
    </p>
   </div>
   <div class='ocr_carea' id='block_1_77' title="bbox 359 4377 1957 4451">
    <p class='ocr_par' dir='ltr' id='par_1_77' title="bbox 359 4377 1957 4451">
     <span class='ocr_line' id='line_1_77' title="bbox 359 4377 1957 4451; baseline 0 -17"><span class='ocrx_word' id='word_1_538' title='bbox 359 4381 412 4433; x_wconf 90' lang='lat' dir='ltr'><strong>in</strong></span> <span class='ocrx_word' id='word_1_539' title='bbox 461 4379 762 4445; x_wconf 85' lang='lat' dir='ltr'><strong>Franciam,</strong></span> <span class='ocrx_word' id='word_1_540' title='bbox 795 4379 907 4432; x_wconf 90' lang='lat' dir='ltr'><strong>sive</strong></span> <span class='ocrx_word' id='word_1_541' title='bbox 957 4378 1010 4431; x_wconf 91' lang='lat' dir='ltr'><strong>in</strong></span> <span class='ocrx_word' id='word_1_542' title='bbox 1040 4378 1401 4448; x_wconf 82' lang='lat' dir='ltr'><strong>Aquitaniam,</strong></span> <span class='ocrx_word' id='word_1_543' title='bbox 1434 4377 1554 4433; x_wconf 85' lang='lat' dir='ltr'><strong>sive</strong></span> <span class='ocrx_word' id='word_1_544' title='bbox 1598 4379 1651 4432; x_wconf 91' lang='lat' dir='ltr'><strong>in</strong></span> <span class='ocrx_word' id='word_1_545' title='bbox 1701 4380 1957 4451; x_wconf 89' lang='lat' dir='ltr'><strong>Burgun-</strong></span> 
     </span>
    </p>
   </div>
   <div class='ocr_carea' id='block_1_78' title="bbox 2094 3151 3703 3229">
    <p class='ocr_par' dir='ltr' id='par_1_78' title="bbox 2094 3151 3703 3229">
     <span class='ocr_line' id='line_1_78' title="bbox 2094 3151 3703 3229; baseline 0.011 -26"><span class='ocrx_word' id='word_1_546' title='bbox 2094 3166 2378 3220; x_wconf 80' lang='lat' dir='ltr'><strong>mosynam</strong></span> <span class='ocrx_word' id='word_1_547' title='bbox 2427 3151 2715 3222; x_wconf 79' lang='lat' dir='ltr'><strong>ﬂagitaret,</strong></span> <span class='ocrx_word' id='word_1_548' title='bbox 2754 3154 2836 3207; x_wconf 84' lang='lat' dir='ltr'><strong>vir</strong></span> <span class='ocrx_word' id='word_1_549' title='bbox 2866 3155 2966 3209; x_wconf 81' lang='lat' dir='ltr'><strong>Dei</strong></span> <span class='ocrx_word' id='word_1_550' title='bbox 3007 3157 3267 3214; x_wconf 76' lang='lat' dir='ltr'><strong>miserum</strong></span> <span class='ocrx_word' id='word_1_551' title='bbox 3316 3157 3562 3229; x_wconf 68' lang='lat' dir='ltr'><strong>intuitus,</strong></span> <span class='ocrx_word' id='word_1_552' title='bbox 3607 3165 3703 3219; x_wconf 73' lang='lat' dir='ltr'><strong>tali</strong></span> 
     </span>
    </p>
   </div>
   <div class='ocr_carea' id='block_1_79' title="bbox 2088 3231 3700 3322">
    <p class='ocr_par' dir='ltr' id='par_1_79' title="bbox 2088 3231 3700 3322">
     <span class='ocr_line' id='line_1_79' title="bbox 2088 3231 3700 3322; baseline 0.011 -30"><span class='ocrx_word' id='word_1_553' title='bbox 2088 3231 2259 3292; x_wconf 70' lang='lat' dir='ltr'><strong>fertur</strong></span> <span class='ocrx_word' id='word_1_554' title='bbox 2299 3255 2422 3292; x_wconf 89' lang='lat' dir='ltr'><strong>eum</strong></span> <span class='ocrx_word' id='word_1_555' title='bbox 2471 3241 2788 3294; x_wconf 81' lang='lat' dir='ltr'><strong>convenisse</strong></span> <span class='ocrx_word' id='word_1_556' title='bbox 2837 3258 3146 3311; x_wconf 82' lang='lat' dir='ltr'><strong>responso:</strong></span> <span class='ocrx_word' id='word_1_557' title='bbox 3202 3265 3226 3294; x_wconf 71' lang='grc' dir='ltr'><em>α</em></span> <span class='ocrx_word' id='word_1_558' title='bbox 3277 3247 3700 3322; x_wconf 76' lang='lat' dir='ltr'><strong>Elaemosynam</strong></span> 
     </span>
    </p>
   </div>
   <div class='ocr_carea' id='block_1_80' title="bbox 2088 3327 3698 3400">
    <p class='ocr_par' dir='ltr' id='par_1_80' title="bbox 2088 3327 3698 3400">
     <span class='ocr_line' id='line_1_80' title="bbox 2088 3327 3698 3400; baseline 0.011 -22"><span class='ocrx_word' id='word_1_559' title='bbox 2088 3327 2306 3396; x_wconf 83' lang='lat' dir='ltr'><strong>quidem</strong></span> <span class='ocrx_word' id='word_1_560' title='bbox 2371 3343 2474 3395; x_wconf 90' lang='lat' dir='ltr'><strong>pro</strong></span> <span class='ocrx_word' id='word_1_561' title='bbox 2539 3329 2769 3396; x_wconf 87' lang='lat' dir='ltr'><strong>Christo,</strong></span> <span class='ocrx_word' id='word_1_562' title='bbox 2830 3346 2992 3400; x_wconf 84' lang='lat' dir='ltr'><strong>quem</strong></span> <span class='ocrx_word' id='word_1_563' title='bbox 3059 3335 3364 3400; x_wconf 59' lang='lat' dir='ltr'><strong>praetendis,</strong></span> <span class='ocrx_word' id='word_1_564' title='bbox 3421 3338 3524 3392; x_wconf 78' lang='lat' dir='ltr'><strong>tibi</strong></span> <span class='ocrx_word' id='word_1_565' title='bbox 3575 3342 3698 3395; x_wconf 83' lang='lat' dir='ltr'><strong>im-</strong></span> 
     </span>
    </p>
   </div>
   <div class='ocr_carea' id='block_1_81' title="bbox 2089 3415 3693 3487">
    <p class='ocr_par' dir='ltr' id='par_1_81' title="bbox 2089 3415 3693 3487">
     <span class='ocr_line' id='line_1_81' title="bbox 2089 3415 3693 3487; baseline 0.011 -21"><span class='ocrx_word' id='word_1_566' title='bbox 2089 3415 2303 3484; x_wconf 84' lang='lat' dir='ltr'><strong>pendo;</strong></span> <span class='ocrx_word' id='word_1_567' title='bbox 2372 3415 2469 3468; x_wconf 86' lang='lat' dir='ltr'><strong>sed</strong></span> <span class='ocrx_word' id='word_1_568' title='bbox 2524 3423 2615 3469; x_wconf 87' lang='lat' dir='ltr'><strong>tua</strong></span> <span class='ocrx_word' id='word_1_569' title='bbox 2680 3418 2786 3471; x_wconf 75' lang='lat' dir='ltr'><strong>vita</strong></span> <span class='ocrx_word' id='word_1_570' title='bbox 2850 3419 3016 3487; x_wconf 86' lang='lat' dir='ltr'><strong>plena</strong></span> <span class='ocrx_word' id='word_1_571' title='bbox 3055 3420 3318 3478; x_wconf 82' lang='lat' dir='ltr'><strong>ebrietate</strong></span> <span class='ocrx_word' id='word_1_572' title='bbox 3352 3433 3408 3479; x_wconf 81' lang='lat' dir='ltr'><strong>et</strong></span> <span class='ocrx_word' id='word_1_573' title='bbox 3471 3425 3693 3483; x_wconf 63' lang='lat' dir='ltr'><strong>lium-ia</strong></span> 
     </span>
    </p>
   </div>
   <div class='ocr_carea' id='block_1_82' title="bbox 2086 3499 3695 3574">
    <p class='ocr_par' dir='ltr' id='par_1_82' title="bbox 2086 3499 3695 3574">
     <span class='ocr_line' id='line_1_82' title="bbox 2086 3499 3695 3574; baseline 0.009 -21"><span class='ocrx_word' id='word_1_574' title='bbox 2086 3499 2190 3570; x_wconf 85' lang='lat' dir='ltr'><strong>ipsi</strong></span> <span class='ocrx_word' id='word_1_575' title='bbox 2217 3501 2502 3570; x_wconf 85' lang='lat' dir='ltr'><strong>displicet;</strong></span> <span class='ocrx_word' id='word_1_576' title='bbox 2545 3504 2693 3571; x_wconf 88' lang='lat' dir='ltr'><strong>cujus</strong></span> <span class='ocrx_word' id='word_1_577' title='bbox 2750 3513 2799 3558; x_wconf 87' lang='lat' dir='ltr'><strong>te</strong></span> <span class='ocrx_word' id='word_1_578' title='bbox 2847 3522 3142 3574; x_wconf 79' lang='lat' dir='ltr'><strong>pauperem</strong></span> <span class='ocrx_word' id='word_1_579' title='bbox 3187 3525 3326 3566; x_wconf 79' lang='lat' dir='ltr'><strong>csso</strong></span> <span class='ocrx_word' id='word_1_580' title='bbox 3665 3537 3695 3567; x_wconf 67' lang='grc' dir='ltr'><strong><em>ι</em></strong></span> 
     </span>
    </p>
   </div>
   <div class='ocr_carea' id='block_1_83' title="bbox 2085 3589 3696 3663">
    <p class='ocr_par' dir='ltr' id='par_1_83' title="bbox 2085 3589 3696 3663">
     <span class='ocr_line' id='line_1_83' title="bbox 2085 3589 3696 3663; baseline 0.012 -22"><span class='ocrx_word' id='word_1_581' title='bbox 2085 3589 2336 3643; x_wconf 80' lang='lat' dir='ltr'><strong>Protinus</strong></span> <span class='ocrx_word' id='word_1_582' title='bbox 2364 3606 2554 3646; x_wconf 89' lang='lat' dir='ltr'><strong>omnes</strong></span> <span class='ocrx_word' id='word_1_583' title='bbox 2583 3593 2670 3661; x_wconf 89' lang='lat' dir='ltr'><strong>qui</strong></span> <span class='ocrx_word' id='word_1_584' title='bbox 2719 3594 2944 3648; x_wconf 80' lang='lat' dir='ltr'><strong>aderant</strong></span> <span class='ocrx_word' id='word_1_585' title='bbox 2987 3594 3154 3663; x_wconf 82' lang='lat' dir='ltr'><strong>cives,</strong></span> <span class='ocrx_word' id='word_1_586' title='bbox 3185 3597 3236 3652; x_wconf 91' lang='lat' dir='ltr'><strong>in</strong></span> <span class='ocrx_word' id='word_1_587' title='bbox 3272 3601 3696 3660; x_wconf 73' lang='lat' dir='ltr'><strong>admirationem</strong></span> 
     </span>
    </p>
   </div>
   <div class='ocr_carea' id='block_1_84' title="bbox 2087 3680 3694 3760">
    <p class='ocr_par' dir='ltr' id='par_1_84' title="bbox 2087 3680 3694 3760">
     <span class='ocr_line' id='line_1_84' title="bbox 2087 3680 3694 3760; baseline 0.011 -29"><span class='ocrx_word' id='word_1_588' title='bbox 2087 3680 2351 3742; x_wconf 85' lang='lat' dir='ltr'><strong>conversi,</strong></span> <span class='ocrx_word' id='word_1_589' title='bbox 2421 3681 2586 3734; x_wconf 83' lang='lat' dir='ltr'><strong>talem</strong></span> <span class='ocrx_word' id='word_1_590' title='bbox 2645 3697 2766 3736; x_wconf 85' lang='lat' dir='ltr'><strong>eum</strong></span> <span class='ocrx_word' id='word_1_591' title='bbox 2822 3698 2944 3737; x_wconf 86' lang='lat' dir='ltr'><strong>esse</strong></span> <span class='ocrx_word' id='word_1_592' title='bbox 2985 3682 3264 3741; x_wconf 81' lang='lat' dir='ltr'><strong>affirmant</strong></span> <span class='ocrx_word' id='word_1_593' title='bbox 3325 3691 3538 3760; x_wconf 84' lang='lat' dir='ltr'><strong>qualem</strong></span> <span class='ocrx_word' id='word_1_594' title='bbox 3598 3695 3694 3748; x_wconf 75' lang='lat' dir='ltr'><strong>vir</strong></span> 
     </span>
    </p>
   </div>
   <div class='ocr_carea' id='block_1_85' title="bbox 2086 3768 3696 3844">
    <p class='ocr_par' dir='ltr' id='par_1_85' title="bbox 2086 3768 3696 3844">
     <span class='ocr_line' id='line_1_85' title="bbox 2086 3768 3696 3844; baseline 0.011 -25"><span class='ocrx_word' id='word_1_595' title='bbox 2086 3776 2324 3831; x_wconf 88' lang='lat' dir='ltr'><strong>sanctus,</strong></span> <span class='ocrx_word' id='word_1_596' title='bbox 2359 3768 2452 3836; x_wconf 83' lang='lat' dir='ltr'><strong>qui</strong></span> <span class='ocrx_word' id='word_1_597' title='bbox 2489 3785 2610 3823; x_wconf 90' lang='lat' dir='ltr'><strong>eum</strong></span> <span class='ocrx_word' id='word_1_598' title='bbox 2663 3787 2938 3841; x_wconf 82' lang='lat' dir='ltr'><strong>nunquam</strong></span> <span class='ocrx_word' id='word_1_599' title='bbox 2977 3777 3103 3830; x_wconf 66' lang='lat' dir='ltr'><strong>ante</strong></span> <span class='ocrx_word' id='word_1_600' title='bbox 3131 3777 3361 3844; x_wconf 70' lang='lat' dir='ltr'><strong>viderat,</strong></span> <span class='ocrx_word' id='word_1_601' title='bbox 3397 3779 3696 3836; x_wconf 66' lang='lat' dir='ltr'><strong>{uisere-</strong></span> 
     </span>
    </p>
   </div>
   <div class='ocr_carea' id='block_1_86' title="bbox 2085 3854 2410 3926">
    <p class='ocr_par' dir='ltr' id='par_1_86' title="bbox 2085 3854 2410 3926">
     <span class='ocr_line' id='line_1_86' title="bbox 2085 3854 2410 3926; baseline 0.006 -18"><span class='ocrx_word' id='word_1_602' title='bbox 2085 3854 2410 3926; x_wconf 75' lang='lat' dir='ltr'><strong>darguisset.</strong></span> 
     </span>
    </p>
   </div>
   <div class='ocr_carea' id='block_1_87' title="bbox 2159 3945 3689 4027">
    <p class='ocr_par' dir='ltr' id='par_1_87' title="bbox 2159 3945 3689 4027">
     <span class='ocr_line' id='line_1_87' title="bbox 2159 3945 3689 4027; baseline 0.013 -31"><span class='ocrx_word' id='word_1_603' title='bbox 2159 3947 2242 3997; x_wconf 83' lang='lat' dir='ltr'><strong>t7.</strong></span> <span class='ocrx_word' id='word_1_604' title='bbox 2289 3945 2520 4012; x_wconf 82' lang='lat' dir='ltr'><strong>Quidam</strong></span> <span class='ocrx_word' id='word_1_605' title='bbox 2569 3947 2736 4001; x_wconf 85' lang='lat' dir='ltr'><strong>etiam</strong></span> <span class='ocrx_word' id='word_1_606' title='bbox 2775 3951 3028 4019; x_wconf 88' lang='lat' dir='ltr'><strong>novitius,</strong></span> <span class='ocrx_word' id='word_1_607' title='bbox 3071 3953 3394 4026; x_wconf 73' lang='lat' dir='ltr'><strong>Maingedus</strong></span> <span class='ocrx_word' id='word_1_608' title='bbox 3443 3960 3689 4027; x_wconf 69' lang='lat' dir='ltr'><strong>nomine,</strong></span> 
     </span>
    </p>
   </div>
   <div class='ocr_carea' id='block_1_88' title="bbox 2082 4030 3690 4108">
    <p class='ocr_par' dir='ltr' id='par_1_88' title="bbox 2082 4030 3690 4108">
     <span class='ocr_line' id='line_1_88' title="bbox 2082 4030 3690 4108; baseline 0.011 -23"><span class='ocrx_word' id='word_1_609' title='bbox 2082 4031 2210 4086; x_wconf 88' lang='lat' dir='ltr'><strong>dum</strong></span> <span class='ocrx_word' id='word_1_610' title='bbox 2234 4034 2652 4102; x_wconf 81' lang='lat' dir='ltr'><strong>praestolationis</strong></span> <span class='ocrx_word' id='word_1_611' title='bbox 2680 4030 3006 4108; x_wconf 77' lang='lat' dir='ltr'><strong>suScipiendi</strong></span> <span class='ocrx_word' id='word_1_612' title='bbox 3036 4042 3250 4098; x_wconf 87' lang='lat' dir='ltr'><strong>habitus</strong></span> <span class='ocrx_word' id='word_1_613' title='bbox 3299 4045 3464 4102; x_wconf 57' lang='lat' dir='ltr'><strong>Heio</strong></span> <span class='ocrx_word' id='word_1_614' title='bbox 3487 4047 3690 4103; x_wconf 61' lang='lat' dir='ltr'><strong>anite-</strong></span> 
     </span>
    </p>
   </div>
   <div class='ocr_carea' id='block_1_89' title="bbox 2080 4123 3690 4198">
    <p class='ocr_par' dir='ltr' id='par_1_89' title="bbox 2080 4123 3690 4198">
     <span class='ocr_line' id='line_1_89' title="bbox 2080 4123 3690 4198; baseline 0.011 -24"><span class='ocrx_word' id='word_1_615' title='bbox 2080 4128 2250 4188; x_wconf 84' lang='lat' dir='ltr'><strong>retur,</strong></span> <span class='ocrx_word' id='word_1_616' title='bbox 2284 4129 2334 4175; x_wconf 85' lang='lat' dir='ltr'><strong>et</strong></span> <span class='ocrx_word' id='word_1_617' title='bbox 2364 4123 2506 4191; x_wconf 86' lang='lat' dir='ltr'><strong>apud</strong></span> <span class='ocrx_word' id='word_1_618' title='bbox 2538 4139 2598 4177; x_wconf 85' lang='lat' dir='ltr'><strong>se</strong></span> <span class='ocrx_word' id='word_1_619' title='bbox 2623 4124 2737 4193; x_wconf 89' lang='lat' dir='ltr'><strong>jam</strong></span> <span class='ocrx_word' id='word_1_620' title='bbox 2771 4127 3140 4198; x_wconf 81' lang='lat' dir='ltr'><strong>deliberasset,</strong></span> <span class='ocrx_word' id='word_1_621' title='bbox 3172 4148 3279 4187; x_wconf 85' lang='lat' dir='ltr'><strong>non</strong></span> <span class='ocrx_word' id='word_1_622' title='bbox 3322 4134 3461 4189; x_wconf 86' lang='lat' dir='ltr'><strong>ultra</strong></span> <span class='ocrx_word' id='word_1_623' title='bbox 3491 4152 3690 4192; x_wconf 61' lang='grc' dir='ltr'><strong>ωσι-ις</strong></span> 
     </span>
    </p>
   </div>
   <div class='ocr_carea' id='block_1_90' title="bbox 2077 4210 3688 4287">
    <p class='ocr_par' dir='ltr' id='par_1_90' title="bbox 2077 4210 3688 4287">
     <span class='ocr_line' id='line_1_90' title="bbox 2077 4210 3688 4287; baseline 0.013 -26"><span class='ocrx_word' id='word_1_624' title='bbox 2077 4225 2194 4262; x_wconf 88' lang='lat' dir='ltr'><strong>rum</strong></span> <span class='ocrx_word' id='word_1_625' title='bbox 2228 4210 2492 4265; x_wconf 82' lang='lat' dir='ltr'><strong>sustinere</strong></span> <span class='ocrx_word' id='word_1_626' title='bbox 2523 4211 2784 4278; x_wconf 88' lang='lat' dir='ltr'><strong>inducias,</strong></span> <span class='ocrx_word' id='word_1_627' title='bbox 2817 4231 2914 4285; x_wconf 88' lang='lat' dir='ltr'><strong>per</strong></span> <span class='ocrx_word' id='word_1_628' title='bbox 2958 4219 3207 4287; x_wconf 89' lang='lat' dir='ltr'><strong>spiritum</strong></span> <span class='ocrx_word' id='word_1_629' title='bbox 3257 4238 3288 4277; x_wconf 90' lang='lat' dir='ltr'><strong>a</strong></span> <span class='ocrx_word' id='word_1_630' title='bbox 3337 4224 3458 4278; x_wconf 85' lang='lat' dir='ltr'><strong>viro</strong></span> <span class='ocrx_word' id='word_1_631' title='bbox 3480 4225 3588 4278; x_wconf 80' lang='lat' dir='ltr'><strong>Dei</strong></span> <span class='ocrx_word' id='word_1_632' title='bbox 3612 4226 3688 4282; x_wconf 81' lang='lat' dir='ltr'><strong>de</strong></span> 
     </span>
    </p>
   </div>
   <div class='ocr_carea' id='block_1_91' title="bbox 2078 4297 3682 4382">
    <p class='ocr_par' dir='ltr' id='par_1_91' title="bbox 2078 4297 3682 4382">
     <span class='ocr_line' id='line_1_91' title="bbox 2078 4297 3682 4382; baseline 0.011 -30"><span class='ocrx_word' id='word_1_633' title='bbox 2078 4297 2412 4368; x_wconf 25' lang='lat' dir='ltr'><strong>cegi‘tatione</strong></span> <span class='ocrx_word' id='word_1_634' title='bbox 2453 4315 2550 4353; x_wconf 86' lang='lat' dir='ltr'><strong>sua</strong></span> <span class='ocrx_word' id='word_1_635' title='bbox 2589 4311 2894 4369; x_wconf 70' lang='lat' dir='ltr'><strong>praaventus</strong></span> <span class='ocrx_word' id='word_1_636' title='bbox 2957 4315 3055 4361; x_wconf 86' lang='lat' dir='ltr'><strong>est.</strong></span> <span class='ocrx_word' id='word_1_637' title='bbox 3123 4309 3263 4363; x_wconf 83' lang='lat' dir='ltr'><strong>Nam</strong></span> <span class='ocrx_word' id='word_1_638' title='bbox 3303 4319 3355 4365; x_wconf 84' lang='lat' dir='ltr'><strong>et</strong></span> <span class='ocrx_word' id='word_1_639' title='bbox 3393 4314 3682 4382; x_wconf 67' lang='lat' dir='ltr'><strong>quomodo</strong></span> 
     </span>
    </p>
   </div>
   <div class='ocr_carea' id='block_1_92' title="bbox 2078 4384 3682 4469">
    <p class='ocr_par' dir='ltr' id='par_1_92' title="bbox 2078 4384 3682 4469">
     <span class='ocr_line' id='line_1_92' title="bbox 2078 4384 3682 4469; baseline 0.012 -32"><span class='ocrx_word' id='word_1_640' title='bbox 2078 4384 2358 4440; x_wconf 81' lang='lat' dir='ltr'><strong>discedere</strong></span> <span class='ocrx_word' id='word_1_641' title='bbox 2391 4388 2670 4456; x_wconf 88' lang='lat' dir='ltr'><strong>voluisset,</strong></span> <span class='ocrx_word' id='word_1_642' title='bbox 2705 4390 2992 4460; x_wconf 83' lang='lat' dir='ltr'><strong>intimavit,</strong></span> <span class='ocrx_word' id='word_1_643' title='bbox 3025 4403 3077 4449; x_wconf 83' lang='lat' dir='ltr'><strong>et</strong></span> <span class='ocrx_word' id='word_1_644' title='bbox 3131 4411 3200 4450; x_wconf 87' lang='lat' dir='ltr'><strong>ne</strong></span> <span class='ocrx_word' id='word_1_645' title='bbox 3255 4401 3492 4469; x_wconf 70' lang='lat' dir='ltr'><strong>regulari</strong></span> <span class='ocrx_word' id='word_1_646' title='bbox 3541 4417 3682 4456; x_wconf 70' lang='lat' dir='ltr'><strong>exa-</strong></span> 
     </span>
    </p>
   </div>
   <div class='ocr_carea' id='block_1_93' title="bbox 357 4451 3673 4558">
    <p class='ocr_par' dir='ltr' id='par_1_93' title="bbox 357 4451 3673 4558">
     <span class='ocr_line' id='line_1_93' title="bbox 357 4451 3673 4558; baseline 0.005 -37"><span class='ocrx_word' id='word_1_647' title='bbox 357 4468 520 4534; x_wconf 86' lang='lat' dir='ltr'><strong>diam,</strong></span> <span class='ocrx_word' id='word_1_648' title='bbox 555 4468 662 4522; x_wconf 90' lang='lat' dir='ltr'><strong>imo</strong></span> <span class='ocrx_word' id='word_1_649' title='bbox 695 4479 1022 4538; x_wconf 88' lang='lat' dir='ltr'><strong>quocunque</strong></span> <span class='ocrx_word' id='word_1_650' title='bbox 1054 4482 1151 4537; x_wconf 86' lang='lat' dir='ltr'><strong>per</strong></span> <span class='ocrx_word' id='word_1_651' title='bbox 1180 4482 1367 4522; x_wconf 87' lang='lat' dir='ltr'><strong>omnes</strong></span> <span class='ocrx_word' id='word_1_652' title='bbox 1395 4476 1576 4535; x_wconf 87' lang='lat' dir='ltr'><strong>partes</strong></span> <span class='ocrx_word' id='word_1_653' title='bbox 1606 4469 1720 4537; x_wconf 87' lang='lat' dir='ltr'><strong>ejus</strong></span> <span class='ocrx_word' id='word_1_654' title='bbox 1751 4477 1798 4523; x_wconf 92' lang='lat' dir='ltr'><strong>te</strong></span> <span class='ocrx_word' id='word_1_655' title='bbox 1829 4486 1956 4523; x_wconf 82' lang='lat' dir='ltr'><strong>ver—</strong></span> <span class='ocrx_word' id='word_1_656' title='bbox 1987 4451 2038 4510; x_wconf 69' lang='grc' dir='ltr'><strong>Β</strong></span> <span class='ocrx_word' id='word_1_657' title='bbox 2066 4473 2347 4528; x_wconf 85' lang='lat' dir='ltr'><strong>minationi</strong></span> <span class='ocrx_word' id='word_1_658' title='bbox 2413 4477 2688 4532; x_wconf 81' lang='lat' dir='ltr'><strong>contraire</strong></span> <span class='ocrx_word' id='word_1_659' title='bbox 2745 4481 2924 4546; x_wconf 87' lang='lat' dir='ltr'><strong>vellet,</strong></span> <span class='ocrx_word' id='word_1_660' title='bbox 2983 4483 3289 4543; x_wconf 86' lang='lat' dir='ltr'><strong>admonuit.</strong></span> <span class='ocrx_word' id='word_1_661' title='bbox 3330 4486 3432 4556; x_wconf 83' lang='lat' dir='ltr'><strong>Qui</strong></span> <span class='ocrx_word' id='word_1_662' title='bbox 3475 4498 3673 4558; x_wconf 69' lang='lat' dir='ltr'><strong>postea</strong></span> 
     </span>
    </p>
   </div>
   <div class='ocr_carea' id='block_1_94' title="bbox 360 4554 3671 4649">
    <p class='ocr_par' dir='ltr' id='par_1_94' title="bbox 360 4554 3671 4649">
     <span class='ocr_line' id='line_1_94' title="bbox 360 4554 3671 4649; baseline 0.007 -39"><span class='ocrx_word' id='word_1_663' title='bbox 360 4563 459 4622; x_wconf 87' lang='lat' dir='ltr'><strong>tas,</strong></span> <span class='ocrx_word' id='word_1_664' title='bbox 487 4556 685 4627; x_wconf 89' lang='lat' dir='ltr'><strong>ubique</strong></span> <span class='ocrx_word' id='word_1_665' title='bbox 735 4556 1057 4626; x_wconf 75' lang='lat' dir='ltr'><strong>religionem</strong></span> <span class='ocrx_word' id='word_1_666' title='bbox 1099 4554 1228 4609; x_wconf 87' lang='lat' dir='ltr'><strong>tanti</strong></span> <span class='ocrx_word' id='word_1_667' title='bbox 1258 4555 1433 4609; x_wconf 86' lang='lat' dir='ltr'><strong>Patris</strong></span> <span class='ocrx_word' id='word_1_668' title='bbox 1465 4555 1674 4626; x_wconf 81' lang='lat' dir='ltr'><strong>fulgere</strong></span> <span class='ocrx_word' id='word_1_669' title='bbox 1722 4556 1959 4611; x_wconf 79' lang='lat' dir='ltr'><strong>videas?</strong></span> <span class='ocrx_word' id='word_1_670' title='bbox 2064 4561 2351 4616; x_wconf 87' lang='lat' dir='ltr'><strong>laudabilis</strong></span> <span class='ocrx_word' id='word_1_671' title='bbox 2414 4568 2840 4622; x_wconf 85' lang='lat' dir='ltr'><strong>conversationis</strong></span> <span class='ocrx_word' id='word_1_672' title='bbox 2896 4572 3118 4641; x_wconf 83' lang='lat' dir='ltr'><strong>exstitit,</strong></span> <span class='ocrx_word' id='word_1_673' title='bbox 3152 4582 3206 4628; x_wconf 80' lang='lat' dir='ltr'><strong>et</strong></span> <span class='ocrx_word' id='word_1_674' title='bbox 3259 4554 3385 4632; x_wconf 66' lang='lat' dir='ltr'><strong>vitae</strong></span> <span class='ocrx_word' id='word_1_675' title='bbox 3422 4554 3671 4649; x_wconf 73' lang='lat' dir='ltr'><strong>cursum,</strong></span> 
     </span>
    </p>
   </div>
   <div class='ocr_carea' id='block_1_95' title="bbox 429 4732 1956 4805">
    <p class='ocr_par' dir='ltr' id='par_1_95' title="bbox 429 4732 1956 4805">
     <span class='ocr_line' id='line_1_95' title="bbox 429 4732 1956 4805; baseline -0.001 -15"><span class='ocrx_word' id='word_1_676' title='bbox 429 4736 541 4805; x_wconf 81' lang='lat'><strong>(89)</strong></span> <span class='ocrx_word' id='word_1_677' title='bbox 571 4733 816 4790; x_wconf 81' lang='lat' dir='ltr'><strong>Ecclesia</strong></span> <span class='ocrx_word' id='word_1_678' title='bbox 847 4735 903 4789; x_wconf 91' lang='lat' dir='ltr'><strong>S.</strong></span> <span class='ocrx_word' id='word_1_679' title='bbox 936 4732 1208 4788; x_wconf 79' lang='lat' dir='ltr'><strong>Martialis</strong></span> <span class='ocrx_word' id='word_1_680' title='bbox 1257 4732 1563 4788; x_wconf 72' lang='lat' dir='ltr'><strong>Lemovicae</strong></span> <span class='ocrx_word' id='word_1_681' title='bbox 1607 4748 1746 4788; x_wconf 87' lang='lat' dir='ltr'><strong>anno</strong></span> <span class='ocrx_word' id='word_1_682' title='bbox 1767 4804 1773 4805; x_wconf 14' lang='grc' dir='ltr'>ί</span> <span class='ocrx_word' id='word_1_683' title='bbox 1797 4737 1897 4788; x_wconf 75' lang='grc'><strong>848</strong></span> <span class='ocrx_word' id='word_1_684' title='bbox 1927 4750 1956 4788; x_wconf 91' lang='lat' dir='ltr'><strong>a</strong></span> 
     </span>
    </p>
   </div>
   <div class='ocr_carea' id='block_1_96' title="bbox 356 4804 1956 4870">
    <p class='ocr_par' dir='ltr' id='par_1_96' title="bbox 356 4804 1956 4870">
     <span class='ocr_line' id='line_1_96' title="bbox 356 4804 1956 4870; baseline 0 -11"><span class='ocrx_word' id='word_1_685' title='bbox 356 4807 627 4861; x_wconf 84' lang='lat' dir='ltr'><strong>canonicis</strong></span> <span class='ocrx_word' id='word_1_686' title='bbox 678 4807 747 4859; x_wconf 89' lang='lat' dir='ltr'><strong>ad</strong></span> <span class='ocrx_word' id='word_1_687' title='bbox 806 4807 1098 4859; x_wconf 81' lang='lat' dir='ltr'><strong>monachos</strong></span> <span class='ocrx_word' id='word_1_688' title='bbox 1154 4806 1435 4870; x_wconf 85' lang='lat' dir='ltr'><strong>translata,</strong></span> <span class='ocrx_word' id='word_1_689' title='bbox 1476 4806 1674 4858; x_wconf 85' lang='lat' dir='ltr'><strong>exinde</strong></span> <span class='ocrx_word' id='word_1_690' title='bbox 1732 4804 1956 4859; x_wconf 86' lang='lat' dir='ltr'><strong>abbates</strong></span> 
     </span>
    </p>
   </div>
   <div class='ocr_carea' id='block_1_97' title="bbox 355 4874 1953 4946">
    <p class='ocr_par' dir='ltr' id='par_1_97' title="bbox 355 4874 1953 4946">
     <span class='ocr_line' id='line_1_97' title="bbox 355 4874 1953 4946; baseline 0.001 -19"><span class='ocrx_word' id='word_1_691' title='bbox 355 4877 564 4940; x_wconf 84' lang='lat' dir='ltr'><strong>habuit,</strong></span> <span class='ocrx_word' id='word_1_692' title='bbox 602 4891 832 4946; x_wconf 82' lang='lat' dir='ltr'><strong>quorum</strong></span> <span class='ocrx_word' id='word_1_693' title='bbox 861 4874 1244 4946; x_wconf 15' lang='lat' dir='ltr'><strong>iduodecimus</strong></span> <span class='ocrx_word' id='word_1_694' title='bbox 1304 4875 1404 4928; x_wconf 86' lang='lat' dir='ltr'><strong>fuit</strong></span> <span class='ocrx_word' id='word_1_695' title='bbox 1454 4875 1801 4940; x_wconf 87' lang='lat' dir='ltr'><strong>Adalbertus,</strong></span> <span class='ocrx_word' id='word_1_696' title='bbox 1854 4876 1953 4929; x_wconf 88' lang='lat' dir='ltr'><strong>sub</strong></span> 
     </span>
    </p>
   </div>
   <div class='ocr_carea' id='block_1_98' title="bbox 353 4945 1954 5034">
    <p class='ocr_par' dir='ltr' id='par_1_98' title="bbox 353 4945 1954 5034">
     <span class='ocr_line' id='line_1_98' title="bbox 353 4945 1954 5034; baseline 0.001 -35"><span class='ocrx_word' id='word_1_697' title='bbox 353 4961 460 5034; x_wconf 61' lang='lat' dir='ltr'><strong>quo</strong></span> <span class='ocrx_word' id='word_1_698' title='bbox 516 4945 906 5034; x_wconf 52' lang='lat' dir='ltr'><strong>basilicamMS.</strong></span> <span class='ocrx_word' id='word_1_699' title='bbox 966 4946 1656 5034; x_wconf 40' lang='lat' dir='ltr'><strong>Martialisqreeuperatam</strong></span> <span class='ocrx_word' id='word_1_700' title='bbox 1696 4946 1954 5034; x_wconf 76' lang='lat' dir='ltr'><strong>scribunt</strong></span> 
     </span>
    </p>
   </div>
   <div class='ocr_carea' id='block_1_99' title="bbox 352 5015 1806 5071">
    <p class='ocr_par' dir='ltr' id='par_1_99' title="bbox 352 5015 1806 5071">
     <span class='ocr_line' id='line_1_99' title="bbox 352 5015 1806 5071; baseline -0.001 -2"><span class='ocrx_word' id='word_1_701' title='bbox 352 5015 775 5069; x_wconf 80' lang='lat' dir='ltr'><strong>Sammarthani.</strong></span> <span class='ocrx_word' id='word_1_702' title='bbox 809 5016 961 5068; x_wconf 88' lang='lat' dir='ltr'><strong>Nunc.</strong></span> <span class='ocrx_word' id='word_1_703' title='bbox 993 5032 1205 5069; x_wconf 90' lang='lat' dir='ltr'><strong>rursum</strong></span> <span class='ocrx_word' id='word_1_704' title='bbox 1239 5015 1311 5068; x_wconf 88' lang='lat' dir='ltr'><strong>ibi</strong></span> <span class='ocrx_word' id='word_1_705' title='bbox 1344 5017 1630 5071; x_wconf 60' lang='lat' dir='ltr'><strong>saeculares</strong></span> <span class='ocrx_word' id='word_1_706' title='bbox 1666 5026 1806 5070; x_wconf 89' lang='lat' dir='ltr'><strong>sunt.</strong></span> 
     </span>
    </p>
   </div>
   <div class='ocr_carea' id='block_1_100' title="bbox 422 5086 1950 5158">
    <p class='ocr_par' dir='ltr' id='par_1_100' title="bbox 422 5086 1950 5158">
     <span class='ocr_line' id='line_1_100' title="bbox 422 5086 1950 5158; baseline 0.002 -19"><span class='ocrx_word' id='word_1_707' title='bbox 422 5088 538 5156; x_wconf 80' lang='lat'><strong>(90)</strong></span> <span class='ocrx_word' id='word_1_708' title='bbox 571 5087 625 5158; x_wconf 87' lang='lat' dir='ltr'><strong>S.</strong></span> <span class='ocrx_word' id='word_1_709' title='bbox 650 5086 869 5155; x_wconf 66' lang='lat' dir='ltr'><strong>rEgidii,</strong></span> <span class='ocrx_word' id='word_1_710' title='bbox 903 5092 1169 5158; x_wconf 78' lang='lat' dir='ltr'><strong>vetustum</strong></span> <span class='ocrx_word' id='word_1_711' title='bbox 1216 5087 1271 5138; x_wconf 88' lang='lat' dir='ltr'><strong>in</strong></span> <span class='ocrx_word' id='word_1_712' title='bbox 1303 5087 1637 5158; x_wconf 86' lang='lat' dir='ltr'><strong>Septimania</strong></span> <span class='ocrx_word' id='word_1_713' title='bbox 1674 5095 1950 5142; x_wconf 83' lang='lat' dir='ltr'><strong>monaste—</strong></span> 
     </span>
    </p>
   </div>
   <div class='ocr_carea' id='block_1_101' title="bbox 346 5155 1149 5224">
    <p class='ocr_par' dir='ltr' id='par_1_101' title="bbox 346 5155 1149 5224">
     <span class='ocr_line' id='line_1_101' title="bbox 346 5155 1149 5224; baseline -0.001 -13"><span class='ocrx_word' id='word_1_714' title='bbox 346 5155 701 5224; x_wconf 84' lang='lat' dir='ltr'><strong>rium,etiam</strong></span> <span class='ocrx_word' id='word_1_715' title='bbox 735 5171 885 5208; x_wconf 87' lang='lat' dir='ltr'><strong>nunc</strong></span> <span class='ocrx_word' id='word_1_716' title='bbox 915 5155 1149 5210; x_wconf 85' lang='lat' dir='ltr'><strong>celebre.</strong></span> 
     </span>
    </p>
   </div>
   <div class='ocr_carea' id='block_1_102' title="bbox 422 5226 1948 5297">
    <p class='ocr_par' dir='ltr' id='par_1_102' title="bbox 422 5226 1948 5297">
     <span class='ocr_line' id='line_1_102' title="bbox 422 5226 1948 5297; baseline 0 -15"><span class='ocrx_word' id='word_1_717' title='bbox 422 5230 532 5297; x_wconf 72' lang='grc'><strong>(91)</strong></span> <span class='ocrx_word' id='word_1_718' title='bbox 567 5229 627 5282; x_wconf 93' lang='lat' dir='ltr'><strong>S.</strong></span> <span class='ocrx_word' id='word_1_719' title='bbox 668 5226 1104 5297; x_wconf 85' lang='lat' dir='ltr'><strong>Austremonius,</strong></span> <span class='ocrx_word' id='word_1_720' title='bbox 1141 5229 1506 5281; x_wconf 70' lang='lat' dir='ltr'><strong>Arvernorum</strong></span> <span class='ocrx_word' id='word_1_721' title='bbox 1540 5228 1836 5297; x_wconf 86' lang='lat' dir='ltr'><strong>apostolus,</strong></span> <span class='ocrx_word' id='word_1_722' title='bbox 1862 5244 1948 5283; x_wconf 88' lang='lat' dir='ltr'><strong>co-</strong></span> 
     </span>
    </p>
   </div>
   <div class='ocr_carea' id='block_1_103' title="bbox 347 5296 1950 5366">
    <p class='ocr_par' dir='ltr' id='par_1_103' title="bbox 347 5296 1950 5366">
     <span class='ocr_line' id='line_1_103' title="bbox 347 5296 1950 5366; baseline 0.001 -14"><span class='ocrx_word' id='word_1_723' title='bbox 347 5299 472 5354; x_wconf 91' lang='lat' dir='ltr'><strong>litur</strong></span> <span class='ocrx_word' id='word_1_724' title='bbox 501 5304 524 5354; x_wconf 86' lang='grc'>1</span> <span class='ocrx_word' id='word_1_725' title='bbox 561 5296 922 5354; x_wconf 74' lang='lat' dir='ltr'><strong>Novembris:</strong></span> <span class='ocrx_word' id='word_1_726' title='bbox 966 5296 1079 5362; x_wconf 82' lang='lat' dir='ltr'><strong>ejus</strong></span> <span class='ocrx_word' id='word_1_727' title='bbox 1111 5297 1423 5366; x_wconf 82' lang='lat' dir='ltr'><strong>sepulcrum</strong></span> <span class='ocrx_word' id='word_1_728' title='bbox 1455 5314 1519 5351; x_wconf 88' lang='lat' dir='ltr'><strong>ac</strong></span> <span class='ocrx_word' id='word_1_729' title='bbox 1547 5296 1740 5354; x_wconf 83' lang='lat' dir='ltr'><strong>deinde</strong></span> <span class='ocrx_word' id='word_1_730' title='bbox 1771 5315 1950 5354; x_wconf 66' lang='grc' dir='ltr'><strong>σενΠο-</strong></span> 
     </span>
    </p>
   </div>
   <div class='ocr_carea' id='block_1_104' title="bbox 346 5367 1946 5440">
    <p class='ocr_par' dir='ltr' id='par_1_104' title="bbox 346 5367 1946 5440">
     <span class='ocr_line' id='line_1_104' title="bbox 346 5367 1946 5440; baseline 0 -17"><span class='ocrx_word' id='word_1_731' title='bbox 346 5370 513 5435; x_wconf 89' lang='lat' dir='ltr'><strong>bium,</strong></span> <span class='ocrx_word' id='word_1_732' title='bbox 550 5378 793 5440; x_wconf 83' lang='lat' dir='ltr'><strong>tempore</strong></span> <span class='ocrx_word' id='word_1_733' title='bbox 825 5367 1074 5437; x_wconf 86' lang='lat' dir='ltr'><strong>Gregorii</strong></span> <span class='ocrx_word' id='word_1_734' title='bbox 1106 5368 1441 5440; x_wconf 81' lang='lat' dir='ltr'><strong>Turonensis</strong></span> <span class='ocrx_word' id='word_1_735' title='bbox 1471 5370 1696 5433; x_wconf 89' lang='lat' dir='ltr'><strong>clarum,</strong></span> <span class='ocrx_word' id='word_1_736' title='bbox 1742 5369 1794 5422; x_wconf 90' lang='lat' dir='ltr'><strong>in</strong></span> <span class='ocrx_word' id='word_1_737' title='bbox 1826 5369 1946 5423; x_wconf 89' lang='lat' dir='ltr'><strong>vico</strong></span> 
     </span>
    </p>
   </div>
   <div class='ocr_carea' id='block_1_105' title="bbox 345 5439 1949 5513">
    <p class='ocr_par' dir='ltr' id='par_1_105' title="bbox 345 5439 1949 5513">
     <span class='ocr_line' id='line_1_105' title="bbox 345 5439 1949 5513; baseline 0.001 -20"><span class='ocrx_word' id='word_1_738' title='bbox 345 5441 620 5496; x_wconf 76' lang='lat' dir='ltr'><strong>I&#39;ssiodoro</strong></span> <span class='ocrx_word' id='word_1_739' title='bbox 662 5439 834 5513; x_wconf 76' lang='lat' dir='ltr'><strong>vulgo</strong></span> <span class='ocrx_word' id='word_1_740' title='bbox 867 5440 1052 5505; x_wconf 72' lang='lat' dir='ltr'><strong>Issoir,</strong></span> <span class='ocrx_word' id='word_1_741' title='bbox 1103 5453 1244 5492; x_wconf 88' lang='lat' dir='ltr'><strong>nunc</strong></span> <span class='ocrx_word' id='word_1_742' title='bbox 1293 5439 1434 5491; x_wconf 87' lang='lat' dir='ltr'><strong>inter</strong></span> <span class='ocrx_word' id='word_1_743' title='bbox 1482 5441 1726 5494; x_wconf 82' lang='lat' dir='ltr'><strong>abbatias</strong></span> <span class='ocrx_word' id='word_1_744' title='bbox 1783 5441 1949 5495; x_wconf 88' lang='lat' dir='ltr'><strong>desiit</strong></span> 
     </span>
    </p>
   </div>
   <div class='ocr_carea' id='block_1_106' title="bbox 347 5513 1689 5590">
    <p class='ocr_par' dir='ltr' id='par_1_106' title="bbox 347 5513 1689 5590">
     <span class='ocr_line' id='line_1_106' title="bbox 347 5513 1689 5590; baseline 0.006 -28"><span class='ocrx_word' id='word_1_745' title='bbox 347 5513 638 5590; x_wconf 60' lang='lat' dir='ltr'><strong>numerari.</strong></span> <span class='ocrx_word' id='word_1_746' title='bbox 784 5583 795 5590; x_wconf 85' lang='lat'>_</span> <span class='ocrx_word' id='word_1_747' title='bbox 916 5582 946 5590; x_wconf 33' lang='lat' dir='ltr'><strong>ﬂ</strong></span> <span class='ocrx_word' id='word_1_748' title='bbox 1007 5581 1027 5590; x_wconf 84' lang='lat'>_</span> <span class='ocrx_word' id='word_1_749' title='bbox 1180 5578 1191 5589; x_wconf 44' lang='lat'><strong><em>.</em></strong></span> <span class='ocrx_word' id='word_1_750' title='bbox 1639 5580 1689 5590; x_wconf 47' lang='grc' dir='ltr'>η</span> 
     </span>
    </p>
   </div>
   <div class='ocr_carea' id='block_1_107' title="bbox 421 5578 1943 5655">
    <p class='ocr_par' dir='ltr' id='par_1_107' title="bbox 421 5578 1943 5655">
     <span class='ocr_line' id='line_1_107' title="bbox 421 5578 1943 5655; baseline 0.001 -21"><span class='ocrx_word' id='word_1_751' title='bbox 421 5583 532 5655; x_wconf 77' lang='grc'><strong>(92)</strong></span> <span class='ocrx_word' id='word_1_752' title='bbox 562 5585 751 5654; x_wconf 86' lang='lat' dir='ltr'><strong>Neque</strong></span> <span class='ocrx_word' id='word_1_753' title='bbox 782 5583 886 5639; x_wconf 89' lang='lat' dir='ltr'><strong>hoc</strong></span> <span class='ocrx_word' id='word_1_754' title='bbox 914 5582 970 5638; x_wconf 92' lang='lat' dir='ltr'><strong>S.</strong></span> <span class='ocrx_word' id='word_1_755' title='bbox 996 5578 1222 5637; x_wconf 84' lang='lat' dir='ltr'><strong>Joannis</strong></span> <span class='ocrx_word' id='word_1_756' title='bbox 1251 5594 1445 5650; x_wconf 82' lang='lat' dir='ltr'><strong>evang.</strong></span> <span class='ocrx_word' id='word_1_757' title='bbox 1479 5580 1785 5636; x_wconf 87' lang='lat' dir='ltr'><strong>coenobium</strong></span> <span class='ocrx_word' id='word_1_758' title='bbox 1816 5596 1943 5636; x_wconf 82' lang='lat' dir='ltr'><strong>am-</strong></span> 
     </span>
    </p>
   </div>
   <div class='ocr_carea' id='block_1_108' title="bbox 2064 4735 3666 4825">
    <p class='ocr_par' dir='ltr' id='par_1_108' title="bbox 2064 4735 3666 4825">
     <span class='ocr_line' id='line_1_108' title="bbox 2064 4735 3666 4825; baseline 0.014 -38"><span class='ocrx_word' id='word_1_759' title='bbox 2064 4735 2204 4806; x_wconf 82' lang='lat' dir='ltr'><strong>plius</strong></span> <span class='ocrx_word' id='word_1_760' title='bbox 2227 4736 2459 4818; x_wconf 74' lang='lat' dir='ltr'><strong>Pictavis</strong></span> <span class='ocrx_word' id='word_1_761' title='bbox 2489 4749 2752 4825; x_wconf 76' lang='lat' dir='ltr'><strong>superest,</strong></span> <span class='ocrx_word' id='word_1_762' title='bbox 2787 4742 2904 4825; x_wconf 33' lang='lat' dir='ltr'><strong>nisi.</strong></span> <span class='ocrx_word' id='word_1_763' title='bbox 2925 4743 3062 4825; x_wconf 76' lang='lat' dir='ltr'><strong>forte</strong></span> <span class='ocrx_word' id='word_1_764' title='bbox 3091 4746 3437 4806; x_wconf 87' lang='lat' dir='ltr'><strong>imminutum</strong></span> <span class='ocrx_word' id='word_1_765' title='bbox 3470 4752 3666 4825; x_wconf 84' lang='lat' dir='ltr'><strong>digni-</strong></span> 
     </span>
    </p>
   </div>
   <div class='ocr_carea' id='block_1_109' title="bbox 2065 4808 3357 4878">
    <p class='ocr_par' dir='ltr' id='par_1_109' title="bbox 2065 4808 3357 4878">
     <span class='ocr_line' id='line_1_109' title="bbox 2065 4808 3357 4878; baseline 0.014 -18"><span class='ocrx_word' id='word_1_766' title='bbox 2065 4815 2171 4862; x_wconf 86' lang='lat' dir='ltr'><strong>tate</strong></span> <span class='ocrx_word' id='word_1_767' title='bbox 2192 4816 2281 4861; x_wconf 86' lang='lat' dir='ltr'><strong>aut</strong></span> <span class='ocrx_word' id='word_1_768' title='bbox 2312 4808 2362 4861; x_wconf 92' lang='lat' dir='ltr'><strong>in</strong></span> <span class='ocrx_word' id='word_1_769' title='bbox 2395 4808 2760 4878; x_wconf 87' lang='lat' dir='ltr'><strong>parochialem</strong></span> <span class='ocrx_word' id='word_1_770' title='bbox 2793 4815 3086 4872; x_wconf 82' lang='lat' dir='ltr'><strong>ecclesiam</strong></span> <span class='ocrx_word' id='word_1_771' title='bbox 3117 4834 3357 4878; x_wconf 72' lang='lat' dir='ltr'><strong>versum.</strong></span> 
     </span>
    </p>
   </div>
   <div class='ocr_carea' id='block_1_110' title="bbox 2136 4879 3676 4963">
    <p class='ocr_par' dir='ltr' id='par_1_110' title="bbox 2136 4879 3676 4963">
     <span class='ocr_line' id='line_1_110' title="bbox 2136 4879 3676 4963; baseline 0.014 -34"><span class='ocrx_word' id='word_1_772' title='bbox 2136 4879 2568 4963; x_wconf 40' lang='lat' dir='ltr'><strong>(93),:9ithuense</strong></span> <span class='ocrx_word' id='word_1_773' title='bbox 2691 4885 2907 4963; x_wconf 57' lang='lat' dir='ltr'><strong>nemini</strong></span> <span class='ocrx_word' id='word_1_774' title='bbox 2950 4892 3336 4963; x_wconf 82' lang='lat' dir='ltr'><strong>monasterium</strong></span> <span class='ocrx_word' id='word_1_775' title='bbox 3371 4893 3534 4963; x_wconf 80' lang='lat' dir='ltr'><strong>juxta</strong></span> <span class='ocrx_word' id='word_1_776' title='bbox 3575 4912 3676 4950; x_wconf 80' lang='lat' dir='ltr'><strong>ca-</strong></span> 
     </span>
    </p>
   </div>
   <div class='ocr_carea' id='block_1_111' title="bbox 2062 4949 3672 5034">
    <p class='ocr_par' dir='ltr' id='par_1_111' title="bbox 2062 4949 3672 5034">
     <span class='ocr_line' id='line_1_111' title="bbox 2062 4949 3672 5034; baseline 0.013 -33"><span class='ocrx_word' id='word_1_777' title='bbox 2062 4956 2231 5034; x_wconf 68' lang='lat' dir='ltr'><strong>strum</strong></span> <span class='ocrx_word' id='word_1_778' title='bbox 2351 4951 2644 5029; x_wconf 80' lang='lat' dir='ltr'><strong>Audomari</strong></span> <span class='ocrx_word' id='word_1_779' title='bbox 2670 4959 2801 5034; x_wconf 85' lang='lat' dir='ltr'><strong>tota</strong></span> <span class='ocrx_word' id='word_1_780' title='bbox 2832 4955 3086 5034; x_wconf 66' lang='lat' dir='ltr'><strong>Flandrta</strong></span> <span class='ocrx_word' id='word_1_781' title='bbox 3117 4949 3478 5034; x_wconf 72' lang='lat' dir='ltr'><strong>notissimum,</strong></span> <span class='ocrx_word' id='word_1_782' title='bbox 3513 4949 3672 5034; x_wconf 82' lang='lat' dir='ltr'><strong>cujus</strong></span> 
     </span>
    </p>
   </div>
   <div class='ocr_carea' id='block_1_112' title="bbox 2062 5019 3668 5102">
    <p class='ocr_par' dir='ltr' id='par_1_112' title="bbox 2062 5019 3668 5102">
     <span class='ocr_line' id='line_1_112' title="bbox 2062 5019 3668 5102; baseline 0.014 -32"><span class='ocrx_word' id='word_1_783' title='bbox 2062 5019 2230 5102; x_wconf 71' lang='lat' dir='ltr'><strong>abbas</strong></span> <span class='ocrx_word' id='word_1_784' title='bbox 2259 5021 2471 5102; x_wconf 73' lang='lat' dir='ltr'><strong>lperius</strong></span> <span class='ocrx_word' id='word_1_785' title='bbox 2499 5033 2713 5102; x_wconf 59' lang='lat' dir='ltr'><strong>narrat,</strong></span> <span class='ocrx_word' id='word_1_786' title='bbox 2724 5027 3006 5102; x_wconf 70' lang='lat' dir='ltr'><strong>quomodo</strong></span> <span class='ocrx_word' id='word_1_787' title='bbox 3036 5029 3105 5102; x_wconf 80' lang='lat' dir='ltr'><strong>S.</strong></span> <span class='ocrx_word' id='word_1_788' title='bbox 3130 5032 3310 5102; x_wconf 64' lang='lat' dir='ltr'><strong>Hum,</strong></span> <span class='ocrx_word' id='word_1_789' title='bbox 3347 5033 3420 5088; x_wconf 84' lang='lat' dir='ltr'><strong>de</strong></span> <span class='ocrx_word' id='word_1_790' title='bbox 3444 5019 3668 5092; x_wconf 58' lang='lat' dir='ltr'><strong>licentia</strong></span> 
     </span>
    </p>
   </div>
   <div class='ocr_carea' id='block_1_113' title="bbox 2062 5089 3668 5167">
    <p class='ocr_par' dir='ltr' id='par_1_113' title="bbox 2062 5089 3668 5167">
     <span class='ocr_line' id='line_1_113' title="bbox 2062 5089 3668 5167; baseline 0.013 -26"><span class='ocrx_word' id='word_1_791' title='bbox 2062 5089 2330 5167; x_wconf 81' lang='lat' dir='ltr'><strong>Larnberti</strong></span> <span class='ocrx_word' id='word_1_792' title='bbox 2375 5093 2656 5167; x_wconf 73' lang='lat' dir='ltr'><strong>episcopis</strong></span> <span class='ocrx_word' id='word_1_793' title='bbox 2691 5089 3045 5167; x_wconf 68' lang='lat' dir='ltr'><strong>marinorum,</strong></span> <span class='ocrx_word' id='word_1_794' title='bbox 3077 5101 3148 5156; x_wconf 89' lang='lat' dir='ltr'><strong>de</strong></span> <span class='ocrx_word' id='word_1_795' title='bbox 3177 5089 3406 5159; x_wconf 57' lang='lat' dir='ltr'><strong>tli&#39;versia</strong></span> <span class='ocrx_word' id='word_1_796' title='bbox 3435 5089 3668 5162; x_wconf 64' lang='lat' dir='ltr'><strong>Clanio;</strong></span> 
     </span>
    </p>
   </div>
   <div class='ocr_carea' id='block_1_114' title="bbox 2059 5160 3672 5240">
    <p class='ocr_par' dir='ltr' id='par_1_114' title="bbox 2059 5160 3672 5240">
     <span class='ocr_line' id='line_1_114' title="bbox 2059 5160 3672 5240; baseline 0.014 -29"><span class='ocrx_word' id='word_1_797' title='bbox 2059 5160 2302 5240; x_wconf 76' lang='lat' dir='ltr'><strong>censium</strong></span> <span class='ocrx_word' id='word_1_798' title='bbox 2331 5233 2338 5240; x_wconf 29' lang='grc' dir='ltr'><em>η</em></span> <span class='ocrx_word' id='word_1_799' title='bbox 2349 5160 2690 5240; x_wconf 78' lang='lat' dir='ltr'><strong>monasteriis</strong></span> <span class='ocrx_word' id='word_1_800' title='bbox 2737 5160 3042 5240; x_wconf 71' lang='lat' dir='ltr'><strong>religiosos</strong></span> <span class='ocrx_word' id='word_1_801' title='bbox 3070 5173 3219 5230; x_wconf 79' lang='lat' dir='ltr'><strong>viros</strong></span> <span class='ocrx_word' id='word_1_802' title='bbox 3263 5175 3490 5230; x_wconf 71' lang='lat' dir='ltr'><strong>adduxit</strong></span> <span class='ocrx_word' id='word_1_803' title='bbox 3509 5160 3672 5233; x_wconf 79' lang='lat' dir='ltr'><strong>anno</strong></span> 
     </span>
    </p>
   </div>
   <div class='ocr_carea' id='block_1_115' title="bbox 2059 5231 3666 5310">
    <p class='ocr_par' dir='ltr' id='par_1_115' title="bbox 2059 5231 3666 5310">
     <span class='ocr_line' id='line_1_115' title="bbox 2059 5231 3666 5310; baseline 0.014 -29"><span class='ocrx_word' id='word_1_804' title='bbox 2059 5231 2216 5310; x_wconf 58' lang='lat' dir='ltr'><strong>fit”,</strong></span> <span class='ocrx_word' id='word_1_805' title='bbox 2253 5232 2446 5303; x_wconf 89' lang='lat' dir='ltr'><strong>quibus</strong></span> <span class='ocrx_word' id='word_1_806' title='bbox 2476 5235 2664 5310; x_wconf 80' lang='lat' dir='ltr'><strong>stricte</strong></span> <span class='ocrx_word' id='word_1_807' title='bbox 2697 5231 3050 5310; x_wconf 25' lang='lat' dir='ltr'><strong>eturevligiose</strong></span> <span class='ocrx_word' id='word_1_808' title='bbox 3105 5244 3412 5300; x_wconf 80' lang='lat' dir='ltr'><strong>viventibus</strong></span> <span class='ocrx_word' id='word_1_809' title='bbox 3453 5231 3666 5302; x_wconf 74' lang='lat' dir='ltr'><strong>residui</strong></span> 
     </span>
    </p>
   </div>
   <div class='ocr_carea' id='block_1_116' title="bbox 2057 5301 3658 5388">
    <p class='ocr_par' dir='ltr' id='par_1_116' title="bbox 2057 5301 3658 5388">
     <span class='ocr_line' id='line_1_116' title="bbox 2057 5301 3658 5388; baseline 0.012 -35"><span class='ocrx_word' id='word_1_810' title='bbox 2057 5301 2388 5388; x_wconf 37' lang='lat' dir='ltr'><strong>S‘ithuenses‘,</strong></span> <span class='ocrx_word' id='word_1_811' title='bbox 2430 5313 2576 5359; x_wconf 86' lang='lat' dir='ltr'><strong>metu</strong></span> <span class='ocrx_word' id='word_1_812' title='bbox 2624 5301 2926 5388; x_wconf 32' lang='lat' dir='ltr'><strong>rigiAdi‘orisv</strong></span> <span class='ocrx_word' id='word_1_813' title='bbox 2947 5312 3265 5383; x_wconf 69' lang='lat' dir='ltr'><strong>disciplinae,</strong></span> <span class='ocrx_word' id='word_1_814' title='bbox 3297 5301 3500 5388; x_wconf 9' lang='lat' dir='ltr'><strong>dilapsi,</strong></span> <span class='ocrx_word' id='word_1_815' title='bbox 3528 5301 3658 5388; x_wconf 55' lang='lat' dir='ltr'><strong>sibi,</strong></span> 
     </span>
    </p>
   </div>
   <div class='ocr_carea' id='block_1_117' title="bbox 2057 5372 3666 5454">
    <p class='ocr_par' dir='ltr' id='par_1_117' title="bbox 2057 5372 3666 5454">
     <span class='ocr_line' id='line_1_117' title="bbox 2057 5372 3666 5454; baseline 0.012 -28"><span class='ocrx_word' id='word_1_816' title='bbox 2057 5379 2108 5426; x_wconf 89' lang='lat' dir='ltr'><strong>et</strong></span> <span class='ocrx_word' id='word_1_817' title='bbox 2136 5372 2288 5454; x_wconf 76' lang='lat' dir='ltr'><strong>brevi</strong></span> <span class='ocrx_word' id='word_1_818' title='bbox 2322 5375 2609 5454; x_wconf 70' lang='lat' dir='ltr'><strong>plusquam</strong></span> <span class='ocrx_word' id='word_1_819' title='bbox 2643 5372 2742 5454; x_wconf 77' lang='grc' dir='ltr'><strong>1Ξο</strong></span> <span class='ocrx_word' id='word_1_820' title='bbox 2773 5381 2966 5435; x_wconf 82' lang='lat' dir='ltr'><strong>fratres</strong></span> <span class='ocrx_word' id='word_1_821' title='bbox 2993 5372 3343 5454; x_wconf 69' lang='lat' dir='ltr'><strong>accesserint,</strong></span> <span class='ocrx_word' id='word_1_822' title='bbox 3375 5372 3432 5443; x_wconf 65' lang='lat' dir='ltr'><strong>at</strong></span> <span class='ocrx_word' id='word_1_823' title='bbox 3462 5372 3666 5445; x_wconf 52' lang='lat' dir='ltr'><strong>mil-uni</strong></span> 
     </span>
    </p>
   </div>
   <div class='ocr_carea' id='block_1_118' title="bbox 2055 5444 3661 5519">
    <p class='ocr_par' dir='ltr' id='par_1_118' title="bbox 2055 5444 3661 5519">
     <span class='ocr_line' id='line_1_118' title="bbox 2055 5444 3661 5519; baseline 0.014 -24"><span class='ocrx_word' id='word_1_824' title='bbox 2055 5457 2163 5519; x_wconf 78' lang='lat' dir='ltr'><strong>non</strong></span> <span class='ocrx_word' id='word_1_825' title='bbox 2196 5444 2282 5519; x_wconf 76' lang='lat' dir='ltr'><strong>sit,</strong></span> <span class='ocrx_word' id='word_1_826' title='bbox 2303 5447 2460 5519; x_wconf 81' lang='lat' dir='ltr'><strong>quod</strong></span> <span class='ocrx_word' id='word_1_827' title='bbox 2491 5447 2738 5519; x_wconf 82' lang='lat' dir='ltr'><strong>Hugonis</strong></span> <span class='ocrx_word' id='word_1_828' title='bbox 2781 5467 3063 5509; x_wconf 82' lang='lat' dir='ltr'><strong>successor</strong></span> <span class='ocrx_word' id='word_1_829' title='bbox 3107 5444 3342 5512; x_wconf 41' lang='lat' dir='ltr'><strong>Pontius,</strong></span> <span class='ocrx_word' id='word_1_830' title='bbox 3370 5444 3661 5518; x_wconf 83' lang='lat' dir='ltr'><strong>tentaverit</strong></span> 
     </span>
    </p>
   </div>
   <div class='ocr_carea' id='block_1_119' title="bbox 2054 5513 3097 5590">
    <p class='ocr_par' dir='ltr' id='par_1_119' title="bbox 2054 5513 3097 5590">
     <span class='ocr_line' id='line_1_119' title="bbox 2054 5513 3097 5590; baseline 0.01 -22"><span class='ocrx_word' id='word_1_831' title='bbox 2054 5513 2199 5570; x_wconf 78' lang='lat' dir='ltr'><strong>hanc</strong></span> <span class='ocrx_word' id='word_1_832' title='bbox 2229 5513 2494 5572; x_wconf 81' lang='lat' dir='ltr'><strong>abbatiam</strong></span> <span class='ocrx_word' id='word_1_833' title='bbox 2523 5513 2790 5576; x_wconf 70' lang='lat' dir='ltr'><strong>Cluniaco</strong></span> <span class='ocrx_word' id='word_1_834' title='bbox 2816 5523 3097 5590; x_wconf 87' lang='lat' dir='ltr'><strong>subjicere.</strong></span> 
     </span>
    </p>
   </div>
  </div>
