3956 6084
482 311 581 364 903

1580 301 1637 357 S.
1675 303 1993 361 HUGONIS
2029 301 2317 367 ABBATIS
2357 314 2673 373 CLUNIAC.

3708 343 3820 395 904

487 440 571 494 vir
632 433 731 491 Dei
800 438 943 487 tanta
980 426 1158 500 gratia
1196 422 1438 495 pollebat
1486 433 1543 477 ut
1594 425 1934 500 quicunque,
1978 438 2082 485 tam
2112 433 2168 493 A
2196 450 2303 491 non
2334 453 2397 492 ex
2428 441 2698 512 neglectu,
2727 444 2824 499 sed
2863 462 2927 501 ex
2961 448 3107 504 bona
3154 450 3447 510 intentione
3479 471 3540 512 se
3571 469 3819 528 praeter-

492 529 548 582 in
616 523 813 579 divinis
877 532 1036 589 quam
1090 514 1253 569 etiam
1292 511 1580 566 mundanis
1618 513 1784 569 rebus
1816 555 1830 581 ,
1872 519 2085 573 consilii

495 630 661 672 causa
707 625 829 665 eum
871 608 1178 674 expeteret,
1230 600 1304 654 ita
1346 600 1493 655 fonte
1538 601 1775 656 Cu‘lestis
1828 605 2085 663 dourime

492 701 848 763 imbuebatur,
880 701 939 749 ut
961 692 1203 748 crederet
1250 704 1307 743 se
1353 688 1501 758 quasi
1550 690 1618 744 ab
1666 692 1864 762 angelo
1908 693 2083 750 infor-

492 801 690 849 malum
706 829 720 843 .

555 882 641 935 24.
675 875 838 946 Quod
868 873 926 929 S.
959 866 1239 925 Michaelis
1266 866 1513 933 ecclesia,
1548 884 1671 939 quae
1715 868 1772 922 in
1820 885 1884 924 ea
1931 879 2085 942 parte

493 966 779 1038 Cisalpinae
808 960 1023 1024 Galliae,
1056 973 1175 1027 quae
1205 956 1359 1009 Clusa
1393 955 1607 1023 dicitur,
1651 955 1754 1009 sita
1801 966 1902 1025 est,
1953 959 2086 1013 satis

490 1060 546 1114 in
578 1054 863 1111 fulminum
896 1046 1217 1118 depulsione
1248 1043 1525 1113 probavit.
1549 1043 1689 1097 Nam
1720 1044 1847 1098 dum
1877 1045 2084 1101 crebris

491 1139 956 1202 fulminationibus
1011 1135 1163 1190 locus
1192 1131 1283 1185 ille
1314 1130 1581 1198 feriretur,
1612 1139 1664 1185 et
1691 1132 2083 1188 desolationem

492 1232 744 1291 ρωποι)ἰο
777 1229 1069 1296 tempestas
1098 1218 1340 1283 horrida,
1366 1218 1439 1273 ob
1469 1219 1827 1287 quorumdam
1857 1220 2082 1275 fratrum

490 1322 798 1388 interitum,
845 1314 1165 1377 minaretur,
1216 1307 1564 1405 tandemnvir
1612 1307 1798 1405 beatus
1844 1307 1913 1405 de
1960 1325 2084 1405 mu-

486 1411 645 1468 tanda
708 1405 815 1461 loci
876 1398 1215 1457 habitatione
1264 1393 1587 1451 consulitur.
1644 1396 1795 1450 Tunc
1840 1396 1926 1450 vir
1962 1397 2079 1452 Deo

485 1502 678 1573 plenus
743 1495 923 1549 locum
979 1485 1335 1542 deserendum
1392 1498 1502 1537 non
1568 1498 1688 1573 esse
1748 1485 2075 1573 respondit,

486 1570 581 1644 sed
628 1587 695 1640 B.
750 1575 1025 1636 Laurentii
1072 1571 1319 1642 martyris
1360 1570 1716 1641 patrocinium
1765 1572 2079 1642 quotidiana

487 1666 1002 1732 commemoratione
1030 1660 1452 1732 implorandum.
1507 1659 1670 1729 Cujus
1698 1659 1907 1714 consilii
1938 1668 2079 1715 tanta

2193 524 2405 581 misisse
2435 527 2614 583 locum
2656 534 2956 603 respondit,
2990 535 3151 593 citius
3178 540 3253 594 ab
3276 544 3540 611 apostolis
3571 524 3816 604 veniam

2193 628 2251 667 se
2280 613 2703 688 impetraturum,
2739 621 2780 674 si
2826 623 2896 678 ob
2926 626 3333 684 reformandam
3384 649 3576 701 pacem
3632 652 3808 693 seve-

2192 717 2311 755 rum
2340 704 2649 773 pontificem
2691 708 2933 778 priorem
2963 713 3039 767 eis
3067 716 3324 773 adivisset
3353 736 3516 790 quam
3545 723 3606 777 in
3639 726 3813 796 ejus-

2192 790 2321 844 dem
2370 791 2640 862 pontiﬁcis
2684 797 2916 867 gratiam
2967 801 3296 877 rediturum,
3345 816 3399 863 et
3438 810 3512 865 ad
3570 790 3810 869 causam

2193 877 2373 933 minus
2400 881 2762 951 profuturum,
2808 886 2849 940 si
2897 888 2998 942 sub
3047 892 3227 961 specie
3269 896 3547 965 orationis,
3580 904 3808 974 regium

2189 966 2494 1035 pontificali
2525 969 2797 1026 videretur
2823 976 3127 1045 praztulisse
3155 982 3511 1055 colloquium.
3567 966 3812 1047 Et'licet

2191 1052 2246 1107 in
2273 1055 2616 1111 concordiam
2650 1058 2733 1114 vir
2760 1061 2860 1117 Dei
2904 1079 3000 1119 eos
3042 1082 3152 1123 non
3195 1052 3460 1139 potuisset
3490 1076 3806 1148 adducere,

2192 1149 2370 1197 tamen
2409 1145 2712 1216 imperator
2752 1151 2917 1218 paulo
2982 1155 3162 1210 mitior
3214 1158 3385 1215 factus
3431 1178 3499 1217 ex
3550 1173 3661 1219 tam
3703 1145 3805 1221 ra?

2189 1230 2437 1285 tionabili
2466 1249 2727 1303 responso
2758 1236 3000 1294 Sutriam
3027 1243 3161 1313 (95),
3194 1262 3262 1302 ne
3291 1248 3479 1305 Romae
3512 1255 3806 1312 secundus

2189 1318 2426 1387 videret,
2468 1337 2627 1391 quem
2677 1324 2828 1395 prior
2874 1327 3062 1385 videre
3124 1348 3233 1388 non
3292 1339 3500 1406 potuit,
3549 1342 3626 1395 ad
3670 1344 3802 1414 ejus

2188 1406 2518 1478 colloquium
2577 1412 2756 1475 venit;
2816 1414 2909 1470 ubi
2954 1425 3077 1487 post
3126 1422 3354 1477 multum
3412 1427 3489 1481 ad
3548 1406 3798 1487 invicem

2186 1494 2426 1550 habitum
2474 1497 2736 1568 verbum,
2787 1518 2879 1557 rex
2929 1521 3032 1575 pro
3075 1508 3309 1577 quodam
3354 1514 3619 1572 Brixiano
3667 1519 3795 1590 epi-

2187 1599 2355 1653 scopo
2387 1585 2519 1653 (96),
2544 1586 2634 1657 qui
2665 1587 2774 1657 ipsi
2805 1591 2924 1647 viro
2950 1594 3049 1649 Dei
3081 1596 3335 1665 injuriam
3360 1606 3637 1674 captionis
3652 1585 3795 1678 (93'),

2185 1671 2299 1727 zelo
2328 1672 2481 1743 regio
2519 1672 2741 1745 ductus,
2792 1678 3080 1752 intulerat,
3132 1686 3285 1742 flexis
3341 1671 3575 1761 genibus
3623 1671 3800 1751 satis;

488 1759 742 1835 apparuit
783 1754 1020 1811 efﬁcacia
1050 1758 1126 1817 ut,
1159 1749 1229 1804 ab
1256 1747 1350 1802 illo
1381 1747 1899 1838 tempore,_meri_tis_
1915 1748 2083 1838 sancti
2107 1778 2162 1838 Β
2192 1760 2343 1817 fecit,

489 1834 737 1920 martyris
766 1852 819 1901 et
848 1842 952 1897 fide
981 1836 1279 1895 beatissimi
1311 1835 1503 1901 Patris,
1525 1850 1555 1888 a
1586 1834 1858 1890 fulmineis
1886 1836 2081 1891 ictibus

489 1940 787 2012 quiesceret
829 1932 1007 1987 locus.
1056 1925 1164 1983 Sed
1212 1940 1335 1980 cum
1384 1922 1503 1978 aliis
1546 1923 1601 1977 in
1645 1923 1871 1979 consilio
1916 1924 2078 1993 utilis,

485 2037 597 2084 tum
645 2024 751 2079 sibi
802 2025 1083 2091 promptus
1132 2021 1291 2083 atque
1334 2011 1590 2082 providus
1636 2019 1780 2072 erat;
1835 2012 1979 2083 quod
2026 2012 2083 2068 in

482 2114 670 2171 multis
707 2106 942 2181 negotiis
991 2106 1109 2174 ejus
1157 2101 1441 2157 ostendere
1470 2099 1697 2171 longum
1747 2104 1846 2155 est.
1898 2102 2082 2156 Pauca

477 2212 661 2261 tamen
688 2215 790 2272 pro
820 2196 899 2251 rei
930 2192 1183 2262 exemplo
1212 2188 1455 2244 breviter
1485 2188 1789 2243 absolvam.

1097 2305 1317 2362 CAPUT
1356 2305 1446 2359 1V.

476 2404 798 2467 Concilium
840 2400 1123 2477 Bernensis
1173 2393 1651 2477 concelebratum,
1702 2394 2077 2464 compositum

931 2470 1215 2533 schisma;
1243 2466 1372 2539 pius
1402 2463 1606 2519 obitus.

536 2571 623 2623 25.
652 2564 904 2634 Quodam
937 2567 1181 2628 tempore
1204 2555 1472 2650 Romanae
1502 2549 1645 2607 sedis
1667 2550 1935 2650 ponti-fex,
1966 2552 2072 2608 Leo

474 2672 671 2722 nonus,
721 2651 794 2708 ob
842 2651 1078 2703 hmreses
1124 2641 1551 2699 Simoniacorum
1602 2647 1655 2695 et
1682 2639 2071 2694 Nicolaitarum

475 2762 511 2801 a
539 2741 735 2799 Galliis
770 2734 1164 2806 exstirpandas,
1196 2729 1379 2786 Remis
1421 2727 1689 2826 synodum
1727 2726 2066 2826 celebrabat,

472 2840 526 2887 et
578 2826 824 2884 introitus
880 2821 1216 2893 singulorum
1274 2819 1485 2871 Patrum
1542 2814 1892 2869 discutiebat.
1960 2815 2066 2883 Qui

474 2919 602 2974 dum
632 2911 951 2985 singillatim
1000 2909 1068 2962 de
1113 2906 1222 2961 suis
1262 2902 1625 2960 clectionibus
1655 2904 2062 2973 responderent,

470 3007 554 3063 vir
580 3003 681 3060 Dei
724 3002 793 3056 de
834 2994 1162 3056 conscientia
1206 2992 1310 3047 tale
1353 2991 1523 3046 fertur
1571 2989 1789 3045 dedisse
1831 3005 2065 3060 respon-

463 3110 582 3153 sum
616 3111 627 3147 :
662 3116 685 3141 ιι
721 3090 861 3145 Caro
906 3085 1129 3159 quidem
1173 3079 1465 3149 consensit,
1497 3078 1596 3134 sed
1625 3078 1848 3149 spiritus
1874 3094 2063 3176 ‘repu-

469 3182 681 3259 gnavit.
725 3202 747 3228 ιι
801 3179 862 3232 In
904 3190 1011 3247 quo
1040 3172 1207 3228 verbo
1239 3169 1385 3265 apud
1416 3183 1604 3223 omnes
1634 3174 1792 3265 tanta:
1820 3166 2065 3265 admira-

469 3254 605 3330 tioni
635 3278 687 3325 et
714 3266 906 3341 gratiae
937 3263 1151 3318 habitus
1176 3267 1258 3314 est
1286 3267 1343 3312 ut
1370 3256 1510 3311 inter
1554 3262 1633 3310 tot
1675 3254 2063 3326 eloquentissi-

466 3377 588 3418 mos
617 3359 783 3425 viros,
816 3357 957 3409 inter
987 3360 1062 3409 tot
1090 3350 1327 3405 seniores
1358 3348 1479 3418 ipse
1509 3343 1695 3442 adhuc
1724 3343 2062 3442 adolescens,

464 3454 525 3506 ut
552 3460 858 3505 sermonem
888 3441 956 3497 ad
983 3447 1151 3495 totam
1184 3437 1385 3492 faceret
1434 3432 1706 3530 synodum
1743 3431 2059 3530 eligeretur.

460 3537 634 3606 Hujus
661 3532 948 3590 consilium
978 3544 1086 3582 non
1117 3525 1293 3580 solum
1324 3525 1393 3577 de
1416 3520 1631 3618 vicinis,
1663 3520 1759 3575 sed
1788 3519 1951 3597 etiam
1993 3518 2061 3618 de

458 3623 682 3683 remotis
724 3629 992 3675 terrarum
1036 3613 1282 3685 partibus
1342 3609 1679 3706 patebaturr
1716 3609 2061 3706 necne-pri-

459 3711 599 3771 vatis
636 3710 898 3763 duntaxat
944 3700 1226 3771 personis,
1275 3699 1373 3752 sed
1424 3715 1456 3750 a
1495 3696 1711 3769 magnis
1758 3695 2058 3765 ordinibus,

466 3814 692 3870 regum,
758 3793 1142 3863 imperatorum
1168 3831 1181 3855 ,
1250 3784 1562 3879 pontificum
1587 3826 1600 3853 ,
1646 3792 1755 3838 tam
1787 3782 2058 3879 .Romanae

464 3885 613 3940 sedis
642 3895 803 3953 quam
832 3877 1058 3932 aliarum
1097 3873 1386 3928 multarum
1426 3871 1639 3927 sedium
1665 3888 1678 3935 ;
1713 3869 1905 3940 quibus
1934 3886 2057 3925 cum

467 3980 617 4029 tanta
670 3965 1046 4024 moderatione
1112 3961 1389 4032 aequitatis
1452 3959 1820 4030 respondebat
1882 3965 1941 4012 ut
2004 3967 2059 4014 et

455 4063 631 4118 Deum
674 4058 733 4112 in
775 4053 1036 4111 omnibus
1083 4054 1463 4122 anteponeret,
1514 4056 1566 4103 et
1609 4046 1934 4102 benevolum
1998 4063 2057 4102 se

454 4147 664 4207 cunctis
710 4143 1015 4201 exhiberet.
1063 4139 1223 4209 Quod
1271 4139 1325 4193 in
1368 4137 1659 4194 schismate
1696 4134 1915 4191 Henrici
1944 4134 2053 4188 im-

456 4233 723 4310 peratoris
790 4240 976 4288 contra
1039 4229 1339 4283 Romanam
1405 4225 1711 4281 Ecclesium
1773 4222 2056 4279 evidenter

455 4333 731 4382 ostensum
758 4324 859 4375 est.

526 4416 616 4469 26.
666 4410 748 4465 Ad
789 4408 941 4478 cujus
983 4403 1491 4462 reconciliationem
1557 4416 1681 4457 cum
1745 4417 1777 4455 a
1839 4413 2051 4454 summo

2263 1853 2351 1906 27.
2398 1852 2478 1908 De
2510 1853 2833 1911 discretione
2873 1873 3005 1913 vero
3055 1861 3174 1930 ejus
3221 1865 3349 1919 satis
3395 1867 3603 1926 referre
3649 1879 3804 1928 tanto

2188 1939 2372 1993 minus
2424 1957 2644 2011 possum
2690 1951 2890 2014 quanto
2933 1962 3032 2015 per
3073 1949 3292 2022 singula
3339 1968 3506 2023 opera
3549 1960 3676 2028 ejus
3725 1961 3807 2016 ire

2187 2024 2562 2083 difficillimum
2622 2038 2727 2085 est.
2797 2032 3064 2088 Caeterum
3114 2045 3173 2091 ut
3215 2039 3283 2094 de
3334 2041 3456 2097 aliis
3504 2024 3807 2104 virtutibus

2188 2112 2313 2183 ejus
2342 2114 2579 2172 breviter
2605 2118 2875 2189 disserui,
2917 2122 2994 2176 sic
3038 2131 3089 2179 et
3136 2125 3205 2181 de
3251 2127 3345 2183 illa
3389 2147 3511 2200 quae
3551 2137 3806 2191 omnium

2186 2210 2359 2258 mater
2386 2213 2485 2274 est,
2519 2213 2571 2260 et
2600 2205 2718 2261 sine
2765 2223 2871 2277 qua
2900 2209 3050 2266 nulla
3088 2213 3202 2284 ejus
3244 2219 3594 2287 reperiuntur
3624 2226 3802 2295 facta,

2184 2290 2372 2360 paucis
2403 2293 2715 2364 explicabo.
2763 2296 2832 2350 Et
2869 2297 2993 2368 quia
3035 2301 3184 2358 nullo
3228 2305 3423 2362 melius
3469 2308 3674 2367 indicio
3707 2290 3803 2369 res

2185 2377 2524 2449 depromitur
2551 2398 2709 2453 quam
2736 2386 3005 2456 exemplo,
3039 2387 3239 2447 idcirco
3262 2392 3574 2467 Guigonem
3599 2399 3799 2457 Albio-

2183 2482 2402 2522 nensem
2448 2469 2721 2538 comitem,
2757 2487 2897 2528 novo
2929 2490 3131 2546 genere
3161 2478 3506 2537 discretionis
3533 2501 3640 2557 per
3670 2504 3796 2544 eum

2181 2555 2447 2610 salvatum
2474 2597 2488 2625 ,
2540 2573 2652 2613 non
2695 2558 2857 2616 abere
2900 2561 3152 2619 duximus
3206 2555 3790 2633 commemorandum.

2178 2643 2279 2700 Hic
2310 2644 2567 2699 nimirum
2612 2646 2738 2702 dum
2787 2650 3024 2721 quadam
3070 2652 3160 2709 die
3209 2671 3333 2711 cum
3381 2668 3573 2717 sancto
3627 2665 3793 2721 Patre

2179 2734 2658 2801 sermocinaretur,
2691 2735 2833 2792 inter
2862 2737 2969 2794 alia
3008 2745 3339 2799 monachum
3372 2762 3432 2802 se
3461 2764 3622 2819 posse
3666 2751 3788 2808 ﬁeri

2177 2820 2488 2892 denegavit,
2520 2822 2623 2877 nisi
2655 2831 2808 2881 veste
2846 2828 3096 2883 saeculari
3129 2831 3196 2885 ad
3230 2840 3417 2888 votum
3460 2845 3519 2891 ut
3552 2855 3787 2910 semper

2174 2907 2324 2964 indui
2370 2911 2800 2980 permitteretur;
2847 2916 2993 2986 quod
3039 2916 3131 2971 ubi
3173 2919 3257 2973 vir
3304 2921 3406 2978 Dei
3447 2907 3703 2993 audivit;
3725 2940 3781 2985 et

2174 2998 2431 3053 voluntati
2481 3000 2597 3070 ejus
2645 3001 3043 3072 acquiescendo
3101 3008 3367 3064 satisfecit
3412 3020 3469 3067 et
3530 3016 3774 3072 animam

2171 3085 2289 3154 ejus
2312 3086 2427 3141 Deo
2456 3086 2737 3144 lucrifecit.
2778 3089 2920 3144 Nam
2957 3096 3255 3149 monachus
3296 3096 3491 3167 factus,
3539 3103 3783 3172 primum

2177 3173 2513 3230 mollioribus
2555 3183 2608 3230 et
2657 3177 3069 3246 pretiosioribus
3115 3184 3356 3240 vestibus
3417 3204 3521 3244 sua
3567 3193 3783 3249 cuculla

2174 3259 2390 3315 indutus
2452 3262 2787 3328 incedebat;
2848 3266 3045 3323 deinde
3103 3286 3225 3325 cum
3282 3274 3490 3332 videret
3545 3278 3781 3337 fratrum

2173 3350 2554 3418 humilitatem,
2588 3351 2852 3423 simulque
2880 3355 3009 3412 vitae
3052 3357 3137 3413 vel
3179 3360 3393 3417 habitus
3440 3365 3778 3437 simplicita-

2174 3444 2308 3503 tem,
2341 3455 2401 3494 se
2429 3439 2567 3495 inter
2607 3456 2738 3497 oves
2767 3441 2966 3499 Christi
3020 3445 3172 3516 quasi
3221 3448 3433 3505 leonem
3484 3458 3780 3526 reprehen-

2171 3525 2321 3594 dens,
2355 3536 2546 3598 sponte
2571 3544 2668 3583 sua
2698 3529 2978 3587 saecularia
3007 3537 3065 3588 et
3093 3550 3362 3607 pomposa
3406 3525 3641 3615 quaeque
3665 3547 3775 3601 ab-

2163 3613 2311 3686 jecit,
2346 3624 2399 3670 et
2424 3617 2501 3671 sic
2549 3617 2698 3672 brevi
2748 3620 2925 3688 spatio
2969 3625 3336 3681 conversionis
3378 3644 3515 3700 suae,
3550 3613 3777 3691 circiter

2167 3703 2362 3776 viginti
2393 3704 2599 3760 dierum
2629 3707 2975 3776 curriculum,
3008 3709 3153 3767 bono
3184 3711 3294 3770 ﬁne
3323 3716 3546 3786 quievit.

2238 3793 2324 3846 28.
2365 3792 2708 3865 Religionem
2735 3793 2792 3849 in
2822 3811 2890 3851 eo
2929 3805 3052 3854 tunc
3095 3799 3316 3856 demum
3366 3806 3531 3877 digne
3570 3820 3624 3865 et
3664 3828 3767 3868 ve-

2165 3880 2364 3935 raciter
2411 3881 2840 3953 laudaverimus,
2890 3885 2935 3939 si
2990 3887 3107 3955 ejus
3154 3890 3421 3962 habitum,
3474 3896 3766 3971 incessum,

2166 3976 2407 4039 gestum,
2458 3970 2770 4040 eloquium,
2813 3972 2857 4026 si
2905 3973 3140 4047 denique
3200 3982 3387 4036 omnia
3433 3984 3546 4053 ejus
3597 3970 3768 4058 opera

2163 4065 2349 4112 sancta
2396 4066 2449 4111 et
2489 4059 2998 4133 irreprehensibilia.
3025 4063 3079 4117 in
3122 4068 3274 4121 omni
3313 4069 3424 4125 vita
3470 4088 3571 4129 sua
3600 4075 3766 4133 fuisse

2163 4144 2486 4201 dixerimus.
2554 4147 2874 4203 Patientiam
2916 4166 3076 4219 vero,
3127 4155 3507 4229 humilitatem,
3551 4164 3762 4231 pudici-

2161 4231 2313 4301 tiam,
2341 4233 2709 4303 sobrietatem,
2749 4243 3085 4312 caeterasque
3114 4240 3355 4314 virtutes,
3389 4263 3527 4319 quas
3546 4249 3756 4319 habuit,

2158 4320 2471 4377 describere
2509 4339 2618 4379 non
2645 4330 2726 4379 est
2757 4339 3020 4390 necesse;
3072 4345 3195 4399 quae
3239 4335 3388 4402 quasi
3433 4335 3634 4394 innatae
3675 4341 3759 4397 illi

2156 4406 2389 4477 inerant,
2427 4418 2480 4467 et
2510 4410 2624 4479 eius
2653 4419 2803 4467 actus
2834 4414 2902 4467 ab
2931 4414 3064 4485 ipsis
3101 4419 3389 4477 cunabulis
3413 4426 3560 4479 omni
3588 4429 3757 4486 modo

448 4498 704 4573 pontiﬁce
736 4495 1000 4569 Gregorio
1030 4491 1261 4564 septimo
1287 4498 1542 4547 evocatus
1574 4490 1780 4557 fuisset,
1812 4494 1865 4542 et
1890 4484 2039 4582 limi-
2068 4480 2122 4543 D
2154 4495 2510 4553 decorabant.
2560 4499 2668 4555 Sed
2696 4499 2764 4554 de
2792 4480 3052 4558 charitate
3080 4504 3199 4574 ejus
3224 4524 3388 4563 unum
3434 4516 3756 4582 praetermit-

443 4590 605 4646 nibus
672 4585 1040 4657 apostolorum
1084 4580 1234 4654 (quia
1275 4579 1351 4633 ibi
1398 4580 1584 4635 Caesar
1626 4592 1746 4632 cum
1797 4573 2040 4631 exercitu

437 4694 539 4733 suo
571 4675 884 4732 morabatur
916 4673 1025 4741 (94)
1061 4668 1422 4737 transmissis,
1468 4667 1538 4722 ad
1586 4680 1854 4721 summurn
1894 4678 2038 4734 pon-

446 4764 651 4820 tiﬁcem
682 4762 1003 4829 divertisset,
1036 4774 1131 4813 rex
1161 4759 1266 4813 hoc
1294 4762 1573 4826 comperto
1610 4753 1941 4827 legationem
1970 4751 2041 4805 ad

447 4868 576 4907 eum
606 4850 776 4919 misit,
807 4844 1288 4919 reprehensibilcm
1320 4860 1443 4901 eum
1463 4842 1717 4913 judicans
1764 4840 1909 4937 quod
1934 4854 2038 4937 pro

448 4939 657 4995 mortali
700 4937 919 4992 homine
965 4944 1394 5007 praetergressus
1439 4932 1652 4988 fuisset.
1701 4934 1768 4986 At
1813 4930 1895 4985 vir
1934 4930 2035 4983 Dei

511 5116 623 5187 (94)
655 5116 917 5192 Spectant
952 5113 1073 5192 haec
1115 5111 1182 5166 ad
1223 5128 1420 5192 annum
1617 5119 1669 5192 et
1693 5115 2032 5192 sequentem,

443 5182 635 5262 quibus
677 5182 1054 5262 urbelpotitus
1090 5182 1417 5262 sacrilegus
1448 5182 1764 5262 Guibertum
1814 5182 2029 5262 antipa:

436 5252 564 5332 15am
595 5252 1004 5336 inthrpniiaﬁt,
1053 5259 1106 5307 et
1151 5254 1270 5336 ipse
1308 5252 1551 5336 vicissim
1576 5252 1780 5336 Habeo
1822 5252 2033 5331 accepit

439 5323 701 5387 coronam
740 5324 972 5397 imperii,
1005 5338 1099 5377 seu
1146 5323 1328 5392 potius
1373 5323 1738 5378 damnationis
1785 5338 1899 5378 suae
1941 5323 2030 5392 pi-

478 5419 595 5456 nus.

434 5420 622 5541 gn(198$)
653 5474 831 5541 Distat
853 5466 1034 5541 Sutria
1062 5465 1495 5541 aburbeRoma
1524 5465 1592 5518 ad
1624 5469 1699 5541 275,
1720 5482 1775 5541 p_.
1809 5480 1881 5541 tu.

536 5476 622 5541 95)
653 5474 825 5527 Distat
853 5473 1034 5522 Sutria
1062 5473 1495 5546 atrurbedtoma
1524 5473 1592 5518 ad
1624 5473 1688 5519 2:3
1720 5482 1775 5552 ρ.
1809 5480 1881 5520 m.

507 5473 622 5611 E96)
653 5536 1195 5618 Odalricus‘hic‘furt,
1229 5552 1325 5618 qui.
1348 5535 1415 5589 ab
1462 5550 1613 5616 anno.
1650 5539 1787 5617 1903
1828 5536 2027 5618 Sedem

435 5605 764 5668 Bri‘xiensem
798 5607 984 5676 tenuit,
1021 5614 1075 5663 et
1114 5607 1184 5663 ob
1215 5605 1450 5661 sChisma
1478 5621 1511 5661 a
1535 5605 1647 5662 suis
1687 5606 1859 5676 ipsius
1887 5607 2026 5663 civi-

2149 4591 2265 4641 tere
2294 4586 2575 4658 indignum
2617 4587 2868 4655 arbitror,
2922 4589 2978 4644 in
3025 4607 3133 4663 quo
3181 4596 3565 4656 admirabilem
3595 4603 3752 4662 illum

2147 4672 2334 4742 fuisse,
2366 4690 2530 4732 nemo
2560 4682 2640 4730 est
2669 4676 2758 4746 qui
2788 4677 3091 4735 dissentiat.
3133 4682 3273 4738 Nam
3301 4703 3423 4741 cum
3455 4689 3565 4745 duo
3593 4693 3751 4748 mili-

2143 4770 2227 4818 tes
2257 4780 2424 4819 uuum
2450 4764 2521 4820 de
2551 4764 2807 4820 fratribus
2847 4767 2966 4837 ejus
3006 4769 3426 4845 interemissent,
3458 4780 3748 4853 nullusque

2144 4851 2341 4924 refugii
2373 4852 2554 4920 locus,
2600 4852 2694 4907 ubi
2733 4868 2793 4908 se
2836 4855 2906 4909 ad
2948 4856 3181 4913 salutem
3221 4862 3545 4934 reciperent,
3578 4851 3745 4928 eisin

2145 4939 2339 4996 Galliis
2376 4948 2601 5012 pateret,
2632 4941 2731 4996 iste
2761 4941 2845 4998 vir
2870 4942 3065 5001 beatus
3105 4947 3162 5001 in
3204 4950 3354 5020 asylo
3395 4953 3743 5015 Cluniacensi

2141 5115 2509 5206 busnpulsus,‘
2544 5119 2797 5201 militavit
2835 5122 3123 5206 incastris
3165 5128 3412 5206 Henrici,
3460 5131 3516 5187 in
3558 5134 3741 5206 iisque

2182 5190 2304 5243 eriit
2354 5190 2661 5265 pestilentia
2692 5208 2791 5265 an.
2838 5198 3006 5265 1088:,
3051 5206 3106 5252 ut
3148 5200 3339 5255 scribit
3374 5190 3739 5263 Bernardinus

2182 5205 2304 5243 emt
2354 5205 2661 5260 pestilentia
2698 5208 2791 5247 an.
2838 5205 3006 5265 1088:,

2140 5205 2352 5329 annus
2379 5261 2433 5314 in
2463 5276 2564 5316 suo
2594 5262 2744 5319 Caelo
2771 5264 3042 5322 Brixiano.

2210 5333 2327 5420 (97‘)
2356 5332 2505 5386 Idem
2538 5333 2701 5387 variis
2740 5335 2980 5416 prfelatis
3010 5338 3242 5420 contigit
3279 5343 3623 5420 venientibus
3655 5350 3732 5420 ad

2137 5402 2445 5475 concilium,
2478 5417 2685 5475 aipapa
2707 5402 2773 5458 ex
2801 5404 2967 5475 ipsius
3010 5402 3228 5464 Henrici
3272 5426 3536 5470 consensu
3577 5402 3733 5471 indi;

2136 5480 2279 5557 ctum
2306 5490 2318 5535 ;
2353 5472 2417 5554 iis
2446 5473 2696 5557 videlicet
2725 5490 2754 5528 a
2780 5472 3008 5545 quorum
3039 5480 3249 5536 sincero
3278 5483 3394 5539 zelo
3421 5487 3601 5557 magis
3625 5489 3730 5544 sibi

2134 5542 2463 5600 schismatici
2494 5542 2823 5601 metuebant.
2910 5612 2915 5617 ι
