  <div class='ocr_page' id='page_1' title='image "/cluster/home/n/w/nwhite01/storage/ocr_20150623/159/hvd.32044054760178/458.png"; bbox 0 0 4032 6078; ppageno 0'>
   <div class='ocr_carea' id='block_1_1' title="bbox 303 284 406 339">
    <p class='ocr_par' dir='ltr' id='par_1_1' title="bbox 303 284 406 339">
     <span class='ocr_line' id='line_1_1' title="bbox 303 284 406 339; baseline 0.019 -2"><span class='ocrx_word' id='word_1_1' title='bbox 303 284 406 339; x_wconf 79' lang='lat'><strong>905</strong></span> 
     </span>
    </p>
   </div>
   <div class='ocr_carea' id='block_1_2' title="bbox 1869 279 2151 337">
    <p class='ocr_par' dir='ltr' id='par_1_2' title="bbox 1869 279 2151 337">
     <span class='ocr_line' id='line_1_2' title="bbox 1869 279 2151 337; baseline -0.011 -1"><span class='ocrx_word' id='word_1_2' title='bbox 1869 279 2050 337; x_wconf 77' lang='lat' dir='ltr'><strong>VITA.</strong></span> <span class='ocrx_word' id='word_1_3' title='bbox 2136 319 2151 333; x_wconf 84' lang='lat'><strong>.</strong></span> 
     </span>
    </p>
   </div>
   <div class='ocr_carea' id='block_1_3' title="bbox 3517 295 3623 351">
    <p class='ocr_par' dir='ltr' id='par_1_3' title="bbox 3517 295 3623 351">
     <span class='ocr_line' id='line_1_3' title="bbox 3517 295 3623 351; baseline -0.009 0"><span class='ocrx_word' id='word_1_4' title='bbox 3517 295 3623 351; x_wconf 85' lang='lat'><strong>906</strong></span> 
     </span>
    </p>
   </div>
   <div class='ocr_carea' id='block_1_4' title="bbox 299 403 3622 485">
    <p class='ocr_par' dir='ltr' id='par_1_4' title="bbox 299 403 3622 485">
     <span class='ocr_line' id='line_1_4' title="bbox 299 403 3622 485; baseline 0.003 -21"><span class='ocrx_word' id='word_1_5' title='bbox 299 423 393 464; x_wconf 88' lang='lat' dir='ltr'><strong>eos</strong></span> <span class='ocrx_word' id='word_1_6' title='bbox 420 407 645 478; x_wconf 87' lang='lat' dir='ltr'><strong>recepit,</strong></span> <span class='ocrx_word' id='word_1_7' title='bbox 687 411 741 464; x_wconf 84' lang='lat' dir='ltr'><strong>et</strong></span> <span class='ocrx_word' id='word_1_8' title='bbox 770 406 1066 463; x_wconf 82' lang='lat' dir='ltr'><strong>monachos</strong></span> <span class='ocrx_word' id='word_1_9' title='bbox 1111 405 1305 474; x_wconf 89' lang='lat' dir='ltr'><strong>factos,</strong></span> <span class='ocrx_word' id='word_1_10' title='bbox 1339 420 1502 459; x_wconf 88' lang='lat' dir='ltr'><strong>unum</strong></span> <span class='ocrx_word' id='word_1_11' title='bbox 1544 403 1645 459; x_wconf 87' lang='lat' dir='ltr'><strong>sub</strong></span> <span class='ocrx_word' id='word_1_12' title='bbox 1700 403 1904 460; x_wconf 85' lang='lat' dir='ltr'><strong>ordinis</strong></span> <span class='ocrx_word' id='word_1_13' title='bbox 1931 407 1985 477; x_wconf 82' lang='grc' dir='ltr'><strong>Α</strong></span> <span class='ocrx_word' id='word_1_14' title='bbox 2012 407 2221 480; x_wconf 88' lang='lat' dir='ltr'><strong>positus</strong></span> <span class='ocrx_word' id='word_1_15' title='bbox 2249 407 2487 477; x_wconf 84' lang='lat' dir='ltr'><strong>videbat,</strong></span> <span class='ocrx_word' id='word_1_16' title='bbox 2520 417 2573 465; x_wconf 92' lang='lat' dir='ltr'><strong>et</strong></span> <span class='ocrx_word' id='word_1_17' title='bbox 2628 409 2783 482; x_wconf 80' lang='lat' dir='ltr'><strong>cujus</strong></span> <span class='ocrx_word' id='word_1_18' title='bbox 2838 425 3008 475; x_wconf 85' lang='lat' dir='ltr'><strong>causa</strong></span> <span class='ocrx_word' id='word_1_19' title='bbox 3036 419 3205 468; x_wconf 90' lang='lat' dir='ltr'><strong>totum</strong></span> <span class='ocrx_word' id='word_1_20' title='bbox 3236 412 3385 485; x_wconf 85' lang='lat' dir='ltr'><strong>ﬁeret</strong></span> <span class='ocrx_word' id='word_1_21' title='bbox 3412 415 3622 473; x_wconf 87' lang='lat' dir='ltr'><strong>intelli-</strong></span> 
     </span>
    </p>
   </div>
   <div class='ocr_carea' id='block_1_5' title="bbox 299 491 1929 563">
    <p class='ocr_par' dir='ltr' id='par_1_5' title="bbox 299 491 1929 563">
     <span class='ocr_line' id='line_1_5' title="bbox 299 491 1929 563; baseline -0.002 -13"><span class='ocrx_word' id='word_1_22' title='bbox 299 496 585 552; x_wconf 89' lang='lat' dir='ltr'><strong>monastici</strong></span> <span class='ocrx_word' id='word_1_23' title='bbox 619 495 842 552; x_wconf 90' lang='lat' dir='ltr'><strong>retinuit</strong></span> <span class='ocrx_word' id='word_1_24' title='bbox 869 511 1063 551; x_wconf 82' lang='lat' dir='ltr'><strong>norma</strong></span> <span class='ocrx_word' id='word_1_25' title='bbox 1095 511 1108 556; x_wconf 87' lang='lat'><strong>;</strong></span> <span class='ocrx_word' id='word_1_26' title='bbox 1143 493 1392 558; x_wconf 87' lang='lat' dir='ltr'><strong>alterum,</strong></span> <span class='ocrx_word' id='word_1_27' title='bbox 1439 491 1533 563; x_wconf 88' lang='lat' dir='ltr'><strong>qui</strong></span> <span class='ocrx_word' id='word_1_28' title='bbox 1583 501 1743 560; x_wconf 90' lang='lat' dir='ltr'><strong>caput</strong></span> <span class='ocrx_word' id='word_1_29' title='bbox 1772 494 1929 547; x_wconf 69' lang='lat' dir='ltr'><strong>mali’</strong></span> 
     </span>
    </p>
   </div>
   <div class='ocr_carea' id='block_1_6' title="bbox 299 581 1903 656">
    <p class='ocr_par' dir='ltr' id='par_1_6' title="bbox 299 581 1903 656">
     <span class='ocr_line' id='line_1_6' title="bbox 299 581 1903 656; baseline -0.002 -16"><span class='ocrx_word' id='word_1_30' title='bbox 299 586 613 654; x_wconf 87' lang='lat' dir='ltr'><strong>exstiterat,</strong></span> <span class='ocrx_word' id='word_1_31' title='bbox 672 584 804 656; x_wconf 86' lang='lat' dir='ltr'><strong>fuga</strong></span> <span class='ocrx_word' id='word_1_32' title='bbox 859 584 1072 653; x_wconf 87' lang='lat' dir='ltr'><strong>lapsum</strong></span> <span class='ocrx_word' id='word_1_33' title='bbox 1131 589 1183 636; x_wconf 91' lang='lat' dir='ltr'><strong>et</strong></span> <span class='ocrx_word' id='word_1_34' title='bbox 1227 589 1417 651; x_wconf 87' lang='lat' dir='ltr'><strong>postea</strong></span> <span class='ocrx_word' id='word_1_35' title='bbox 1486 581 1687 651; x_wconf 79' lang='lat' dir='ltr'><strong>praedis</strong></span> <span class='ocrx_word' id='word_1_36' title='bbox 1741 590 1903 654; x_wconf 88' lang='lat' dir='ltr'><strong>atque</strong></span> 
     </span>
    </p>
   </div>
   <div class='ocr_carea' id='block_1_7' title="bbox 300 668 1899 743">
    <p class='ocr_par' dir='ltr' id='par_1_7' title="bbox 300 668 1899 743">
     <span class='ocr_line' id='line_1_7' title="bbox 300 668 1899 743; baseline -0.002 -16"><span class='ocrx_word' id='word_1_37' title='bbox 300 672 508 743; x_wconf 81' lang='lat' dir='ltr'><strong>rapinis</strong></span> <span class='ocrx_word' id='word_1_38' title='bbox 533 673 822 738; x_wconf 88' lang='lat' dir='ltr'><strong>intentum,</strong></span> <span class='ocrx_word' id='word_1_39' title='bbox 854 679 905 726; x_wconf 91' lang='lat' dir='ltr'><strong>et</strong></span> <span class='ocrx_word' id='word_1_40' title='bbox 935 671 1004 726; x_wconf 94' lang='lat' dir='ltr'><strong>ob</strong></span> <span class='ocrx_word' id='word_1_41' title='bbox 1034 671 1138 725; x_wconf 92' lang='lat' dir='ltr'><strong>hoc</strong></span> <span class='ocrx_word' id='word_1_42' title='bbox 1168 670 1310 724; x_wconf 91' lang='lat' dir='ltr'><strong>male</strong></span> <span class='ocrx_word' id='word_1_43' title='bbox 1354 668 1714 738; x_wconf 87' lang='lat' dir='ltr'><strong>interfectum,</strong></span> <span class='ocrx_word' id='word_1_44' title='bbox 1759 670 1899 725; x_wconf 86' lang='lat' dir='ltr'><strong>ami—</strong></span> 
     </span>
    </p>
   </div>
   <div class='ocr_carea' id='block_1_8' title="bbox 303 757 1899 831">
    <p class='ocr_par' dir='ltr' id='par_1_8' title="bbox 303 757 1899 831">
     <span class='ocr_line' id='line_1_8' title="bbox 303 757 1899 831; baseline -0.002 -16"><span class='ocrx_word' id='word_1_45' title='bbox 303 761 399 815; x_wconf 86' lang='lat' dir='ltr'><strong>sit.</strong></span> <span class='ocrx_word' id='word_1_46' title='bbox 438 761 506 815; x_wconf 91' lang='lat' dir='ltr'><strong>Et</strong></span> <span class='ocrx_word' id='word_1_47' title='bbox 535 760 796 831; x_wconf 89' lang='lat' dir='ltr'><strong>quoniam</strong></span> <span class='ocrx_word' id='word_1_48' title='bbox 829 767 942 814; x_wconf 90' lang='lat' dir='ltr'><strong>tota</strong></span> <span class='ocrx_word' id='word_1_49' title='bbox 972 758 1081 813; x_wconf 87' lang='lat' dir='ltr'><strong>vita</strong></span> <span class='ocrx_word' id='word_1_50' title='bbox 1104 758 1242 813; x_wconf 85' lang='lat' dir='ltr'><strong>beati</strong></span> <span class='ocrx_word' id='word_1_51' title='bbox 1275 758 1374 811; x_wconf 84' lang='lat' dir='ltr'><strong>viri</strong></span> <span class='ocrx_word' id='word_1_52' title='bbox 1404 774 1511 811; x_wconf 92' lang='lat' dir='ltr'><strong>non</strong></span> <span class='ocrx_word' id='word_1_53' title='bbox 1560 757 1706 813; x_wconf 86' lang='lat' dir='ltr'>aliud</span> <span class='ocrx_word' id='word_1_54' title='bbox 1736 774 1899 830; x_wconf 88' lang='lat' dir='ltr'><strong>quam</strong></span> 
     </span>
    </p>
   </div>
   <div class='ocr_carea' id='block_1_9' title="bbox 303 845 1900 920">
    <p class='ocr_par' dir='ltr' id='par_1_9' title="bbox 303 845 1900 920">
     <span class='ocr_line' id='line_1_9' title="bbox 303 845 1900 920; baseline 0.001 -19"><span class='ocrx_word' id='word_1_55' title='bbox 303 849 481 903; x_wconf 85' lang='lat' dir='ltr'><strong>virtus</strong></span> <span class='ocrx_word' id='word_1_56' title='bbox 511 848 629 915; x_wconf 89' lang='lat' dir='ltr'><strong>fuit,</strong></span> <span class='ocrx_word' id='word_1_57' title='bbox 660 863 837 920; x_wconf 90' lang='lat' dir='ltr'><strong>neque</strong></span> <span class='ocrx_word' id='word_1_58' title='bbox 868 848 1079 918; x_wconf 84' lang='lat' dir='ltr'><strong>singula</strong></span> <span class='ocrx_word' id='word_1_59' title='bbox 1110 845 1182 902; x_wconf 93' lang='lat' dir='ltr'><strong>ob</strong></span> <span class='ocrx_word' id='word_1_60' title='bbox 1231 847 1607 901; x_wconf 81' lang='lat' dir='ltr'><strong>enormitatem</strong></span> <span class='ocrx_word' id='word_1_61' title='bbox 1638 846 1900 919; x_wconf 83' lang='lat' dir='ltr'><strong>colligere</strong></span> 
     </span>
    </p>
   </div>
   <div class='ocr_carea' id='block_1_10' title="bbox 296 933 1899 1007">
    <p class='ocr_par' dir='ltr' id='par_1_10' title="bbox 296 933 1899 1007">
     <span class='ocr_line' id='line_1_10' title="bbox 296 933 1899 1007; baseline -0.002 -15"><span class='ocrx_word' id='word_1_62' title='bbox 296 952 604 1007; x_wconf 87' lang='lat' dir='ltr'><strong>possumus,</strong></span> <span class='ocrx_word' id='word_1_63' title='bbox 626 935 827 991; x_wconf 90' lang='lat' dir='ltr'><strong>idcirco</strong></span> <span class='ocrx_word' id='word_1_64' title='bbox 853 933 1012 991; x_wconf 82' lang='lat' dir='ltr'><strong>finem</strong></span> <span class='ocrx_word' id='word_1_65' title='bbox 1072 934 1228 1003; x_wconf 84' lang='lat' dir='ltr'><strong>hujus</strong></span> <span class='ocrx_word' id='word_1_66' title='bbox 1283 933 1462 1005; x_wconf 84' lang='lat' dir='ltr'><strong>operis</strong></span> <span class='ocrx_word' id='word_1_67' title='bbox 1490 933 1559 989; x_wconf 90' lang='lat' dir='ltr'><strong>de</strong></span> <span class='ocrx_word' id='word_1_68' title='bbox 1618 935 1748 989; x_wconf 88' lang='lat' dir='ltr'><strong>tanti</strong></span> <span class='ocrx_word' id='word_1_69' title='bbox 1795 935 1899 989; x_wconf 86' lang='lat' dir='ltr'><strong>Pa-</strong></span> 
     </span>
    </p>
   </div>
   <div class='ocr_carea' id='block_1_11' title="bbox 302 1012 1787 1080">
    <p class='ocr_par' dir='ltr' id='par_1_11' title="bbox 302 1012 1787 1080">
     <span class='ocr_line' id='line_1_11' title="bbox 302 1012 1787 1080; baseline 0.002 -1"><span class='ocrx_word' id='word_1_70' title='bbox 302 1025 401 1079; x_wconf 86' lang='lat' dir='ltr'><strong>tris</strong></span> <span class='ocrx_word' id='word_1_71' title='bbox 430 1022 535 1080; x_wconf 90' lang='lat' dir='ltr'><strong>ﬁne</strong></span> <span class='ocrx_word' id='word_1_72' title='bbox 567 1024 851 1080; x_wconf 79' lang='lat' dir='ltr'><strong>faciamus.</strong></span> <span class='ocrx_word' id='word_1_73' title='bbox 1782 1012 1787 1017; x_wconf 58' lang='grc'><em>’</em></span> 
     </span>
    </p>
   </div>
   <div class='ocr_carea' id='block_1_12' title="bbox 364 1110 1896 1186">
    <p class='ocr_par' dir='ltr' id='par_1_12' title="bbox 364 1110 1896 1186">
     <span class='ocr_line' id='line_1_12' title="bbox 364 1110 1896 1186; baseline -0.002 -17"><span class='ocrx_word' id='word_1_74' title='bbox 364 1117 454 1170; x_wconf 78' lang='lat'><strong>29.</strong></span> <span class='ocrx_word' id='word_1_75' title='bbox 492 1112 582 1168; x_wconf 86' lang='lat' dir='ltr'><strong>Vir</strong></span> <span class='ocrx_word' id='word_1_76' title='bbox 612 1114 783 1186; x_wconf 83' lang='lat' dir='ltr'><strong>igitur</strong></span> <span class='ocrx_word' id='word_1_77' title='bbox 811 1120 1026 1168; x_wconf 88' lang='lat' dir='ltr'><strong>sanctus</strong></span> <span class='ocrx_word' id='word_1_78' title='bbox 1052 1128 1150 1182; x_wconf 88' lang='lat' dir='ltr'><strong>per</strong></span> <span class='ocrx_word' id='word_1_79' title='bbox 1178 1110 1448 1183; x_wconf 85' lang='lat' dir='ltr'><strong>gloriosos</strong></span> <span class='ocrx_word' id='word_1_80' title='bbox 1492 1112 1619 1166; x_wconf 84' lang='lat' dir='ltr'><strong>vitae</strong></span> <span class='ocrx_word' id='word_1_81' title='bbox 1664 1110 1896 1179; x_wconf 86' lang='lat' dir='ltr'><strong>labores,</strong></span> 
     </span>
    </p>
   </div>
   <div class='ocr_carea' id='block_1_13' title="bbox 297 1200 1899 1271">
    <p class='ocr_par' dir='ltr' id='par_1_13' title="bbox 297 1200 1899 1271">
     <span class='ocr_line' id='line_1_13' title="bbox 297 1200 1899 1271; baseline -0.001 -13"><span class='ocrx_word' id='word_1_82' title='bbox 297 1216 424 1258; x_wconf 90' lang='lat' dir='ltr'><strong>cum</strong></span> <span class='ocrx_word' id='word_1_83' title='bbox 450 1201 566 1271; x_wconf 88' lang='lat' dir='ltr'><strong>jam</strong></span> <span class='ocrx_word' id='word_1_84' title='bbox 596 1202 780 1257; x_wconf 84' lang='lat' dir='ltr'><strong>carnis</strong></span> <span class='ocrx_word' id='word_1_85' title='bbox 810 1201 1085 1256; x_wconf 86' lang='lat' dir='ltr'><strong>universae</strong></span> <span class='ocrx_word' id='word_1_86' title='bbox 1117 1201 1262 1253; x_wconf 88' lang='lat' dir='ltr'><strong>viam</strong></span> <span class='ocrx_word' id='word_1_87' title='bbox 1294 1200 1505 1267; x_wconf 75' lang='lat' dir='ltr'><strong>ingredi</strong></span> <span class='ocrx_word' id='word_1_88' title='bbox 1551 1207 1660 1256; x_wconf 89' lang='lat' dir='ltr'><strong>tota</strong></span> <span class='ocrx_word' id='word_1_89' title='bbox 1718 1205 1899 1256; x_wconf 84' lang='lat' dir='ltr'><strong>mente</strong></span> 
     </span>
    </p>
   </div>
   <div class='ocr_carea' id='block_1_14' title="bbox 295 1286 1902 1359">
    <p class='ocr_par' dir='ltr' id='par_1_14' title="bbox 295 1286 1902 1359">
     <span class='ocr_line' id='line_1_14' title="bbox 295 1286 1902 1359; baseline -0.001 -15"><span class='ocrx_word' id='word_1_90' title='bbox 295 1288 647 1357; x_wconf 84' lang='lat' dir='ltr'><strong>desideraret,</strong></span> <span class='ocrx_word' id='word_1_91' title='bbox 667 1296 726 1344; x_wconf 88' lang='lat' dir='ltr'><strong>ut</strong></span> <span class='ocrx_word' id='word_1_92' title='bbox 754 1288 1036 1358; x_wconf 64' lang='lat' dir='ltr'><strong>praemium</strong></span> <span class='ocrx_word' id='word_1_93' title='bbox 1084 1286 1153 1341; x_wconf 88' lang='lat' dir='ltr'><strong>ab</strong></span> <span class='ocrx_word' id='word_1_94' title='bbox 1183 1287 1301 1358; x_wconf 91' lang='lat' dir='ltr'><strong>ipso</strong></span> <span class='ocrx_word' id='word_1_95' title='bbox 1330 1288 1497 1359; x_wconf 81' lang='lat' dir='ltr'><strong>Rege,</strong></span> <span class='ocrx_word' id='word_1_96' title='bbox 1557 1288 1644 1343; x_wconf 88' lang='lat' dir='ltr'><strong>cui</strong></span> <span class='ocrx_word' id='word_1_97' title='bbox 1687 1304 1902 1359; x_wconf 90' lang='lat' dir='ltr'><strong>semper</strong></span> 
     </span>
    </p>
   </div>
   <div class='ocr_carea' id='block_1_15' title="bbox 296 1374 1899 1445">
    <p class='ocr_par' dir='ltr' id='par_1_15' title="bbox 296 1374 1899 1445">
     <span class='ocr_line' id='line_1_15' title="bbox 296 1374 1899 1445; baseline -0.001 -14"><span class='ocrx_word' id='word_1_98' title='bbox 296 1376 642 1441; x_wconf 86' lang='lat' dir='ltr'><strong>militaverat,</strong></span> <span class='ocrx_word' id='word_1_99' title='bbox 702 1375 759 1431; x_wconf 90' lang='lat' dir='ltr'><strong>in</strong></span> <span class='ocrx_word' id='word_1_100' title='bbox 813 1385 1017 1433; x_wconf 69' lang='lat' dir='ltr'><strong>aaterna</strong></span> <span class='ocrx_word' id='word_1_101' title='bbox 1071 1374 1405 1431; x_wconf 81' lang='lat' dir='ltr'><strong>beatitudine</strong></span> <span class='ocrx_word' id='word_1_102' title='bbox 1461 1375 1748 1445; x_wconf 88' lang='lat' dir='ltr'><strong>reciperet,</strong></span> <span class='ocrx_word' id='word_1_103' title='bbox 1789 1392 1899 1431; x_wconf 90' lang='lat' dir='ltr'><strong>non</strong></span> 
     </span>
    </p>
   </div>
   <div class='ocr_carea' id='block_1_16' title="bbox 300 1463 1897 1537">
    <p class='ocr_par' dir='ltr' id='par_1_16' title="bbox 300 1463 1897 1537">
     <span class='ocr_line' id='line_1_16' title="bbox 300 1463 1897 1537; baseline -0.003 -14"><span class='ocrx_word' id='word_1_104' title='bbox 300 1465 549 1523; x_wconf 86' lang='lat' dir='ltr'><strong>cessabat</strong></span> <span class='ocrx_word' id='word_1_105' title='bbox 580 1464 636 1519; x_wconf 92' lang='lat' dir='ltr'><strong>in</strong></span> <span class='ocrx_word' id='word_1_106' title='bbox 656 1465 779 1520; x_wconf 83' lang='lat' dir='ltr'><strong>dies</strong></span> <span class='ocrx_word' id='word_1_107' title='bbox 808 1465 985 1537; x_wconf 88' lang='lat' dir='ltr'><strong>magis</strong></span> <span class='ocrx_word' id='word_1_108' title='bbox 1014 1465 1303 1535; x_wconf 77' lang='lat' dir='ltr'><strong>magisque</strong></span> <span class='ocrx_word' id='word_1_109' title='bbox 1352 1463 1491 1518; x_wconf 86' lang='lat' dir='ltr'><strong>bona</strong></span> <span class='ocrx_word' id='word_1_110' title='bbox 1538 1480 1706 1535; x_wconf 87' lang='lat' dir='ltr'><strong>opera</strong></span> <span class='ocrx_word' id='word_1_111' title='bbox 1734 1480 1897 1530; x_wconf 81' lang='lat' dir='ltr'><strong>exer-</strong></span> 
     </span>
    </p>
   </div>
   <div class='ocr_carea' id='block_1_17' title="bbox 306 1552 1894 1624">
    <p class='ocr_par' dir='ltr' id='par_1_17' title="bbox 306 1552 1894 1624">
     <span class='ocr_line' id='line_1_17' title="bbox 306 1552 1894 1624; baseline -0.003 -13"><span class='ocrx_word' id='word_1_112' title='bbox 306 1570 453 1623; x_wconf 77' lang='lat' dir='ltr'><strong>cere,</strong></span> <span class='ocrx_word' id='word_1_113' title='bbox 513 1554 913 1611; x_wconf 70' lang='lat' dir='ltr'><strong>misericordiae</strong></span> <span class='ocrx_word' id='word_1_114' title='bbox 981 1554 1217 1619; x_wconf 85' lang='lat' dir='ltr'><strong>studere,</strong></span> <span class='ocrx_word' id='word_1_115' title='bbox 1293 1552 1593 1607; x_wconf 85' lang='lat' dir='ltr'><strong>esurientes</strong></span> <span class='ocrx_word' id='word_1_116' title='bbox 1650 1568 1894 1624; x_wconf 89' lang='lat' dir='ltr'><strong>pascere,</strong></span> 
     </span>
    </p>
   </div>
   <div class='ocr_carea' id='block_1_18' title="bbox 304 1641 1896 1712">
    <p class='ocr_par' dir='ltr' id='par_1_18' title="bbox 304 1641 1896 1712">
     <span class='ocr_line' id='line_1_18' title="bbox 304 1641 1896 1712; baseline -0.001 -14"><span class='ocrx_word' id='word_1_117' title='bbox 304 1642 479 1699; x_wconf 90' lang='lat' dir='ltr'><strong>nudos</strong></span> <span class='ocrx_word' id='word_1_118' title='bbox 494 1643 708 1709; x_wconf 85' lang='lat' dir='ltr'><strong>vestire,</strong></span> <span class='ocrx_word' id='word_1_119' title='bbox 740 1641 960 1697; x_wconf 89' lang='lat' dir='ltr'><strong>servitio</strong></span> <span class='ocrx_word' id='word_1_120' title='bbox 1004 1641 1102 1696; x_wconf 90' lang='lat' dir='ltr'><strong>Dei</strong></span> <span class='ocrx_word' id='word_1_121' title='bbox 1133 1648 1325 1695; x_wconf 89' lang='lat' dir='ltr'><strong>cuncta</strong></span> <span class='ocrx_word' id='word_1_122' title='bbox 1354 1648 1701 1712; x_wconf 88' lang='lat' dir='ltr'><strong>postponere,</strong></span> <span class='ocrx_word' id='word_1_123' title='bbox 1742 1642 1896 1712; x_wconf 85' lang='lat' dir='ltr'><strong>rigo-</strong></span> 
     </span>
    </p>
   </div>
   <div class='ocr_carea' id='block_1_19' title="bbox 296 1728 1892 1801">
    <p class='ocr_par' dir='ltr' id='par_1_19' title="bbox 296 1728 1892 1801">
     <span class='ocr_line' id='line_1_19' title="bbox 296 1728 1892 1801; baseline -0.003 -13"><span class='ocrx_word' id='word_1_124' title='bbox 296 1748 415 1788; x_wconf 85' lang='lat' dir='ltr'><strong>rem</strong></span> <span class='ocrx_word' id='word_1_125' title='bbox 443 1730 646 1787; x_wconf 89' lang='lat' dir='ltr'><strong>ordinis</strong></span> <span class='ocrx_word' id='word_1_126' title='bbox 673 1730 754 1785; x_wconf 92' lang='lat' dir='ltr'><strong>sui</strong></span> <span class='ocrx_word' id='word_1_127' title='bbox 783 1729 1151 1785; x_wconf 82' lang='lat' dir='ltr'><strong>iuﬁexibiliter</strong></span> <span class='ocrx_word' id='word_1_128' title='bbox 1172 1739 1373 1792; x_wconf 88' lang='lat' dir='ltr'><strong>tenere.</strong></span> <span class='ocrx_word' id='word_1_129' title='bbox 1424 1728 1751 1801; x_wconf 81' lang='lat' dir='ltr'><strong>religionem</strong></span> <span class='ocrx_word' id='word_1_130' title='bbox 1783 1737 1892 1785; x_wconf 87' lang='lat' dir='ltr'><strong>tam</strong></span> 
     </span>
    </p>
   </div>
   <div class='ocr_carea' id='block_1_20' title="bbox 297 1818 1897 1892">
    <p class='ocr_par' dir='ltr' id='par_1_20' title="bbox 297 1818 1897 1892">
     <span class='ocr_line' id='line_1_20' title="bbox 297 1818 1897 1892; baseline -0.001 -17"><span class='ocrx_word' id='word_1_131' title='bbox 297 1821 358 1875; x_wconf 89' lang='lat' dir='ltr'><strong>in</strong></span> <span class='ocrx_word' id='word_1_132' title='bbox 388 1836 449 1875; x_wconf 89' lang='lat' dir='ltr'><strong>se</strong></span> <span class='ocrx_word' id='word_1_133' title='bbox 479 1835 641 1892; x_wconf 89' lang='lat' dir='ltr'><strong>quam</strong></span> <span class='ocrx_word' id='word_1_134' title='bbox 672 1819 726 1874; x_wconf 92' lang='lat' dir='ltr'><strong>in</strong></span> <span class='ocrx_word' id='word_1_135' title='bbox 758 1818 1254 1888; x_wconf 73' lang='lat' dir='ltr'><strong>subditissemper</strong></span> <span class='ocrx_word' id='word_1_136' title='bbox 1284 1818 1600 1886; x_wconf 88' lang='lat' dir='ltr'><strong>observare,</strong></span> <span class='ocrx_word' id='word_1_137' title='bbox 1666 1818 1897 1874; x_wconf 82' lang='lat' dir='ltr'><strong>virtutes</strong></span> 
     </span>
    </p>
   </div>
   <div class='ocr_carea' id='block_1_21' title="bbox 298 1905 1901 1978">
    <p class='ocr_par' dir='ltr' id='par_1_21' title="bbox 298 1905 1901 1978">
     <span class='ocr_line' id='line_1_21' title="bbox 298 1905 1901 1978; baseline 0 -15"><span class='ocrx_word' id='word_1_138' title='bbox 298 1907 533 1978; x_wconf 87' lang='lat' dir='ltr'><strong>denique</strong></span> <span class='ocrx_word' id='word_1_139' title='bbox 561 1922 754 1962; x_wconf 89' lang='lat' dir='ltr'><strong>omnes</strong></span> <span class='ocrx_word' id='word_1_140' title='bbox 774 1907 1042 1975; x_wconf 64' lang='lat' dir='ltr'><strong>aemulari,</strong></span> <span class='ocrx_word' id='word_1_141' title='bbox 1076 1906 1326 1976; x_wconf 90' lang='lat' dir='ltr'><strong>amplecti</strong></span> <span class='ocrx_word' id='word_1_142' title='bbox 1360 1913 1411 1959; x_wconf 88' lang='lat' dir='ltr'><strong>et</strong></span> <span class='ocrx_word' id='word_1_143' title='bbox 1433 1905 1703 1973; x_wconf 90' lang='lat' dir='ltr'><strong>obtinere,</strong></span> <span class='ocrx_word' id='word_1_144' title='bbox 1735 1913 1789 1961; x_wconf 90' lang='lat' dir='ltr'><strong>et</strong></span> <span class='ocrx_word' id='word_1_145' title='bbox 1819 1906 1901 1963; x_wconf 91' lang='lat' dir='ltr'><strong>sic</strong></span> 
     </span>
    </p>
   </div>
   <div class='ocr_carea' id='block_1_22' title="bbox 295 1995 1898 2066">
    <p class='ocr_par' dir='ltr' id='par_1_22' title="bbox 295 1995 1898 2066">
     <span class='ocr_line' id='line_1_22' title="bbox 295 1995 1898 2066; baseline -0.002 -12"><span class='ocrx_word' id='word_1_146' title='bbox 295 1996 597 2054; x_wconf 77' lang='lat' dir='ltr'><strong>vocationis</strong></span> <span class='ocrx_word' id='word_1_147' title='bbox 626 2012 740 2051; x_wconf 61' lang='lat' dir='ltr'><strong>sum</strong></span> <span class='ocrx_word' id='word_1_148' title='bbox 767 1996 912 2050; x_wconf 90' lang='lat' dir='ltr'><strong>diem</strong></span> <span class='ocrx_word' id='word_1_149' title='bbox 926 1995 1130 2066; x_wconf 85' lang='lat' dir='ltr'><strong>jugiter</strong></span> <span class='ocrx_word' id='word_1_150' title='bbox 1158 2003 1498 2065; x_wconf 81' lang='lat' dir='ltr'><strong>exspectare.</strong></span> <span class='ocrx_word' id='word_1_151' title='bbox 1539 1995 1751 2050; x_wconf 87' lang='lat' dir='ltr'><strong>Interea</strong></span> <span class='ocrx_word' id='word_1_152' title='bbox 1779 1996 1898 2051; x_wconf 93' lang='lat' dir='ltr'><strong>Do-</strong></span> 
     </span>
    </p>
   </div>
   <div class='ocr_carea' id='block_1_23' title="bbox 302 2078 1899 2153">
    <p class='ocr_par' dir='ltr' id='par_1_23' title="bbox 302 2078 1899 2153">
     <span class='ocr_line' id='line_1_23' title="bbox 302 2078 1899 2153; baseline 0 -13"><span class='ocrx_word' id='word_1_153' title='bbox 302 2085 518 2140; x_wconf 73' lang='lat' dir='ltr'><strong>minicae</strong></span> <span class='ocrx_word' id='word_1_154' title='bbox 549 2078 985 2141; x_wconf 82' lang='lat' dir='ltr'><strong>Resurrectionis</strong></span> <span class='ocrx_word' id='word_1_155' title='bbox 1011 2082 1282 2153; x_wconf 86' lang='lat' dir='ltr'><strong>paschalis</strong></span> <span class='ocrx_word' id='word_1_156' title='bbox 1311 2082 1628 2138; x_wconf 82' lang='lat' dir='ltr'><strong>solemnitas</strong></span> <span class='ocrx_word' id='word_1_157' title='bbox 1656 2083 1899 2141; x_wconf 88' lang='lat' dir='ltr'><strong>advene-</strong></span> 
     </span>
    </p>
   </div>
   <div class='ocr_carea' id='block_1_24' title="bbox 292 2171 1898 2243">
    <p class='ocr_par' dir='ltr' id='par_1_24' title="bbox 292 2171 1898 2243">
     <span class='ocr_line' id='line_1_24' title="bbox 292 2171 1898 2243; baseline 0 -15"><span class='ocrx_word' id='word_1_158' title='bbox 292 2182 397 2243; x_wconf 89' lang='lat' dir='ltr'><strong>rat,</strong></span> <span class='ocrx_word' id='word_1_159' title='bbox 452 2181 505 2236; x_wconf 87' lang='lat' dir='ltr'><strong>et</strong></span> <span class='ocrx_word' id='word_1_160' title='bbox 557 2181 775 2227; x_wconf 91' lang='lat' dir='ltr'><strong>sanctus</strong></span> <span class='ocrx_word' id='word_1_161' title='bbox 823 2188 987 2227; x_wconf 85' lang='lat' dir='ltr'><strong>senex</strong></span> <span class='ocrx_word' id='word_1_162' title='bbox 1013 2171 1082 2227; x_wconf 92' lang='lat' dir='ltr'><strong>de</strong></span> <span class='ocrx_word' id='word_1_163' title='bbox 1112 2171 1295 2226; x_wconf 91' lang='lat' dir='ltr'><strong>labore</strong></span> <span class='ocrx_word' id='word_1_164' title='bbox 1323 2171 1392 2225; x_wconf 89' lang='lat' dir='ltr'><strong>ad</strong></span> <span class='ocrx_word' id='word_1_165' title='bbox 1421 2171 1662 2242; x_wconf 89' lang='lat' dir='ltr'><strong>requiem</strong></span> <span class='ocrx_word' id='word_1_166' title='bbox 1715 2179 1898 2228; x_wconf 90' lang='lat' dir='ltr'><strong>trans-</strong></span> 
     </span>
    </p>
   </div>
   <div class='ocr_carea' id='block_1_25' title="bbox 290 2259 1893 2331">
    <p class='ocr_par' dir='ltr' id='par_1_25' title="bbox 290 2259 1893 2331">
     <span class='ocr_line' id='line_1_25' title="bbox 290 2259 1893 2331; baseline 0.001 -15"><span class='ocrx_word' id='word_1_167' title='bbox 290 2261 484 2328; x_wconf 77' lang='lat' dir='ltr'><strong>iturus,</strong></span> <span class='ocrx_word' id='word_1_168' title='bbox 517 2277 639 2316; x_wconf 91' lang='lat' dir='ltr'><strong>cum</strong></span> <span class='ocrx_word' id='word_1_169' title='bbox 669 2262 727 2315; x_wconf 88' lang='lat' dir='ltr'><strong>in</strong></span> <span class='ocrx_word' id='word_1_170' title='bbox 756 2261 874 2331; x_wconf 91' lang='lat' dir='ltr'><strong>ipso</strong></span> <span class='ocrx_word' id='word_1_171' title='bbox 894 2260 1074 2315; x_wconf 62' lang='lat' dir='ltr'><strong>Carna</strong></span> <span class='ocrx_word' id='word_1_172' title='bbox 1100 2259 1398 2314; x_wconf 66' lang='lat' dir='ltr'><strong>Dominicae</strong></span> <span class='ocrx_word' id='word_1_173' title='bbox 1427 2259 1515 2314; x_wconf 88' lang='lat' dir='ltr'><strong>die</strong></span> <span class='ocrx_word' id='word_1_174' title='bbox 1543 2260 1733 2316; x_wconf 82' lang='lat' dir='ltr'><strong>fratres</strong></span> <span class='ocrx_word' id='word_1_175' title='bbox 1747 2277 1893 2328; x_wconf 87' lang='lat' dir='ltr'><strong>suos,</strong></span> 
     </span>
    </p>
   </div>
   <div class='ocr_carea' id='block_1_26' title="bbox 290 2348 1898 2420">
    <p class='ocr_par' dir='ltr' id='par_1_26' title="bbox 290 2348 1898 2420">
     <span class='ocr_line' id='line_1_26' title="bbox 290 2348 1898 2420; baseline 0.001 -16"><span class='ocrx_word' id='word_1_176' title='bbox 290 2357 399 2404; x_wconf 90' lang='lat' dir='ltr'><strong>tam</strong></span> <span class='ocrx_word' id='word_1_177' title='bbox 428 2348 681 2404; x_wconf 83' lang='lat' dir='ltr'><strong>absentes</strong></span> <span class='ocrx_word' id='word_1_178' title='bbox 738 2364 900 2420; x_wconf 90' lang='lat' dir='ltr'><strong>quam</strong></span> <span class='ocrx_word' id='word_1_179' title='bbox 955 2355 1255 2420; x_wconf 77' lang='lat' dir='ltr'><strong>praesentes</strong></span> <span class='ocrx_word' id='word_1_180' title='bbox 1307 2355 1529 2419; x_wconf 87' lang='lat' dir='ltr'><strong>paterna</strong></span> <span class='ocrx_word' id='word_1_181' title='bbox 1583 2348 1898 2405; x_wconf 87' lang='lat' dir='ltr'><strong>auctoritate</strong></span> 
     </span>
    </p>
   </div>
   <div class='ocr_carea' id='block_1_27' title="bbox 290 2434 1888 2505">
    <p class='ocr_par' dir='ltr' id='par_1_27' title="bbox 290 2434 1888 2505">
     <span class='ocr_line' id='line_1_27' title="bbox 290 2434 1888 2505; baseline 0.002 -13"><span class='ocrx_word' id='word_1_182' title='bbox 290 2437 634 2505; x_wconf 88' lang='lat' dir='ltr'><strong>absolvisset,</strong></span> <span class='ocrx_word' id='word_1_183' title='bbox 669 2437 927 2493; x_wconf 88' lang='lat' dir='ltr'><strong>Passione</strong></span> <span class='ocrx_word' id='word_1_184' title='bbox 973 2434 1193 2492; x_wconf 86' lang='lat' dir='ltr'><strong>viviﬁca</strong></span> <span class='ocrx_word' id='word_1_185' title='bbox 1248 2450 1313 2492; x_wconf 87' lang='lat' dir='ltr'><strong>ac</strong></span> <span class='ocrx_word' id='word_1_186' title='bbox 1344 2437 1769 2493; x_wconf 87' lang='lat' dir='ltr'><strong>Resurrectione</strong></span> <span class='ocrx_word' id='word_1_187' title='bbox 1798 2453 1888 2495; x_wconf 88' lang='lat' dir='ltr'><strong>ce-</strong></span> 
     </span>
    </p>
   </div>
   <div class='ocr_carea' id='block_1_28' title="bbox 293 2524 1889 2596">
    <p class='ocr_par' dir='ltr' id='par_1_28' title="bbox 293 2524 1889 2596">
     <span class='ocr_line' id='line_1_28' title="bbox 293 2524 1889 2596; baseline -0.001 -16"><span class='ocrx_word' id='word_1_188' title='bbox 293 2525 521 2594; x_wconf 87' lang='lat' dir='ltr'><strong>lebrata,</strong></span> <span class='ocrx_word' id='word_1_189' title='bbox 580 2532 775 2596; x_wconf 89' lang='lat' dir='ltr'><strong>quarta</strong></span> <span class='ocrx_word' id='word_1_190' title='bbox 806 2524 946 2579; x_wconf 90' lang='lat' dir='ltr'><strong>feria</strong></span> <span class='ocrx_word' id='word_1_191' title='bbox 970 2526 1090 2596; x_wconf 86' lang='lat' dir='ltr'><strong>jam</strong></span> <span class='ocrx_word' id='word_1_192' title='bbox 1149 2524 1237 2578; x_wconf 92' lang='lat' dir='ltr'><strong>die</strong></span> <span class='ocrx_word' id='word_1_193' title='bbox 1265 2524 1775 2593; x_wconf 87' lang='lat' dir='ltr'><strong>advesperascente,</strong></span> <span class='ocrx_word' id='word_1_194' title='bbox 1832 2526 1889 2579; x_wconf 90' lang='lat' dir='ltr'><strong>in</strong></span> 
     </span>
    </p>
   </div>
   <div class='ocr_carea' id='block_1_29' title="bbox 290 2611 1889 2686">
    <p class='ocr_par' dir='ltr' id='par_1_29' title="bbox 290 2611 1889 2686">
     <span class='ocr_line' id='line_1_29' title="bbox 290 2611 1889 2686; baseline 0.001 -18"><span class='ocrx_word' id='word_1_195' title='bbox 290 2613 527 2669; x_wconf 87' lang='lat' dir='ltr'><strong>oratorio</strong></span> <span class='ocrx_word' id='word_1_196' title='bbox 552 2613 727 2668; x_wconf 83' lang='lat' dir='ltr'><strong>beatae</strong></span> <span class='ocrx_word' id='word_1_197' title='bbox 758 2613 853 2668; x_wconf 86' lang='lat' dir='ltr'><strong>Dei</strong></span> <span class='ocrx_word' id='word_1_198' title='bbox 877 2612 1182 2681; x_wconf 84' lang='lat' dir='ltr'><strong>Genitricis,</strong></span> <span class='ocrx_word' id='word_1_199' title='bbox 1215 2611 1431 2668; x_wconf 86' lang='lat' dir='ltr'><strong>beatum</strong></span> <span class='ocrx_word' id='word_1_200' title='bbox 1476 2612 1590 2668; x_wconf 91' lang='lat' dir='ltr'><strong>Deo</strong></span> <span class='ocrx_word' id='word_1_201' title='bbox 1644 2613 1889 2686; x_wconf 78' lang='lat' dir='ltr'><strong>Spiritum</strong></span> 
     </span>
    </p>
   </div>
   <div class='ocr_carea' id='block_1_30' title="bbox 286 2699 1890 2773">
    <p class='ocr_par' dir='ltr' id='par_1_30' title="bbox 286 2699 1890 2773">
     <span class='ocr_line' id='line_1_30' title="bbox 286 2699 1890 2773; baseline 0.001 -18"><span class='ocrx_word' id='word_1_202' title='bbox 286 2701 545 2770; x_wconf 89' lang='lat' dir='ltr'><strong>reddidit,</strong></span> <span class='ocrx_word' id='word_1_203' title='bbox 598 2702 753 2771; x_wconf 77' lang='lat' dir='ltr'><strong>cujus</strong></span> <span class='ocrx_word' id='word_1_204' title='bbox 783 2717 982 2773; x_wconf 89' lang='lat' dir='ltr'><strong>corpus</strong></span> <span class='ocrx_word' id='word_1_205' title='bbox 1012 2699 1351 2757; x_wconf 87' lang='lat' dir='ltr'><strong>aromalibus</strong></span> <span class='ocrx_word' id='word_1_206' title='bbox 1378 2699 1674 2767; x_wconf 90' lang='lat' dir='ltr'><strong>conditum,</strong></span> <span class='ocrx_word' id='word_1_207' title='bbox 1709 2701 1763 2756; x_wconf 89' lang='lat' dir='ltr'><strong>in</strong></span> <span class='ocrx_word' id='word_1_208' title='bbox 1784 2702 1890 2757; x_wconf 89' lang='lat' dir='ltr'><strong>ba-</strong></span> 
     </span>
    </p>
   </div>
   <div class='ocr_carea' id='block_1_31' title="bbox 283 2787 1890 2861">
    <p class='ocr_par' dir='ltr' id='par_1_31' title="bbox 283 2787 1890 2861">
     <span class='ocr_line' id='line_1_31' title="bbox 283 2787 1890 2861; baseline 0.002 -16"><span class='ocrx_word' id='word_1_209' title='bbox 283 2790 439 2845; x_wconf 88' lang='lat' dir='ltr'><strong>silica</strong></span> <span class='ocrx_word' id='word_1_210' title='bbox 495 2806 639 2846; x_wconf 88' lang='lat' dir='ltr'><strong>nova</strong></span> <span class='ocrx_word' id='word_1_211' title='bbox 695 2806 855 2861; x_wconf 88' lang='lat' dir='ltr'><strong>quam</strong></span> <span class='ocrx_word' id='word_1_212' title='bbox 898 2791 1017 2861; x_wconf 89' lang='lat' dir='ltr'><strong>ipse</strong></span> <span class='ocrx_word' id='word_1_213' title='bbox 1070 2787 1389 2858; x_wconf 84' lang='lat' dir='ltr'><strong>construxit,</strong></span> <span class='ocrx_word' id='word_1_214' title='bbox 1444 2790 1512 2845; x_wconf 90' lang='lat' dir='ltr'><strong>ad</strong></span> <span class='ocrx_word' id='word_1_215' title='bbox 1569 2790 1890 2849; x_wconf 88' lang='lat' dir='ltr'><strong>orientalem</strong></span> 
     </span>
    </p>
   </div>
   <div class='ocr_carea' id='block_1_32' title="bbox 286 2878 940 2951">
    <p class='ocr_par' dir='ltr' id='par_1_32' title="bbox 286 2878 940 2951">
     <span class='ocr_line' id='line_1_32' title="bbox 286 2878 940 2951; baseline -0.002 -18"><span class='ocrx_word' id='word_1_216' title='bbox 286 2878 507 2951; x_wconf 83' lang='lat' dir='ltr'><strong>plagam</strong></span> <span class='ocrx_word' id='word_1_217' title='bbox 538 2878 809 2951; x_wconf 90' lang='lat' dir='ltr'><strong>sepultum</strong></span> <span class='ocrx_word' id='word_1_218' title='bbox 841 2887 940 2935; x_wconf 92' lang='lat' dir='ltr'><strong>est.</strong></span> 
     </span>
    </p>
   </div>
   <div class='ocr_carea' id='block_1_33' title="bbox 355 2967 1889 3041">
    <p class='ocr_par' dir='ltr' id='par_1_33' title="bbox 355 2967 1889 3041">
     <span class='ocr_line' id='line_1_33' title="bbox 355 2967 1889 3041; baseline 0.001 -20"><span class='ocrx_word' id='word_1_219' title='bbox 355 2968 442 3022; x_wconf 88' lang='lat'><strong>30.</strong></span> <span class='ocrx_word' id='word_1_220' title='bbox 477 2968 642 3039; x_wconf 89' lang='lat' dir='ltr'><strong>Cujus</strong></span> <span class='ocrx_word' id='word_1_221' title='bbox 671 2968 975 3039; x_wconf 84' lang='lat' dir='ltr'><strong>exsequias,</strong></span> <span class='ocrx_word' id='word_1_222' title='bbox 1010 2967 1131 3040; x_wconf 88' lang='lat' dir='ltr'><strong>ipsa</strong></span> <span class='ocrx_word' id='word_1_223' title='bbox 1159 2977 1316 3026; x_wconf 89' lang='lat' dir='ltr'><strong>nocte</strong></span> <span class='ocrx_word' id='word_1_224' title='bbox 1346 2985 1458 3040; x_wconf 88' lang='lat' dir='ltr'><strong>qua</strong></span> <span class='ocrx_word' id='word_1_225' title='bbox 1502 2967 1765 3041; x_wconf 85' lang='lat' dir='ltr'><strong>migravit</strong></span> <span class='ocrx_word' id='word_1_226' title='bbox 1818 2969 1889 3027; x_wconf 88' lang='lat' dir='ltr'><strong>ad</strong></span> 
     </span>
    </p>
   </div>
   <div class='ocr_carea' id='block_1_34' title="bbox 284 3055 1888 3130">
    <p class='ocr_par' dir='ltr' id='par_1_34' title="bbox 284 3055 1888 3130">
     <span class='ocr_line' id='line_1_34' title="bbox 284 3055 1888 3130; baseline 0.001 -18"><span class='ocrx_word' id='word_1_227' title='bbox 284 3055 597 3125; x_wconf 89' lang='lat' dir='ltr'><strong>Dominum,</strong></span> <span class='ocrx_word' id='word_1_228' title='bbox 629 3056 797 3112; x_wconf 81' lang='lat' dir='ltr'><strong>frater</strong></span> <span class='ocrx_word' id='word_1_229' title='bbox 826 3056 1043 3128; x_wconf 90' lang='lat' dir='ltr'><strong>quidam</strong></span> <span class='ocrx_word' id='word_1_230' title='bbox 1104 3057 1416 3130; x_wconf 88' lang='lat' dir='ltr'><strong>religiosus,</strong></span> <span class='ocrx_word' id='word_1_231' title='bbox 1478 3057 1771 3113; x_wconf 87' lang='lat' dir='ltr'><strong>Balduinus</strong></span> <span class='ocrx_word' id='word_1_232' title='bbox 1792 3073 1888 3114; x_wconf 88' lang='lat' dir='ltr'><strong>no-</strong></span> 
     </span>
    </p>
   </div>
   <div class='ocr_carea' id='block_1_35' title="bbox 282 3144 1882 3219">
    <p class='ocr_par' dir='ltr' id='par_1_35' title="bbox 282 3144 1882 3219">
     <span class='ocr_line' id='line_1_35' title="bbox 282 3144 1882 3219; baseline 0 -18"><span class='ocrx_word' id='word_1_233' title='bbox 282 3145 450 3213; x_wconf 87' lang='lat' dir='ltr'><strong>mine,</strong></span> <span class='ocrx_word' id='word_1_234' title='bbox 500 3144 631 3201; x_wconf 90' lang='lat' dir='ltr'><strong>olim</strong></span> <span class='ocrx_word' id='word_1_235' title='bbox 663 3144 868 3200; x_wconf 91' lang='lat' dir='ltr'><strong>domini</strong></span> <span class='ocrx_word' id='word_1_236' title='bbox 900 3145 1142 3201; x_wconf 80' lang='lat' dir='ltr'><strong>Anselmi</strong></span> <span class='ocrx_word' id='word_1_237' title='bbox 1174 3146 1576 3202; x_wconf 89' lang='lat' dir='ltr'><strong>Cantuariensis</strong></span> <span class='ocrx_word' id='word_1_238' title='bbox 1606 3146 1882 3219; x_wconf 88' lang='lat' dir='ltr'><strong>archiepi-</strong></span> 
     </span>
    </p>
   </div>
   <div class='ocr_carea' id='block_1_36' title="bbox 277 3232 1881 3306">
    <p class='ocr_par' dir='ltr' id='par_1_36' title="bbox 277 3232 1881 3306">
     <span class='ocr_line' id='line_1_36' title="bbox 277 3232 1881 3306; baseline 0.001 -17"><span class='ocrx_word' id='word_1_239' title='bbox 277 3234 431 3303; x_wconf 84' lang='lat' dir='ltr'><strong>scopi</strong></span> <span class='ocrx_word' id='word_1_240' title='bbox 459 3232 824 3305; x_wconf 84' lang='lat' dir='ltr'><strong>dispensator,</strong></span> <span class='ocrx_word' id='word_1_241' title='bbox 877 3233 930 3287; x_wconf 92' lang='lat' dir='ltr'><strong>in</strong></span> <span class='ocrx_word' id='word_1_242' title='bbox 988 3233 1206 3304; x_wconf 89' lang='lat' dir='ltr'><strong>spiritu,</strong></span> <span class='ocrx_word' id='word_1_243' title='bbox 1237 3235 1375 3289; x_wconf 91' lang='lat' dir='ltr'><strong>sicut</strong></span> <span class='ocrx_word' id='word_1_244' title='bbox 1431 3234 1550 3306; x_wconf 90' lang='lat' dir='ltr'><strong>ipse</strong></span> <span class='ocrx_word' id='word_1_245' title='bbox 1578 3235 1715 3289; x_wconf 90' lang='lat' dir='ltr'><strong>mihi</strong></span> <span class='ocrx_word' id='word_1_246' title='bbox 1743 3250 1881 3290; x_wconf 88' lang='lat' dir='ltr'><strong>nar-</strong></span> 
     </span>
    </p>
   </div>
   <div class='ocr_carea' id='block_1_37' title="bbox 276 3321 1878 3394">
    <p class='ocr_par' dir='ltr' id='par_1_37' title="bbox 276 3321 1878 3394">
     <span class='ocr_line' id='line_1_37' title="bbox 276 3321 1878 3394; baseline 0.001 -17"><span class='ocrx_word' id='word_1_247' title='bbox 276 3322 439 3392; x_wconf 87' lang='lat' dir='ltr'><strong>ravit,</strong></span> <span class='ocrx_word' id='word_1_248' title='bbox 501 3321 573 3377; x_wconf 91' lang='lat' dir='ltr'><strong>ab</strong></span> <span class='ocrx_word' id='word_1_249' title='bbox 628 3321 825 3392; x_wconf 80' lang='lat' dir='ltr'><strong>Anglia</strong></span> <span class='ocrx_word' id='word_1_250' title='bbox 879 3337 984 3392; x_wconf 87' lang='lat' dir='ltr'><strong>per</strong></span> <span class='ocrx_word' id='word_1_251' title='bbox 1031 3322 1272 3377; x_wconf 88' lang='lat' dir='ltr'><strong>ordinem</strong></span> <span class='ocrx_word' id='word_1_252' title='bbox 1321 3322 1473 3379; x_wconf 85' lang='lat' dir='ltr'><strong>vidit.</strong></span> <span class='ocrx_word' id='word_1_253' title='bbox 1506 3323 1647 3377; x_wconf 90' lang='lat' dir='ltr'><strong>Nam</strong></span> <span class='ocrx_word' id='word_1_254' title='bbox 1678 3322 1878 3394; x_wconf 88' lang='lat' dir='ltr'><strong>ubique</strong></span> 
     </span>
    </p>
   </div>
   <div class='ocr_carea' id='block_1_38' title="bbox 276 3409 1878 3482">
    <p class='ocr_par' dir='ltr' id='par_1_38' title="bbox 276 3409 1878 3482">
     <span class='ocr_line' id='line_1_38' title="bbox 276 3409 1878 3482; baseline 0 -17"><span class='ocrx_word' id='word_1_255' title='bbox 276 3410 451 3465; x_wconf 92' lang='lat' dir='ltr'><strong>luctus</strong></span> <span class='ocrx_word' id='word_1_256' title='bbox 467 3409 920 3482; x_wconf 89' lang='lat' dir='ltr'><strong>incomparabilis,</strong></span> <span class='ocrx_word' id='word_1_257' title='bbox 952 3409 1156 3480; x_wconf 90' lang='lat' dir='ltr'><strong>ubique</strong></span> <span class='ocrx_word' id='word_1_258' title='bbox 1185 3410 1439 3480; x_wconf 89' lang='lat' dir='ltr'><strong>ejulatus,</strong></span> <span class='ocrx_word' id='word_1_259' title='bbox 1483 3411 1683 3481; x_wconf 91' lang='lat' dir='ltr'><strong>ubique</strong></span> <span class='ocrx_word' id='word_1_260' title='bbox 1711 3410 1878 3482; x_wconf 89' lang='lat' dir='ltr'><strong>plan-</strong></span> 
     </span>
    </p>
   </div>
   <div class='ocr_carea' id='block_1_39' title="bbox 274 3498 1877 3571">
    <p class='ocr_par' dir='ltr' id='par_1_39' title="bbox 274 3498 1877 3571">
     <span class='ocr_line' id='line_1_39' title="bbox 274 3498 1877 3571; baseline 0.001 -17"><span class='ocrx_word' id='word_1_261' title='bbox 274 3507 391 3554; x_wconf 91' lang='lat' dir='ltr'><strong>ctus</strong></span> <span class='ocrx_word' id='word_1_262' title='bbox 422 3499 805 3570; x_wconf 87' lang='lat' dir='ltr'><strong>personabant,</strong></span> <span class='ocrx_word' id='word_1_263' title='bbox 833 3499 1097 3571; x_wconf 89' lang='lat' dir='ltr'><strong>quidquid</strong></span> <span class='ocrx_word' id='word_1_264' title='bbox 1152 3498 1209 3553; x_wconf 90' lang='lat' dir='ltr'><strong>in</strong></span> <span class='ocrx_word' id='word_1_265' title='bbox 1255 3500 1426 3555; x_wconf 89' lang='lat' dir='ltr'><strong>sancti</strong></span> <span class='ocrx_word' id='word_1_266' title='bbox 1477 3498 1647 3554; x_wconf 88' lang='lat' dir='ltr'><strong>Patris</strong></span> <span class='ocrx_word' id='word_1_267' title='bbox 1690 3499 1877 3556; x_wconf 85' lang='lat' dir='ltr'><strong>funere</strong></span> 
     </span>
    </p>
   </div>
   <div class='ocr_carea' id='block_1_40' title="bbox 280 3586 1878 3660">
    <p class='ocr_par' dir='ltr' id='par_1_40' title="bbox 280 3586 1878 3660">
     <span class='ocr_line' id='line_1_40' title="bbox 280 3586 1878 3660; baseline 0.001 -18"><span class='ocrx_word' id='word_1_268' title='bbox 280 3586 487 3642; x_wconf 92' lang='lat' dir='ltr'><strong>doloris</strong></span> <span class='ocrx_word' id='word_1_269' title='bbox 539 3586 785 3643; x_wconf 89' lang='lat' dir='ltr'><strong>Cluniaci</strong></span> <span class='ocrx_word' id='word_1_270' title='bbox 836 3588 1125 3660; x_wconf 85' lang='lat' dir='ltr'><strong>agebatur,</strong></span> <span class='ocrx_word' id='word_1_271' title='bbox 1153 3591 1325 3643; x_wconf 86' lang='lat' dir='ltr'><strong>totum</strong></span> <span class='ocrx_word' id='word_1_272' title='bbox 1356 3587 1475 3658; x_wconf 91' lang='lat' dir='ltr'><strong>ipse</strong></span> <span class='ocrx_word' id='word_1_273' title='bbox 1522 3587 1577 3643; x_wconf 91' lang='lat' dir='ltr'><strong>in</strong></span> <span class='ocrx_word' id='word_1_274' title='bbox 1606 3586 1878 3644; x_wconf 85' lang='lat' dir='ltr'><strong>Britannia</strong></span> 
     </span>
    </p>
   </div>
   <div class='ocr_carea' id='block_1_41' title="bbox 1953 492 3620 571">
    <p class='ocr_par' dir='ltr' id='par_1_41' title="bbox 1953 492 3620 571">
     <span class='ocr_line' id='line_1_41' title="bbox 1953 492 3620 571; baseline 0.008 -23"><span class='ocrx_word' id='word_1_275' title='bbox 1953 492 1968 505; x_wconf 80' lang='grc'><strong>“</strong></span> <span class='ocrx_word' id='word_1_276' title='bbox 2014 496 2207 566; x_wconf 88' lang='lat' dir='ltr'><strong>gebat.</strong></span> <span class='ocrx_word' id='word_1_277' title='bbox 2243 497 2393 553; x_wconf 89' lang='lat' dir='ltr'><strong>Tunc</strong></span> <span class='ocrx_word' id='word_1_278' title='bbox 2422 500 2614 555; x_wconf 83' lang='lat' dir='ltr'><strong>vocato</strong></span> <span class='ocrx_word' id='word_1_279' title='bbox 2673 498 2893 555; x_wconf 82' lang='lat' dir='ltr'><strong>Rofensi</strong></span> <span class='ocrx_word' id='word_1_280' title='bbox 2951 498 3211 571; x_wconf 89' lang='lat' dir='ltr'><strong>episcopo</strong></span> <span class='ocrx_word' id='word_1_281' title='bbox 3261 503 3481 560; x_wconf 88' lang='lat' dir='ltr'><strong>domino</strong></span> <span class='ocrx_word' id='word_1_282' title='bbox 3498 498 3620 562; x_wconf 14' lang='lat' dir='ltr'><strong>Ro.-</strong></span> 
     </span>
    </p>
   </div>
   <div class='ocr_carea' id='block_1_42' title="bbox 2012 583 3617 657">
    <p class='ocr_par' dir='ltr' id='par_1_42' title="bbox 2012 583 3617 657">
     <span class='ocr_line' id='line_1_42' title="bbox 2012 583 3617 657; baseline 0.007 -20"><span class='ocrx_word' id='word_1_283' title='bbox 2012 583 2186 655; x_wconf 81' lang='lat' dir='ltr'><strong>dulfo,</strong></span> <span class='ocrx_word' id='word_1_284' title='bbox 2217 585 2307 657; x_wconf 92' lang='lat' dir='ltr'><strong>qui</strong></span> <span class='ocrx_word' id='word_1_285' title='bbox 2338 588 2469 642; x_wconf 81' lang='lat' dir='ltr'><strong>tunc</strong></span> <span class='ocrx_word' id='word_1_286' title='bbox 2492 586 2940 643; x_wconf 88' lang='lat' dir='ltr'><strong>Cantuariensem</strong></span> <span class='ocrx_word' id='word_1_287' title='bbox 2971 589 3270 644; x_wconf 85' lang='lat' dir='ltr'><strong>Ecclesiam</strong></span> <span class='ocrx_word' id='word_1_288' title='bbox 3300 590 3368 646; x_wconf 89' lang='lat' dir='ltr'><strong>de</strong></span> <span class='ocrx_word' id='word_1_289' title='bbox 3413 594 3617 649; x_wconf 85' lang='lat' dir='ltr'><strong>recenti</strong></span> 
     </span>
    </p>
   </div>
   <div class='ocr_carea' id='block_1_43' title="bbox 2012 672 3611 750">
    <p class='ocr_par' dir='ltr' id='par_1_43' title="bbox 2012 672 3611 750">
     <span class='ocr_line' id='line_1_43' title="bbox 2012 672 3611 750; baseline 0.006 -24"><span class='ocrx_word' id='word_1_290' title='bbox 2012 672 2161 727; x_wconf 91' lang='lat' dir='ltr'><strong>obitu</strong></span> <span class='ocrx_word' id='word_1_291' title='bbox 2218 674 2423 728; x_wconf 91' lang='lat' dir='ltr'><strong>domini</strong></span> <span class='ocrx_word' id='word_1_292' title='bbox 2478 675 2870 747; x_wconf 87' lang='lat' dir='ltr'><strong>archiepiscopi</strong></span> <span class='ocrx_word' id='word_1_293' title='bbox 2905 678 3146 731; x_wconf 88' lang='lat' dir='ltr'><strong>Anselmi</strong></span> <span class='ocrx_word' id='word_1_294' title='bbox 3206 680 3611 750; x_wconf 86' lang='lat' dir='ltr'><strong>consolabatur,</strong></span> 
     </span>
    </p>
   </div>
   <div class='ocr_carea' id='block_1_44' title="bbox 2010 760 3611 833">
    <p class='ocr_par' dir='ltr' id='par_1_44' title="bbox 2010 760 3611 833">
     <span class='ocr_line' id='line_1_44' title="bbox 2010 760 3611 833; baseline 0.006 -20"><span class='ocrx_word' id='word_1_295' title='bbox 2010 760 2275 817; x_wconf 84' lang='lat' dir='ltr'><strong>visionem</strong></span> <span class='ocrx_word' id='word_1_296' title='bbox 2307 764 2577 833; x_wconf 81' lang='lat' dir='ltr'><strong>exposuit,</strong></span> <span class='ocrx_word' id='word_1_297' title='bbox 2609 773 2661 819; x_wconf 89' lang='lat' dir='ltr'><strong>et</strong></span> <span class='ocrx_word' id='word_1_298' title='bbox 2691 774 2944 821; x_wconf 88' lang='lat' dir='ltr'><strong>sanctum</strong></span> <span class='ocrx_word' id='word_1_299' title='bbox 2972 781 3157 821; x_wconf 90' lang='lat' dir='ltr'><strong>senem</strong></span> <span class='ocrx_word' id='word_1_300' title='bbox 3187 766 3256 822; x_wconf 89' lang='lat' dir='ltr'><strong>de</strong></span> <span class='ocrx_word' id='word_1_301' title='bbox 3284 769 3489 824; x_wconf 76' lang='lat' dir='ltr'><strong>saeculo</strong></span> <span class='ocrx_word' id='word_1_302' title='bbox 3504 769 3611 823; x_wconf 83' lang='lat' dir='ltr'><strong>ini-</strong></span> 
     </span>
    </p>
   </div>
   <div class='ocr_carea' id='block_1_45' title="bbox 2009 849 3621 928">
    <p class='ocr_par' dir='ltr' id='par_1_45' title="bbox 2009 849 3621 928">
     <span class='ocr_line' id='line_1_45' title="bbox 2009 849 3621 928; baseline 0.006 -25"><span class='ocrx_word' id='word_1_303' title='bbox 2009 864 2194 920; x_wconf 83' lang='lat' dir='ltr'><strong>grasse</strong></span> <span class='ocrx_word' id='word_1_304' title='bbox 2225 849 2492 919; x_wconf 67' lang='lat' dir='ltr'><strong>praedixit.</strong></span> <span class='ocrx_word' id='word_1_305' title='bbox 2527 852 2696 922; x_wconf 86' lang='lat' dir='ltr'><strong>Igitur</strong></span> <span class='ocrx_word' id='word_1_306' title='bbox 2726 861 2909 907; x_wconf 89' lang='lat' dir='ltr'><strong>notata</strong></span> <span class='ocrx_word' id='word_1_307' title='bbox 2945 854 3033 909; x_wconf 89' lang='lat' dir='ltr'><strong>die</strong></span> <span class='ocrx_word' id='word_1_308' title='bbox 3059 861 3221 924; x_wconf 87' lang='lat' dir='ltr'><strong>atque</strong></span> <span class='ocrx_word' id='word_1_309' title='bbox 3282 857 3436 921; x_wconf 88' lang='lat' dir='ltr'><strong>hora,</strong></span> <span class='ocrx_word' id='word_1_310' title='bbox 3494 867 3621 928; x_wconf 83' lang='lat' dir='ltr'><strong>post</strong></span> 
     </span>
    </p>
   </div>
   <div class='ocr_carea' id='block_1_46' title="bbox 2008 939 3617 1013">
    <p class='ocr_par' dir='ltr' id='par_1_46' title="bbox 2008 939 3617 1013">
     <span class='ocr_line' id='line_1_46' title="bbox 2008 939 3617 1013; baseline 0.006 -22"><span class='ocrx_word' id='word_1_311' title='bbox 2008 952 2116 992; x_wconf 89' lang='lat' dir='ltr'><strong>non</strong></span> <span class='ocrx_word' id='word_1_312' title='bbox 2146 939 2343 993; x_wconf 87' lang='lat' dir='ltr'><strong>multos</strong></span> <span class='ocrx_word' id='word_1_313' title='bbox 2371 940 2488 993; x_wconf 86' lang='lat' dir='ltr'><strong>dies</strong></span> <span class='ocrx_word' id='word_1_314' title='bbox 2535 950 2777 994; x_wconf 88' lang='lat' dir='ltr'><strong>sanctum</strong></span> <span class='ocrx_word' id='word_1_315' title='bbox 2809 941 2980 996; x_wconf 90' lang='lat' dir='ltr'><strong>virum</strong></span> <span class='ocrx_word' id='word_1_316' title='bbox 3032 942 3234 997; x_wconf 90' lang='lat' dir='ltr'><strong>obiisse</strong></span> <span class='ocrx_word' id='word_1_317' title='bbox 3292 944 3500 1013; x_wconf 90' lang='lat' dir='ltr'><strong>didicit,</strong></span> <span class='ocrx_word' id='word_1_318' title='bbox 3561 954 3617 1000; x_wconf 88' lang='lat' dir='ltr'><strong>et</strong></span> 
     </span>
    </p>
   </div>
   <div class='ocr_carea' id='block_1_47' title="bbox 2010 1028 3613 1101">
    <p class='ocr_par' dir='ltr' id='par_1_47' title="bbox 2010 1028 3613 1101">
     <span class='ocr_line' id='line_1_47' title="bbox 2010 1028 3613 1101; baseline 0.006 -22"><span class='ocrx_word' id='word_1_319' title='bbox 2010 1033 2249 1080; x_wconf 88' lang='lat' dir='ltr'><strong>notatum</strong></span> <span class='ocrx_word' id='word_1_320' title='bbox 2281 1035 2494 1097; x_wconf 88' lang='lat' dir='ltr'><strong>tempus</strong></span> <span class='ocrx_word' id='word_1_321' title='bbox 2519 1028 2673 1097; x_wconf 83' lang='lat' dir='ltr'><strong>juxta</strong></span> <span class='ocrx_word' id='word_1_322' title='bbox 2704 1029 2975 1083; x_wconf 85' lang='lat' dir='ltr'><strong>visionem</strong></span> <span class='ocrx_word' id='word_1_323' title='bbox 3009 1047 3171 1101; x_wconf 89' lang='lat' dir='ltr'><strong>quam</strong></span> <span class='ocrx_word' id='word_1_324' title='bbox 3214 1032 3421 1087; x_wconf 84' lang='lat' dir='ltr'><strong>viderat</strong></span> <span class='ocrx_word' id='word_1_325' title='bbox 3450 1033 3613 1089; x_wconf 89' lang='lat' dir='ltr'><strong>inve-</strong></span> 
     </span>
    </p>
   </div>
   <div class='ocr_carea' id='block_1_48' title="bbox 2006 1112 3616 1193">
    <p class='ocr_par' dir='ltr' id='par_1_48' title="bbox 2006 1112 3616 1193">
     <span class='ocr_line' id='line_1_48' title="bbox 2006 1112 3616 1193; baseline 0.007 -27"><span class='ocrx_word' id='word_1_326' title='bbox 2006 1114 2103 1168; x_wconf 89' lang='lat' dir='ltr'><strong>nit.</strong></span> <span class='ocrx_word' id='word_1_327' title='bbox 2164 1112 2398 1183; x_wconf 86' lang='lat' dir='ltr'><strong>Quidam</strong></span> <span class='ocrx_word' id='word_1_328' title='bbox 2430 1131 2645 1187; x_wconf 88' lang='lat' dir='ltr'><strong>quoque</strong></span> <span class='ocrx_word' id='word_1_329' title='bbox 2701 1115 2870 1171; x_wconf 87' lang='lat' dir='ltr'><strong>abbas</strong></span> <span class='ocrx_word' id='word_1_330' title='bbox 2921 1119 2990 1172; x_wconf 92' lang='lat' dir='ltr'><strong>de</strong></span> <span class='ocrx_word' id='word_1_331' title='bbox 3048 1119 3420 1175; x_wconf 86' lang='lat' dir='ltr'><strong>Cameracensi</strong></span> <span class='ocrx_word' id='word_1_332' title='bbox 3467 1137 3616 1193; x_wconf 79' lang='lat' dir='ltr'><strong>pago</strong></span> 
     </span>
    </p>
   </div>
   <div class='ocr_carea' id='block_1_49' title="bbox 2009 1198 3604 1279">
    <p class='ocr_par' dir='ltr' id='par_1_49' title="bbox 2009 1198 3604 1279">
     <span class='ocr_line' id='line_1_49' title="bbox 2009 1198 3604 1279; baseline 0.006 -24"><span class='ocrx_word' id='word_1_333' title='bbox 2009 1201 2116 1256; x_wconf 88' lang='lat' dir='ltr'><strong>duo</strong></span> <span class='ocrx_word' id='word_1_334' title='bbox 2145 1202 2374 1274; x_wconf 86' lang='lat' dir='ltr'><strong>grabata</strong></span> <span class='ocrx_word' id='word_1_335' title='bbox 2402 1204 2470 1256; x_wconf 86' lang='lat' dir='ltr'><strong>ad</strong></span> <span class='ocrx_word' id='word_1_336' title='bbox 2515 1204 2715 1258; x_wconf 76' lang='lat' dir='ltr'><strong>ccelum</strong></span> <span class='ocrx_word' id='word_1_337' title='bbox 2766 1198 2962 1260; x_wconf 82' lang='lat' dir='ltr'><strong>deferri</strong></span> <span class='ocrx_word' id='word_1_338' title='bbox 3024 1206 3247 1262; x_wconf 88' lang='lat' dir='ltr'><strong>videbat</strong></span> <span class='ocrx_word' id='word_1_339' title='bbox 3299 1224 3312 1271; x_wconf 93' lang='lat'><strong>;</strong></span> <span class='ocrx_word' id='word_1_340' title='bbox 3373 1223 3604 1279; x_wconf 90' lang='lat' dir='ltr'><strong>quorum</strong></span> 
     </span>
    </p>
   </div>
   <div class='ocr_carea' id='block_1_50' title="bbox 2006 1291 3607 1362">
    <p class='ocr_par' dir='ltr' id='par_1_50' title="bbox 2006 1291 3607 1362">
     <span class='ocr_line' id='line_1_50' title="bbox 2006 1291 3607 1362; baseline 0.006 -19"><span class='ocrx_word' id='word_1_341' title='bbox 2006 1306 2171 1344; x_wconf 89' lang='lat' dir='ltr'><strong>unum</strong></span> <span class='ocrx_word' id='word_1_342' title='bbox 2201 1291 3032 1362; x_wconf 87' lang='lat' dir='ltr'><strong>archiepisc0piCantuariensis,</strong></span> <span class='ocrx_word' id='word_1_343' title='bbox 3092 1295 3324 1350; x_wconf 89' lang='lat' dir='ltr'><strong>alterum</strong></span> <span class='ocrx_word' id='word_1_344' title='bbox 3368 1297 3607 1353; x_wconf 86' lang='lat' dir='ltr'><strong>Clunia-</strong></span> 
     </span>
    </p>
   </div>
   <div class='ocr_carea' id='block_1_51' title="bbox 2005 1378 3615 1443">
    <p class='ocr_par' dir='ltr' id='par_1_51' title="bbox 2005 1378 3615 1443">
     <span class='ocr_line' id='line_1_51' title="bbox 2005 1378 3615 1443; baseline 0.006 -10"><span class='ocrx_word' id='word_1_345' title='bbox 2005 1379 2183 1433; x_wconf 89' lang='lat' dir='ltr'><strong>censis</strong></span> <span class='ocrx_word' id='word_1_346' title='bbox 2235 1378 2448 1433; x_wconf 84' lang='lat' dir='ltr'><strong>abbatis</strong></span> <span class='ocrx_word' id='word_1_347' title='bbox 2502 1396 2625 1436; x_wconf 89' lang='lat' dir='ltr'><strong>esse</strong></span> <span class='ocrx_word' id='word_1_348' title='bbox 2699 1381 2981 1436; x_wconf 88' lang='lat' dir='ltr'><strong>dicebatur</strong></span> <span class='ocrx_word' id='word_1_349' title='bbox 3013 1402 3025 1437; x_wconf 92' lang='lat'>:</span> <span class='ocrx_word' id='word_1_350' title='bbox 3057 1399 3221 1437; x_wconf 89' lang='lat' dir='ltr'><strong>unum</strong></span> <span class='ocrx_word' id='word_1_351' title='bbox 3281 1386 3615 1443; x_wconf 83' lang='lat' dir='ltr'><strong>ascendebat</strong></span> 
     </span>
    </p>
   </div>
   <div class='ocr_carea' id='block_1_52' title="bbox 2006 1467 3611 1538">
    <p class='ocr_par' dir='ltr' id='par_1_52' title="bbox 2006 1467 3611 1538">
     <span class='ocr_line' id='line_1_52' title="bbox 2006 1467 3611 1538; baseline 0.006 -18"><span class='ocrx_word' id='word_1_352' title='bbox 2006 1474 2201 1538; x_wconf 86' lang='lat' dir='ltr'><strong>quarta</strong></span> <span class='ocrx_word' id='word_1_353' title='bbox 2258 1467 2391 1521; x_wconf 86' lang='lat' dir='ltr'><strong>feria</strong></span> <span class='ocrx_word' id='word_1_354' title='bbox 2436 1469 2594 1522; x_wconf 88' lang='lat' dir='ltr'><strong>unius</strong></span> <span class='ocrx_word' id='word_1_355' title='bbox 2652 1469 3034 1537; x_wconf 79' lang='lat' dir='ltr'><strong>hebdomadas,</strong></span> <span class='ocrx_word' id='word_1_356' title='bbox 3091 1471 3323 1527; x_wconf 88' lang='lat' dir='ltr'><strong>alterum</strong></span> <span class='ocrx_word' id='word_1_357' title='bbox 3355 1473 3611 1530; x_wconf 89' lang='lat' dir='ltr'><strong>similiter</strong></span> 
     </span>
    </p>
   </div>
   <div class='ocr_carea' id='block_1_53' title="bbox 2005 1554 3610 1630">
    <p class='ocr_par' dir='ltr' id='par_1_53' title="bbox 2005 1554 3610 1630">
     <span class='ocr_line' id='line_1_53' title="bbox 2005 1554 3610 1630; baseline 0.006 -21"><span class='ocrx_word' id='word_1_358' title='bbox 2005 1554 2225 1609; x_wconf 87' lang='lat' dir='ltr'><strong>alterius</strong></span> <span class='ocrx_word' id='word_1_359' title='bbox 2245 1555 2606 1611; x_wconf 65' lang='lat' dir='ltr'><strong>hebdomadas</strong></span> <span class='ocrx_word' id='word_1_360' title='bbox 2622 1557 2812 1613; x_wconf 91' lang='lat' dir='ltr'><strong>eadem</strong></span> <span class='ocrx_word' id='word_1_361' title='bbox 2836 1556 2996 1613; x_wconf 86' lang='lat' dir='ltr'><strong>feria.</strong></span> <span class='ocrx_word' id='word_1_362' title='bbox 3027 1557 3188 1628; x_wconf 87' lang='lat' dir='ltr'><strong>Quod</strong></span> <span class='ocrx_word' id='word_1_363' title='bbox 3218 1561 3404 1630; x_wconf 89' lang='lat' dir='ltr'><strong>paucis</strong></span> <span class='ocrx_word' id='word_1_364' title='bbox 3426 1570 3610 1618; x_wconf 89' lang='lat' dir='ltr'><strong>trans-</strong></span> 
     </span>
    </p>
   </div>
   <div class='ocr_carea' id='block_1_54' title="bbox 2007 1643 3609 1714">
    <p class='ocr_par' dir='ltr' id='par_1_54' title="bbox 2007 1643 3609 1714">
     <span class='ocr_line' id='line_1_54' title="bbox 2007 1643 3609 1714; baseline 0.003 -15"><span class='ocrx_word' id='word_1_365' title='bbox 2007 1644 2179 1699; x_wconf 89' lang='lat' dir='ltr'><strong>cursis</strong></span> <span class='ocrx_word' id='word_1_366' title='bbox 2231 1643 2444 1713; x_wconf 89' lang='lat' dir='ltr'><strong>diebus,</strong></span> <span class='ocrx_word' id='word_1_367' title='bbox 2503 1645 2578 1700; x_wconf 92' lang='lat' dir='ltr'><strong>rei</strong></span> <span class='ocrx_word' id='word_1_368' title='bbox 2614 1646 2861 1714; x_wconf 87' lang='lat' dir='ltr'><strong>probavit</strong></span> <span class='ocrx_word' id='word_1_369' title='bbox 2891 1655 3117 1702; x_wconf 90' lang='lat' dir='ltr'><strong>eventus</strong></span> <span class='ocrx_word' id='word_1_370' title='bbox 3153 1664 3166 1709; x_wconf 88' lang='lat'><strong>;</strong></span> <span class='ocrx_word' id='word_1_371' title='bbox 3200 1664 3322 1703; x_wconf 89' lang='lat' dir='ltr'><strong>nam</strong></span> <span class='ocrx_word' id='word_1_372' title='bbox 3355 1649 3609 1704; x_wconf 90' lang='lat' dir='ltr'><strong>dominus</strong></span> 
     </span>
    </p>
   </div>
   <div class='ocr_carea' id='block_1_55' title="bbox 2005 1731 3610 1807">
    <p class='ocr_par' dir='ltr' id='par_1_55' title="bbox 2005 1731 3610 1807">
     <span class='ocr_line' id='line_1_55' title="bbox 2005 1731 3610 1807; baseline 0.006 -22"><span class='ocrx_word' id='word_1_373' title='bbox 2005 1731 2443 1807; x_wconf 78' lang='lat' dir='ltr'><strong>archiepiscopus</strong></span> <span class='ocrx_word' id='word_1_374' title='bbox 2472 1742 2663 1804; x_wconf 88' lang='lat' dir='ltr'><strong>quarta</strong></span> <span class='ocrx_word' id='word_1_375' title='bbox 2711 1733 2850 1789; x_wconf 85' lang='lat' dir='ltr'><strong>feria</strong></span> <span class='ocrx_word' id='word_1_376' title='bbox 2901 1747 3026 1790; x_wconf 86' lang='lat' dir='ltr'><strong>ante</strong></span> <span class='ocrx_word' id='word_1_377' title='bbox 3084 1737 3427 1793; x_wconf 88' lang='lat' dir='ltr'><strong>Dominicam</strong></span> <span class='ocrx_word' id='word_1_378' title='bbox 3482 1738 3610 1795; x_wconf 75' lang='lat' dir='ltr'><strong>Cm-</strong></span> 
     </span>
    </p>
   </div>
   <div class='ocr_carea' id='block_1_56' title="bbox 2008 1821 3613 1894">
    <p class='ocr_par' dir='ltr' id='par_1_56' title="bbox 2008 1821 3613 1894">
     <span class='ocr_line' id='line_1_56' title="bbox 2008 1821 3613 1894; baseline 0.006 -21"><span class='ocrx_word' id='word_1_379' title='bbox 2008 1835 2134 1873; x_wconf 88' lang='lat' dir='ltr'><strong>nam</strong></span> <span class='ocrx_word' id='word_1_380' title='bbox 2184 1821 2274 1876; x_wconf 87' lang='lat' dir='ltr'><strong>die</strong></span> <span class='ocrx_word' id='word_1_381' title='bbox 2316 1821 2659 1877; x_wconf 91' lang='lat' dir='ltr'><strong>illucescente</strong></span> <span class='ocrx_word' id='word_1_382' title='bbox 2687 1822 2943 1894; x_wconf 84' lang='lat' dir='ltr'><strong>migravit</strong></span> <span class='ocrx_word' id='word_1_383' title='bbox 2974 1842 2987 1887; x_wconf 92' lang='lat'><strong><em>;</em></strong></span> <span class='ocrx_word' id='word_1_384' title='bbox 3015 1834 3234 1881; x_wconf 89' lang='lat' dir='ltr'><strong>sanctus</strong></span> <span class='ocrx_word' id='word_1_385' title='bbox 3263 1841 3398 1882; x_wconf 87' lang='lat' dir='ltr'><strong>vero</strong></span> <span class='ocrx_word' id='word_1_386' title='bbox 3441 1842 3613 1883; x_wconf 77' lang='lat' dir='ltr'><strong>senex</strong></span> 
     </span>
    </p>
   </div>
   <div class='ocr_carea' id='block_1_57' title="bbox 2008 1907 3611 1983">
    <p class='ocr_par' dir='ltr' id='par_1_57' title="bbox 2008 1907 3611 1983">
     <span class='ocr_line' id='line_1_57' title="bbox 2008 1907 3611 1983; baseline 0.005 -20"><span class='ocrx_word' id='word_1_387' title='bbox 2008 1907 2314 1977; x_wconf 89' lang='lat' dir='ltr'><strong>Dominica,</strong></span> <span class='ocrx_word' id='word_1_388' title='bbox 2374 1916 2431 1964; x_wconf 90' lang='lat' dir='ltr'><strong>ut</strong></span> <span class='ocrx_word' id='word_1_389' title='bbox 2486 1926 2657 1982; x_wconf 90' lang='lat' dir='ltr'><strong>supra</strong></span> <span class='ocrx_word' id='word_1_390' title='bbox 2687 1911 2893 1966; x_wconf 90' lang='lat' dir='ltr'><strong>dictum</strong></span> <span class='ocrx_word' id='word_1_391' title='bbox 2927 1921 3026 1981; x_wconf 87' lang='lat' dir='ltr'><strong>est,</strong></span> <span class='ocrx_word' id='word_1_392' title='bbox 3082 1921 3304 1983; x_wconf 88' lang='lat' dir='ltr'><strong>peracta</strong></span> <span class='ocrx_word' id='word_1_393' title='bbox 3345 1915 3611 1971; x_wconf 83' lang='lat' dir='ltr'><strong>Resurre-</strong></span> 
     </span>
    </p>
   </div>
   <div class='ocr_carea' id='block_1_58' title="bbox 2008 1997 3609 2072">
    <p class='ocr_par' dir='ltr' id='par_1_58' title="bbox 2008 1997 3609 2072">
     <span class='ocr_line' id='line_1_58' title="bbox 2008 1997 3609 2072; baseline 0.004 -20"><span class='ocrx_word' id='word_1_394' title='bbox 2008 1997 2185 2053; x_wconf 90' lang='lat' dir='ltr'><strong>ctione</strong></span> <span class='ocrx_word' id='word_1_395' title='bbox 2215 1997 2405 2053; x_wconf 85' lang='lat' dir='ltr'><strong>eadem</strong></span> <span class='ocrx_word' id='word_1_396' title='bbox 2463 1998 2621 2068; x_wconf 87' lang='lat' dir='ltr'><strong>feria,</strong></span> <span class='ocrx_word' id='word_1_397' title='bbox 2654 2008 2844 2056; x_wconf 90' lang='lat' dir='ltr'><strong>octavo</strong></span> <span class='ocrx_word' id='word_1_398' title='bbox 2898 2000 3102 2057; x_wconf 89' lang='lat' dir='ltr'><strong>scilicet</strong></span> <span class='ocrx_word' id='word_1_399' title='bbox 3150 2002 3239 2057; x_wconf 91' lang='lat' dir='ltr'><strong>die</strong></span> <span class='ocrx_word' id='word_1_400' title='bbox 3281 2002 3609 2072; x_wconf 86' lang='lat' dir='ltr'><strong>advespera-</strong></span> 
     </span>
    </p>
   </div>
   <div class='ocr_carea' id='block_1_59' title="bbox 2008 2087 3606 2153">
    <p class='ocr_par' dir='ltr' id='par_1_59' title="bbox 2008 2087 3606 2153">
     <span class='ocr_line' id='line_1_59' title="bbox 2008 2087 3606 2153; baseline 0.004 -13"><span class='ocrx_word' id='word_1_401' title='bbox 2008 2093 2213 2153; x_wconf 89' lang='lat' dir='ltr'><strong>scente,</strong></span> <span class='ocrx_word' id='word_1_402' title='bbox 2245 2101 2405 2143; x_wconf 90' lang='lat' dir='ltr'><strong>carne</strong></span> <span class='ocrx_word' id='word_1_403' title='bbox 2436 2087 2641 2143; x_wconf 91' lang='lat' dir='ltr'><strong>solutus</strong></span> <span class='ocrx_word' id='word_1_404' title='bbox 2669 2096 2768 2144; x_wconf 91' lang='lat' dir='ltr'><strong>est.</strong></span> <span class='ocrx_word' id='word_1_405' title='bbox 2805 2089 2938 2145; x_wconf 87' lang='lat' dir='ltr'><strong>Haec</strong></span> <span class='ocrx_word' id='word_1_406' title='bbox 2963 2090 3032 2146; x_wconf 90' lang='lat' dir='ltr'><strong>de</strong></span> <span class='ocrx_word' id='word_1_407' title='bbox 3064 2090 3187 2145; x_wconf 82' lang='lat' dir='ltr'><strong>Vita</strong></span> <span class='ocrx_word' id='word_1_408' title='bbox 3228 2091 3397 2147; x_wconf 89' lang='lat' dir='ltr'><strong>sancti</strong></span> <span class='ocrx_word' id='word_1_409' title='bbox 3431 2092 3606 2147; x_wconf 86' lang='lat' dir='ltr'><strong>Patris</strong></span> 
     </span>
    </p>
   </div>
   <div class='ocr_carea' id='block_1_60' title="bbox 2005 2175 3605 2250">
    <p class='ocr_par' dir='ltr' id='par_1_60' title="bbox 2005 2175 3605 2250">
     <span class='ocr_line' id='line_1_60' title="bbox 2005 2175 3605 2250; baseline 0.003 -21"><span class='ocrx_word' id='word_1_410' title='bbox 2005 2175 2173 2229; x_wconf 91' lang='lat' dir='ltr'><strong>nostri</strong></span> <span class='ocrx_word' id='word_1_411' title='bbox 2217 2176 2461 2248; x_wconf 88' lang='lat' dir='ltr'><strong>Hugonis</strong></span> <span class='ocrx_word' id='word_1_412' title='bbox 2490 2176 2704 2232; x_wconf 90' lang='lat' dir='ltr'><strong>abbatis</strong></span> <span class='ocrx_word' id='word_1_413' title='bbox 2758 2177 3157 2243; x_wconf 89' lang='lat' dir='ltr'><strong>Cluniacensis,</strong></span> <span class='ocrx_word' id='word_1_414' title='bbox 3218 2180 3357 2235; x_wconf 87' lang='lat' dir='ltr'><strong>sicut</strong></span> <span class='ocrx_word' id='word_1_415' title='bbox 3402 2179 3605 2250; x_wconf 88' lang='lat' dir='ltr'><strong>partim</strong></span> 
     </span>
    </p>
   </div>
   <div class='ocr_carea' id='block_1_61' title="bbox 2004 2263 3605 2339">
    <p class='ocr_par' dir='ltr' id='par_1_61' title="bbox 2004 2263 3605 2339">
     <span class='ocr_line' id='line_1_61' title="bbox 2004 2263 3605 2339; baseline 0.004 -22"><span class='ocrx_word' id='word_1_416' title='bbox 2004 2263 2135 2330; x_wconf 86' lang='lat' dir='ltr'><strong>vidi,</strong></span> <span class='ocrx_word' id='word_1_417' title='bbox 2195 2265 2391 2335; x_wconf 89' lang='lat' dir='ltr'><strong>partim</strong></span> <span class='ocrx_word' id='word_1_418' title='bbox 2447 2265 2707 2322; x_wconf 88' lang='lat' dir='ltr'><strong>relatione</strong></span> <span class='ocrx_word' id='word_1_419' title='bbox 2735 2266 3102 2339; x_wconf 88' lang='lat' dir='ltr'><strong>probabilium</strong></span> <span class='ocrx_word' id='word_1_420' title='bbox 3130 2266 3372 2323; x_wconf 87' lang='lat' dir='ltr'><strong>virorum</strong></span> <span class='ocrx_word' id='word_1_421' title='bbox 3418 2267 3605 2337; x_wconf 87' lang='lat' dir='ltr'><strong>didici,</strong></span> 
     </span>
    </p>
   </div>
   <div class='ocr_carea' id='block_1_62' title="bbox 2001 2352 3604 2426">
    <p class='ocr_par' dir='ltr' id='par_1_62' title="bbox 2001 2352 3604 2426">
     <span class='ocr_line' id='line_1_62' title="bbox 2001 2352 3604 2426; baseline 0.002 -19"><span class='ocrx_word' id='word_1_422' title='bbox 2001 2352 2430 2422; x_wconf 84' lang='lat' dir='ltr'><strong>perstrinxerim,</strong></span> <span class='ocrx_word' id='word_1_423' title='bbox 2490 2354 2545 2409; x_wconf 91' lang='lat' dir='ltr'><strong>in</strong></span> <span class='ocrx_word' id='word_1_424' title='bbox 2591 2355 2749 2426; x_wconf 88' lang='lat' dir='ltr'><strong>cujus</strong></span> <span class='ocrx_word' id='word_1_425' title='bbox 2795 2354 2957 2411; x_wconf 88' lang='lat' dir='ltr'><strong>laude</strong></span> <span class='ocrx_word' id='word_1_426' title='bbox 3007 2356 3305 2413; x_wconf 88' lang='lat' dir='ltr'><strong>versiculos</strong></span> <span class='ocrx_word' id='word_1_427' title='bbox 3332 2356 3463 2412; x_wconf 88' lang='lat' dir='ltr'><strong>istos</strong></span> <span class='ocrx_word' id='word_1_428' title='bbox 3522 2355 3604 2411; x_wconf 91' lang='lat' dir='ltr'><strong>sic</strong></span> 
     </span>
    </p>
   </div>
   <div class='ocr_carea' id='block_1_63' title="bbox 2003 2441 2397 2497">
    <p class='ocr_par' dir='ltr' id='par_1_63' title="bbox 2003 2441 2397 2497">
     <span class='ocr_line' id='line_1_63' title="bbox 2003 2441 2397 2497; baseline 0.003 -1"><span class='ocrx_word' id='word_1_429' title='bbox 2003 2441 2351 2497; x_wconf 85' lang='lat' dir='ltr'><strong>decantemus</strong></span> <span class='ocrx_word' id='word_1_430' title='bbox 2384 2459 2397 2497; x_wconf 90' lang='lat'>:</span> 
     </span>
    </p>
   </div>
   <div class='ocr_carea' id='block_1_64' title="bbox 2000 2565 3598 2643">
    <p class='ocr_par' dir='ltr' id='par_1_64' title="bbox 2000 2565 3598 2643">
     <span class='ocr_line' id='line_1_64' title="bbox 2000 2565 3598 2643; baseline 0.003 -23"><span class='ocrx_word' id='word_1_431' title='bbox 2000 2565 2217 2636; x_wconf 64' lang='lat' dir='ltr'><strong>Regula,</strong></span> <span class='ocrx_word' id='word_1_432' title='bbox 2238 2568 2520 2636; x_wconf 85' lang='lat' dir='ltr'><strong>virtutum,</strong></span> <span class='ocrx_word' id='word_1_433' title='bbox 2543 2569 2705 2623; x_wconf 85' lang='lat' dir='ltr'><strong>Pater</strong></span> <span class='ocrx_word' id='word_1_434' title='bbox 2731 2566 2912 2643; x_wconf 81' lang='lat' dir='ltr'><strong>Ilugo,</strong></span> <span class='ocrx_word' id='word_1_435' title='bbox 2959 2568 3129 2627; x_wconf 87' lang='lat' dir='ltr'><strong>decus</strong></span> <span class='ocrx_word' id='word_1_436' title='bbox 3177 2568 3598 2627; x_wconf 89' lang='lat' dir='ltr'><strong>monachorum.</strong></span> 
     </span>
    </p>
   </div>
   <div class='ocr_carea' id='block_1_65' title="bbox 2001 2653 3608 2730">
    <p class='ocr_par' dir='ltr' id='par_1_65' title="bbox 2001 2653 3608 2730">
     <span class='ocr_line' id='line_1_65' title="bbox 2001 2653 3608 2730; baseline 0.002 -22"><span class='ocrx_word' id='word_1_437' title='bbox 2001 2653 2137 2724; x_wconf 91' lang='lat' dir='ltr'><strong>Spes</strong></span> <span class='ocrx_word' id='word_1_438' title='bbox 2158 2654 2399 2726; x_wconf 89' lang='lat' dir='ltr'><strong>inopum,</strong></span> <span class='ocrx_word' id='word_1_439' title='bbox 2431 2664 2775 2727; x_wconf 85' lang='lat' dir='ltr'><strong>contemptor</strong></span> <span class='ocrx_word' id='word_1_440' title='bbox 2804 2674 2992 2728; x_wconf 87' lang='lat' dir='ltr'><strong>opum,</strong></span> <span class='ocrx_word' id='word_1_441' title='bbox 3025 2668 3213 2730; x_wconf 90' lang='lat' dir='ltr'><strong>portus</strong></span> <span class='ocrx_word' id='word_1_442' title='bbox 3245 2661 3608 2729; x_wconf 87' lang='lat' dir='ltr'><strong>miserorum,</strong></span> 
     </span>
    </p>
   </div>
   <div class='ocr_carea' id='block_1_66' title="bbox 1999 2742 3469 2819">
    <p class='ocr_par' dir='ltr' id='par_1_66' title="bbox 1999 2742 3469 2819">
     <span class='ocr_line' id='line_1_66' title="bbox 1999 2742 3469 2819; baseline 0.003 -22"><span class='ocrx_word' id='word_1_443' title='bbox 1999 2742 2107 2797; x_wconf 85' lang='lat' dir='ltr'><strong>Vas</strong></span> <span class='ocrx_word' id='word_1_444' title='bbox 2132 2744 2501 2816; x_wconf 89' lang='lat' dir='ltr'><strong>templumque</strong></span> <span class='ocrx_word' id='word_1_445' title='bbox 2526 2746 2646 2815; x_wconf 89' lang='lat' dir='ltr'><strong>Dei,</strong></span> <span class='ocrx_word' id='word_1_446' title='bbox 2687 2745 2932 2803; x_wconf 92' lang='lat' dir='ltr'><strong>libamen</strong></span> <span class='ocrx_word' id='word_1_447' title='bbox 2960 2756 3014 2801; x_wconf 88' lang='lat' dir='ltr'><strong>et</strong></span> <span class='ocrx_word' id='word_1_448' title='bbox 3043 2746 3218 2803; x_wconf 88' lang='lat' dir='ltr'><strong>hostia</strong></span> <span class='ocrx_word' id='word_1_449' title='bbox 3253 2747 3469 2819; x_wconf 84' lang='lat' dir='ltr'><strong>Christi,</strong></span> 
     </span>
    </p>
   </div>
   <div class='ocr_carea' id='block_1_67' title="bbox 2000 2830 3401 2906">
    <p class='ocr_par' dir='ltr' id='par_1_67' title="bbox 2000 2830 3401 2906">
     <span class='ocr_line' id='line_1_67' title="bbox 2000 2830 3401 2906; baseline 0.005 -22"><span class='ocrx_word' id='word_1_450' title='bbox 2000 2830 2172 2887; x_wconf 88' lang='lat' dir='ltr'><strong>Carne</strong></span> <span class='ocrx_word' id='word_1_451' title='bbox 2203 2831 2410 2889; x_wconf 89' lang='lat' dir='ltr'><strong>locatur</strong></span> <span class='ocrx_word' id='word_1_452' title='bbox 2435 2834 2608 2901; x_wconf 89' lang='lat' dir='ltr'><strong>humi,</strong></span> <span class='ocrx_word' id='word_1_453' title='bbox 2639 2834 2738 2889; x_wconf 90' lang='lat' dir='ltr'><strong>sed</strong></span> <span class='ocrx_word' id='word_1_454' title='bbox 2766 2835 2984 2905; x_wconf 89' lang='lat' dir='ltr'><strong>spiritus</strong></span> <span class='ocrx_word' id='word_1_455' title='bbox 3015 2844 3162 2891; x_wconf 88' lang='lat' dir='ltr'><strong>astra</strong></span> <span class='ocrx_word' id='word_1_456' title='bbox 3190 2833 3401 2906; x_wconf 85' lang='lat' dir='ltr'><strong>petivit.</strong></span> 
     </span>
    </p>
   </div>
   <div class='ocr_carea' id='block_1_68' title="bbox 1976 2911 3159 2995">
    <p class='ocr_par' dir='ltr' id='par_1_68' title="bbox 1976 2911 3159 2995">
     <span class='ocr_line' id='line_1_68' title="bbox 1976 2911 3159 2995; baseline 0.003 -20"><span class='ocrx_word' id='word_1_457' title='bbox 1976 2911 2047 2975; x_wconf 76' lang='grc' dir='ltr'><em>Ὀ</em></span> <span class='ocrx_word' id='word_1_458' title='bbox 2079 2918 2211 2974; x_wconf 86' lang='lat' dir='ltr'><strong>felix</strong></span> <span class='ocrx_word' id='word_1_459' title='bbox 2240 2935 2428 2977; x_wconf 90' lang='lat' dir='ltr'><strong>currus</strong></span> <span class='ocrx_word' id='word_1_460' title='bbox 2461 2923 2472 2976; x_wconf 73' lang='grc' dir='ltr'><strong>ε</strong></span> <span class='ocrx_word' id='word_1_461' title='bbox 2510 2921 2644 2978; x_wconf 81' lang='lat' dir='ltr'><strong>felix</strong></span> <span class='ocrx_word' id='word_1_462' title='bbox 2674 2923 2869 2995; x_wconf 81' lang='lat' dir='ltr'><strong>auriga</strong></span> <span class='ocrx_word' id='word_1_463' title='bbox 2897 2931 3114 2980; x_wconf 88' lang='lat' dir='ltr'><strong>tuorum</strong></span> <span class='ocrx_word' id='word_1_464' title='bbox 3147 2926 3159 2979; x_wconf 93' lang='lat' dir='ltr'><strong>l</strong></span> 
     </span>
    </p>
   </div>
   <div class='ocr_carea' id='block_1_69' title="bbox 2000 3007 3493 3087">
    <p class='ocr_par' dir='ltr' id='par_1_69' title="bbox 2000 3007 3493 3087">
     <span class='ocr_line' id='line_1_69' title="bbox 2000 3007 3493 3087; baseline 0.005 -25"><span class='ocrx_word' id='word_1_465' title='bbox 2000 3007 2106 3077; x_wconf 73' lang='lat' dir='ltr'><strong>Fac</strong></span> <span class='ocrx_word' id='word_1_466' title='bbox 2130 3019 2187 3064; x_wconf 88' lang='lat' dir='ltr'><strong>ut</strong></span> <span class='ocrx_word' id='word_1_467' title='bbox 2225 3009 2294 3064; x_wconf 88' lang='lat' dir='ltr'><strong>ad</strong></span> <span class='ocrx_word' id='word_1_468' title='bbox 2326 3018 2471 3066; x_wconf 87' lang='lat' dir='ltr'><strong>astra</strong></span> <span class='ocrx_word' id='word_1_469' title='bbox 2491 3011 2659 3067; x_wconf 88' lang='lat' dir='ltr'><strong>vehas</strong></span> <span class='ocrx_word' id='word_1_470' title='bbox 2690 3027 2831 3084; x_wconf 90' lang='lat' dir='ltr'><strong>quos</strong></span> <span class='ocrx_word' id='word_1_471' title='bbox 2860 3010 2949 3068; x_wconf 89' lang='lat' dir='ltr'><strong>hic</strong></span> <span class='ocrx_word' id='word_1_472' title='bbox 2969 3013 3203 3071; x_wconf 89' lang='lat' dir='ltr'><strong>vivendo</strong></span> <span class='ocrx_word' id='word_1_473' title='bbox 3232 3013 3493 3087; x_wconf 82' lang='lat' dir='ltr'><strong>regebas.</strong></span> 
     </span>
    </p>
   </div>
   <div class='ocr_carea' id='block_1_70' title="bbox 1915 3096 3227 3177">
    <p class='ocr_par' dir='ltr' id='par_1_70' title="bbox 1915 3096 3227 3177">
     <span class='ocr_line' id='line_1_70' title="bbox 1915 3096 3227 3177; baseline 0.004 -24"><span class='ocrx_word' id='word_1_474' title='bbox 1915 3114 1965 3177; x_wconf 72' lang='grc' dir='ltr'>ο</span> <span class='ocrx_word' id='word_1_475' title='bbox 1998 3096 2204 3153; x_wconf 90' lang='lat' dir='ltr'><strong>Ultima</strong></span> <span class='ocrx_word' id='word_1_476' title='bbox 2233 3097 2327 3153; x_wconf 82' lang='lat' dir='ltr'><strong>lux</strong></span> <span class='ocrx_word' id='word_1_477' title='bbox 2356 3101 2484 3155; x_wconf 69' lang='lat' dir='ltr'><strong>vitae</strong></span> <span class='ocrx_word' id='word_1_478' title='bbox 2513 3100 2813 3170; x_wconf 90' lang='lat' dir='ltr'><strong>penultima</strong></span> <span class='ocrx_word' id='word_1_479' title='bbox 2836 3098 2973 3156; x_wconf 80' lang='lat' dir='ltr'><strong>luxit</strong></span> <span class='ocrx_word' id='word_1_480' title='bbox 3000 3102 3227 3173; x_wconf 78' lang='lat' dir='ltr'><strong>Aprilis.</strong></span> 
     </span>
    </p>
   </div>
   <div class='ocr_carea' id='block_1_71' title="bbox 1991 3187 3392 3260">
    <p class='ocr_par' dir='ltr' id='par_1_71' title="bbox 1991 3187 3392 3260">
     <span class='ocr_line' id='line_1_71' title="bbox 1991 3187 3392 3260; baseline 0.004 -20"><span class='ocrx_word' id='word_1_481' title='bbox 1991 3187 2107 3241; x_wconf 89' lang='lat' dir='ltr'><strong>Lux</strong></span> <span class='ocrx_word' id='word_1_482' title='bbox 2136 3194 2358 3257; x_wconf 76' lang='lat' dir='ltr'><strong>aeterna,</strong></span> <span class='ocrx_word' id='word_1_483' title='bbox 2383 3188 2528 3244; x_wconf 90' lang='lat' dir='ltr'><strong>Deus</strong></span> <span class='ocrx_word' id='word_1_484' title='bbox 2557 3188 2657 3243; x_wconf 91' lang='lat' dir='ltr'><strong>tibi</strong></span> <span class='ocrx_word' id='word_1_485' title='bbox 2678 3188 2857 3244; x_wconf 87' lang='lat' dir='ltr'><strong>luceat</strong></span> <span class='ocrx_word' id='word_1_486' title='bbox 2885 3204 3045 3245; x_wconf 90' lang='lat' dir='ltr'><strong>omne</strong></span> <span class='ocrx_word' id='word_1_487' title='bbox 3066 3206 3166 3260; x_wconf 89' lang='lat' dir='ltr'><strong>per</strong></span> <span class='ocrx_word' id='word_1_488' title='bbox 3185 3206 3392 3246; x_wconf 74' lang='lat' dir='ltr'><strong>aevum.</strong></span> 
     </span>
    </p>
   </div>
   <div class='ocr_carea' id='block_1_72' title="bbox 1993 3323 3598 3383">
    <p class='ocr_par' dir='ltr' id='par_1_72' title="bbox 1993 3323 3598 3383">
     <span class='ocr_line' id='line_1_72' title="bbox 1993 3323 3598 3383; baseline 0.004 -5"><span class='ocrx_word' id='word_1_489' title='bbox 1993 3323 2151 3379; x_wconf 86' lang='lat' dir='ltr'><strong>Rexit</strong></span> <span class='ocrx_word' id='word_1_490' title='bbox 2205 3330 2389 3379; x_wconf 89' lang='lat' dir='ltr'><strong>autem</strong></span> <span class='ocrx_word' id='word_1_491' title='bbox 2445 3323 2858 3380; x_wconf 87' lang='lat' dir='ltr'><strong>Cluniacensem</strong></span> <span class='ocrx_word' id='word_1_492' title='bbox 2908 3325 3213 3381; x_wconf 87' lang='lat' dir='ltr'><strong>Ecclesiam</strong></span> <span class='ocrx_word' id='word_1_493' title='bbox 3245 3327 3401 3381; x_wconf 88' lang='lat' dir='ltr'><strong>annis</strong></span> <span class='ocrx_word' id='word_1_494' title='bbox 3429 3338 3598 3383; x_wconf 85' lang='lat' dir='ltr'><strong>sexa-</strong></span> 
     </span>
    </p>
   </div>
   <div class='ocr_carea' id='block_1_73' title="bbox 1985 3412 3598 3488">
    <p class='ocr_par' dir='ltr' id='par_1_73' title="bbox 1985 3412 3598 3488">
     <span class='ocr_line' id='line_1_73' title="bbox 1985 3412 3598 3488; baseline 0.003 -22"><span class='ocrx_word' id='word_1_495' title='bbox 1985 3412 2155 3484; x_wconf 89' lang='lat' dir='ltr'><strong>ginta,</strong></span> <span class='ocrx_word' id='word_1_496' title='bbox 2188 3412 2387 3467; x_wconf 87' lang='lat' dir='ltr'><strong>additis</strong></span> <span class='ocrx_word' id='word_1_497' title='bbox 2415 3421 2538 3468; x_wconf 90' lang='lat' dir='ltr'><strong>octo</strong></span> <span class='ocrx_word' id='word_1_498' title='bbox 2567 3412 2758 3468; x_wconf 88' lang='lat' dir='ltr'><strong>diebus</strong></span> <span class='ocrx_word' id='word_1_499' title='bbox 2785 3428 2851 3467; x_wconf 89' lang='lat' dir='ltr'><strong>ac</strong></span> <span class='ocrx_word' id='word_1_500' title='bbox 2880 3413 3093 3468; x_wconf 87' lang='lat' dir='ltr'><strong>duobus</strong></span> <span class='ocrx_word' id='word_1_501' title='bbox 3126 3415 3406 3470; x_wconf 87' lang='lat' dir='ltr'><strong>mensibus</strong></span> <span class='ocrx_word' id='word_1_502' title='bbox 3461 3419 3598 3488; x_wconf 87' lang='lat'><strong>(98),</strong></span> 
     </span>
    </p>
   </div>
   <div class='ocr_carea' id='block_1_74' title="bbox 1984 3500 3596 3574">
    <p class='ocr_par' dir='ltr' id='par_1_74' title="bbox 1984 3500 3596 3574">
     <span class='ocr_line' id='line_1_74' title="bbox 1984 3500 3596 3574; baseline 0.002 -17"><span class='ocrx_word' id='word_1_503' title='bbox 1984 3500 2140 3570; x_wconf 90' lang='lat' dir='ltr'><strong>cujus</strong></span> <span class='ocrx_word' id='word_1_504' title='bbox 2177 3500 2367 3556; x_wconf 89' lang='lat' dir='ltr'><strong>merita</strong></span> <span class='ocrx_word' id='word_1_505' title='bbox 2418 3517 2521 3556; x_wconf 88' lang='lat' dir='ltr'><strong>nos</strong></span> <span class='ocrx_word' id='word_1_506' title='bbox 2578 3501 2722 3573; x_wconf 89' lang='lat' dir='ltr'><strong>apud</strong></span> <span class='ocrx_word' id='word_1_507' title='bbox 2779 3502 2953 3557; x_wconf 92' lang='lat' dir='ltr'><strong>Deum</strong></span> <span class='ocrx_word' id='word_1_508' title='bbox 3011 3501 3276 3574; x_wconf 77' lang='lat' dir='ltr'><strong>adjuvant</strong></span> <span class='ocrx_word' id='word_1_509' title='bbox 3304 3502 3362 3558; x_wconf 91' lang='lat' dir='ltr'><strong>in</strong></span> <span class='ocrx_word' id='word_1_510' title='bbox 3388 3505 3596 3560; x_wconf 66' lang='lat' dir='ltr'><strong>saecula</strong></span> 
     </span>
    </p>
   </div>
   <div class='ocr_carea' id='block_1_75' title="bbox 1983 3589 2556 3645">
    <p class='ocr_par' dir='ltr' id='par_1_75' title="bbox 1983 3589 2556 3645">
     <span class='ocr_line' id='line_1_75' title="bbox 1983 3589 2556 3645; baseline -0.003 0"><span class='ocrx_word' id='word_1_511' title='bbox 1983 3589 2332 3645; x_wconf 65' lang='lat' dir='ltr'><strong>saeculorum.</strong></span> <span class='ocrx_word' id='word_1_512' title='bbox 2365 3591 2556 3645; x_wconf 83' lang='lat' dir='ltr'><strong>Amen.</strong></span> 
     </span>
    </p>
   </div>
   <div class='ocr_carea' id='block_1_76' title="bbox 347 3762 3575 3847">
    <p class='ocr_par' dir='ltr' id='par_1_76' title="bbox 347 3762 3575 3847">
     <span class='ocr_line' id='line_1_76' title="bbox 347 3762 3575 3847; baseline 0.003 -32"><span class='ocrx_word' id='word_1_513' title='bbox 347 3763 435 3847; x_wconf 46' lang='lat'><strong>(‘98</strong></span> <span class='ocrx_word' id='word_1_514' title='bbox 459 3762 615 3847; x_wconf 64' lang='grc' dir='ltr'><strong>ΔΕιθεο</strong></span> <span class='ocrx_word' id='word_1_515' title='bbox 640 3769 991 3847; x_wconf 69' lang='lat' dir='ltr'><strong>consecratus</strong></span> <span class='ocrx_word' id='word_1_516' title='bbox 1020 3766 1293 3847; x_wconf 68' lang='lat' dir='ltr'><strong>an.__1049</strong></span> <span class='ocrx_word' id='word_1_517' title='bbox 1325 3768 1392 3822; x_wconf 76' lang='lat'>22</span> <span class='ocrx_word' id='word_1_518' title='bbox 1423 3762 1719 3837; x_wconf 80' lang='lat' dir='ltr'><strong>Februarii,</strong></span> <span class='ocrx_word' id='word_1_519' title='bbox 1748 3764 1804 3821; x_wconf 89' lang='lat' dir='ltr'><strong>in</strong></span> <span class='ocrx_word' id='word_1_520' title='bbox 1834 3764 1969 3823; x_wconf 84' lang='lat' dir='ltr'><strong>festo</strong></span> <span class='ocrx_word' id='word_1_521' title='bbox 1998 3766 2270 3847; x_wconf 73' lang='lat' dir='ltr'><strong>cathedrae</strong></span> <span class='ocrx_word' id='word_1_522' title='bbox 2301 3765 2358 3826; x_wconf 92' lang='lat' dir='ltr'><strong>S.</strong></span> <span class='ocrx_word' id='word_1_523' title='bbox 2407 3765 2547 3825; x_wconf 86' lang='lat' dir='ltr'><strong>Petri</strong></span> <span class='ocrx_word' id='word_1_524' title='bbox 2586 3764 2960 3835; x_wconf 67' lang='lat' dir='ltr'><strong>Antiochenaa,</strong></span> <span class='ocrx_word' id='word_1_525' title='bbox 3022 3772 3148 3821; x_wconf 88' lang='lat' dir='ltr'><strong>tunc</strong></span> <span class='ocrx_word' id='word_1_526' title='bbox 3168 3765 3224 3820; x_wconf 90' lang='lat' dir='ltr'><strong>in</strong></span> <span class='ocrx_word' id='word_1_527' title='bbox 3253 3763 3459 3824; x_wconf 85' lang='lat' dir='ltr'><strong>feriam</strong></span> <span class='ocrx_word' id='word_1_528' title='bbox 3518 3781 3575 3824; x_wconf 68' lang='grc' dir='ltr'><strong>ιγ</strong></span> 
     </span>
    </p>
   </div>
   <div class='ocr_carea' id='block_1_77' title="bbox 272 3834 1171 3904">
    <p class='ocr_par' dir='ltr' id='par_1_77' title="bbox 272 3834 1171 3904">
     <span class='ocr_line' id='line_1_77' title="bbox 272 3834 1171 3904; baseline 0.001 -15"><span class='ocrx_word' id='word_1_529' title='bbox 272 3834 530 3902; x_wconf 87' lang='lat' dir='ltr'><strong>cadente,</strong></span> <span class='ocrx_word' id='word_1_530' title='bbox 556 3834 669 3904; x_wconf 85' lang='lat' dir='ltr'><strong>qua</strong></span> <span class='ocrx_word' id='word_1_531' title='bbox 698 3835 834 3891; x_wconf 88' lang='lat' dir='ltr'><strong>feria</strong></span> <span class='ocrx_word' id='word_1_532' title='bbox 850 3834 1011 3890; x_wconf 89' lang='lat' dir='ltr'><strong>etiam</strong></span> <span class='ocrx_word' id='word_1_533' title='bbox 1038 3835 1171 3892; x_wconf 92' lang='lat' dir='ltr'><strong>obit.</strong></span> 
     </span>
    </p>
   </div>
   <div class='ocr_carea' id='block_1_78' title="bbox 290 4006 696 4023">
    <p class='ocr_par' dir='ltr' id='par_1_78' title="bbox 290 4006 696 4023">
     <span class='ocr_line' id='line_1_78' title="bbox 290 4006 696 4023; baseline 0.007 -3"><span class='ocrx_word' id='word_1_534' title='bbox 290 4006 696 4023; x_wconf 59' lang='grc' dir='ltr'><strong>-ι--ι-Δ-υι-</strong></span> 
     </span>
    </p>
   </div>
   <div class='ocr_carea' id='block_1_79' title="bbox 295 4023 692 4043">
    <p class='ocr_par' dir='ltr' id='par_1_79' title="bbox 295 4023 692 4043">
     <span class='ocr_line' id='line_1_79' title="bbox 295 4023 692 4043; baseline 0.008 -7"><span class='ocrx_word' id='word_1_535' title='bbox 295 4023 692 4043; x_wconf 47' lang='grc' dir='ltr'><strong>α--ιι-φ-..α</strong></span> 
     </span>
    </p>
   </div>
   <div class='ocr_carea' id='block_1_80' title="bbox 703 4009 3534 4048">
    <p class='ocr_par' dir='ltr' id='par_1_80' title="bbox 703 4009 3534 4048">
     <span class='ocr_line' id='line_1_80' title="bbox 703 4009 3534 4048; baseline 0.002 -5"><span class='ocrx_word' id='word_1_536' title='bbox 703 4009 3534 4048; x_wconf 71' lang='lat' dir='ltr'><em>W</em></span> 
     </span>
    </p>
   </div>
   <div class='ocr_carea' id='block_1_81' title="bbox 1057 4178 2772 4287">
    <p class='ocr_par' dir='ltr' id='par_1_81' title="bbox 1057 4178 2772 4287">
     <span class='ocr_line' id='line_1_81' title="bbox 1057 4178 2772 4287; baseline -0.002 0"><span class='ocrx_word' id='word_1_537' title='bbox 1057 4178 1671 4287; x_wconf 88' lang='lat' dir='ltr'><strong>SYNOPSIS</strong></span> <span class='ocrx_word' id='word_1_538' title='bbox 1747 4178 2089 4285; x_wconf 57' lang='lat' dir='ltr'><strong>VITZE</strong></span> <span class='ocrx_word' id='word_1_539' title='bbox 2161 4179 2772 4285; x_wconf 85' lang='lat' dir='ltr'><strong>METRICA.</strong></span> 
     </span>
    </p>
   </div>
   <div class='ocr_carea' id='block_1_82' title="bbox 1281 4425 2546 4498">
    <p class='ocr_par' dir='ltr' id='par_1_82' title="bbox 1281 4425 2546 4498">
     <span class='ocr_line' id='line_1_82' title="bbox 1281 4425 2546 4498; baseline 0.001 -15"><span class='ocrx_word' id='word_1_540' title='bbox 1281 4426 1558 4498; x_wconf 76' lang='lat' dir='ltr'><strong>(Auctore</strong></span> <span class='ocrx_word' id='word_1_541' title='bbox 1586 4426 1780 4484; x_wconf 78' lang='lat' dir='ltr'><strong>eodem</strong></span> <span class='ocrx_word' id='word_1_542' title='bbox 1810 4425 2099 4498; x_wconf 79' lang='lat' dir='ltr'><strong>Raynaldo</strong></span> <span class='ocrx_word' id='word_1_543' title='bbox 2129 4442 2204 4484; x_wconf 75' lang='lat' dir='ltr'><strong>ex</strong></span> <span class='ocrx_word' id='word_1_544' title='bbox 2234 4427 2384 4485; x_wconf 78' lang='lat' dir='ltr'><strong>dicto</strong></span> <span class='ocrx_word' id='word_1_545' title='bbox 2414 4428 2546 4498; x_wconf 82' lang='lat' dir='ltr'><strong>ms.)</strong></span> 
     </span>
    </p>
   </div>
   <div class='ocr_carea' id='block_1_83' title="bbox 262 4730 1575 4808">
    <p class='ocr_par' dir='ltr' id='par_1_83' title="bbox 262 4730 1575 4808">
     <span class='ocr_line' id='line_1_83' title="bbox 262 4730 1575 4808; baseline 0.005 -21"><span class='ocrx_word' id='word_1_546' title='bbox 262 4730 541 4806; x_wconf 80' lang='lat' dir='ltr'><strong>insignem</strong></span> <span class='ocrx_word' id='word_1_547' title='bbox 570 4731 737 4789; x_wconf 91' lang='lat' dir='ltr'><strong>titulis</strong></span> <span class='ocrx_word' id='word_1_548' title='bbox 764 4739 817 4790; x_wconf 89' lang='lat' dir='ltr'><strong>et</strong></span> <span class='ocrx_word' id='word_1_549' title='bbox 844 4734 1048 4791; x_wconf 89' lang='lat' dir='ltr'><strong>clarum</strong></span> <span class='ocrx_word' id='word_1_550' title='bbox 1077 4734 1237 4792; x_wconf 89' lang='lat' dir='ltr'><strong>laude</strong></span> <span class='ocrx_word' id='word_1_551' title='bbox 1260 4752 1358 4808; x_wconf 91' lang='lat' dir='ltr'><strong>per</strong></span> <span class='ocrx_word' id='word_1_552' title='bbox 1385 4736 1575 4802; x_wconf 86' lang='lat' dir='ltr'><strong>orbem</strong></span> 
     </span>
    </p>
   </div>
   <div class='ocr_carea' id='block_1_84' title="bbox 332 4821 1629 4896">
    <p class='ocr_par' dir='ltr' id='par_1_84' title="bbox 332 4821 1629 4896">
     <span class='ocr_line' id='line_1_84' title="bbox 332 4821 1629 4896; baseline 0.005 -21"><span class='ocrx_word' id='word_1_553' title='bbox 332 4821 618 4893; x_wconf 78' lang='lat' dir='ltr'><strong>Hugonem</strong></span> <span class='ocrx_word' id='word_1_554' title='bbox 648 4822 918 4892; x_wconf 82' lang='lat' dir='ltr'><strong>canimus,</strong></span> <span class='ocrx_word' id='word_1_555' title='bbox 950 4840 1125 4896; x_wconf 89' lang='lat' dir='ltr'><strong>spem,</strong></span> <span class='ocrx_word' id='word_1_556' title='bbox 1157 4824 1434 4893; x_wconf 89' lang='lat' dir='ltr'><strong>Cluniace,</strong></span> <span class='ocrx_word' id='word_1_557' title='bbox 1464 4832 1629 4882; x_wconf 87' lang='lat' dir='ltr'><strong>tuam.</strong></span> 
     </span>
    </p>
   </div>
   <div class='ocr_carea' id='block_1_85' title="bbox 261 4907 1620 4982">
    <p class='ocr_par' dir='ltr' id='par_1_85' title="bbox 261 4907 1620 4982">
     <span class='ocr_line' id='line_1_85' title="bbox 261 4907 1620 4982; baseline 0.006 -20"><span class='ocrx_word' id='word_1_558' title='bbox 261 4907 361 4963; x_wconf 83' lang='lat' dir='ltr'><strong>His</strong></span> <span class='ocrx_word' id='word_1_559' title='bbox 386 4909 534 4966; x_wconf 89' lang='lat' dir='ltr'><strong>Deus</strong></span> <span class='ocrx_word' id='word_1_560' title='bbox 563 4912 764 4982; x_wconf 86' lang='lat' dir='ltr'><strong>aspiret</strong></span> <span class='ocrx_word' id='word_1_561' title='bbox 794 4912 1009 4982; x_wconf 86' lang='lat' dir='ltr'><strong>coeptis,</strong></span> <span class='ocrx_word' id='word_1_562' title='bbox 1043 4912 1159 4969; x_wconf 73' lang='lat' dir='ltr'><strong>haec</strong></span> <span class='ocrx_word' id='word_1_563' title='bbox 1189 4922 1315 4970; x_wconf 88' lang='lat' dir='ltr'><strong>vota</strong></span> <span class='ocrx_word' id='word_1_564' title='bbox 1342 4915 1620 4982; x_wconf 90' lang='lat' dir='ltr'><strong>secundet,</strong></span> 
     </span>
    </p>
   </div>
   <div class='ocr_carea' id='block_1_86' title="bbox 332 4998 1574 5073">
    <p class='ocr_par' dir='ltr' id='par_1_86' title="bbox 332 4998 1574 5073">
     <span class='ocr_line' id='line_1_86' title="bbox 332 4998 1574 5073; baseline 0.006 -21"><span class='ocrx_word' id='word_1_565' title='bbox 332 4998 399 5053; x_wconf 81' lang='lat' dir='ltr'><strong>Ut</strong></span> <span class='ocrx_word' id='word_1_566' title='bbox 425 4998 587 5054; x_wconf 88' lang='lat' dir='ltr'><strong>Patre</strong></span> <span class='ocrx_word' id='word_1_567' title='bbox 618 5006 731 5054; x_wconf 87' lang='lat' dir='ltr'><strong>tam</strong></span> <span class='ocrx_word' id='word_1_568' title='bbox 759 5003 945 5056; x_wconf 90' lang='lat' dir='ltr'><strong>sancto</strong></span> <span class='ocrx_word' id='word_1_569' title='bbox 967 5000 1137 5073; x_wconf 88' lang='lat' dir='ltr'><strong>digna</strong></span> <span class='ocrx_word' id='word_1_570' title='bbox 1164 4999 1312 5073; x_wconf 92' lang='lat' dir='ltr'><strong>loqui</strong></span> <span class='ocrx_word' id='word_1_571' title='bbox 1343 5018 1574 5060; x_wconf 89' lang='lat' dir='ltr'><strong>merear.</strong></span> 
     </span>
    </p>
   </div>
   <div class='ocr_carea' id='block_1_87' title="bbox 258 5083 1599 5164">
    <p class='ocr_par' dir='ltr' id='par_1_87' title="bbox 258 5083 1599 5164">
     <span class='ocr_line' id='line_1_87' title="bbox 258 5083 1599 5164; baseline 0.007 -23"><span class='ocrx_word' id='word_1_572' title='bbox 258 5083 406 5154; x_wconf 90' lang='lat' dir='ltr'><strong>Quos</strong></span> <span class='ocrx_word' id='word_1_573' title='bbox 435 5086 624 5143; x_wconf 90' lang='lat' dir='ltr'><strong>habuit</strong></span> <span class='ocrx_word' id='word_1_574' title='bbox 652 5103 907 5159; x_wconf 88' lang='lat' dir='ltr'><strong>proceres</strong></span> <span class='ocrx_word' id='word_1_575' title='bbox 937 5090 1252 5162; x_wconf 88' lang='lat' dir='ltr'><strong>Burgundia</strong></span> <span class='ocrx_word' id='word_1_576' title='bbox 1281 5090 1599 5164; x_wconf 86' lang='lat' dir='ltr'><strong>nobiliores,</strong></span> 
     </span>
    </p>
   </div>
   <div class='ocr_carea' id='block_1_88' title="bbox 330 5175 1511 5253">
    <p class='ocr_par' dir='ltr' id='par_1_88' title="bbox 330 5175 1511 5253">
     <span class='ocr_line' id='line_1_88' title="bbox 330 5175 1511 5253; baseline 0.004 -23"><span class='ocrx_word' id='word_1_577' title='bbox 330 5175 564 5230; x_wconf 73' lang='lat' dir='ltr'><strong>German</strong></span> <span class='ocrx_word' id='word_1_578' title='bbox 596 5176 757 5233; x_wconf 86' lang='lat' dir='ltr'><strong>traxit</strong></span> <span class='ocrx_word' id='word_1_579' title='bbox 785 5177 855 5232; x_wconf 88' lang='lat' dir='ltr'><strong>ab</strong></span> <span class='ocrx_word' id='word_1_580' title='bbox 885 5177 969 5232; x_wconf 89' lang='lat' dir='ltr'><strong>his</strong></span> <span class='ocrx_word' id='word_1_581' title='bbox 997 5177 1100 5235; x_wconf 90' lang='lat' dir='ltr'><strong>iste</strong></span> <span class='ocrx_word' id='word_1_582' title='bbox 1126 5177 1210 5236; x_wconf 88' lang='lat' dir='ltr'><strong>vir</strong></span> <span class='ocrx_word' id='word_1_583' title='bbox 1238 5180 1511 5253; x_wconf 83' lang='lat' dir='ltr'><strong>egregius.</strong></span> 
     </span>
    </p>
   </div>
   <div class='ocr_carea' id='block_1_89' title="bbox 256 5261 1671 5340">
    <p class='ocr_par' dir='ltr' id='par_1_89' title="bbox 256 5261 1671 5340">
     <span class='ocr_line' id='line_1_89' title="bbox 256 5261 1671 5340; baseline 0.004 -23"><span class='ocrx_word' id='word_1_584' title='bbox 256 5261 397 5318; x_wconf 88' lang='lat' dir='ltr'><strong>Nam</strong></span> <span class='ocrx_word' id='word_1_585' title='bbox 427 5271 584 5334; x_wconf 90' lang='lat' dir='ltr'><strong>patre</strong></span> <span class='ocrx_word' id='word_1_586' title='bbox 605 5265 879 5322; x_wconf 84' lang='lat' dir='ltr'><strong>Dalmatia</strong></span> <span class='ocrx_word' id='word_1_587' title='bbox 906 5266 984 5321; x_wconf 90' lang='lat' dir='ltr'><strong>nil</strong></span> <span class='ocrx_word' id='word_1_588' title='bbox 1006 5266 1204 5323; x_wconf 88' lang='lat' dir='ltr'><strong>clarius</strong></span> <span class='ocrx_word' id='word_1_589' title='bbox 1227 5267 1397 5324; x_wconf 89' lang='lat' dir='ltr'><strong>edidit</strong></span> <span class='ocrx_word' id='word_1_590' title='bbox 1415 5282 1671 5340; x_wconf 87' lang='lat' dir='ltr'><strong>unquam,</strong></span> 
     </span>
    </p>
   </div>
   <div class='ocr_carea' id='block_1_90' title="bbox 327 5349 1495 5425">
    <p class='ocr_par' dir='ltr' id='par_1_90' title="bbox 327 5349 1495 5425">
     <span class='ocr_line' id='line_1_90' title="bbox 327 5349 1495 5425; baseline 0.005 -20"><span class='ocrx_word' id='word_1_591' title='bbox 327 5349 394 5406; x_wconf 90' lang='lat' dir='ltr'><strong>Ni</strong></span> <span class='ocrx_word' id='word_1_592' title='bbox 426 5349 553 5423; x_wconf 83' lang='lat' dir='ltr'><strong>quia</strong></span> <span class='ocrx_word' id='word_1_593' title='bbox 573 5350 700 5423; x_wconf 90' lang='lat' dir='ltr'><strong>plus</strong></span> <span class='ocrx_word' id='word_1_594' title='bbox 727 5351 900 5409; x_wconf 88' lang='lat' dir='ltr'><strong>nimio</strong></span> <span class='ocrx_word' id='word_1_595' title='bbox 929 5351 1075 5410; x_wconf 87' lang='lat' dir='ltr'><strong>bella</strong></span> <span class='ocrx_word' id='word_1_596' title='bbox 1104 5354 1259 5425; x_wconf 86' lang='lat' dir='ltr'><strong>sequi</strong></span> <span class='ocrx_word' id='word_1_597' title='bbox 1291 5355 1495 5413; x_wconf 88' lang='lat' dir='ltr'><strong>voluit.</strong></span> 
     </span>
    </p>
   </div>
   <div class='ocr_carea' id='block_1_91' title="bbox 256 5437 1607 5517">
    <p class='ocr_par' dir='ltr' id='par_1_91' title="bbox 256 5437 1607 5517">
     <span class='ocr_line' id='line_1_91' title="bbox 256 5437 1607 5517; baseline 0.006 -23"><span class='ocrx_word' id='word_1_598' title='bbox 256 5437 435 5517; x_wconf 84' lang='lat' dir='ltr'><strong>Mater</strong></span> <span class='ocrx_word' id='word_1_599' title='bbox 460 5440 838 5515; x_wconf 74' lang='lat' dir='ltr'><strong>Aremburgis,</strong></span> <span class='ocrx_word' id='word_1_600' title='bbox 869 5456 980 5498; x_wconf 90' lang='lat' dir='ltr'><strong>non</strong></span> <span class='ocrx_word' id='word_1_601' title='bbox 1005 5441 1182 5514; x_wconf 89' lang='lat' dir='ltr'><strong>impar</strong></span> <span class='ocrx_word' id='word_1_602' title='bbox 1199 5443 1365 5514; x_wconf 88' lang='lat' dir='ltr'><strong>stirpe</strong></span> <span class='ocrx_word' id='word_1_603' title='bbox 1392 5444 1607 5513; x_wconf 85' lang='lat' dir='ltr'><strong>marito,</strong></span> 
     </span>
    </p>
   </div>
   <div class='ocr_carea' id='block_1_92' title="bbox 326 5528 1438 5606">
    <p class='ocr_par' dir='ltr' id='par_1_92' title="bbox 326 5528 1438 5606">
     <span class='ocr_line' id='line_1_92' title="bbox 326 5528 1438 5606; baseline 0.008 -23"><span class='ocrx_word' id='word_1_604' title='bbox 326 5528 571 5586; x_wconf 88' lang='lat' dir='ltr'><strong>Moribus</strong></span> <span class='ocrx_word' id='word_1_605' title='bbox 598 5528 814 5599; x_wconf 76' lang='lat' dir='ltr'><strong>effulsit,</strong></span> <span class='ocrx_word' id='word_1_606' title='bbox 848 5547 906 5588; x_wconf 89' lang='lat' dir='ltr'><strong>se</strong></span> <span class='ocrx_word' id='word_1_607' title='bbox 936 5547 1154 5606; x_wconf 89' lang='lat' dir='ltr'><strong>quoque</strong></span> <span class='ocrx_word' id='word_1_608' title='bbox 1182 5532 1438 5592; x_wconf 89' lang='lat' dir='ltr'><strong>nobilior.</strong></span> 
     </span>
    </p>
   </div>
   <div class='ocr_carea' id='block_1_93' title="bbox 606 5624 1071 5690">
    <p class='ocr_par' dir='ltr' id='par_1_93' title="bbox 606 5624 1071 5690">
     <span class='ocr_line' id='line_1_93' title="bbox 606 5624 1071 5690; baseline 0.011 -6"><span class='ocrx_word' id='word_1_609' title='bbox 606 5624 855 5686; x_wconf 65' lang='lat' dir='ltr'><strong>Paraoa.</strong></span> <span class='ocrx_word' id='word_1_610' title='bbox 886 5625 1071 5690; x_wconf 84' lang='lat' dir='ltr'><strong>CLIX.</strong></span> 
     </span>
    </p>
   </div>
   <div class='ocr_carea' id='block_1_94' title="bbox 1886 4733 3320 4812">
    <p class='ocr_par' dir='ltr' id='par_1_94' title="bbox 1886 4733 3320 4812">
     <span class='ocr_line' id='line_1_94' title="bbox 1886 4733 3320 4812; baseline 0 -19"><span class='ocrx_word' id='word_1_611' title='bbox 1886 4738 1945 4802; x_wconf 91' lang='lat' dir='ltr'><strong>D</strong></span> <span class='ocrx_word' id='word_1_612' title='bbox 1974 4738 2102 4796; x_wconf 84' lang='lat' dir='ltr'><strong>Haec</strong></span> <span class='ocrx_word' id='word_1_613' title='bbox 2127 4752 2403 4796; x_wconf 88' lang='lat' dir='ltr'><strong>concussa</strong></span> <span class='ocrx_word' id='word_1_614' title='bbox 2430 4747 2597 4807; x_wconf 87' lang='lat' dir='ltr'><strong>metu,</strong></span> <span class='ocrx_word' id='word_1_615' title='bbox 2630 4746 2818 4812; x_wconf 85' lang='lat' dir='ltr'><strong>partus</strong></span> <span class='ocrx_word' id='word_1_616' title='bbox 2838 4740 3071 4797; x_wconf 83' lang='lat' dir='ltr'><strong>instante</strong></span> <span class='ocrx_word' id='word_1_617' title='bbox 3094 4733 3320 4807; x_wconf 87' lang='lat' dir='ltr'><strong>periclo,</strong></span> 
     </span>
    </p>
   </div>
   <div class='ocr_carea' id='block_1_95' title="bbox 2044 4828 3072 4899">
    <p class='ocr_par' dir='ltr' id='par_1_95' title="bbox 2044 4828 3072 4899">
     <span class='ocr_line' id='line_1_95' title="bbox 2044 4828 3072 4899; baseline 0.002 -18"><span class='ocrx_word' id='word_1_618' title='bbox 2044 4828 2180 4882; x_wconf 85' lang='lat' dir='ltr'><strong>Vota</strong></span> <span class='ocrx_word' id='word_1_619' title='bbox 2193 4828 2538 4883; x_wconf 88' lang='lat' dir='ltr'><strong>sacerdotum</strong></span> <span class='ocrx_word' id='word_1_620' title='bbox 2568 4830 2773 4884; x_wconf 89' lang='lat' dir='ltr'><strong>censuit</strong></span> <span class='ocrx_word' id='word_1_621' title='bbox 2794 4833 3072 4899; x_wconf 82' lang='lat' dir='ltr'><strong>expetere.</strong></span> 
     </span>
    </p>
   </div>
   <div class='ocr_carea' id='block_1_96' title="bbox 1972 4914 3329 4985">
    <p class='ocr_par' dir='ltr' id='par_1_96' title="bbox 1972 4914 3329 4985">
     <span class='ocr_line' id='line_1_96' title="bbox 1972 4914 3329 4985; baseline 0.001 -15"><span class='ocrx_word' id='word_1_622' title='bbox 1972 4914 2080 4971; x_wconf 85' lang='lat' dir='ltr'><strong>Res</strong></span> <span class='ocrx_word' id='word_1_623' title='bbox 2108 4931 2252 4971; x_wconf 89' lang='lat' dir='ltr'><strong>nova</strong></span> <span class='ocrx_word' id='word_1_624' title='bbox 2279 4919 2358 4971; x_wconf 87' lang='lat' dir='ltr'><strong>tot</strong></span> <span class='ocrx_word' id='word_1_625' title='bbox 2381 4916 2558 4985; x_wconf 90' lang='lat' dir='ltr'><strong>seclis,</strong></span> <span class='ocrx_word' id='word_1_626' title='bbox 2589 4916 2716 4971; x_wconf 89' lang='lat' dir='ltr'><strong>dum</strong></span> <span class='ocrx_word' id='word_1_627' title='bbox 2732 4916 3073 4973; x_wconf 87' lang='lat' dir='ltr'><strong>sacriﬁcatur</strong></span> <span class='ocrx_word' id='word_1_628' title='bbox 3100 4915 3171 4971; x_wconf 91' lang='lat' dir='ltr'><strong>ab</strong></span> <span class='ocrx_word' id='word_1_629' title='bbox 3199 4931 3329 4985; x_wconf 90' lang='lat' dir='ltr'><strong>uno,</strong></span> 
     </span>
    </p>
   </div>
   <div class='ocr_carea' id='block_1_97' title="bbox 2040 5002 3068 5075">
    <p class='ocr_par' dir='ltr' id='par_1_97' title="bbox 2040 5002 3068 5075">
     <span class='ocr_line' id='line_1_97' title="bbox 2040 5002 3068 5075; baseline 0.004 -19"><span class='ocrx_word' id='word_1_630' title='bbox 2040 5003 2269 5058; x_wconf 88' lang='lat' dir='ltr'><strong>Infantis</strong></span> <span class='ocrx_word' id='word_1_631' title='bbox 2295 5002 2505 5075; x_wconf 88' lang='lat' dir='ltr'><strong>species</strong></span> <span class='ocrx_word' id='word_1_632' title='bbox 2532 5005 2768 5062; x_wconf 89' lang='lat' dir='ltr'><strong>cernitur</strong></span> <span class='ocrx_word' id='word_1_633' title='bbox 2794 5006 2849 5061; x_wconf 92' lang='lat' dir='ltr'><strong>in</strong></span> <span class='ocrx_word' id='word_1_634' title='bbox 2878 5005 3068 5062; x_wconf 88' lang='lat' dir='ltr'><strong>calice.</strong></span> 
     </span>
    </p>
   </div>
   <div class='ocr_carea' id='block_1_98' title="bbox 1969 5088 3406 5166">
    <p class='ocr_par' dir='ltr' id='par_1_98' title="bbox 1969 5088 3406 5166">
     <span class='ocr_line' id='line_1_98' title="bbox 1969 5088 3406 5166; baseline 0.005 -21"><span class='ocrx_word' id='word_1_635' title='bbox 1969 5089 2101 5160; x_wconf 87' lang='lat' dir='ltr'><strong>Quis</strong></span> <span class='ocrx_word' id='word_1_636' title='bbox 2131 5088 2268 5148; x_wconf 85' lang='lat' dir='ltr'><strong>foret</strong></span> <span class='ocrx_word' id='word_1_637' title='bbox 2296 5099 2349 5148; x_wconf 89' lang='lat' dir='ltr'><strong>et</strong></span> <span class='ocrx_word' id='word_1_638' title='bbox 2377 5101 2608 5165; x_wconf 88' lang='lat' dir='ltr'><strong>quantus</strong></span> <span class='ocrx_word' id='word_1_639' title='bbox 2636 5094 2725 5166; x_wconf 92' lang='lat' dir='ltr'><strong>qui</strong></span> <span class='ocrx_word' id='word_1_640' title='bbox 2756 5095 3077 5150; x_wconf 88' lang='lat' dir='ltr'><strong>nascebatur</strong></span> <span class='ocrx_word' id='word_1_641' title='bbox 3104 5093 3406 5166; x_wconf 88' lang='lat' dir='ltr'><strong>habendus,</strong></span> 
     </span>
    </p>
   </div>
   <div class='ocr_carea' id='block_1_99' title="bbox 2040 5181 3091 5255">
    <p class='ocr_par' dir='ltr' id='par_1_99' title="bbox 2040 5181 3091 5255">
     <span class='ocr_line' id='line_1_99' title="bbox 2040 5181 3091 5255; baseline 0.006 -21"><span class='ocrx_word' id='word_1_642' title='bbox 2040 5181 2101 5235; x_wconf 91' lang='lat' dir='ltr'><strong>In</strong></span> <span class='ocrx_word' id='word_1_643' title='bbox 2133 5188 2280 5237; x_wconf 88' lang='lat' dir='ltr'><strong>tanto</strong></span> <span class='ocrx_word' id='word_1_644' title='bbox 2308 5182 2534 5251; x_wconf 90' lang='lat' dir='ltr'><strong>speculo</strong></span> <span class='ocrx_word' id='word_1_645' title='bbox 2565 5182 2682 5240; x_wconf 88' lang='lat' dir='ltr'><strong>visa</strong></span> <span class='ocrx_word' id='word_1_646' title='bbox 2710 5181 2884 5255; x_wconf 85' lang='lat' dir='ltr'><strong>ﬁgura</strong></span> <span class='ocrx_word' id='word_1_647' title='bbox 2914 5183 3091 5240; x_wconf 88' lang='lat' dir='ltr'><strong>docet.</strong></span> 
     </span>
    </p>
   </div>
   <div class='ocr_carea' id='block_1_100' title="bbox 1968 5268 3191 5345">
    <p class='ocr_par' dir='ltr' id='par_1_100' title="bbox 1968 5268 3191 5345">
     <span class='ocr_line' id='line_1_100' title="bbox 1968 5268 3191 5345; baseline 0.006 -22"><span class='ocrx_word' id='word_1_648' title='bbox 1968 5268 2065 5324; x_wconf 91' lang='lat' dir='ltr'><strong>Ille</strong></span> <span class='ocrx_word' id='word_1_649' title='bbox 2093 5268 2446 5325; x_wconf 88' lang='lat' dir='ltr'><strong>sacramentis</strong></span> <span class='ocrx_word' id='word_1_650' title='bbox 2473 5279 2731 5328; x_wconf 89' lang='lat' dir='ltr'><strong>consueto</strong></span> <span class='ocrx_word' id='word_1_651' title='bbox 2758 5287 2911 5328; x_wconf 91' lang='lat' dir='ltr'><strong>more</strong></span> <span class='ocrx_word' id='word_1_652' title='bbox 2936 5274 3191 5345; x_wconf 87' lang='lat' dir='ltr'><strong>peractis,</strong></span> 
     </span>
    </p>
   </div>
   <div class='ocr_carea' id='block_1_101' title="bbox 2038 5355 3297 5431">
    <p class='ocr_par' dir='ltr' id='par_1_101' title="bbox 2038 5355 3297 5431">
     <span class='ocr_line' id='line_1_101' title="bbox 2038 5355 3297 5431; baseline 0.003 -18"><span class='ocrx_word' id='word_1_653' title='bbox 2038 5355 2214 5425; x_wconf 90' lang='lat' dir='ltr'><strong>Quem</strong></span> <span class='ocrx_word' id='word_1_654' title='bbox 2244 5358 2445 5428; x_wconf 89' lang='lat' dir='ltr'><strong>reperit</strong></span> <span class='ocrx_word' id='word_1_655' title='bbox 2470 5370 2682 5428; x_wconf 87' lang='lat' dir='ltr'><strong>natum,</strong></span> <span class='ocrx_word' id='word_1_656' title='bbox 2704 5360 2969 5431; x_wconf 61' lang='lat' dir='ltr'><strong>pradicet</strong></span> <span class='ocrx_word' id='word_1_657' title='bbox 2997 5360 3297 5428; x_wconf 80' lang='lat' dir='ltr'><strong>eximium;</strong></span> 
     </span>
    </p>
   </div>
   <div class='ocr_carea' id='block_1_102' title="bbox 1965 5446 3222 5522">
    <p class='ocr_par' dir='ltr' id='par_1_102' title="bbox 1965 5446 3222 5522">
     <span class='ocr_line' id='line_1_102' title="bbox 1965 5446 3222 5522; baseline 0.004 -20"><span class='ocrx_word' id='word_1_658' title='bbox 1965 5446 2119 5502; x_wconf 88' lang='lat' dir='ltr'><strong>Unde</strong></span> <span class='ocrx_word' id='word_1_659' title='bbox 2135 5462 2292 5502; x_wconf 92' lang='lat' dir='ltr'><strong>suum</strong></span> <span class='ocrx_word' id='word_1_660' title='bbox 2321 5455 2497 5503; x_wconf 86' lang='lat' dir='ltr'><strong>vatem</strong></span> <span class='ocrx_word' id='word_1_661' title='bbox 2527 5449 2683 5522; x_wconf 90' lang='lat' dir='ltr'><strong>pueri</strong></span> <span class='ocrx_word' id='word_1_662' title='bbox 2718 5465 2819 5506; x_wconf 86' lang='lat' dir='ltr'><strong>nec</strong></span> <span class='ocrx_word' id='word_1_663' title='bbox 2845 5450 2957 5508; x_wconf 85' lang='lat' dir='ltr'><strong>vita</strong></span> <span class='ocrx_word' id='word_1_664' title='bbox 2986 5450 3178 5508; x_wconf 82' lang='lat' dir='ltr'><strong>fefellit</strong></span> <span class='ocrx_word' id='word_1_665' title='bbox 3208 5470 3222 5515; x_wconf 87' lang='lat'><strong>;</strong></span> 
     </span>
    </p>
   </div>
   <div class='ocr_carea' id='block_1_103' title="bbox 2033 5534 3322 5612">
    <p class='ocr_par' dir='ltr' id='par_1_103' title="bbox 2033 5534 3322 5612">
     <span class='ocr_line' id='line_1_103' title="bbox 2033 5534 3322 5612; baseline 0.005 -21"><span class='ocrx_word' id='word_1_666' title='bbox 2033 5534 2149 5592; x_wconf 89' lang='lat' dir='ltr'><strong>Nec</strong></span> <span class='ocrx_word' id='word_1_667' title='bbox 2171 5534 2650 5608; x_wconf 73' lang='lat' dir='ltr'><strong>iuvenum-mores</strong></span> <span class='ocrx_word' id='word_1_668' title='bbox 2678 5538 2827 5600; x_wconf 90' lang='lat' dir='ltr'><strong>hunc</strong></span> <span class='ocrx_word' id='word_1_669' title='bbox 2855 5539 3064 5602; x_wconf 85' lang='lat' dir='ltr'><strong>violare</strong></span> <span class='ocrx_word' id='word_1_670' title='bbox 3092 5549 3322 5612; x_wconf 87' lang='lat' dir='ltr'><strong>queunt.</strong></span> 
     </span>
    </p>
   </div>
   <div class='ocr_carea' id='block_1_104' title="bbox 3248 5641 3320 5702">
    <p class='ocr_par' dir='ltr' id='par_1_104' title="bbox 3248 5641 3320 5702">
     <span class='ocr_line' id='line_1_104' title="bbox 3248 5641 3320 5702; baseline 0 0"><span class='ocrx_word' id='word_1_671' title='bbox 3248 5641 3320 5702; x_wconf 72' lang='grc'><strong>29</strong></span> 
     </span>
    </p>
   </div>
  </div>
