3956 6084
464 328 567 385 907
1561 303 1620 356 s.
1652 295 1967 357 nucoms
1997 293 2284 352 seems
2315 292 2630 351 CLUNIAC.
3675 297 3797 348 908

462 452 563 510 llic
593 446 812 514 scholis,
844 440 932 500 hic
950 433 1319 504 ecclesiaejam
1349 434 1492 487 totus
1521 426 1828 494 adhaerens,

534 540 804 596 Virtutum
829 529 1016 587 studiis
1041 525 1245 582 ludicra
1271 515 1597 594 postposuit.

465 628 740 688 Nobilium
765 625 968 688 vestes,
1000 613 1189 670 humili
1218 625 1318 683 pro
1347 615 1497 665 veste
1522 611 1753 672 recusat,

535 718 606 772 Et
630 728 754 770 cum
783 704 1116 778 simplicibus
1144 697 1462 788 simpliciter
1491 692 1760 788 graditur.
1910 775 1922 788 ι

462 810 531 864 At
557 811 711 877 pater
737 799 861 854 hinc
881 801 1134 851 metuens
1163 807 1229 844 ne
1258 787 1334 842 sic
1362 785 1662 877 dissuescat
1690 779 1757 835 ab
1791 779 1975 846 armis,

535 873 766 962 Corripit
794 888 958 951 hunc,
992 889 1249 952 tanquam
1280 877 1349 931 de
1381 873 1583 962 pietate
1611 884 1786 937 reum,

461 982 611 1040 Talia
639 960 871 1042 militiae,
899 971 1000 1028 nisi
1029 968 1399 1030 dediscuntur,
1431 960 1648 1028 obesse,

538 1071 642 1127 Vix
658 1069 878 1123 horrere
899 1075 1104 1126 senem,
1136 1071 1255 1126 qum
1286 1049 1474 1108 didicit
1498 1047 1719 1120 juvenis
1751 1065 1763 1109 ;

467 1165 630 1218 Hunc
656 1155 828 1213 semel
858 1148 1137 1208 haeredem
1165 1160 1225 1200 se
1253 1138 1591 1199 constituisse
1620 1137 1904 1203 bonorum,

539 1250 702 1305 Hunc
724 1245 861 1300 inter
878 1240 1072 1296 fratres
1100 1248 1316 1304 semper
1344 1243 1558 1285 amasse
1585 1224 1780 1297 magis.

469 1337 607 1395 Hinc
634 1331 836 1407 patrios
863 1342 1064 1391 mores,
1095 1322 1306 1394 patrias
1322 1331 1536 1407 quoque
1564 1312 1880 1369 traditiones

540 1406 698 1483 Hunc
725 1421 926 1478 debere
954 1412 1127 1486 sequi,
1163 1426 1232 1465 ne
1260 1406 1414 1479 quasi
1445 1406 1758 1476 degeneret.

470 1517 602 1574 Haec
631 1515 806 1568 Pater.
826 1502 1124 1575 Atjuvenis
1153 1497 1365 1554 tandem
1395 1509 1515 1565 quae
1545 1494 1726 1546 mente
1755 1486 1982 1561 gerebat

544 1601 739 1668 Efﬁcit,
762 1606 813 1654 et
834 1594 1098 1667 profugus
1127 1597 1198 1656 te,
1231 1583 1502 1648 Cluniace,
1533 1579 1685 1650 petit.

470 1695 623 1751 Hunc
653 1665 815 1746 Odilo
835 1665 928 1740 vir
953 1675 1300 1752 magniﬁcus,
1319 1682 1445 1730 tunc
1472 1677 1661 1741 pastor
1689 1673 1742 1722 et
1769 1665 1959 1733 abbas,

541 1776 790 1848 Suscipit
817 1776 960 1829 inter
987 1783 1140 1835 oves,
1163 1763 1336 1822 erudit
1365 1769 1527 1832 atque
1558 1757 1745 1854 fovet;

471 1873 644 1942 Inque
675 1846 827 1922 brevi
855 1860 1037 1934 spatio
1066 1856 1142 1912 sic
1169 1855 1237 1910 de
1262 1852 1460 1910 virtute
1489 1846 1762 1942 probavit,

541 1936 818 2016 Fratribus
846 1959 906 2006 ut
933 1945 1146 2005 cunctis
1173 1942 1369 1998 ordine
1389 1936 1710 2010 praeﬁceret.

468 2049 611 2120 Quin
639 2054 693 2103 et
718 2036 1003 2114 praepositi
1031 2041 1155 2107 post
1184 2025 1500 2120 sublimavit
1526 2025 1732 2080 honore
1766 2041 1778 2085 ;

538 2140 610 2195 Ut
637 2130 962 2206 quandoque
991 2140 1116 2180 suas
1143 2117 1428 2212 ipse‘vices
1456 2120 1690 2212 gereret.

470 2228 562 2284 Sic
591 2221 835 2285 humilis,
864 2214 1118 2280 blandus,
1151 2211 1227 2265 sic
1249 2207 1485 2269 fervens,
1519 2207 1704 2272 sicque
1726 2213 1968 2267 severus,

535 2315 782 2372 UtPatre
811 2305 1069 2362 defuncto
1094 2300 1220 2370 jure
1247 2297 1406 2352 Pater
1433 2293 1604 2349 ﬁeret.

469 2407 515 2462 Ο
545 2414 773 2460 concors
807 2397 820 2450 !
853 2410 886 2450 ο
915 2388 1188 2448 unanimis
1216 2381 1482 2442 sententia
1513 2380 1734 2436 fratrum
1767 2377 1780 2432 l

538 2493 677 2548 Nam
698 2501 812 2546 vox
839 2497 949 2538 una
977 2479 1083 2534 fuit
1111 2472 1375 2547 quidquid
1403 2470 1478 2525 ibi
1507 2467 1703 2524 sonuit.

467 2583 709 2640 Fratrem
740 2583 848 2630 tota
879 2569 1118 2643 phalanx
1149 2563 1402 2619 abbatem
1432 2557 1638 2629 ﬂagitat
1660 2553 1834 2609 illum.

536 2668 700 2740 Optio
730 2663 877 2720 nulla
906 2661 1153 2720 Patrum,
1186 2651 1285 2707 sed
1302 2644 1798 2740 PaterHHugo-fuit.

466 2733 615 2830 Quas
644 2751 838 2812 exinde
867 2761 1054 2803 cruces
1082 2741 1187 2797 sibi
1219 2754 1350 2794 mox
1379 2735 1633 2830 indixerit
1656 2733 1800 2830 ipse,

537 2849 641 2902 Dat
667 2841 841 2898 lorica
869 2835 1052 2903 ﬁdem,
1079 2846 1188 2902 qua
1225 2829 1366 2882 bene
1394 2841 1452 2881 se
1485 2824 1714 2879 domuit.

469 2937 623 2993 Hanc
653 2929 770 2987 tulit
800 2926 870 2981 ad
901 2935 1137 2986 carnem,
1162 2917 1290 2971 dum
1319 2915 1471 2986 luget
1497 2911 1726 2968 crimina
1754 2911 1922 2983 patris
1949 2930 1962 2971 :

537 3023 691 3078 Hanc
719 3016 840 3073 tulit
868 3012 939 3068 ad
965 3022 1210 3074 carnem,
1241 3004 1371 3058 dum
1407 3016 1504 3056 sua
1530 3000 1782 3056 membra
1813 3000 2017 3056 domat.

465 3115 610 3170 Pene
639 3107 725 3166 vel
753 3109 998 3163 orantem
1026 3096 1113 3154 vel
1143 3107 1360 3164 semper
1386 3106 1524 3163 pene
1547 3091 1836 3161 legentem,

540 3198 714 3258 Crede
743 3195 910 3250 fuisse
941 3190 1139 3252 virum,
1171 3183 1303 3240 dum
1332 3179 1580 3252 regimen
1611 3178 1779 3234 tenuit
1809 3193 1824 3248 ;

471 3294 628 3350 Nunc
651 3284 874 3345 audisse
913 3280 1108 3347 Deum,
1139 3287 1282 3330 nunc
1305 3269 1459 3326 illum
1487 3266 1849 3324 consuluisse.

540 3380 680 3436 Hinc
709 3389 854 3448 spes,
885 3368 1016 3423 inde
1039 3364 1438 3431 ﬁdes,utraque
1468 3357 1635 3448 nectit
1659 3371 1836 3448 amor.

453 3447 546 3528 De
571 3445 771 3541 pietate
800 3459 969 3516 Patris
983 3453 1224 3510 scribens
1252 3463 1520 3541 reus‘esse
1551 3445 1798 3514 videbor,

541 3537 600 3615 Si
629 3554 720 3627 qui
748 3567 810 3607 re
840 3547 972 3604 nulli
1002 3541 1162 3598 laude
1190 3537 1465 3594 secundus
1484 3543 1619 3601 erat,

468 3650 535 3706 Ei
565 3622 819 3705 referam,
852 3649 990 3707 quas
1018 3629 1156 3686 fudit
1173 3643 1308 3699 epes
1329 3627 1384 3680 in
1414 3638 1653 3695 paupere
1677 3622 1909 3689 Christo,

539 3735 627 3789 Me
654 3729 852 3786 modus
881 3719 1114 3786 excedit,
1140 3731 1225 3771 me
1245 3728 1502 3770 numerus
1529 3719 1766 3782 superat.

469 3821 716 3881 Diﬁinire
743 3825 927 3870 tamen
954 3806 1210 3871 breviter,
1242 3804 1388 3873 quod
1416 3799 1607 3867 sentio,
1631 3814 1854 3870 possum
1879 3815 1891 3863 ;

539 3911 809 3979 Tempore
826 3913 986 3957 nemo
1015 3910 1112 3951 suo
1131 3889 1402 3948 distribuit
1428 3887 1637 3979 melius.

467 4001 556 4059 Ad
580 3976 708 4054 ﬁdei
735 3990 914 4050 titulos
936 3987 1054 4059 jam
1079 3998 1224 4039 nunc
1253 3979 1472 4036 tandem
1499 3976 1802 4034 veniamus.

541 4088 782 4145 Primum
807 4083 876 4138 de
907 4077 1116 4136 Christo
1145 4071 1302 4144 signa
1329 4069 1508 4124 locum
1540 4070 1777 4122 teneant.

469 4179 644 4239 Testis
664 4175 858 4232 adesto
886 4169 986 4235 rei,
1020 4175 1076 4221 tu
1105 4161 1335 4234 septime
1359 4173 1504 4232 papa
1524 4155 1780 4228 Gregori.

538 4270 666 4324 Haec
695 4268 903 4320 secreta
926 4259 1069 4312 Deus
1088 4265 1312 4308 cernere
1341 4263 1502 4318 quem
1532 4244 1726 4300 voluit.

461 4361 602 4418 Dum
630 4358 785 4412 Pater
812 4344 1042 4418 insignis
1068 4342 1258 4396 fratres
1286 4333 1581 4406 aliquando
1603 4333 1848 4401 doceret,

533 4449 712 4504 Mores
737 4441 1052 4498 discuteret,
1081 4429 1245 4486 noxia
1273 4427 1586 4490 destrueret,

456 4543 564 4597 Iste
592 4536 678 4594 vir
706 4528 986 4604 egregius,
1017 4529 1146 4578 tunc
1172 4510 1753 4609 bypodiaconus‘urbis

531 4599 889 4683 Ildebrannus
908 4613 1103 4680 adhuc,
1135 4613 1260 4680 post
1287 4603 1372 4660 vir
1389 4599 1741 4672 apostolicus,

457 4720 606 4776 Tunc
628 4712 798 4770 Patris
827 4717 1075 4764 assessor
1101 4694 1366 4769 respexit,
1397 4698 1449 4746 et
1479 4703 1606 4746 ecce
1636 4687 1976 4762 Redemptor

525 4801 864 4861 Consedisse
884 4791 1025 4850 Patri
1058 4788 1296 4847 cernitur
1325 4799 1358 4839 a
1385 4781 1555 4838 latere
1588 4796 1604 4851 ;

454 4895 522 4952 Et
549 4889 704 4964 quasi
733 4884 957 4959 judiciis
978 4879 1169 4937 habitu
1195 4873 1454 4943 vultuque
1476 4870 1702 4940 faveret,

527 4962 621 5039 Sic
643 4976 850 5044 hilaris,
881 4969 1149 5044 placidus,
1173 4965 1357 5035 sicque
1385 4976 1607 5016 serenus
1631 4962 1774 5017 erat.

456 5073 553 5128 Cui
582 5069 671 5128 vir
687 5067 778 5122 hic
806 5074 1113 5133 assurgens,
1147 5055 1380 5110 fratrum
1412 5049 1643 5104 mirante
1671 5056 1910 5120 caterva,

526 5162 588 5214 In
608 5155 790 5212 media
815 5149 990 5206 voluit
1017 5145 1148 5202 sede
1176 5143 1362 5198 locare
1384 5139 1560 5194 Deum
1592 5155 1604 5191 :

453 5248 611 5308 Unde
635 5239 948 5314 requisitus,
970 5247 1224 5306 quaenam
1247 5229 1352 5285 sibi
1384 5243 1548 5284 causa
1578 5225 1792 5296 fuisset,

523 5333 694 5394 Patris
722 5331 837 5390 visa
865 5325 1035 5382 refert
1053 5320 1250 5379 ordine
1277 5329 1733 5374 commemorans.

448 5427 596 5487 Urbs
615 5431 700 5482 est
727 5418 901 5478 Italiae
933 5409 1207 5472 Florentia
1227 5405 1447 5464 nomine
1474 5403 1637 5474 dicta,

519 5516 618 5573 Hic
648 5511 990 5584 Stephanum
1022 5515 1221 5577 papam
1253 5497 1396 5552 fama
1424 5493 1567 5584 mori
1592 5493 1765 5549 fuerat
1797 5505 1812 5584 ς

447 5604 640 5669 Visitat
664 5581 806 5662 hunc
852 5600 1093 5662 sanctus,
1151 5584 1396 5645 medicus
1454 5581 1672 5655 sapiens
1727 5581 2050 5651 animarum,

2084 420 2142 484 Α
2240 419 2313 475 Et
2339 419 2462 476 vitae
2491 418 2716 474 verbum
2747 432 2897 490 saepe
2930 416 3198 473 ministrat
3226 417 3295 473 ei.

2171 510 2243 563 At
2271 509 2489 580 generis
2519 507 2688 563 nostri
2714 506 2949 563 crudelis
2977 511 3034 562 et
3059 506 3278 562 invidus
3309 507 3500 577 hostis,

2241 597 2376 653 Cum
2397 597 2482 651 vir
2509 604 2726 653 sanctus
2756 595 2927 664 abest,
2959 596 3078 668 ipse
3099 596 3318 653 dolosus
3340 598 3508 664 adest,

2171 685 2357 742 Terret
2386 683 2716 756 pontiﬁcem,
2741 685 2961 739 turbans
2980 685 3202 742 horrore
3231 693 3520 756 tutentem;

2245 775 2378 828 Cum
2407 772 2490 829 vir
2504 781 2725 830 sanctus
2755 772 2927 841 adest,
2959 773 3076 844 ipse
3091 775 3315 830 dolosus
3343 775 3522 829 abest.

2171 862 2378 934 Sicque
2403 869 2676 933 protracta
2697 861 2787 916 diu
2819 861 2918 916 fuit
2938 861 3221 918 alternatio
3250 879 3507 934 praesens.

2243 950 2382 1004 Tum
2414 954 2573 1021 rogat
2599 950 2824 1005 antistes
2850 966 3069 1022 semper
3097 951 3289 1008 adesse
3319 952 3525 1007 Patrem
3559 969 3576 1006 :

2173 1039 2500 1110 Obsequitur
2525 1039 2802 1109 precibus,
2835 1055 2940 1096 nec
2970 1040 3017 1095 ei
3047 1056 3108 1096 se
3137 1041 3409 1096 subtrahit
3428 1041 3591 1110 ultra,

2245 1128 2434 1183 Donec
2462 1126 2644 1182 obisse
2677 1127 2841 1196 videt,
2864 1129 3037 1183 donec
3057 1145 3180 1183 eum
3199 1131 3411 1200 sepelit.

2174 1217 2290 1272 Nec
2318 1216 2534 1271 mireris
2563 1232 2690 1271 eum
2721 1224 2960 1272 veterem
2991 1217 3269 1289 pepulisse
3299 1223 3614 1290 tyrannum,

2248 1305 2410 1375 Cujus
2440 1305 2754 1361 adhaerebat
2783 1320 2938 1361 mens
2957 1306 3279 1377 animusque
3306 1308 3422 1364 Deo
3453 1327 3467 1371 ;

2177 1394 2242 1449 Et
2271 1393 2355 1449 cui
2387 1391 2525 1448 ﬁxus
2555 1400 2689 1461 erat,
2713 1393 2798 1448 cui
2829 1400 2990 1450 nocte
3018 1393 3212 1465 dieque
3241 1397 3490 1466 vacabat,

2249 1484 2402 1537 Hunc
2431 1481 2501 1535 ab
2531 1497 2596 1537 eo
2625 1482 2829 1551 visum,
2861 1483 2988 1536 dum
3018 1483 3170 1538 locus
3191 1492 3292 1553 est,
3321 1487 3574 1542 referam.

2177 1571 2449 1627 Psallebat
2472 1571 2704 1627 Domino
2725 1571 2943 1627 frattum
2973 1571 3190 1640 chorus,
3222 1579 3278 1628 et
3307 1574 3464 1630 Pater
3481 1576 3606 1648 ipse

2247 1659 2487 1730 Aspexit
2513 1660 2780 1716 Christum
2811 1660 3045 1730 psallere
3075 1677 3197 1716 cum
3229 1663 3460 1719 cithara.

2096 1775 2148 1836 Β
2179 1747 2282 1818 Qui
2311 1748 2630 1820 singillatim
2663 1749 2812 1804 visus
2837 1756 3056 1805 cantare
3084 1766 3185 1821 per
3213 1766 3421 1820 omnes,

2249 1837 2444 1908 Implet
2471 1836 2639 1892 odore
2671 1836 2870 1906 locum,
2905 1837 3154 1893 balsama
3181 1839 3273 1911 qui
3302 1849 3537 1911 superat.

2178 1927 2293 1982 Nec
2325 1934 2375 1981 te
2396 1934 2749 1997 prmteream,
2781 1925 3012 1998 languor
3037 1927 3288 1984 simulate
3316 1945 3417 1999 per
3445 1929 3607 1986 iram.

2251 2013 2422 2084 Quem
2453 2014 2881 2070 simulatfrustra
2911 2016 3131 2071 Pontius
3157 2017 3250 2073 ille
3277 2033 3419 2073 reus.

2177 2103 2278 2160 Hic
2306 2104 2598 2174 aliquando
2631 2104 2802 2159 Patris
2831 2120 2899 2160 ne
2931 2105 3205 2177 colloquio
3237 2107 3525 2176 frueretur,

2250 2193 2506 2265 Confugit
2534 2192 2605 2247 ad
2634 2193 2852 2265 lectum,
2886 2193 3072 2267 sicque
3102 2194 3302 2250 malum
3324 2197 3540 2252 simulat
3573 2213 3590 2251 :

2177 2281 2304 2338 Non
2337 2282 2559 2353 impune
2579 2288 2761 2338 tamen
2793 2301 2805 2344 ;
2839 2298 2966 2338 nam
2990 2299 3113 2339 mox
3142 2284 3214 2340 ita
3243 2286 3488 2342 redditur
3514 2302 3690 2360 eger,

2253 2370 2453 2440 Utjam
2481 2370 2742 2427 deﬁceret
2766 2389 2907 2443 pene
2938 2373 3155 2446 loquela
3183 2375 3287 2429 sibi
3323 2394 3334 2430 :

2181 2459 2247 2516 Et
2275 2460 2374 2514 nisi
2399 2460 2480 2514 vir
2505 2468 2721 2516 sanctus
2745 2461 3004 2516 festinans
3025 2462 3228 2519 viseret
3255 2464 3427 2538 illum,

2251 2549 2391 2620 Spes
2420 2548 2581 2604 etiam
2603 2550 2730 2606 vitae
2760 2550 2908 2605 nulla
2934 2551 3305 2622 superfuerat.

2178 2636 2249 2695 Ut
2278 2645 2459 2693 tamen
2488 2653 2518 2692 a
2547 2637 2722 2708 culpis
2743 2636 3043 2694 absolvitur
3069 2657 3102 2695 a
3130 2642 3286 2698 Patre
3315 2650 3528 2714 sancto,

2248 2726 2377 2780 Mox
2411 2725 2639 2782 redeunt
2660 2728 2830 2795 vires,
2862 2727 2983 2798 ipsa
3011 2729 3226 2800 loquela
3257 2732 3420 2788 redit.

2180 2815 2255 2870 Te
2287 2830 2523 2888 quoque,
2558 2816 2648 2886 qui
2679 2816 2883 2873 solidos
2906 2817 3138 2888 injussus
3168 2819 3368 2876 habere
3397 2821 3619 2892 dedisti,

2252 2904 2327 2958 Te
2353 2904 2518 2958 Patris
2547 2914 2829 2975 expertum
2859 2906 3109 2962 novimus
3126 2908 3388 2965 auxilium
3424 2925 3437 2965 :

2176 2992 2315 3047 Nam
2348 2992 2634 3048 defunctus
2664 3009 2802 3062 eras,
2833 2995 2928 3050 sed
2957 2997 3195 3051 nondum
3217 3013 3382 3056 carne
3411 3000 3680 3074 sepultus,

2250 3080 2398 3136 Visio
2429 3098 2550 3137 cum
2571 3081 2766 3138 fratres
2796 3099 2904 3139 una
2932 3084 3068 3140 duos
3095 3087 3302 3142 monuit
3335 3106 3349 3144 :

2180 3171 2255 3225 Te
2282 3170 2432 3242 prius
2462 3170 2677 3226 absolvi
2698 3170 2991 3242 deposcere
3021 3191 3186 3246 quam
3210 3177 3452 3247 sepeliri,

2253 3259 2351 3315 Sin
2379 3260 2529 3329 alias,
2570 3260 2772 3316 donum
2801 3276 2968 3332 posse
2999 3278 3204 3320 nocere
3237 3265 3329 3320 tibi
3364 3286 3377 3320 :

2182 3349 2357 3418 thue
2385 3347 2522 3404 ﬁdes
2547 3348 2708 3406 dictis
2739 3349 2990 3406 adhiberi
3012 3362 3195 3424 posset
3222 3354 3294 3408 ab
3323 3355 3458 3426 illis,

2254 3437 2354 3492 Vir
2382 3454 2596 3510 quoque
2622 3439 2912 3512 detegitur,
2943 3439 3026 3495 cui
3057 3441 3263 3498 solidos
3293 3443 3544 3502 dederas.

2182 3526 2314 3582 Haec
2342 3527 2434 3581 ubi
2463 3534 2588 3583 sunt
2607 3537 2885 3599 comperta
2916 3530 3084 3598 Patri,
3116 3548 3238 3601 quae
3278 3542 3402 3589 vota
3458 3549 3767 3610 sequuntur

2253 3617 2334 3671 Tu
2363 3617 2556 3672 melius
2581 3616 2744 3687 nosti,
2775 3618 2858 3674 cui
2889 3618 3047 3674 datur
3062 3620 3188 3677 hinc
3211 3622 3384 3679 venia.

2181 3705 2280 3761 Est
2305 3705 2529 3761 reticere
2557 3705 2714 3761 nefas
2741 3715 2986 3762 curatum
3015 3711 3168 3767 veste
3196 3709 3494 3783 leprosum,

2254 3793 2428 3864 Quam
2458 3793 2683 3850 dederat
2709 3804 2924 3852 sanctus
2943 3799 3279 3870 compatiens
3309 3801 3531 3859 misero.

2182 3885 2301 3939 Nec
2330 3891 2565 3939 mentem
2593 3884 3120 3956 fugitmemorabilis
3138 3888 3309 3944 infula
3339 3891 3502 3961 Petri,

2255 3973 2377 4042 Qua
2405 3988 2504 4043 per
2521 3989 2644 4029 eum
2664 3972 2932 4047 languens
2957 3976 3207 4033 redditur
3227 3979 3536 4038 incolumis.

2183 4062 2340 4120 Unde
2367 4062 2556 4118 decem
2588 4061 2794 4118 solidos
2821 4063 3007 4120 decies
3037 4080 3169 4123 auro
3184 4067 3494 4140 retributos,

2254 4151 2349 4206 Vel
2378 4166 2480 4224 pro
2508 4151 2672 4208 laude
2698 4158 2810 4221 tua,
2833 4153 3212 4226 Rexinopum,
3240 4158 3435 4215 refero.

2179 4240 2254 4295 Te
2286 4241 2437 4296 Petre
2464 4257 2587 4296 cum
2606 4241 2780 4297 Paulo
2811 4242 2985 4298 Patris
3015 4243 3179 4317 hujus
3199 4246 3422 4318 epistola
3447 4249 3623 4320 ﬂexit,

2251 4329 2421 4385 Flexit
2442 4337 2739 4401 egestatem
2767 4346 2913 4401 saepe
2932 4331 3117 4388 levare
3147 4351 3298 4390 suam
3313 4375 3328 4390 .

2175 4418 2399 4491 Vosque
2419 4433 2625 4474 novum
2655 4417 2923 4489 templum
2951 4419 3179 4478 fundare
3217 4424 3430 4480 Patrem
3448 4429 3738 4486 monuistis
3764 4460 3787 4498 ,-

2078 4489 2138 4553 D
2241 4489 2334 4562 Fui
2347 4515 2474 4579 tque
2501 4523 2602 4578 per
2627 4507 2727 4563 hos
2755 4523 2945 4578 sospes
2974 4512 3204 4567 nuntius
3224 4513 3340 4584 ipse
3363 4515 3470 4571 rei.

2173 4595 2298 4664 Dic,
2329 4595 2608 4665 Cluniace,
2641 4604 2836 4652 statum
2856 4613 2964 4669 quo
2992 4605 3045 4654 te
3067 4600 3225 4655 Pater
3249 4603 3410 4675 Hugo
3435 4604 3653 4663 locavit.

2244 4685 2346 4742 Dic
2375 4701 2661 4742 numerum
2694 4685 2947 4757 fratrum,
2980 4703 3141 4758 quem
3177 4689 3710 4752 deditinnumerum.

2173 4773 2272 4830 Dic
2300 4773 2494 4843 cellas,
2526 4773 2615 4831 dic
2643 4773 2906 4831 ecclesias
2936 4793 3070 4848 quas
3099 4777 3340 4836 condidit
3367 4780 3504 4853 ipse.

2243 4862 2341 4918 Dic
2371 4879 2492 4934 quae
2519 4862 2747 4919 restituit
2768 4864 2937 4920 multa
2967 4867 3314 4924 monasteria.

2172 4949 2322 5007 Inter
2346 4959 2539 5007 cuncta
2568 4959 2774 5020 tamen,
2809 4952 3012 5023 foveas,
3045 4970 3204 5030 rogo,
3238 4958 3658 5020 Marciniacum.

2243 5041 2398 5095 Hunc
2425 5040 2480 5096 in
2501 5040 2622 5110 jure
2653 5040 2830 5097 locum
2859 5043 3137 5100 constituit
3166 5048 3362 5119 patrio.

2168 5130 2300 5187 Haac
2327 5127 2515 5186 statuit
2543 5128 2746 5187 servire
2773 5130 2888 5189 Deo
2917 5143 3137 5190 sanctas
3165 5136 3444 5208 mulieres,

2237 5219 2308 5274 Et
2333 5219 2462 5275 Jesu
2488 5219 2644 5275 Matri
2673 5220 2991 5278 continuare
3018 5222 3210 5278 melos.

2165 5307 2246 5364 Tu
2275 5324 2489 5380 quoque
2518 5307 2799 5380 spirituum
2831 5309 3112 5380 discretor,
3135 5311 3366 5384 Spiritus
3389 5313 3554 5388 alme,

2235 5398 2297 5451 In
2326 5395 2694 5454 discernendis
2719 5413 2830 5453 non
2854 5397 3049 5455 deeras

2162 5482 2300 5541 Hinc
2328 5491 2408 5542 est
2428 5484 2572 5556 quod
2593 5492 2812 5543 sanctus
2831 5487 3046 5546 cuidam
3065 5498 3234 5563 negat
3260 5491 3446 5550 oscula
3474 5493 3649 5568 fratri,
3727 5562 3734 5568 _

2234 5574 2407 5645 Quem
2438 5591 2545 5633 non
2572 5576 2952 5652 presbyterum
2980 5577 3314 5642 sacriﬁcasse
3340 5583 3561 5658 probat.
