4032 6078
253 353 356 408 909

251 475 392 529 Hinc
412 473 483 529 de
506 473 842 544 pauperibus
871 472 1076 529 zelatus
1104 472 1328 544 corripit
1352 487 1540 538 unum,

323 562 421 616 Cui
453 561 815 616 damnabatur
841 561 1006 616 luxus
1035 569 1088 616 et
1117 561 1379 616 ebrietas.

249 652 389 706 Tum
419 650 671 706 meditate
701 649 908 720 fugam,
942 665 1103 720 quem
1135 650 1400 720 praevenit
1427 648 1544 720 ipse
1571 647 1784 715 beatus,

325 739 462 793 Hinc
491 753 706 808 quoque
734 737 943 792 sensisti
972 754 1068 793 cor
1095 738 1332 808 patuisse
1358 746 1528 792 tuum.

254 826 351 882 Ille
379 827 662 882 Tolosana:
681 827 969 880 Durannus
995 827 1280 897 episcopus
1305 826 1481 893 urbis,

331 919 376 968 Α
407 923 562 987 patre
589 921 713 984 post
741 913 970 982 obitum,
995 913 1128 986 quid
1158 915 1352 981 lueret,
1383 913 1598 969 didicit.

262 1004 594 1074 Spumosum
628 1003 806 1070 labiis,
837 1003 908 1058 ob
937 1003 1106 1058 verba
1134 1004 1408 1059 moventia
1437 1002 1628 1069 risum,

334 1092 406 1146 Se
438 1092 554 1147 fore
583 1092 914 1147 cernendum
945 1090 1188 1158 cuilibet,
1212 1091 1458 1146 edidicit.

259 1178 364 1248 Qui
393 1179 550 1235 simul
581 1197 645 1236 ac
674 1179 824 1248 obiit,
858 1181 1072 1236 cuidam
1103 1179 1172 1235 de
1202 1189 1359 1235 nocte
1380 1179 1636 1251 Signino,

331 1268 609 1340 Spumeus
634 1276 878 1338 apparet,
909 1269 1051 1323 dicta
1081 1268 1263 1324 Patris
1291 1282 1625 1324 memorans.

257 1357 333 1412 At
362 1358 482 1428 pius
510 1366 563 1413 et
589 1358 803 1428 sapiens
830 1357 1179 1429 medicusque
1208 1372 1378 1429 sagax
1405 1357 1736 1423 animarum,

328 1445 620 1513 Fratribus,
653 1452 710 1500 ut
739 1445 953 1514 sileant,
983 1445 1236 1516 imperat,
1266 1443 1686 1500 hebdomadam.

267 1533 544 1590 Fratribus
572 1537 677 1590 hoc
706 1542 914 1603 septem
947 1534 1134 1588 statuit
1158 1554 1175 1598 ς
1205 1533 1300 1589 sed
1330 1533 1562 1604 negligit
1593 1549 1756 1601 unus,

338 1621 501 1690 Quod
531 1623 721 1692 reliqui
752 1630 990 1691 servant,
1023 1638 1126 1677 nec
1156 1630 1334 1678 tamen
1358 1623 1463 1677 hoc
1493 1621 1673 1676 latuit.

255 1712 470 1766 Rursus
502 1711 647 1765 enim
675 1711 872 1781 praesul
903 1710 1122 1766 fratrem
1153 1709 1408 1781 repetivit
1439 1710 1715 1778 eumdem,

324 1800 395 1854 Et
425 1808 768 1871 transgressa
799 1800 967 1854 Patris
989 1799 1112 1868 jura
1141 1807 1339 1854 statuta
1368 1798 1556 1854 refert.

254 1889 326 1945 Se
356 1889 486 1944 satis
514 1889 771 1959 adjutum
805 1887 948 1958 quod
979 1904 1077 1942 sex
1107 1895 1326 1943 tacuere
1354 1887 1561 1953 fideles,

329 1977 435 2032 Sed
465 1977 610 2047 quod
641 1977 818 2032 adhuc
844 1983 1030 2044 restat,
1065 1975 1326 2046 septimus
1353 1975 1622 2045 impediit.

257 2066 355 2121 llis
381 2067 540 2120 Pater
567 2065 824 2136 acceptis,
858 2065 1058 2120 solidat
1086 2081 1209 2136 qua:
1239 2064 1412 2119 fracta
1443 2063 1680 2131 fuerunt,

333 2156 434 2210 Per
465 2153 688 2210 totidem
723 2153 923 2209 fratres
951 2159 1116 2225 atque
1144 2169 1240 2225 per
1264 2153 1690 2208 hebdomadam.

257 2245 409 2299 Tunc
437 2243 578 2298 redit
604 2243 850 2310 antistes,
883 2257 983 2298 nec
1007 2245 1120 2311 jam
1150 2241 1432 2308 deformis,
1464 2249 1523 2295 ut
1551 2247 1696 2306 ante,

329 2329 439 2387 Sed
469 2331 652 2400 specie
680 2331 919 2386 retinens
947 2339 1106 2400 atque
1136 2331 1368 2386 decorus
1396 2337 1511 2384 erat
1535 2347 1549 2383 :

267 2420 351 2475 Ne
380 2421 680 2475 monachus
707 2420 885 2487 fieres,
918 2435 951 2474 o
981 2419 1200 2483 clerice,
1234 2434 1458 2474 carcere
1487 2426 1630 2474 truse
1661 2419 1674 2471 ε

331 2510 426 2577 Te,
459 2509 637 2576 Pater,
669 2508 919 2580 angelico
951 2507 1141 2562 liberat
1169 2507 1387 2562 auxilio.

262 2597 437 2666 Quem
468 2613 661 2667 parere
694 2598 834 2652 Patri
865 2597 1034 2652 cruris
1061 2595 1222 2652 dolor
1249 2594 1607 2666 impediebat,

333 2686 506 2758 Ipsius
534 2686 602 2742 ad
629 2701 828 2741 nomen
857 2685 1094 2756 prOpulit
1125 2686 1244 2756 ipse
1274 2685 1498 2739 malum.

261 2775 465 2831 Mensae
496 2775 738 2846 reliquiis
764 2775 963 2830 multos
985 2789 1210 2829 curasse
1237 2773 1488 2841 refertur,

331 2865 437 2919 Res
459 2881 519 2919 ea
554 2880 717 2935 quam
749 2864 932 2936 tetegit
963 2879 1110 2934 saepe
1140 2863 1354 2918 medela
1385 2863 1502 2918 fuit.

262 2953 366 3017 Tu,
394 2954 626 3009 contrite
653 2969 809 3023 puer,
841 2953 930 3024 qui
963 2952 1057 3006 vix
1088 2953 1293 3022 spirare
1321 2951 1565 3020 valebas,

334 3043 414 3096 Tu
443 3041 700 3111 precibus
732 3042 902 3096 Patris
931 3040 1108 3096 factus
1137 3056 1198 3095 es
1231 3040 1544 3096 incolumis.

263 3130 439 3199 Quem
472 3130 715 3202 requiem
746 3130 950 3184 nullam
981 3129 1137 3200 pedis
1168 3130 1333 3184 ardor
1380 3129 1579 3184 habere
1631 3129 1858 3199 sinebat,

334 3218 456 3287 Qua
489 3221 654 3274 Pater
681 3223 762 3273 est
792 3219 930 3274 lotus
957 3217 1234 3273 convaluit
1263 3233 1362 3289 per
1391 3232 1614 3288 aquam.

262 3307 437 3376 Quam
467 3307 660 3362 frustra
690 3315 894 3373 sancto,
926 3306 1082 3362 miles
1111 3305 1362 3373 Berarde,
1393 3306 1648 3360 minaris!

330 3396 484 3465 Orat,
511 3403 562 3452 et
591 3396 814 3461 insanis,
845 3397 975 3450 dum
1005 3396 1219 3452 veniam
1250 3395 1455 3449 tribuit.

261 3486 404 3556 Quid
436 3486 554 3555 tibi,
589 3485 910 3552 Briderium,
942 3485 1068 3555 quid
1096 3483 1297 3555 profuit
1326 3481 1418 3537 illa
1449 3481 1644 3554 rapina
1673 3482 1702 3536 ?

330 3575 452 3644 Qua
478 3574 687 3630 meritis
707 3573 877 3630 sancti
905 3574 1120 3630 coalitus
1147 3573 1274 3644 igne
1291 3571 1456 3643 peris.

260 3665 419 3720 Nunc
448 3665 501 3719 in
523 3664 750 3720 consilio
775 3671 1006 3736 quantus
1036 3663 1135 3717 fuit
1162 3663 1262 3717 iste
1291 3662 1498 3728 beatus,

333 3754 632 3824 Expediam
662 3752 922 3820 breviter,
955 3767 1188 3821 namque
1217 3751 1392 3822 placet
1421 3748 1675 3805 brevitas.

263 3841 521 3898 Fulmina
548 3841 738 3900 crebra
770 3841 868 3897 diu
899 3841 1185 3896 Clusenses
1213 3838 1608 3909 percutiebant,

332 3935 506 4002 Atque
536 3933 694 3986 Pater
721 3933 946 3986 sanctus
970 3929 1270 3985 consulitur
1299 3943 1460 3997 super
1489 3927 1593 3980 his.

262 4020 358 4090 Te,
390 4021 532 4076 bone
566 4021 830 4088 Laurenti,
864 4027 934 4087 te,
964 4025 1194 4089 propter
1222 4016 1449 4072 Ctesaris
1476 4016 1632 4087 ignes

333 4109 484 4178 Quos
511 4109 652 4166 bene
679 4108 874 4177 vicisti,
907 4115 977 4177 te,
1006 4107 1163 4178 jubet
1192 4107 1282 4162 hic
1311 4103 1501 4161 recoli.

1816 347 1971 404 VITA
1985 389 1998 402 .

1874 477 1928 536 Α
1959 473 2038 527 Te
2065 472 2194 528 satis
2222 475 2326 528 hos
2353 473 2510 546 ignes
2539 473 2777 532 afﬁrmat
2798 491 2960 546 posse
2989 475 3199 548 fugare,

3453 359 3554 411 940

2031 561 2202 618 Nocte
2231 563 2407 632 deque
2439 571 2585 618 tuum
2617 563 2663 618 si
2690 564 2969 620 celebrent
2999 567 3274 620 meritum.

1961 648 2314 719 Complentur
2341 652 2593 706 mandata
2623 653 2813 716 Patris,
2873 669 3000 710 mox
3054 654 3282 710 fulmina
3329 661 3562 733 cessant,

2033 737 2098 790 Et
2126 738 2203 794 sic
2232 739 2322 793 ille
2355 740 2500 794 locus
2530 749 2811 809 permanet
2839 741 3046 811 absque
3076 750 3240 797 metu.

1963 823 2100 889 Quae
2129 825 2214 881 vel
2245 834 2443 896 quanta
2471 827 2564 896 pio
2595 827 2756 882 fuerit
2787 829 3043 884 discretio
3077 829 3241 899 Patri,

2033 913 2184 968 Unus
2212 913 2284 968 de
2310 913 2496 969 multis
2527 915 2705 986 Guigo
2734 932 2920 971 comes
2951 917 3221 988 perhibet.

1966 1001 2073 1056 Hic
2103 1003 2426 1058 monachum
2458 1001 2569 1058 fieri
2596 1005 2786 1072 jurans
2817 1021 2874 1059 se
2905 1021 3063 1076 posse
3093 1006 3349 1077 negabat,

2035 1089 2104 1144 Ni
2135 1090 2294 1146 liceat
2326 1098 2532 1147 vestem
2564 1091 2700 1146 ferre
2732 1093 2877 1147 velut
2907 1094 3143 1148 comitis.

1968 1178 2201 1233 Praebuit
2228 1194 2508 1234 assensum
2537 1188 2768 1246 sanctus,
2802 1181 3162 1251 comitemque
3193 1182 3456 1239 lucratur.

2039 1267 2136 1322 Ille
2167 1267 2318 1322 brevi
2343 1268 2520 1338 spatio
2550 1268 2628 1324 sic
2657 1271 2952 1324 monachus
2981 1270 3226 1337 moritur,

1969 1354 2147 1426 thue
2174 1356 2286 1410 viro
2316 1359 2506 1412 sancto
2535 1357 2798 1426 perfectio
2828 1357 2972 1412 nulla
3004 1359 3243 1415 deesset.

2041 1445 2160 1512 Ipse
2190 1453 2558 1514 peremptores
2589 1445 2759 1500 fertur
2785 1461 2994 1502 amasse
3015 1448 3208 1516 patris,

1970 1533 2138 1587 Morte
2168 1533 2464 1588 cruentatis
2494 1534 2734 1590 fraterna
2766 1534 2939 1589 factus
2969 1536 3199 1606 asylum,

2042 1620 2220 1676 Credo
2249 1636 2348 1676 nec
2365 1621 2469 1676 hoc
2498 1622 2640 1677 facto
2671 1637 2802 1694 rege
2832 1623 3006 1678 David
3029 1624 3209 1678 minor
3243 1631 3344 1678 est.

1970 1709 2051 1763 De
2081 1708 2248 1763 Patris
2279 1710 2393 1765 hac
2423 1710 2647 1777 meritis,
2683 1711 2800 1766 haec
2828 1711 2896 1766 de
2925 1712 3210 1768 virtutibus
3240 1712 3373 1780 ejus,

1887 1829 1942 1890 Β
2040 1797 2201 1852 Edita
2230 1796 2505 1852 sufficiant
2537 1817 2551 1866 ;
2581 1814 2722 1855 nunc
2741 1799 2952 1854 obitum
2980 1800 3237 1856 referam.

1972 1886 2106 1941 Cum
2136 1885 2546 1942 celebrarentur
2575 1888 2843 1942 Paschalis
2875 1888 3019 1943 festa
3048 1888 3330 1959 triumphi,

2037 1975 2125 2028 Ex
2153 1990 2260 2045 quo
2292 1975 2459 2046 Virgo
2489 1976 2659 2029 Deum
2691 1991 2854 2030 carne
2883 1984 3057 2031 satum
3088 1977 3321 2049 peperit,

1966 2062 2205 2117 Millenis
2233 2064 2388 2118 annis
2416 2071 2739 2134 centumque
2767 2079 3069 2134 novemque
3090 2066 3343 2136 peractis,

2040 2151 2187 2205 Felix
2221 2151 2311 2206 ille
2341 2167 2508 2206 senex
2532 2152 2738 2206 transiit
2767 2152 2836 2206 ad
2865 2153 3132 2223 requiem.

1970 2238 2136 2308 Cujus
2167 2239 2234 2293 ad
2265 2240 2557 2310 exsequias
2586 2240 2666 2295 vir
2696 2241 2915 2311 quidam
2947 2241 3252 2313 religiosus,

2036 2329 2214 2382 Mente
2250 2327 2468 2400 quidem
2499 2329 2720 2399 rapitur,
2751 2329 2845 2384 sed
2877 2330 3063 2400 procul
3092 2331 3211 2400 ipse
3241 2346 3482 2397 manens,

1966 2416 2138 2472 Trans
2167 2431 2341 2486 mare,
2369 2417 2776 2473 Northmaunos
2805 2419 2950 2487 quod
3000 2418 3194 2474 dividit
3251 2427 3415 2492 atque
3466 2419 3578 2474 Bri-

3311 2507 3326 2579 [
3355 2517 3576 2578 tannos,

2041 2594 2156 2649 Hoc
2187 2593 2395 2664 positus
2424 2593 2578 2661 vidit,
2611 2593 2756 2665 quod
2787 2595 3072 2650 Cluniacus
3100 2595 3242 2667 agit.

1970 2682 2166 2738 Luctus
2195 2683 2395 2753 ubique
2423 2691 2605 2751 sonat,
2634 2701 2908 2755 nusquam
2939 2683 3038 2738 nisi
3069 2684 3313 2754 planctus
3345 2683 3573 2739 habetur

2039 2771 2126 2824 Nil
2153 2770 2271 2825 sine
2299 2771 2539 2842 singultu
2570 2771 2806 2826 cernitur
2837 2779 2929 2827 aut
2957 2773 3185 2843 gemitu.

1973 2859 2210 2913 Adnotat
2237 2875 2369 2930 ergo
2400 2860 2563 2928 diem,
2595 2874 2702 2929 quo
2725 2868 2938 2914 sanctus
2971 2859 3153 2915 obisse
3186 2868 3420 2931 putatur,

2047 2948 2308 3017 Huncque
2337 2947 2489 3003 brevi
2520 2948 2692 3018 spatio
2722 2949 3042 3018 comprobat
3072 2965 3192 3004 esse
3223 2949 3389 3014 diem,

1970 3035 2126 3090 Unde
2155 3035 2383 3105 grabata
2405 3036 2536 3104 duo,
2567 3051 2684 3106 quae
2713 3037 3061 3106 portabantur
3091 3037 3159 3090 ad
3189 3045 3354 3106 astra,

2055 3124 2130 3178 Ut
2158 3124 2338 3179 senior
2384 3125 2609 3193 quidam
2639 3125 2755 3178 visa
2784 3125 2972 3191 refert,
3007 3141 3326 3180 memorem.

1898 3169 1946 3232 Ο
1977 3211 2228 3267 Ρτωευιίε
2256 3169 2520 3278 Anselmi,
2552 3227 2660 3282 quo
2690 3213 2920 3282 praesule
2952 3169 3139 3266 flantis
3167 3212 3392 3283 gaudet,

2047 3301 2181 3354 Esse
2212 3298 2511 3366 ferebatur,
2544 3301 2637 3368 qui
2667 3300 2817 3368 prior
2845 3308 2923 3354 est
2960 3299 3169 3354 locutus
3194 3317 3207 3360 ;

1974 3387 2188 3458 Quippe
2212 3387 2482 3442 secundus
2511 3395 2646 3457 erat,
2678 3387 2850 3442 sancti
2883 3387 3045 3441 Patris
3071 3401 3186 3441 esse
3219 3387 3422 3441 futurus

2044 3474 2445 3541 Insinuabatur,
2479 3483 2602 3545 post
2629 3483 2809 3530 tamen
2839 3483 2961 3530 octo
2991 3475 3135 3530 dies.

1971 3563 2104 3618 Visa
2135 3563 2270 3619 ﬁdes
2298 3565 2562 3633 sequitur,
2594 3578 2720 3618 nam
2749 3571 3033 3634 postquam
3064 3563 3261 3632 praesul
3291 3563 3480 3631 obivit,

2042 3653 2246 3708 Octavo
2277 3660 2522 3708 sanctum
2552 3661 2762 3708 constat
2791 3652 2971 3708 obisse
3001 3651 3108 3707 die.

1968 3741 2067 3798 Hic
2094 3741 2341 3813 regimen
2367 3756 2580 3796 sacrum
2611 3740 2788 3796 lustris
2819 3741 2985 3796 tenuit
3008 3739 3297 3810 duodenis,

2037 3829 2191 3885 Adde
2221 3830 2358 3885 duos
2387 3845 2627 3898 menses,
2662 3829 2898 3900 insuper,
2943 3837 3067 3884 octo
3101 3831 3234 3901 dies.

1967 3918 2116 3986 Haec,
2151 3918 2305 3974 Pater
2332 3919 2511 3988 Hugo,
2543 3917 2620 3972 tui
2647 3918 2905 3974 Rainaldi
2935 3918 3079 3974 dicta
3108 3917 3343 3987 nepotis,

2044 4005 2292 4077 Suscipe,
2326 4021 2536 4076 quaeso,
2569 4005 2678 4077 pie,
2711 4021 2905 4077 meque
2937 4014 3106 4074 tuere,
3143 4007 3324 4063 Pater.

1444 4481 1990 4586 EPITOME
2043 4479 2382 4588 VITZE

255 4679 357 4748 Ab
392 4673 679 4748 Ezelone
706 4679 902 4760 atque
931 4673 1168 4742 Gitone
1198 4673 1550 4740 monachis
1582 4670 2140 4738 Cluniacensibus
2172 4670 2483 4760 proxime
2512 4668 2595 4736 ab
2628 4663 2810 4737 obito
2835 4665 3043 4737 sancti
3099 4664 3384 4756 scriptae,
3444 4683 3565 4755 per

1497 4767 1926 4835 anonymum
1971 4755 2309 4833 excerpta.

735 4896 822 4954 Ex
842 4908 949 4954 ms.
983 4887 1287 4950 Bodecemt
1305 4890 1368 4946 in
1399 4881 1628 4946 diwcesi
1656 4885 2108 4946 Paderbornemi
2137 4888 2305 4944 eruta
2334 4901 2368 4942 a
2391 4879 2612 4943 Joanne
2645 4883 2846 4941 Games
2871 4883 2943 4940 S.
2984 4886 3060 4954 Ι.)

1697 5059 2018 5075 W

328 5224 381 5279 ί.
412 5220 603 5278 Beatus
630 5219 791 5293 Hugo
844 5215 1016 5273 abbas
1072 5211 1458 5284 Cluniacensis,
1490 5209 1843 5286 Augustodu-
1873 5190 1931 5257 D
1961 5208 2247 5267 missarum
2276 5204 2540 5266 solemnia
2569 5203 2822 5266 attentius
2850 5218 3152 5283 peroraret,
3211 5220 3263 5271 et
3319 5211 3373 5271 in
3427 5228 3564 5275 con-

255 5313 442 5370 neusis
470 5310 731 5384 indigena
760 5307 880 5376 fuit,
913 5304 1081 5361 nobili
1110 5321 1331 5378 genere,
1376 5310 1532 5374 patre
1587 5300 1859 5356 Dalmatia

255 5400 546 5469 consulari,
577 5399 698 5456 viro
728 5395 938 5453 bellicis
965 5394 1130 5450 rebus
1177 5394 1401 5449 intento.
1460 5391 1632 5461 Hujus
1686 5395 1859 5444 mater

253 5491 502 5565 gravida,
533 5503 659 5545 cum
688 5485 744 5540 in
771 5492 930 5557 partu
958 5482 1197 5556 graviter
1224 5481 1517 5546 laboraret,
1567 5477 1857 5549 quemdam

253 5578 596 5636 sacerdotem
622 5575 962 5648 religiosum,
997 5586 1095 5644 pro
1126 5572 1212 5626 sui
1239 5568 1558 5626 liberatione
1588 5575 1639 5623 et
1677 5566 1856 5623 nasci-

257 5669 358 5725 turi
387 5667 581 5736 salute,
633 5664 860 5721 missam
915 5660 1195 5719 celebrare
1248 5657 1511 5715 exoravit.
1570 5657 1673 5726 Qui
1728 5656 1855 5713 dum

1963 5298 2312 5371 templatione
2343 5312 2664 5368 suspensus,
2697 5315 2859 5370 super
2887 5301 3244 5372 semetipsum
3306 5307 3562 5362 sustolle-

1964 5395 2129 5456 retur,
2162 5386 2364 5444 vidisse
2393 5386 2450 5440 in
2480 5385 2649 5442 calice
2681 5387 2872 5457 fertur,
2904 5389 2990 5444 cui
3020 5391 3293 5446 ardentius
3347 5392 3564 5449 incum-

1964 5476 2151 5544 bebat,
2183 5473 2427 5545 speciem
2455 5474 2780 5545 infantilem,
2813 5492 2978 5547 super
3005 5477 3302 5533 humanum
3343 5482 3564 5539 modum

1959 5565 2279 5622 radiantem.
2312 5562 2491 5635 Digna
2519 5580 2741 5634 prorsus
2800 5565 2953 5634 visio,
2987 5574 3039 5621 et
3112 5583 3236 5624 vere
3307 5585 3563 5644 przesaga

1963 5653 2147 5723 futuri,
2179 5651 2232 5709 in
2258 5652 2428 5711 calice
2457 5654 2707 5727 apparuit
2734 5653 2974 5711 nondum
2995 5662 3172 5726 natus,
3204 5656 3293 5729 qui
3324 5658 3393 5714 ab
3423 5661 3564 5720 ado-
