4032 6078
359 178 466 233 913

1919 168 2106 224 VITA.

3563 183 3670 240 914·

351 299 618 357 severitas
647 297 918 354 excedens
964 296 1278 351 haberetur.
1321 295 1522 367 Spiritu
1552 311 1680 351 vero
1708 296 1950 367 prophe-
1982 293 2039 358 Α
2069 295 2216 364 dam,
2248 295 2492 367 seipsum
2543 297 2598 351 in
2630 298 2864 370 quadam
2894 298 3026 357 silva
3055 301 3266 358 necavit
3295 320 3306 357 :
3341 313 3458 360 erat
3485 313 3661 361 tamen

355 389 446 446 tiae
491 388 803 444 discernere
863 387 918 440 in
975 384 1198 440 novitiis
1225 385 1454 451 solebat,
1482 385 1574 456 qui
1624 393 1809 439 essent
1837 385 1956 440 fru-

354 477 521 532 menti
566 476 864 532 stabilitate
917 473 1206 540 solidandi,
1265 481 1316 526 et
1358 472 1449 542 qui
1504 481 1757 544 tanquam
1789 473 1957 542 paleae

355 566 547 638 spiritu
580 564 824 636 maligno
874 561 1198 618 ventilandi.
1238 561 1488 630 Quodam
1530 577 1660 616 vero
1691 569 1953 631 tempore,

353 671 480 711 cum
511 662 649 710 essct
667 653 812 723 apud
834 650 1240 715 Marciniacum,
1272 650 1525 717 adjuncto
1553 649 1656 704 sibi
1688 648 1956 720 prazclaro

350 742 612 800 Anselmo
697 739 1066 796 Cantuariensi
1113 738 1543 808 archiepiscopo,
1593 737 1683 807 qui
1737 745 1957 808 propter

341 831 609 904 justitiam
639 830 708 884 ab
756 828 1228 900 archiepiscopatu
1275 834 1519 882 semotus
1548 825 1954 895 jucundabatur

346 921 470 990 ejus
495 920 708 987 solatio,
764 917 944 973 divina
987 917 1318 973 revelatione
1354 915 1682 982 admonitus,
1716 922 1949 970 mortem

336 1007 610 1066 Willelmi
652 1007 800 1080 regis
826 1006 1038 1079 Angliae
1069 1012 1504 1060 momentaneam
1535 1002 1942 1074 praenuntiavit;
1969 1028 1973 1033 ι

336 1104 394 1154 et
423 1105 479 1150 ut
521 1095 864 1166 pmdixerat,
914 1093 1128 1149 accidit.
1162 1095 1298 1148 Nam
1343 1093 1472 1148 dum
1503 1092 1594 1147 ille
1647 1108 1749 1162 per
1775 1092 1948 1146 saltus

339 1187 562 1258 fugaces
612 1199 800 1240 servos
852 1183 1113 1255 sagittare
1156 1182 1405 1254 gestiret,
1467 1181 1740 1253 saggitam
1769 1179 1946 1235 subito

338 1274 398 1330 in
426 1274 592 1330 corde
621 1271 855 1344 suscepit
885 1285 990 1342 qua
1020 1269 1177 1325 miles
1215 1287 1346 1326 suus
1373 1285 1594 1325 cervum
1623 1267 1944 1338 impetebat.

344 1363 472 1420 Alio
503 1369 770 1432 tempore,
830 1375 956 1416 cum
999 1359 1260 1414 dormiret
1316 1358 1460 1414 idem
1491 1360 1667 1425 Pater,
1726 1355 1863 1412 vidit
1891 1355 1945 1410 in

338 1465 534 1507 somno
564 1449 664 1504 sub
693 1448 872 1519 capite
901 1463 998 1504 suo
1027 1447 1231 1504 cubare
1277 1447 1609 1517 serpentium
1643 1444 1944 1500 multitudi-

344 1554 474 1594 nem
499 1546 552 1594 et
582 1539 814 1592 ferarum
839 1554 851 1598 ;
886 1535 978 1608 qui
1007 1538 1108 1590 sub
1138 1535 1317 1606 capite
1358 1535 1636 1592 excutiens
1664 1543 1717 1591 et
1747 1537 1944 1606 exqui-

2065 384 2362 440 iracundiaa
2418 386 2619 457 gravis,
2681 403 2786 456 qua
2826 389 2945 458 ejus
2995 390 3371 462 complexione
3431 401 3662 450 tentator

2065 472 2346 541 excitatus,
2381 472 2520 529 forte
2551 473 2866 545 praevaluit.
2894 477 3066 546 Hujus
3089 479 3271 534 anima
3299 480 3367 535 ad
3393 481 3658 550 judicium

2062 569 2238 631 rapta,
2269 569 2664 627 accusatorem,
2716 566 3144 633 praetendentem
3193 569 3339 638 (107)
3383 569 3662 628 cultellum

2062 649 2419 716 necatorium,
2479 651 2736 706 infestum
2791 652 2998 707 habuit.
3056 655 3216 709 Miser
3243 672 3353 712 suae
3396 657 3660 731 prodigus

2062 737 2279 804 animae,
2323 746 2513 793 exutus
2569 757 2601 794 a
2630 739 2858 808 cuculla,
2920 742 3219 812 apostolica
3274 744 3660 804 intercessione

2061 825 2290 882 obtinuit
2347 835 2610 898 quatenus
2667 836 2790 883 ante
2845 828 3124 884 introitum
3181 832 3402 888 claustri
3447 834 3660 890 Cluniao

2061 915 2242 969 censis
2273 923 2380 969 tam
2431 915 2522 970 diu
2553 924 2814 984 maneret,
2849 917 3118 972 cucullam
3149 919 3356 976 habens
3387 923 3444 977 in
3472 923 3654 978 mani-

2057 1001 2176 1070 bus,
2231 1003 2406 1060 donec
2457 1004 2710 1073 precibus
2767 1005 2825 1059 S.
2871 1005 3118 1077 Hugonis
3173 1015 3225 1063 et
3254 1009 3480 1066 fratrum
3507 1011 3657 1072 illam

2061 1100 2362 1170 mereretur
2386 1092 2608 1148 induere
2652 1101 2704 1147 et
2732 1093 2980 1148 ordinem
3027 1112 3181 1151 suum
3226 1099 3486 1169 recipere.
3522 1100 3656 1170 Qua:

2055 1168 2284 1236 dicimus
2336 1180 2504 1236 frater
2558 1180 2780 1252 quidam
2810 1181 2866 1236 in
2893 1182 3102 1239 visione
3159 1168 3517 1257 conspiciens,
3547 1168 3654 1246 do-

2054 1268 2202 1323 mino
2233 1267 2414 1324 abbati
2446 1268 2711 1326 nuntiavit
2736 1288 2747 1333 ;
2798 1285 2907 1325 non
2937 1278 3118 1326 tamen
3146 1274 3328 1329 statim
3360 1283 3420 1330 ut
3447 1277 3653 1336 debuit.

2053 1356 2322 1426 Quocirca
2375 1358 2432 1412 in
2481 1364 2721 1428 tempore
2784 1358 3168 1431 Rogationum,
3227 1364 3480 1434 quoniam
3537 1383 3659 1438 qua

2051 1445 2265 1500 viderat
2338 1445 2585 1500 nuntiare
2641 1445 2939 1516 distulerat,
2997 1449 3310 1516 verberibus
3356 1453 3542 1525 utique
3589 1456 3659 1514 ad

2049 1532 2444 1605 propalandum
2500 1534 2817 1606 compulsus
2849 1544 2964 1600 est;
2997 1537 3209 1594 caeteris
3254 1539 3322 1593 ad
3353 1543 3654 1611 processio~

341 1642 470 1684 rens
520 1626 822 1696 supposita,
882 1624 1085 1680 invenit
1141 1624 1344 1678 librum
1402 1624 1639 1680 Maronis
1697 1625 1838 1681 forte
1866 1626 1940 1680 ibi
1975 1647 2030 1707 Β
2057 1638 2184 1678 nem
2238 1623 2510 1691 euntibus,
2569 1623 2720 1679 solus
2774 1626 2831 1679 in
2897 1626 3062 1682 choro
3119 1627 3399 1697 remansit,
3469 1638 3658 1701 utpote

344 1717 694 1773 collocatum.
752 1715 876 1770 Mox
916 1714 1130 1784 abjecto
1182 1713 1427 1769 saeculari
1481 1713 1672 1769 codice
1722 1713 1777 1767 in
1806 1730 1941 1785 pace

338 1805 570 1879 quievit,
601 1803 966 1876 cognovitque
1021 1801 1244 1857 modum
1274 1801 1516 1858 materia:
1545 1802 1692 1871 libri,
1738 1802 1944 1860 visioni

334 1902 620 1966 congruae,
672 1907 854 1962 quem,
879 1890 1312 1946 obscenitatibus
1341 1899 1395 1944 et
1441 1890 1720 1962 gentilium
1753 1892 1946 1947 ritibus

345 1983 588 2052 plenum,
649 1981 933 2053 indignum
975 1984 1093 2035 erat
1143 1979 1401 2034 cubiculo
1445 1979 1618 2035 sancti
1676 1980 1775 2036 viri
1803 1980 1941 2036 sub-

341 2070 527 2126 sterni.
589 2069 823 2138 Quidam
881 2068 1066 2137 frater,
1126 2067 1343 2123 nomine
1374 2069 1660 2123 Durannus
1715 2069 1784 2125 de
1813 2070 1943 2125 Bro-

337 2159 446 2214 don
478 2159 650 2230 (104),
686 2158 832 2230 prius
876 2157 1044 2212 idiota
1073 2172 1362 2228 apparens,
1397 2157 1752 2228 postmodum
1783 2158 1939 2228 Moy-

333 2247 511 2303 sensis
540 2248 712 2302 abbas
741 2262 847 2302 non
877 2246 1231 2319 incongruus,
1269 2246 1468 2301 dehinc
1509 2247 1584 2301 ad
1610 2247 1941 2302 Tolosanum

333 2337 711 2408 episcopatum
759 2336 1039 2406 sapientiae
1070 2335 1439 2406 prrerogativa
1466 2339 1770 2405 promotus,
1804 2337 1943 2391 inter

335 2426 626 2496 operarios
677 2425 1022 2497 agricultura:
1067 2424 1166 2478 Dei
1197 2423 1389 2479 merito
1431 2425 1811 2481 sollicitudinis
1847 2427 1938 2480 in-

335 2514 548 2570 dustria
578 2513 796 2570 claruit.
831 2513 949 2580 Hic,
972 2513 1392 2584 circumspectus
1418 2529 1514 2585 per
1542 2521 1753 2581 caetera,
1774 2515 1943 2570 verba

327 2603 493 2659 risum
525 2602 793 2657 moventia
839 2619 985 2673 saape
1035 2602 1299 2657 incautius
1342 2601 1672 2674 proferebat.
1721 2602 1842 2671 Qua
1871 2604 1940 2660 de

332 2691 745 2747 revenerandus
807 2691 959 2745 Pater
987 2691 1146 2762 Hugo
1167 2690 1445 2746 multoties
1475 2707 1599 2746 eum
1628 2691 1936 2763 increpans,

341 2795 444 2834 nec
473 2779 604 2833 satis
628 2777 938 2848 proﬁciens,
971 2779 1040 2832 de
1089 2779 1266 2833 futuro
1312 2779 1668 2834 interminans
1694 2781 1938 2852 pr0phe-

333 2867 436 2922 tice
492 2867 569 2922 sic
618 2867 832 2938 inquit:
892 2889 912 2914 α
987 2866 1164 2932 Certe,
1227 2866 1390 2922 frater
1443 2867 1778 2935 charissima,
1829 2865 1942 2924 nisi

2061 1711 2310 1767 claudus.
2343 1712 2610 1782 Apparuit
2637 1712 2694 1768 S.
2755 1713 2918 1770 Odilo
2948 1714 3129 1770 eidem
3178 1717 3430 1788 vigilanti
3460 1719 3647 1777 visibil

2053 1800 2232 1856 forma
2260 1815 2386 1856 cum
2444 1801 2656 1856 duobus
2711 1801 2879 1872 viris;
2915 1811 2968 1858 et
3023 1819 3148 1859 ecce
3198 1804 3339 1862 facta
3386 1807 3650 1879 oratione,

2053 1888 2148 1943 illo
2170 1897 2361 1947 vocato
2393 1889 2698 1960 Capitulum
2729 1890 3005 1962 ingressus
3034 1900 3136 1960 est,
3169 1893 3456 1965 fratrisque
3484 1897 3654 1969 pigri-

2053 1976 2181 2033 tiam
2214 1977 2531 2048 increpavit,
2565 1994 2764 2050 magna
2794 1980 3100 2051 asperitatis
3129 1979 3474 2038 vehementia
3501 2001 3651 2055 pra:-

2051 2065 2259 2136 cipiens
2316 2066 2684 2121 assessoribus
2711 2066 2824 2122 suis
2881 2068 3077 2124 acriter
3131 2069 3213 2124 illi
3252 2070 3452 2127 inferre
3480 2073 3652 2130 disci-

2052 2154 2274 2227 plinam.
2308 2155 2432 2210 Post
2460 2155 2674 2211 litanias
2715 2165 2991 2228 correptus
3033 2159 3302 2215 nuntiavit
3331 2159 3512 2218 abbati
3544 2170 3652 2218 tam

2052 2243 2320 2300 visionem
2379 2260 2538 2314 quam
2594 2244 2681 2299 sui
2739 2244 3105 2301 aﬂlictionem.
3177 2247 3470 2305 Confestim
3527 2249 3652 2320 pius

2055 2333 2212 2387 Pater
2255 2333 2632 2405 eleemosynis,
2682 2333 2934 2405 precibus
2983 2342 3034 2390 et
3064 2335 3252 2391 hostiis
3290 2338 3478 2393 tandin
3505 2355 3653 2408 pras-

2050 2419 2194 2492 cepit
2224 2421 2490 2491 insistere,
2522 2437 2802 2494 quousque
2844 2430 3117 2493 spectrum
3149 2423 3258 2480 alia
3282 2424 3493 2501 visione
3523 2441 3648 2485 cum

2051 2510 2234 2564 habitu
2291 2525 2444 2566 sacro
2502 2511 2771 2581 apparuit,
2801 2518 2854 2566 et
2909 2527 3104 2583 corpus
3159 2514 3470 2572 cmmeterio
3527 2531 3640 2574 non

2042 2597 2318 2667 judicatur
2347 2597 2630 2671 indignum
2663 2600 2833 2669 (108).

2121 2686 2172 2740 8.
2215 2685 2450 2759 Contigit
2497 2687 2790 2757 aliquando
2820 2687 2878 2744 S.
2929 2688 3217 2760 Hugonem
3271 2690 3650 2750 eucharistiam

2050 2773 2344 2845 praebuisse
2392 2775 2610 2830 cuidam
2662 2776 2899 2846 leproso,
2949 2778 3315 2834 communioni
3367 2780 3648 2836 hominum

2050 2862 2407 2934 corporaliter
2451 2863 2749 2933 subtracto,
2801 2873 2929 2920 tunc
2976 2881 3106 2922 vero
3171 2869 3591 2924 communicanti
3631 2883 3647 2938 ;

332 2955 542 3010 ludicra
592 2955 784 3021 verba,
828 2956 1094 3010 monacho
1142 2971 1360 3027 prorsus
1409 2956 1713 3025 interdicta,
1746 2957 1935 3013 vivens
1963 2983 2013 3046 Ο
2049 2950 2138 3022 qui
2173 2951 2499 3006 tumentibus
2528 2952 2689 3007 labiis
2715 2961 2768 3008 et
2797 2953 3044 3010 ulceroso
3074 2970 3170 3010 ore
3196 2971 3396 3028 corpus
3425 2956 3649 3014 Domini

334 3043 627 3110 dimiseris,
679 3051 802 3113 post
831 3050 1056 3098 mortem
1105 3045 1396 3114 apparebis
1424 3045 1730 3101 enormiter.
1766 3044 1932 3115 Quod

334 3147 466 3187 sane
494 3131 807 3188 vaticinium
841 3147 904 3186 eo
960 3133 1228 3203 migrante
1285 3141 1496 3188 constat
1545 3150 1661 3190 esse
1691 3134 1934 3205 comple-

334 3226 467 3274 tum.
501 3221 642 3275 Nam
696 3220 925 3292 Siguinu
974 3220 1212 3286 cuidam,
1246 3222 1530 3291 capellano
1574 3223 1766 3290 Patris,
1798 3239 1933 3292 spu-

337 3323 492 3363 moso
531 3324 625 3364 ore
656 3323 948 3380 apparens,
996 3309 1308 3378 postulabat
1350 3310 1598 3364 ﬂebiliter
1625 3311 1744 3380 ejus
1766 3310 1934 3380 juva-

334 3413 480 3465 men,
513 3397 596 3452 cui
628 3398 800 3451 noluit
846 3397 1093 3466 obedire,
1129 3398 1255 3452 dum
1287 3399 1516 3454 viveret.
1563 3399 1680 3455 Hoc
1708 3399 1798 3454 ubi
1830 3399 1936 3456 d0-

339 3487 488 3541 mino
518 3485 705 3540 abbati
760 3486 1018 3557 Signinus
1076 3487 1272 3555 retulit,
1322 3488 1582 3558 praecepit
1639 3496 1697 3543 ut
1727 3496 1934 3560 septem

336 3575 528 3629 fratres
557 3590 664 3629 una
707 3575 1052 3631 hebdomade
1081 3591 1180 3646 pro
1229 3576 1485 3632 defuncto
1517 3577 1936 3633 taciturnitatem

336 3663 540 3735 proprii
573 3664 683 3718 oris
731 3665 1122 3730 continuarent,
1169 3665 1237 3720 ad
1269 3665 1374 3720 hoc
1424 3665 1937 3738 fratribus'septem

340 3751 524 3807 electis
573 3770 584 3814 ;
647 3753 853 3808 caeteris
907 3752 1306 3820 obedientibus,
1382 3770 1522 3808 unus
1575 3770 1762 3810 eorum
1829 3754 1937 3810 voti

336 3846 676 3911 contemptor
729 3841 1004 3895 silentium
1036 3841 1340 3910 interrupit.
1401 3843 1609 3898 Rursus
1664 3841 1936 3913 pontifex,

338 3926 513 3983 eidem
545 3928 721 3984 denuo
767 3929 1057 3997 revelatus,
1092 3937 1172 3983 est
1205 3930 1358 3986 valde
1406 3942 1739 4001 conquestus
1773 3947 1941 4001 super

340 4016 434 4072 illo
467 4017 630 4072 fratre
687 4016 916 4088 perﬁdo,
979 4017 1065 4088 qui
1100 4019 1224 4072 dum
1278 4034 1385 4073 non
1440 4019 1604 4085 siluit,
1655 4019 1939 4074 sanitatem

337 4105 456 4176 ejus
515 4105 885 4177 interpolavit.
956 4107 1201 4162 Audiens
1258 4106 1359 4162 ista
1430 4106 1704 4176 piissimus
1755 4109 1934 4180 Hugo,

343 4194 605 4266 prazcepit
654 4203 709 4250 ut
739 4195 971 4250 fractura
1017 4195 1234 4260 silentii,
1278 4212 1399 4267 qua:
1429 4212 1528 4266 per
1557 4212 1723 4251 unum
1755 4198 1936 4252 conti-

337 4293 513 4353 gerat,
545 4283 773 4339 aliorum
826 4292 1032 4354 septem
1089 4284 1296 4340 dierum
1349 4284 1566 4340 silentio
1624 4284 1927 4341 sarciretur.

339 4371 458 4439 Quo
485 4371 624 4425 facto
657 4371 833 4426 anima
874 4371 1144 4441 pontiﬁcis
1176 4372 1328 4428 tertio
1380 4389 1667 4444 apparens,
1700 4373 1756 4427 in
1789 4382 1930 4428 statu

335 4459 630 4530 apostolico
651 4477 711 4515 se
731 4460 1015 4527 exhibens,
1040 4461 1316 4533 purgatori
1343 4477 1441 4516 suo
1462 4463 1612 4532 (105)
1638 4471 1932 4518 memorato

340 4564 666 4619 semperque
697 4551 1048 4605 memorando
1098 4550 1314 4622 Hugoni
1362 4550 1570 4623 gratias
1600 4551 1935 4624 integritatis

342 4651 452 4690 suae
482 4637 797 4707 reportavit.

411 4726 464 4778 7.
497 4727 631 4779 Item
660 4725 716 4780 in
745 4725 1036 4782 Silviniaco
1068 4728 1213 4795 (106)
1246 4727 1466 4798 quidam
1496 4728 1680 4796 frater,
1715 4727 1935 4783 nomine

344 4813 667 4882 Stephanus,
718 4815 886 4870 hostis
911 4815 1116 4886 antiqui
1146 4816 1523 4886 supplantatus
1552 4816 1780 4884 insidiis,
1809 4831 1931 4872 ma-

345 4913 443 4951 nus
472 4896 573 4951 sibi
622 4898 878 4970 ingerens
918 4899 990 4955 ad
1045 4915 1301 4956 coronam
1357 4899 1592 4971 martyrii
1639 4900 1935 4972 anticipan-

416 5068 564 5143 (104)
610 5074 932 5143 Cognomen
986 5071 1091 5127 hoc
1130 5072 1451 5143 ignoravere
1514 5071 1935 5141 Sammarthani,

346 5136 452 5194 alio
482 5136 572 5214 qui
601 5145 655 5199 in
683 5136 785 5198 sibi
813 5143 1047 5215 cognitis
1077 5136 1400 5198 adnotandis
1429 5143 1623 5198 seduli.

424 5214 570 5280 (105)
606 5214 972 5287 Ecgraphum,
1009 5216 1337 5287 Purgatorii
1369 5216 1483 5269 sui.

417 5289 564 5354 (106)
599 5284 1147 5357 Silvini’acumvulgo
1173 5284 1484 5357 Saurigny,
1508 5285 1772 5357 nonillud
1793 5288 1942 5356 quod

349 5359 402 5414 in
434 5357 819 5413 Cenomanniae
870 5355 1066 5411 ﬁnibus
1086 5355 1146 5410 7a
1175 5355 1232 5412 S.
1269 5355 1444 5410 Vitali'
1468 5356 1744 5411 conditum
1777 5355 1942 5413 Savi-

351 5429 567 5488 niacum
596 5429 790 5483 dicitur
817 5435 870 5483 et
897 5428 1005 5482 cito
1054 5429 1121 5481 ad
1141 5427 1536 5497 Cistercienses
1572 5428 1815 5497 transiit;
1847 5431 1942 5485 sed

354 5500 500 5568 alibi,
535 5500 760 5558 forsitan
791 5500 846 5557 in
877 5496 1202 5571 Burgundize
1231 5498 1455 5572 oppido,
1489 5497 1556 5554 ad
1587 5496 1820 5556 confinia
1848 5501 1942 5559 du-

1959 4330 2017 4398 D

2041 3040 2300 3110 injuriose
2328 3040 2641 3108 masticans,
2686 3041 3085 3111 portiunculam
3116 3042 3424 3115 importuna
3451 3060 3640 3101 screa-

2043 3129 2185 3184 tione
2239 3129 2446 3198 rejecit,
2499 3137 2760 3200 sequente
2817 3130 3070 3184 nimirum
3119 3147 3321 3187 nausea
3347 3136 3402 3187 et
3444 3148 3641 3203 spuma

2044 3216 2305 3272 horribili.
2341 3217 2492 3271 Tune
2523 3215 2720 3271 Christi
2767 3217 2922 3272 miles
2967 3217 3346 3289 Goderannus,
3396 3221 3490 3292 qui
3517 3221 3647 3277 ade-

2044 3314 2144 3372 rat,
2177 3305 2402 3360 Domini
2446 3305 2526 3360 sui
2556 3313 2897 3360 sacramenta
2925 3305 3000 3361 ita
3043 3306 3268 3378 indigne
3296 3309 3643 3380 conspiciens

2042 3396 2254 3468 agitari,
2303 3394 2448 3467 quod
2495 3395 2755 3468 egerebat
2799 3395 2966 3452 celeri
3005 3397 3304 3468 colligebat
3349 3398 3638 3471 obsequio,

2043 3486 2114 3541 Et
2141 3500 2267 3541 ecce
2289 3484 2372 3540 vir
2392 3483 2799 3556 magnanimus,
2826 3500 3019 3540 manus
3039 3493 3292 3557 utrasque
3321 3503 3638 3558 supponens

2045 3572 2273 3630 viviﬁcis
2302 3572 2678 3642 sacramentis,
2735 3573 2789 3627 in
2817 3589 2911 3630 ore
2956 3589 3054 3630 suo
3099 3575 3332 3646 proiecit
3382 3575 3643 3633 vomitum

2045 3661 2360 3718 nauseantis
2405 3661 2559 3734 aegri,
2611 3661 2901 3718 lethalibus
2959 3663 3193 3721 choleris
3241 3664 3644 3730 cohaerentibus

2048 3749 2280 3806 fideliter
2305 3750 2627 3806 absorbens.
2681 3752 2798 3820 Qua
2829 3753 2886 3806 in
2915 3769 2973 3808 re
2996 3752 3121 3824 pius
3168 3753 3429 3825 magister
3454 3762 3646 3825 stupe-

2050 3841 2241 3907 factus,
2299 3847 2353 3895 et
2394 3841 2602 3896 haerens
2661 3839 2920 3911 discipuli
2977 3842 3317 3912 perfectione
3372 3843 3646 3910 attonitus,

2050 3927 2320 3984 Laurentii
2375 3929 2692 3985 craticulam
2741 3929 3174 3986 tolerabiliorem
3227 3930 3394 3987 fuisse
3421 3932 3644 3987 indubi-

2049 4025 2223 4072 tanter
2244 4017 2494 4072 asseruit.
2528 4017 2626 4072 Hic
2679 4016 2914 4087 denique
2946 4019 3302 4074 Goderannus
3328 4020 3399 4075 ad
3429 4021 3647 4091 episco-

2046 4111 2230 4175 patum
2261 4103 2640 4158 Sanctonicum
2691 4112 2994 4176 promotus,
3028 4120 3135 4177 quo
3183 4107 3434 4162 accendit
3462 4107 3642 4178 altius,

2047 4208 2113 4249 eo
2143 4192 2341 4249 clarius
2367 4192 2592 4248 refulsit.

2115 4282 2168 4336 9.
2203 4283 2319 4336 Mos
2359 4290 2439 4336 est
2481 4280 2853 4338 Cluniacensis
2910 4283 3249 4351 monasterii,
3285 4283 3500 4340 caeteris
3547 4301 3647 4340 so-

2043 4369 2406 4425 lemnitatibus
2445 4369 2793 4426 Nativitatem
2848 4370 3066 4426 Domini
3095 4372 3332 4444 quodam
3382 4372 3648 4444 singulari

2044 4457 2237 4513 affectu
2266 4458 2516 4514 devotius
2543 4475 2731 4532 agere,
2765 4466 2819 4515 et
2854 4459 3122 4516 canticum
3155 4459 3428 4528 melodiis,
3463 4476 3646 4518 cereo-

2043 4563 2166 4603 rum
2193 4547 2620 4616 accensionibus,
2662 4548 2916 4621 quodque
2959 4549 3123 4620 longe
3151 4549 3500 4619 prestantius
3541 4557 3647 4639 est,

2047 4635 2308 4707 spirituali
2335 4636 2630 4692 devotione
2661 4637 2946 4709 multaque
2969 4637 3326 4708 lacrymarum
3357 4635 3650 4709 effusione,

2044 4741 2167 4780 cum
2196 4724 2411 4796 angelis
2441 4724 2829 4780 solemnizare.
2872 4725 2984 4781 Hac
3013 4725 3178 4797 igitur
3209 4725 3501 4782 festivitate
3529 4726 3649 4783 fra-

2047 4820 2157 4866 tres
2198 4828 2258 4868 se
2297 4828 2503 4882 suaque
2551 4813 2731 4868 omnia
2790 4821 3259 4884 praeparaverunt.
3309 4816 3652 4872 Venerabilis

2049 4899 2140 4956 ille
2171 4901 2327 4956 Pater
2355 4902 2534 4974 Hugo,
2567 4902 2663 4974 qui
2705 4902 2882 4957 adhuc
2909 4918 3079 4958 senex
3107 4912 3409 4975 supererat,
3439 4905 3647 4978 capitu-

2050 5086 2200 5137 catus
2229 5086 2282 5133 et
2309 5079 2595 5135 comitatus
2619 5080 2799 5136 situm.

2123 5152 2167 5218 (t
2183 5152 2270 5221 07)
2285 5151 2628 5222 Ecgraphum
2638 5151 3173 5223 prcecedentem,sed
3189 5160 3321 5209 tunc
3337 5152 3645 5209 addendum

2051 5229 2191 5277 esset
2219 5230 2274 5276 et
2297 5223 2732 5294 praecedentem.

2125 5293 2270 5366 (108)
2297 5291 2310 5294 ’
2331 5292 2506 5348 Potuit
2540 5293 2729 5366 illum,
2764 5302 2885 5366 post
2913 5295 3107 5366 vulnus
3159 5294 3359 5366 lethale
3385 5293 3517 5366 _sibi
3546 5291 3650 5366 ipsi

2053 5363 2332 5446 inﬂictum,
2408 5364 2723 5434 pmnituisse
2764 5363 3030 5446 “peccati;
3080 5365 3237 5446 quod
3322 5363 3499 5446 reipsa
3556 5365 3644 5418 fa-

2053 5443 2218 5516 ctum,
2278 5451 2614 5505 praesumere
2668 5435 2814 5511 cogit
2841 5438 2943 5495 ista
2971 5435 3227 5493 auxilium
3257 5435 3487 5506 petentis
3541 5450 3646 5509 ap-

2059 5514 2276 5579 parttto.
