3956 6084
393 214 498 271 915
642 152 661 159 ἒ
1484 201 1541 258 S.
1584 196 1894 256 llUGONlS
1930 191 2223 252 ABBATIS
2262 191 2585 248 CLUNIAC.
3599 189 3739 245 916

384 322 526 407 lum,
559 334 653 392 ubi
686 335 885 392 fratres
932 342 1102 401 erant,
1160 327 1393 397 intravit,
1424 334 1477 383 et
1530 328 1650 381 haec
1695 324 1764 380 ad
1794 335 1989 379 omnes
2014 316 2076 380 Α
2105 316 2344 373 videbat.
2398 316 2535 407 Illud
2563 324 2810 407 sanetum
2867 330 3068 407 agmen
3116 316 3350 407 quidam
3395 318 3586 375 senior
3615 334 3738 375 se-

392 405 658 499 proiulit:
696 449 718 473 α
759 422 1057 489 Noveritis,
1092 421 1306 485 fratres,
1340 416 1636 489 benignum
1665 414 1849 469 Iesum
1891 425 1990 468 ve-
2099 407 2386 499 (luebatur,
2436 405 2529 477 qui
2559 405 2767 499 restitit
2799 414 2853 461 et
2880 406 2994 499 fit}
3031 428 3058 499 ξ
3098 405 3271 499 ϐυ]οξ
3297 413 3395 499 est.
3428 407 3730 499 agricgla,

392 493 522 570 stris
565 511 846 569 solemniis
876 512 1161 574 interesse,
1205 523 1270 563 ac
1299 514 1485 562 contra
1510 503 1719 559 invidia
1745 502 1993 557 laborare
2100 509 2233 568 ager
2260 494 2361 550 iste
2389 510 2553 566 quem
2587 494 2774 551 colis?
2815 519 2838 545 ι
2872 493 2979 565 Qui
3010 496 3121 551 ait:
3159 521 3184 542 α
3226 496 3295 551 Β.
3329 496 3471 553 Petri
3501 504 3558 553 et
3582 498 3732 554 Do-

393 603 608 659 hostem
663 616 902 671 nequam
930 602 989 653 ut
1017 598 1225 669 aliquas
1253 595 1598 651 tenebrarum
1646 607 1861 647 suarum
1890 605 1992 645 ne-
2101 584 2233 639 mini
2288 584 2502 640 abbatis
2557 583 2953 641 Cluniacensis.
3025 605 3047 639 ι
3074 586 3145 641 El
3199 587 3382 643 senior
3433 587 3505 641 id
3534 588 3671 643 hac
3707 605 3725 641 ε

393 692 552 747 bulas
602 698 749 745 tanto
796 687 1077 760 splendori
1143 685 1314 757 possit
1364 683 1748 739 intermiscere.
1808 680 1994 736 Frater
2103 697 2129 720 κ
2172 674 2323 729 Meus
2344 680 2443 739 est,
2476 672 2667 745 inquit,
2692 689 2844 746 ager,
2867 683 2923 730 et
2942 673 3115 729 abbas
3139 691 3296 731 meus
3315 683 3397 731 est
3418 676 3725 731 famulus:

392 780 558 849 enim,
619 778 714 843 ait,
776 776 997 847 quidam
1030 777 1114 844 (se
1166 774 1351 844 utique
1382 772 1522 827 dans
1574 769 1831 842 intelligi)
1859 766 1995 825 vidit
2099 765 2159 817 tu
2189 768 2371 817 autem
2402 761 2597 818 festina
2622 764 2879 818 nuntiare
2917 772 3105 820 nostro
3132 763 3338 833 abbati,
3369 772 3429 820 ut
3453 764 3729 835 disponat

391 868 617 924 Matrem
664 864 1069 935 misericordiae,
1120 863 1297 933 ipsum
1346 860 1559 929 Filium,
1593 874 1751 931 quem
1780 872 1953 929 praece

2162 850 2288 904 pmui
2344 866 2459 906 sua:
2510 867 2672 923 quam
2725 852 2970 921 nutrivit,
3038 853 3188 924 quia,
3244 862 3367 925 post
3421 854 3724 910 modicum

393 955 546 1012 denti
603 954 793 1026 genuit
844 959 1023 1023 nocte,
1063 950 1375 1008 dulcissimo
1430 949 1642 1020 gremio
1689 947 1990 1015 continere,
2101 943 2335 1008 tempIIS.
2368 939 2529 1009 huius
2578 940 2705 996 vitae
2753 939 2913 996 finem
2970 941 3251 1000 sortiatur.
3314 942 3414 1000 Dic
3443 951 3631 999 autem
3662 946 3721 999 ei

393 1044 559 1116 eique
596 1050 902 1099 sanctorum
945 1041 1265 1113 angelorum
1310 1037 1713 1094 multitudinem
1739 1051 1860 1091 cum
1894 1036 1993 1090 im-
2104 1030 2322 1084 Petrum
2366 1028 2668 1099 apostolum
2712 1031 2831 1086 haec
2854 1029 2951 1084 tibi
2981 1031 3297 1102 nuntiasse;
3330 1031 3423 1104 qui
3452 1048 3584 1089 vero
3611 1048 3720 1089 me

392 1147 584 1188 menso
613 1130 817 1187 lumine
871 1137 1068 1185 astare.
1118 1127 1268 1183 Idem
1300 1127 1448 1182 Deus
1473 1141 1612 1197 puer
1658 1124 1989 1193 exsultabat,
2101 1117 2436 1187 praecedunt,
2480 1118 2580 1173 Dei
2619 1117 2953 1174 Genitriccm
2996 1127 3051 1175 et
3079 1127 3291 1177 sanctos
3319 1120 3582 1178 denuntia
3611 1122 3721 1177 fa-

392 1230 447 1278 et
475 1220 656 1278 cordis
702 1219 943 1275 laetitiam
973 1224 1128 1292 gestu
1166 1216 1409 1288 corporis
1437 1223 1490 1271 et
1519 1215 1709 1287 plausu
1738 1230 1993 1269 manuum
2101 1205 2393 1262 mulantes.
2445 1230 2467 1254 η

393 1307 850 1364 demonstrabat:
913 1312 965 1363 et
1009 1322 1301 1363 conversus
1355 1304 1425 1359 ad
1480 1303 1703 1359 Matrem
1769 1303 1989 1359 aiebat:
2175 1297 2262 1351 11.
2314 1297 2465 1353 Idem
2511 1297 2671 1371 Hugo
2700 1298 2754 1352 in
2802 1300 3026 1356 articulo
3062 1299 3251 1356 mortis
3277 1300 3508 1371 positus,
3542 1315 3717 1357 reco-

396 1417 420 1449 ι
445 1396 657 1463 Gemis,
681 1396 869 1465 Mater,
887 1403 1102 1452 noctem
1115 1393 1408 1449 nativitatis
1427 1408 1711 1462 meaque:
1726 1391 1990 1460 imminet,
2103 1385 2220 1440 lens
2269 1385 2696 1442 anniversarium
2746 1386 2993 1443 Gaufridi
3038 1388 3433 1461 archiepiscopi
3463 1399 3519 1445 et
3545 1391 3716 1445 Men-

390 1485 608 1558 gaudiis
626 1483 1000 1540 illustrandum
1024 1484 1053 1537 δῖ
1079 1483 1133 1538 in
1157 1498 1261 1553 qua
1281 1489 1335 1537 et
1362 1482 1750 1553 prophetarum
1774 1480 1996 1537 oracula
2103 1474 2268 1529 donis
2296 1474 2529 1545 abbatis,
2551 1474 2849 1532 obliviosos
2878 1476 3194 1541 admonuit;
3221 1486 3326 1533 tam
3360 1478 3567 1534 tenacis
3590 1487 3719 1534 erat

393 1582 449 1628 et
477 1573 798 1645 angelorum
828 1572 1105 1643 praeconia
1132 1570 1563 1639 renovabuntur,
1595 1577 1646 1625 et
1677 1571 1746 1624 de
1775 1586 1897 1625 meo
1926 1585 1993 1625 ex
2100 1563 2378 1620 memoria
2432 1572 2487 1619 et
2540 1571 2701 1620 tanta:
2765 1566 3067 1635 charitatis,
3127 1567 3257 1637 quia
3319 1566 3393 1621 ibi
3449 1570 3716 1622 fraternae

388 1669 443 1718 te
471 1664 593 1717 ortu
637 1663 824 1716 omnia
870 1660 1128 1717 similiter
1168 1659 1413 1716 caelestia
1442 1667 1495 1713 et
1533 1658 1803 1714 terrestria
1831 1660 1984 1714 laeta-
2017 1670 2073 1732 Β
2101 1652 2288 1707 salutis
2316 1668 2424 1708 non
2454 1662 2569 1708 erat
2624 1655 2932 1724 immemor,
2983 1655 3074 1710 ubi
3104 1670 3228 1712 raro
3271 1657 3503 1729 quisque
3530 1656 3715 1712 remi-

389 1750 606 1805 buntur.
661 1748 762 1805 Ubi
807 1758 889 1804 est
931 1764 1081 1805 nunc
1124 1748 1293 1803 hostis
1340 1747 1447 1803 mei
1504 1734 1763 1802 damnata
1815 1745 1987 1818 perfi-
2102 1740 2322 1797 niscitur
2374 1742 2635 1812 propriae.
2699 1744 2760 1797 In
2803 1743 2923 1814 ipsa
2980 1752 3134 1800 nocte
3164 1759 3273 1817 qua
3327 1753 3574 1800 mortuus
3599 1752 3711 1813 est,

395 1832 539 1893 dia?
593 1837 697 1894 Ubi
726 1854 869 1893 nunc
925 1837 1044 1907 ejus
1088 1845 1348 1908 potestas,
1406 1852 1527 1907 quae
1558 1844 1683 1892 ante
1738 1838 1843 1892 hoc
1882 1837 1989 1890 sin-
2096 1829 2503 1886 benedictiones
2530 1831 2826 1889 lectionum
2858 1834 3150 1889 lectoribus
3188 1834 3464 1905 imposuit.
3496 1835 3713 1890 Extre-

390 1926 580 1999 gulare
599 1926 867 1997 gaudium
891 1926 1092 1980 mundo
1110 1924 1532 1980 dominabatur?
1575 1947 1597 1972 η
1624 1923 1746 1993 Quo
1776 1925 1867 1980 ille
1892 1925 1993 1979 im-
2098 1934 2245 1973 mum
2274 1920 2388 1987 ejus
2414 1920 2642 1975 verbum
2700 1922 2800 1976 fuit
2829 1923 2897 1977 ad
2949 1922 3394 1979 circumstantes:
3432 1946 3455 1971 ιι
3518 1925 3709 1980 Bene-

387 2013 630 2085 prudens
659 2013 865 2082 audito,
898 2014 966 2068 de
995 2013 1219 2068 latibulo
1248 2028 1347 2068 suo
1370 2028 1647 2086 egressus,
1679 2028 1711 2067 a
1740 2012 1904 2085 longe
1931 2029 1990 2067 se
2097 2007 2284 2063 dicite.
2338 2031 2361 2056 ιι
2400 2009 2607 2079 Corpus
2637 2011 2755 2081 ejus
2785 2010 2838 2065 in
2868 2012 3107 2082 capitulo
3136 2028 3169 2067 a
3192 2013 3445 2068 fratribus
3473 2013 3710 2067 dealba-

388 2102 670 2173 prodidit;
726 2110 779 2157 et
835 2101 1199 2174 ignominiosa
1257 2102 1595 2171 deturpatus,
1655 2117 1776 2156 cum
1818 2102 1989 2157 multo
2097 2097 2180 2166 tis,
2210 2097 2360 2167 prius
2384 2113 2547 2169 aqua,
2603 2099 2801 2156 deinde
2845 2101 2969 2155 vino
3031 2101 3273 2157 ablutum
3303 2110 3410 2157 est.
3448 2103 3533 2157 Ad
3564 2101 3709 2157 ulti-

388 2191 611 2260 planctu
641 2198 692 2245 et
720 2188 950 2257 ululatu,
983 2190 1435 2245 utadmitteretur
1467 2190 1693 2245 orabat:
1733 2214 1754 2239 α
1798 2190 1883 2259 Et,
1917 2190 1985 2258 si,
2095 2200 2240 2241 mum
2268 2187 2485 2243 modico
2515 2188 2778 2257 balsamo,
2822 2190 2969 2262 quod
3015 2199 3300 2261 supererat
3324 2192 3378 2244 in
3408 2191 3563 2246 brevi
3596 2208 3707 2248 va-

385 2278 480 2345 ait,
533 2279 588 2334 in
642 2277 787 2333 nulla
843 2286 996 2349 parte
1046 2278 1289 2333 ecclesiae
1359 2279 1636 2344 admittor,
1696 2280 1749 2333 in
1804 2278 1987 2351 aliquo
2091 2273 2264 2341 sculo,
2318 2275 2472 2331 trinis
2515 2277 2733 2332 vicibus
2762 2285 2932 2333 totum
2979 2294 3202 2349 corpus,
3246 2279 3371 2335 licet
3415 2295 3702 2352 magnum,

388 2367 583 2422 saltem
624 2366 952 2438 reliquarum
982 2366 1323 2422 ofﬁcinarum
1370 2367 1491 2422 loco
1521 2366 1810 2437 suscipiar.
1854 2389 1876 2417 »
1913 2369 1987 2423 At
2093 2363 2374 2421 atiluenter
2390 2375 2710 2436 perunctum
2730 2374 2852 2429 est;
2885 2367 3145 2438 quod‘vix
3162 2368 3228 2423 ad
3252 2369 3426 2424 solum
3458 2369 3709 2439 lepidum

388 2456 556 2512 Filius
585 2456 827 2528 Virginis
862 2473 876 2509 :
914 2478 935 2503 ι
985 2455 1151 2521 Vade,
1187 2454 1429 2523 furcifer,
1461 2455 1651 2526 inquit,
1684 2472 1751 2511 ne
1781 2463 1831 2511 te
1861 2472 1985 2513 mea
2089 2461 2254 2524 caput
2280 2455 2579 2522 sufﬁceret,
2611 2454 2712 2510 nisi
2760 2456 3138 2512 benedictione
3167 2457 3375 2512 caelesti
3424 2458 3703 2529 multipli-

380 2544 627 2615 potentia
680 2543 1088 2614 praejudicatum
1137 2543 1469 2613 lamenteris,
1521 2551 1668 2600 tenta
1713 2545 1858 2616 quod
1887 2561 1984 2616 po-
2089 2550 2269 2598 catum
2300 2544 2445 2599 inter
2472 2559 2664 2600 manus
2684 2543 3098 2618 obsequentium
3126 2545 3452 2602 abundaret.
3499 2547 3709 2602 Beatus

381 2631 536 2688 teris.
582 2652 604 2682 ι
664 2634 731 2687 At
760 2632 850 2687 ille
908 2631 1132 2700 solutus,
1189 2632 1391 2687 aditum
1436 2632 1655 2703 capituli
1706 2633 1896 2703 petiit;
1931 2642 1983 2689 et
2091 2639 2274 2687 autem
2302 2633 2597 2703 Dionysius
2641 2634 2971 2706 AreOpagita
2998 2636 3253 2707 apparuit
3282 2635 3496 2690 cuidam
3545 2636 3707 2690 fratri

382 2720 591 2774 intrare
638 2727 883 2784 conatus,
915 2733 1024 2774 non
1071 2719 1285 2789 potuit;
1333 2720 1601 2776 intentum
1648 2721 1793 2775 enim
1842 2730 1896 2778 et
1924 2739 1983 2779 se
2090 2722 2232 2791 apud
2261 2723 2629 2794 Nongentum,
2678 2723 2887 2792 dicens,
2932 2730 2992 2778 ut
3039 2722 3337 2780 festimaret
3362 2723 3520 2779 adire
3566 2724 3709 2780 Clu-

388 2807 676 2875 tumidum,
709 2815 764 2862 et
813 2806 1095 2861 introitum
1125 2806 1345 2877 capituli
1377 2816 1665 2879 angustum
1696 2809 1900 2865 invenit
1928 2820 1985 2867 ut
2090 2810 2327 2879 niacum,
2359 2820 2415 2865 ut
2443 2811 2754 2869 valedicere
2783 2820 2967 2885 posset
2996 2812 3059 2869 S.
3099 2813 3339 2885 Hugoui,
3374 2813 3560 2868 statim
3600 2813 3703 2869 de-

388 2894 702 2949 nullatenus
746 2894 947 2949 intrare
977 2895 1214 2959 valeret;
1248 2911 1377 2951 vere
1405 2895 1769 2953 inﬂammatus
1796 2915 1983 2971 super-
2088 2914 2311 2956 cessura
2344 2941 2356 2953 .
2393 2941 2406 2955 .
2443 2944 2457 2956 .
2495 2942 2507 2954 .
2543 2901 2689 2973 (110)
2740 2901 2873 2956 Veni
2922 2916 3028 2973 ego
3071 2901 3286 2973 infelix,
3317 2902 3412 2957 sed
3455 2909 3704 2958 sanctum

387 2982 497 3039 biae
522 2989 856 3053 apostemata
896 2983 1110 3051 veteris,
1169 2999 1267 3055 per
1313 2983 1574 3039 humilem
1621 2986 1825 3042 aditum
1872 3004 1980 3042 non
2025 3017 2074 3080 Ο
2105 2989 2429 3061 migrantem
2480 3005 2589 3046 non
2618 2990 2865 3060 salutavi,
2913 2989 3100 3045 datum
3130 2999 3312 3046 tamen
3354 2997 3437 3047 est
3465 2991 3702 3061 spiritui,

389 3072 564 3144 potuit
594 3071 845 3127 transire.
891 3071 1025 3127 Inde
1072 3072 1143 3127 ad
1172 3071 1550 3129 dormitorium
1582 3073 1806 3131 fratrum
1836 3093 1996 3148 gres-
2031 3071 2074 3080 ν
2106 3078 2253 3148 quod
2310 3087 2520 3135 constat
2574 3080 2791 3150 corpori
2865 3096 2986 3136 esse
3035 3089 3332 3155 negatum;
3392 3080 3506 3136 vidi
3562 3080 3711 3136 enim

390 3178 511 3217 sum
541 3161 824 3229 convertit,
857 3168 910 3217 et
955 3160 1257 3231 phantasiis
1287 3161 1461 3217 solitis
1490 3178 1669 3220 seeos
1697 3164 1998 3235 inquietare
2105 3166 2179 3221 mi
2218 3175 2301 3222 tos
2350 3167 2664 3224 mortalibus
2720 3184 2970 3239 superos,
3024 3178 3076 3225 et
3138 3184 3264 3225 cum
3316 3171 3711 3225 monachorum

394 3266 561 3323 posse
587 3249 886 3316 conﬁdens,
936 3249 1156 3306 introire
1188 3250 1450 3318 tentavit;
1482 3251 1580 3307 sed
1611 3253 1805 3309 eadem
1840 3270 2001 3327 gros-
2105 3255 2342 3329 collegio
2367 3258 2593 3313 Matrem
2616 3258 2715 3313 Dei
2744 3258 2915 3313 maris
2935 3258 3147 3315 stellam
3167 3259 3364 3314 clarius
3394 3274 3708 3325 coruscare,

394 3338 629 3395 situdine
659 3355 752 3394 sua
800 3338 869 3393 ab
898 3337 1035 3395 ostio
1066 3338 1331 3409 repulsus,
1364 3340 1609 3396 recessit.
1644 3340 1996 3399 Postmodum
2105 3346 2259 3415 cujus
2286 3346 2582 3418 praesentia
2628 3347 2939 3419 sagittarios
2983 3347 3247 3418 quosdam
3278 3355 3607 3419 apparentes
3634 3347 3712 3402 ita

397 3428 472 3484 ad
503 3427 851 3484 refectorium
902 3427 1136 3483 nocendi
1166 3443 1318 3498 spem
1350 3429 1594 3498 contulit,
1627 3429 1832 3501 ibique,
1860 3448 1997 3503 pro-
2106 3435 2361 3490 exterruit
2391 3442 2443 3491 et
2473 3436 2700 3509 fugavit,
2750 3437 2886 3492 sicut
2915 3453 3107 3492 ventus
3151 3436 3368 3492 validus
3397 3444 3710 3491 autumma-

396 3524 520 3587 pter
546 3515 936 3589 aliquantulum
989 3516 1231 3587 corporis
1277 3531 1483 3585 curam,
1519 3518 1785 3588 majorem
1814 3521 1998 3590 suspi-
2107 3523 2186 3578 les
2218 3524 2424 3579 frontes
2472 3525 2712 3594 dejicere
2759 3526 3073 3589 consuevit;
3122 3526 3267 3582 inter
3293 3541 3426 3599 quos
3455 3525 3714 3583 Martinus

398 3614 553 3661 catus
582 3604 842 3659 mentium
894 3604 1178 3670 incuriam,
1212 3603 1288 3658 ibi
1329 3604 1490 3659 etiam
1524 3613 1601 3661 tot
1641 3607 1826 3663 obices
1852 3610 1998 3664 divi-
2106 3628 2326 3684 gemma
2381 3615 2742 3683 sacerdotum,
2805 3622 2859 3671 et
2908 3613 3232 3671 Benedictus
3288 3615 3369 3670 sol
3425 3614 3710 3683 abbatum,

400 3708 591 3750 norum
621 3707 693 3747 ex
716 3690 944 3746 lectione
971 3691 1282 3759 verborum,
1308 3700 1385 3747 tot
1411 3694 1589 3749 trabes
1619 3710 1691 3749 ex
1711 3696 2001 3754 devotione
2107 3701 2359 3772 spiritum
2390 3702 2447 3759 S.
2508 3704 2757 3776 Hugonis
2812 3704 3163 3772 deducentes,
3223 3704 3363 3759 intra
3415 3704 3713 3775 quamdam

406 3781 734 3848 auditorum,
793 3786 870 3834 tot
911 3780 1174 3852 repagula
1229 3781 1428 3851 reperit
1458 3798 1528 3836 ex
1582 3784 1844 3840 charitate
1896 3785 2000 3840 sibi
2108 3789 2322 3846 vineam
2353 3792 2654 3862 speciosam
2710 3802 2764 3849 et
2792 3793 3182 3848 fertilissimam
3239 3791 3595 3858 collocarunt,
3654 3800 3715 3848 ut

406 3868 644 3925 invicem
697 3867 1070 3938 servientium,
1129 3875 1188 3923 ut
1216 3869 1364 3925 nullo
1419 3872 1585 3927 modo
1623 3873 1763 3927 ultra
1816 3873 2004 3929 valens
2110 3878 2185 3934 ibi
2219 3881 2616 3950 jucundaretur
2661 3890 2715 3937 et
2743 3882 3057 3937 mansitaret
3086 3882 3140 3937 in
3184 3882 3437 3945 modico;
3472 3881 3564 3936 ubi
3593 3879 3711 3954 ipse

405 3958 723 4032 procedere,
775 3965 1064 4029 cogeretur
1106 3958 1465 4015 retrocedere.
1511 3959 1602 4015 Sic
1642 3960 1713 4016 ab
1754 3962 2007 4018 omnibus
2111 3976 2328 4024 sanctus
2383 3970 2541 4041 Hugo
2598 3986 2688 4026 me
2768 3970 3121 4042 aspicientem
3179 3970 3359 4026 taliter
3436 3969 3707 4025 invitavit.

411 4046 642 4105 officinis
675 4046 924 4102 ecclesia:
954 4047 1210 4117 rejectus,
1244 4064 1275 4102 a
1304 4056 1600 4118 conspectu
1640 4049 1868 4120 piissimi
1893 4052 2005 4108 Re-
2113 4057 2375 4127 Comede,
2407 4059 2744 4130 charissime,
2777 4060 2844 4116 de
2893 4059 3140 4115 candidis
3167 4059 3396 4116 racemis
3427 4059 3518 4132 qui
3545 4058 3707 4116 nobis

417 4134 719 4207 demptoris
749 4141 802 4189 et
830 4133 1241 4207 gloriosissimas
1290 4135 1527 4209 Virginis
1554 4139 1766 4205 matris,
1798 4154 1922 4195 cum
1944 4156 2011 4197 ea
2114 4147 2578 4217 superabundant,
2632 4158 2686 4204 et
2732 4150 2817 4205 fac
2866 4165 3079 4205 mecum
3134 4149 3380 4205 solemne
3410 4148 3708 4205 contuber—

413 4242 521 4296 qua
579 4224 779 4295 dignus
835 4231 918 4278 est
958 4223 1296 4293 confusione,
1355 4225 1583 4296 pestifer
1608 4224 1700 4282 ille
1745 4230 2000 4284 recessit.
2116 4236 2263 4290 nium
2290 4251 2303 4306 ;
2328 4252 2432 4309 ego
2456 4252 2652 4308 nempe
2672 4253 2862 4307 parum
2885 4237 2974 4294 hic
2995 4237 3260 4309 pausabo,
3284 4238 3459 4293 donec
3488 4237 3708 4309 quidam

414 4313 567 4370 Cauti
622 4311 809 4384 igitur,
868 4326 901 4366 ο
958 4310 1175 4381 fratres,
1234 4318 1424 4382 estote,
1482 4313 1857 4370 etimmensas
1883 4331 2009 4372 om-
2037 4370 2087 4398 η
2117 4332 2296 4382 tumor
2346 4326 2607 4395 subsidat,
2658 4343 2819 4397 quem
2850 4326 2909 4381 in
2947 4326 3188 4397 pedibus
3227 4325 3615 4398 pulverulentis
3641 4325 3713 4382 de

415 4400 681 4474 nipotenti
762 4414 828 4455 ac
878 4398 1387 4456 misericordissima
1462 4401 1741 4458 Salvatori
1807 4405 2009 4476 gratias
2037 4398 2088 4434 υ
2118 4416 2281 4487 longo
2338 4415 2561 4472 circuitu
2616 4423 2879 4471 tem-arum
2931 4415 3189 4485 conn-axi,
3248 4414 3344 4470 sed
3398 4414 3708 4487 evestig-io’

412 4492 603 4564 agite;
658 4490 787 4562 quia
816 4494 870 4544 et
924 4487 1319 4559 nequissimum
1349 4489 1562 4545 hostem
1625 4507 1656 4545 a
1699 4492 1858 4547 vobis
1914 4509 1974 4563 pc

2151 4506 2320 4559 uratis
2373 4504 2653 4576 gressibus
2697 4513 2750 4560 et
2777 4520 3001 4561 excusso
3038 4504 3221 4560 cinere
3246 4503 3540 4571 mundano,
3574 4502 3710 4559 liber

420 4581 576 4652 pulit,
625 4588 677 4634 et
705 4578 821 4649 ipse
876 4576 1160 4633 nobiscum
1220 4576 1430 4634 festum
1501 4577 1871 4635 celebraturas
1926 4597 1982 4637 re

2145 4594 2186 4648 .d
2242 4594 2457 4665 potiora
2508 4594 2775 4649 transibo.
2842 4594 2942 4649 Dic
2995 4602 3176 4649 autem
3228 4593 3527 4649 successori
3586 4608 3707 4648 meo

409 4668 610 4725 mansit
639 4667 805 4738 (W9)-
852 4689 876 4715 "
2117 4682 2310 4740 Pontio
2339 4691 2398 4738 ut
2451 4682 2768 4739 humilitatis
2822 4692 2876 4739 et
2920 4683 3245 4739 innocentia:
3302 4684 3581 4737 thesauros
3607 4697 3707 4737 cu-

482 4776 570 4830 10.
619 4773 814 4829 Paucis
872 4781 1051 4828 autem
1107 4772 1300 4848 diebus
1357 4782 1648 4845 antequam
1706 4784 2012 4833 moreretur
2117 4772 2338 4840 stodiat,
2366 4780 2419 4826 ct
2448 4771 2798 4829 necessitates
2829 4773 3075 4828 omnium
3104 4789 3228 4827 suas
3256 4779 3518 4841 reputans
3548 4770 3707 4827 misc-

409 4863 468 4919 S.
491 4863 674 4932 llugo,
701 4861 916 4916 cuidam
936 4861 1209 4918 rusticano
1232 4861 1458 4932 homini,
1480 4863 1536 4918 in
1557 4879 1692 4938 agro
1715 4863 2007 4936 laboranti,
2115 4861 2366 4918 ricordim
2393 4861 2639 4924 studeat;
2673 4861 2848 4916 zelum
2893 4860 3176 4917 monastici
3224 4859 3429 4916 ordinis
3458 4860 3707 4930 exemplo

410 4950 670 5021 apparuit
699 4958 1008 5005 sanctorum
1029 4951 1187 5021 visio,
1220 4968 1355 5023 quos
1383 4952 1729 5023 praecedebat
1754 4955 2005 5025 quaedam
2119 4950 2222 5004 mei
2243 4949 2521 5021 sapienter
2539 4949 2791 5020 disponat
2816 4966 2830 5015 ;
2851 4949 2929 5004 sic
2948 4950 3093 5004 enim
3117 4948 3341 5004 viriliter
3356 4964 3524 5019 agens
3540 4964 3572 5002 a
3594 4947 3705 5003 Deo

406 5037 607 5112 regalis
634 5037 876 5105 domina,
930 5040 1083 5110 cujus
1111 5040 1332 5096 dorsum
1376 5041 1697 5097 transeuntis
1726 5050 1777 5098 et
1807 5042 2006 5099 faciem
2113 5048 2474 5114 consequetur
2490 5038 2769 5110 auxilium,
2795 5038 2887 5113 qui
2907 5054 3018 5094 non
3038 5038 3241 5094 deserit
3260 5037 3610 5109 sperautesin
3629 5052 3703 5091 se.

467 5220 615 5293 (109)
668 5219 834 5300 Deest
864 5216 952 5300 hic
982 5217 1191 5300 aliquid
1213 5237 1224 5272 :
1258 5234 1435 5290 neque
1457 5220 1753 5300 _enim_ipse
1780 5221 2000 5278 Bcrnar-
2109 5186 2321 5300 bbitum
2354 5219 2553 5300 sancti.
2800 5289 2812 5300 ‘

406 5287 531 5368 dus,
588 5287 681 5364 qui
734 5289 1007 5368 inducitur
1034 5287 1140 5368 hic
1176 5287 1405 5368 loquens
1451 5292 1507 5346 in
1537 5287 1713 5363 prima
1741 5308 1998 5362 persona,
2118 5294 2332 5368 Δ“(11ο)
2364 5293 2558 5368 Petrus
2594 5289 2927 5368 venerabilis
2957 5288 3055 5368 lib.
3086 5304 3105 5343 ι
3134 5287 3539 5368 miraculorum,
3568 5300 3694 5368 cap.

396 5365 503 5420 dici
562 5360 739 5435 potest
794 5360 1077 5435 scripsisse
1128 5360 1294 5435 hanc
1321 5363 1507 5427 vitam,
1537 5360 1622 5418 'ut
1650 5360 1868 5435 apparet
1927 5360 1996 5420 ex
2109 5360 2200 5435 15,
2257 5363 2585 5435 transcripsit
2642 5363 2781 5429 haec,
2813 5361 3005 5432 paucis
3045 5361 3229 5420 verbis
3258 5360 3554 5432 aliquando
3580 5360 3701 5414 niti-

392 5431 712 5491 Hildeberto
739 5431 926 5504 supra,
956 5431 1049 5487 ubi
1080 5432 1259 5489 solum
1280 5433 1337 5487 iu
1354 5441 1603 5490 extremo
1623 5431 1817 5491 morbo
1841 5435 1910 5490 ab
1928 5452 1995 5494 eo
2104 5432 2226 5489 dius
2257 5431 2510 5490 redditis.

392 5505 585 5562 dicitur
612 5504 854 5564 revelata
884 5505 1005 5562 11830
1031 5504 1191 5573 visio,
1237 5511 1289 5561 et
1318 5504 1537 5577 quidem
1569 5505 1713 5561 haud
1745 5505 1836 5562 diu
1866 5517 1993 5577 post

3176 5502 3203 5512 υ
