3956 6084
416 279 518 336 919

1512 281 1574 337 S.
1616 280 1934 338 HUGO‘NIS
1972 280 2256 339 ABBATIS
2296 282 2624 339 CLUNIAC.

3624 286 3736 337 920

409 377 598 462 functo
628 420 771 478 papa
803 406 1073 475 Paschali,
1109 407 1197 478 qui
1230 407 1488 462 Romanae
1522 407 1668 462 sedis
1714 407 1923 479 apicem
1956 407 2023 463 18
2050 408 2103 469 A
2133 406 2369 462 validius
2433 414 2731 473 attestatas,
2798 416 3081 481 gratanter
3135 407 3374 478 accepit.
3448 406 3750 480 Episcopis

409 494 583 560 annis,
615 502 670 550 et
695 510 762 550 eo
792 495 1091 566 amplius(t
1110 498 1197 563 11,
1216 495 1563 568 gubernavit,
1589 504 1904 565 assumptus
1934 504 2018 551 est

412 582 679 640 electione
701 583 989 649 catholica,
1014 592 1067 638 et
1095 592 1454 640 consecratus
1485 592 1564 638 est
1589 583 1837 639 Gelasius
1857 601 2016 657 papa,

415 670 502 726 vir
541 671 785 742 apprime
834 671 1099 737 eruditus,
1132 671 1495 743 eleemosynis
1553 673 1755 744 largus,
1796 672 2019 728 consilio

413 759 695 832 providus.
728 759 828 815 Hic
868 759 1108 816 Henrico
1135 762 1228 829 IV,
1264 754 1626 817 Romanorum
1674 759 2016 833 imperatore,

415 855 603 903 contra
640 847 935 904 Ecclesiam
985 848 1264 915 saeviente,
1294 849 1591 918 declinans,
1622 849 1690 904 ad
1738 866 1889 908 mare
1918 851 2020 905 de-

414 935 647 1012 scendit,
678 937 898 1008 navigio
924 936 1134 994 Gallias
1166 938 1425 1009 expetivit
1458 956 1469 992 :
1502 938 1712 1012 tibique
1760 940 2017 1011 primum,

414 1008 639 1079 cursore
664 1039 699 1080 a
727 1025 863 1080 Pisis
890 1026 1118 1096 emisso,
1161 1042 1323 1082 suum
1367 1008 1717 1097 praenuntiari
1759 1008 1887 1084 fecit
1916 1028 2021 1082 ad-

414 1120 642 1168 ventum
673 1100 688 1167 ξ
722 1121 772 1169 te
801 1113 967 1181 enim,
1000 1113 1241 1170 Cluniaci
1270 1112 1476 1171 scilicet
1512 1116 1784 1184 abbatem,
1817 1112 1881 1171 in'
1900 1133 2024 1187 par-

418 1200 565 1256 tibus
596 1202 895 1258 Galliarum
926 1204 1088 1259 habet
1122 1204 1376 1274 pontifex
1425 1206 1705 1260 Romanus
1745 1206 2024 1277 proprium

424 1297 482 1346 et
509 1291 802 1361 specialem
846 1290 1036 1347 ﬁlium.
1084 1294 1227 1348 Huic
1254 1294 1400 1364 apud
1431 1293 1489 1348 S.
1521 1293 1793 1365 digidium
1822 1309 2025 1350 occur-

424 1377 563 1447 risti,
622 1380 748 1435 huic
800 1388 855 1434 et
909 1381 1079 1436 multo
1127 1381 1407 1436 comitatui
1462 1397 1559 1437 suo
1607 1382 1938 1452 equitatums
1975 1392 2031 1449 et

422 1467 530 1522 alia
562 1484 725 1539 quam
774 1469 1017 1523 maxima
1057 1468 1464 1541 elegantissime
1508 1470 1843 1526 ministrasti.
1876 1472 2029 1527 Hunc

427 1572 532 1626 pro
562 1557 730 1610 maris
758 1556 1009 1611 molestia
1037 1556 1389 1623 inﬁrmatum,
1421 1558 1477 1612 in
1522 1566 1627 1614 tum
1664 1560 1784 1615 solo
1825 1559 2035 1614 nativi-

424 1644 571 1712 tatis,
630 1645 775 1713 quod
830 1645 991 1699 Pater
1048 1653 1168 1700 tuus
1214 1646 1426 1714 Petrus,
1472 1655 1664 1717 potens
1720 1655 1772 1702 et
1826 1648 2027 1703 nobilis

2133 510 2263 551 vero
2292 503 2346 550 et
2399 495 2766 551 cardinalibus
2821 497 3023 567 pariter
3065 495 3487 552 assentientibus
3515 497 3589 551 ad
3616 496 3746 551 lau-

2132 584 2257 639 dem
2290 591 2344 639 et
2374 582 2605 654 gloriam
2656 584 2876 639 Domini
2931 585 3099 640 nostri
3144 586 3271 640 Jesu
3331 584 3524 640 Christi
3577 592 3746 638 nata-

2132 672 2238 726 lem
2272 673 2407 727 tanti
2437 671 2763 728 confessoris
2790 681 2869 728 tot
2896 681 2949 728 et
2988 672 3148 728 tantis
3194 672 3480 729 virtutibus
3529 687 3746 744 appro-

2129 759 2241 815 bati
2298 760 2551 816 festivum
2600 758 2716 815 ﬁeri
2760 775 2905 832 papa
2962 761 3220 817 decrevit.
3267 801 3283 815 .
3329 802 3341 814 .
3388 761 3601 831 .(121).
3635 761 3745 816 [sta

2135 864 2224 903 me
2252 848 2454 903 dixisse
2499 848 2753 919 sufﬁciat,
2784 856 2982 921 tuaque
3010 849 3143 905 mihi
3172 848 3351 924 gratia
3395 849 3610 907 veniam
3641 848 3746 906 tri-

2131 936 2282 992 buat.
2328 930 2355 990 .
2388 978 2402 993 .
2446 977 2459 990 .
2492 936 2664 1010 (122).

2771 1026 2993 1083 CAPUT
3020 1028 3096 1082 II.

2305 1114 2392 1170 Ea:
2428 1114 2548 1170 Vita
2570 1130 2673 1185 per
2697 1115 2953 1171 eumdem
2988 1117 3272 1187 nugonem
3313 1118 3550 1190 scripta.

2205 1206 2260 1257 6.
2293 1204 2510 1257 Patrum
2541 1202 2976 1259 Cluniacensium
3016 1205 3311 1261 conventui
3333 1214 3521 1262 sancto
3542 1221 3743 1262 servus

2133 1291 2318 1367 llugo.
2362 1290 2603 1346 Charitas
2633 1307 2756 1363 qua:
2798 1291 2971 1347 libera
3014 1292 3206 1360 servit,
3237 1293 3343 1364 piis
3398 1310 3489 1350 me
3533 1294 3748 1363 jussio-

2134 1377 2294 1433 nibus
2320 1393 2519 1449 parere
2550 1378 2852 1449 compellit.
2900 1381 3179 1451 Praecepto
3219 1380 3405 1453 igitur,
3435 1396 3548 1436 non
3591 1398 3746 1453 prae-

2134 1467 2459 1537 sumptione,
2512 1467 2727 1538 suscepi
2783 1467 2853 1523 de
2889 1469 2949 1522 B.
2990 1469 3242 1539 Hugone,
3292 1467 3417 1525 licet
3460 1469 3745 1541 indignus,

2135 1553 2347 1626 aliquid
2401 1554 2601 1610 dicere.
2644 1556 2760 1611 Nec
2803 1558 2889 1611 eis
2935 1556 3233 1627 praejudico
3263 1557 3355 1628 qui
3385 1567 3511 1613 ante
3560 1574 3649 1613 me
3677 1558 3749 1615 de

2138 1650 2325 1698 sancto
2356 1642 2593 1715 eleganti
2620 1643 2893 1713 scripsere
2924 1644 3159 1710 calamo,
3189 1645 3288 1700 sed
3308 1646 3510 1700 nostris
3538 1645 3745 1702 servio.

419 1747 605 1821 comes
634 1732 1004 1804 Merguliensis
1029 1733 1199 1803 (115),
1229 1733 1338 1804 iuri
1386 1736 1756 1805 apostolorum
1797 1736 1944 1792 Petri
1970 1745 2102 1821 etB
2139 1731 2272 1785 dum
2321 1732 2571 1801 quaedam
2601 1732 2671 1786 ab
2700 1732 2778 1786 eis
2806 1734 3010 1787 omissa
3037 1733 3261 1805 colligo,
3293 1733 3568 1804 profusius
3598 1734 3744 1789 edita

420 1820 574 1877 Pauli
603 1821 953 1886 contradidit,
978 1830 1030 1876 et
1059 1822 1189 1878 inde
1218 1823 1452 1893 accepit,
1486 1832 1543 1878 tu
1579 1841 1776 1895 papam
1810 1824 2019 1881 ofﬁcio-

418 1910 637 1965 sissime
662 1909 967 1965 confovisti.
1001 1909 1107 1980 Qui
1156 1911 1335 1968 denuo
1365 1913 1774 1983 convalescens,
1798 1921 1851 1968 et
1894 1914 2022 1969 Clu-

418 1998 636 2054 niacum
668 2014 832 2053 suum
861 1998 1153 2068 pervenire
1180 1999 1516 2065 desiderans,
1541 2002 1863 2074 Lugdunum
1894 2002 2022 2058 Gal-

418 2081 510 2142 lie
538 2087 840 2158 pertransit,
872 2087 1225 2143 Matisconam
1258 2089 1546 2145 descendit
1573 2089 1742 2161 (116),
1774 2091 1870 2146 ubi
1899 2107 2022 2162 gra-

419 2173 648 2231 vissima
674 2173 995 2248 aegritudine
1024 2175 1302 2231 confectus
1344 2193 1402 2232 se
1439 2177 1752 2233 Cluniacum
1794 2178 2021 2249 perferri

422 2262 811 2319 instantissime
856 2265 1137 2335 praecepit.
1183 2264 1304 2333 Quo
1341 2264 1677 2335 deportatus,
1706 2282 2024 2337 summaque

425 2352 730 2411 reverentia
795 2361 1101 2423 susceptus,
1168 2353 1443 2427 completo
1513 2354 1860 2425 episcopatus
1940 2354 2023 2410 sui

427 2458 571 2498 anno
600 2442 775 2513 primo
818 2449 872 2497 et
919 2440 1111 2496 diebus
1140 2457 1379 2511 quaruor
1408 2442 1578 2511 (117),
1610 2442 1664 2496 in
1694 2443 1874 2498 medio
1906 2443 2023 2498 fra-

422 2538 584 2599 trum,
640 2528 1113 2585 circumstantibus
1170 2529 1451 2601 episcopis
1521 2530 1907 2596 cardinalibus,
1962 2532 2023 2586 in

424 2615 646 2689 propria
691 2618 881 2687 domo,
932 2617 1183 2690 preprius
1238 2627 1422 2690 pastor
1472 2618 1528 2673 in
1574 2634 1707 2691 pace
1764 2619 2025 2676 Cluniaco

419 2707 648 2780 quievit.

500 2799 555 2850 5.
598 2795 725 2850 Post
779 2796 922 2851 hunc
969 2796 1297 2851 reverendus
1325 2796 1493 2851 Wido
1548 2795 1874 2852 Viennensis
1931 2813 2025 2852 ar-

427 2883 807 2954 chiepiscopus
860 2883 931 2939 ab
976 2883 1226 2940 Ecclesia
1271 2884 1538 2939 catholica
1575 2891 1656 2939 est
1682 2884 1737 2939 in
1767 2886 2028 2942 Cluniaco

422 2973 646 3041 electus,
677 2972 862 3043 sicque
892 2972 949 3027 in
981 2987 1181 3043 papam
1227 2971 1496 3027 Calixtum
1535 2972 1826 3028 ordinatus
1855 2974 2026 3042 (118).

422 3061 523 3116 llic
545 3068 774 3117 terrente
796 3060 1093 3116 nobilitatis
1114 3060 1439 3117 celsitudine
1456 3061 1717 3131 praecellit
1741 3063 1909 3130 (119),
1928 3063 2025 3117 sed

421 3149 722 3206 caelestium
777 3148 952 3205 nitore
995 3149 1385 3205 charismatum
1434 3149 1712 3219 pulchrius
1755 3150 2028 3207 elucessit.

429 3238 531 3294 Hic
574 3237 819 3295 secundo
870 3238 1181 3294 Cluniacum
1212 3238 1392 3305 rediit,
1441 3237 1624 3309 ibique
1670 3238 1866 3294 festum
1915 3240 2032 3295 Do-

423 3325 640 3383 minica:
670 3326 1111 3383 Circumcisionis
1157 3333 1212 3382 et
1239 3326 1607 3398 Apparitionis
1635 3326 1837 3383 devote
1864 3344 2031 3398 pcre—

419 3415 503 3487 git
530 3417 701 3486 (120).
743 3414 847 3485 Qui
896 3416 1027 3470 dum
1070 3416 1210 3471 inter
1247 3424 1446 3471 caetera
1494 3414 1697 3485 saepius
1747 3424 1934 3488 ageret
1963 3418 2033 3472 de

422 3504 540 3560 vita
592 3512 647 3559 et
711 3503 988 3558 miraculis
1043 3504 1103 3557 B.
1163 3502 1427 3575 Hugonis,
1494 3517 1604 3557 non
1672 3505 2036 3575 quorumlibet

427 3592 705 3649 chartulas
735 3606 900 3660 super
931 3591 1014 3645 his
1038 3591 1320 3660 profusius
1358 3597 1612 3645 exaratas
1660 3592 1907 3661 attendit,
1931 3594 2027 3647 sed

430 3695 694 3752 personas
723 3678 1058 3734 authenticas
1085 3679 1143 3732 in
1189 3679 1371 3734 medio
1401 3679 1772 3733 Cluniacensis
1811 3682 2032 3751 capituli

435 3774 814 3839 pressantatas,
847 3765 916 3821 de
966 3774 1151 3821 sancto
1203 3782 1327 3836 quae
1378 3766 1622 3821 viderant
1657 3774 1711 3822 et
1753 3769 2035 3826 audierant

509 3890 657 3961 (111)
691 3888 913 3946 Scilicet
940 3890 1220 3946 mensibus
1247 3894 1299 3955 5,
1334 3889 1529 3945 diebus
1559 3892 1616 3945 4.

508 3961 660 4036 (115)
690 3962 1027 4036 Mergulium
1042 3961 1206 4034 vulgo
1238 3961 1516 4036 Melgueil,
1536 3961 1610 4036 Ain
1654 3963 2035 4036 Languedocia

437 4033 587 4105 haud
619 4033 826 4103 procul
855 4050 885 4088 a
912 4033 1426 4089 Rodanoconstitui
1460 4033 1635 4105 debet.
1675 4033 1937 4105 siquidem
1970 4052 2036 4092 eo

438 4104 548 4160 loci
584 4112 737 4159 natus
782 4112 865 4159 est
919 4105 1166 4167 Pontius,
1193 4105 1387 4160 saltem
1419 4103 1715 4160 nativitatis
1739 4103 1859 4172 ejus
1888 4108 2038 4164 locus

438 4175 493 4231 in
520 4175 635 4250 jam
666 4175 1189 4250 dictakregioneerit
1208 4176 1564 4250 quaerendus;
1597 4177 2034 4250 quandoquidem

477 4247 683 4300 outifex
713 4246 781 4301 ad
812 4247 873 4302 S.
910 4246 1185 4317 )Egidium
1228 4246 1289 4302 'se
1320 4246 1627 4316 recipiens,
1645 4248 1771 4301 inde
1801 4246 2037 4306 adverso

492 4318 708 4371 hodano
740 4318 1067 4386 Lugdunum
1090 4332 1278 4371 versus
1308 4317 1639 4372 ascenderit.

515 4389 663 4458 (116)
694 4388 1051 4461 Descendisse
1082 4389 1231 4453 dicit,
1262 4404 1369 4461 non
1400 4389 1925 4461 respectu‘ﬂuminis,
1945 4392 2038 4461 qui

2064 3109 2114 3172 C

2132 1821 2419 1888 contrahe,
2480 1836 2549 1875 ne
2606 1828 2897 1891 occupatos
2959 1836 3179 1877 onerem
3233 1822 3402 1877 multa
3455 1830 3745 1893 praetereo.

2136 1930 2157 1955 ι
2201 1907 2333 1963 ΙΙωο
2363 1907 2747 1979 protestatione
2771 1908 3068 1978 praemissa,
3088 1909 3748 1988 natales.monachatum,

2128 2003 2182 2051 et
2209 1996 2528 2051 electionem
2559 1996 2617 2052 S.
2650 1997 2839 2066 paucis
2866 1998 3191 2069 perstringit
3216 2005 3437 2060 auctor;
3463 1999 3755 2071 obiterque

2123 2083 2359 2139 indicato
2417 2084 2546 2154 quid
2592 2085 2881 2140 Florentiae
2929 2085 3240 2158 contigerit,
3302 2098 3621 2158 susceptum
3651 2104 3750 2143 ar-

2125 2180 2447 2244 gumentum
2476 2173 2554 2227 sic
2582 2174 2930 2244 prosequitur
2958 2191 2971 2226 :
3006 2196 3029 2222 η

2193 2263 2246 2315 7.
2281 2261 2542 2316 Mirandis
2596 2262 2720 2331 plus
2775 2261 3020 2317 miranda
3080 2262 3379 2335 subjungo,
3426 2280 3548 2335 qua
3597 2262 3749 2321 refe-

2128 2349 2377 2404 rentibus
2427 2350 2562 2405 viris
2618 2350 2944 2405 authenticis
2991 2351 3236 2422 probata
3276 2367 3570 2425 cognosco.
3617 2354 3753 2409 Hac

2126 2453 2257 2491 sane
2282 2438 2549 2505 referunt,
2586 2438 2892 2494 Gaufredus
2943 2438 3013 2493 de
3069 2441 3255 2495 Monte
3287 2440 3345 2495 S.
3391 2440 3660 2498 Vincentii
3699 2455 3755 2501 et

2135 2525 2437 2582 Rainaldus
2456 2526 2760 2583 Eduensis.
2786 2527 2909 2582 Dux
2927 2527 3265 2600 Burgundiae
3282 2529 3577 2585 Rotbertus
3598 2532 3752 2601 (ηε)

2146 2616 2500 2687 Haganonem
2529 2616 2824 2671 Eduorum
2854 2615 3173 2689 episc0pum
3203 2617 3371 2673 nimia
3398 2618 3756 2675 infestatione

2136 2703 2423 2776 gravabat,
2465 2704 2740 2776 variisque
2793 2707 3126 2776 praedonum
3183 2705 3503 2762 incursibus
3543 2709 3754 2779 passim

2132 2792 2454 2863 Burgundia
2483 2792 2791 2848 laborabat.
2824 2793 3136 2864 Eapropter
3154 2785 3405 2866 episcopi
3435 2795 3755 2852 Gaufredus

2136 2880 2537 2953 Lugdunensis,
2588 2882 2749 2953 Hugo
2801 2881 3220 2951 Bisontinensis,
3249 2884 3525 2940 Accardus
3587 2884 3750 2941 Cabi~

2136 2969 2395 3039 lonensis,
2428 2977 2481 3024 et
2509 2970 2695 3043 Drogo
2731 2969 3339 3039 Matiscensis,£duam
3369 2974 3414 3041 (1
3427 2976 3519 3045 21)
3552 2989 3759 3031 conve-

2138 3060 2356 3124 nerunt,
2406 3056 2701 3127 magnique
2732 3057 2944 3113 Patrem
3000 3058 3217 3113 consilii
3290 3060 3611 3129 praedictum
3642 3061 3762 3115 Bu-

2139 3141 2344 3217 gonem
2383 3144 2795 3200 Cluniacensem
2841 3145 3099 3201 abbatem
3150 3147 3341 3203 venire
3395 3159 3758 3219 rogaverunt,

2144 3233 2342 3288 Aderat
2369 3231 2656 3288 illustrium
2682 3233 2969 3291 multitudo
2989 3236 3221 3305 copiosa
3239 3237 3500 3306 virorum,
3523 3239 3762 3309 populus

2141 3320 2449 3376 conﬂuebat
2505 3319 2766 3390 inﬁnitus,
2810 3338 2915 3392 pro
2957 3338 3089 3393 pace
3116 3324 3438 3395 supplicans
3469 3326 3763 3383 indefessis

2146 3409 2505 3465 clamoribus.
2568 3409 2877 3466 Adveniens
2949 3412 3066 3482 ipse
3120 3411 3250 3478 dux,
3302 3414 3417 3469 imo
3478 3423 3759 3485 tyrannus,

2140 3496 2371 3553 Eduam
2429 3496 2676 3566 intravit;
2732 3497 2829 3553 sed
2871 3498 3016 3554 fastu
3046 3499 3291 3573 maligno
3320 3501 3585 3557 interesse
3613 3518 3757 3559 con-

2142 3584 2325 3641 ventui
2352 3585 2640 3641 recusavit.
2681 3588 2749 3641 At
2790 3587 2949 3642 Pater
2984 3588 3167 3660 Hugo,
3199 3588 3415 3646 fervore
3470 3591 3761 3647 charitatis

2141 3673 2405 3741 concitus,
2438 3682 2723 3745 tyrannum
2768 3674 2937 3739 adiit;
2986 3691 3147 3748 quem
3193 3679 3547 3736 vehementer
3571 3680 3760 3737 incre-

2141 3778 2278 3834 pans
2306 3764 2516 3818 cunctis
2544 3762 2874 3819 mirantibus
2905 3772 3160 3837 tanquam
3202 3781 3360 3823 ovem
3404 3767 3758 3826 mitissimam

2145 3891 2202 3947 S.
2236 3891 2483 3963 llugonis
2512 3907 2776 3947 sororem.

2214 3963 2360 4025 (121)
2394 3964 2727 4035 Conventum
2786 3963 2928 4017 hunc
2986 3967 3366 4035 episcoporum
3416 3966 3488 4021 ad
3546 3983 3756 4024 annum

2146 4032 2573 4107 1072Jrcferunt
2626 4032 3032 4107 Sammarthani
3086 4034 3141 4088 in
3176 4032 3469 4107 _episc0pis
3517 4039 3759 4095 Bisonti-

2143 4104 2430 4177 nensibus.
2450 4119 2690 4177 quorum
2731 4121 2819 4159 Lm
2850 4106 3031 4177 Hugo,
3063 4122 3208 4161 anno
3232 4104 3402 4175 1071,
3426 4112 3755 4167 numerabat

2144 4175 2231 4257 sui.
2270 4175 2589 4258 prtesulttlus
2637 4191 2834 4258 annum
2869 4179 2891 4229 1
2921 4175 2962 4238 ς’
2984 4185 3039 4230 et
3093 4177 3280 4258 Drogo
3311 4178 3748 4258 Matisc_onegsis,

2144 4246 2231 4316 ’qui
2266 4247 2465 4315 pariter
2494 4246 2756 4314 interfuit,
2798 4263 2996 4302 annum
3038 4246 3422 4316 penulﬁmum.
3483 4250 3563 4307 De
3596 4246 3755 4309 Gaui-

2142 4317 2298 4371 fredo
2329 4317 2697 4393 Lugdunensi,
2716 4319 2814 4393 qui
2827 4318 3149 4393 prgesedjsse
3174 4319 3362 4393 debuit
3381 4323 3610 4393 grandis
3623 4340 3752 4379 con-

2146 4388 2407 4463 troversia
2426 4398 2681 4463 movetur
2702 4388 2772 4442 ab
2802 4389 2996 4463 iisdem
3029 4388 3459 4463 summarthanis
3478 4394 3570 4463 qui
3602 4395 3658 4449 in
3679 4412 3760 4450 ar-

442 4457 709 4540 advers’us
738 4467 852 4514 erat
874 4477 905 4540 ς.
930 4460 1037 4540 sed
1068 4467 1316 4540 respectu
1357 4457 1581 4526 itineris,
1628 4459 1697 4513 ab
1754 4470 1938 4518 austro
1962 4457 2039 4517 ‘in
2069 4457 2125 4519 D
2148 4459 2511 4540 chiepiscopis
2532 4460 2984 4540 Lugdunensibus
3004 4461 3212 4540 nullum
3233 4462 3378 4540 sedis
3397 4457 3519 4532 ejus
3538 4474 3759 4536 tempus

437 4530 858 4601 septentrionem
890 4531 1141 4601 instituti.

508 4602 656 4670 (117)
689 4601 837 4656 Obiit
874 4600 1126 4656 Gelasius
1155 4602 1222 4662 ll,
1244 4615 1386 4653 anno
1420 4599 1648 4663 1119,29
1676 4602 1934 4655 Januarii.

511 4673 984 4739 (118)Coronatus
1039 4679 1122 4727 est
1176 4671 1420 4725 Catixtus
1450 4672 1518 4738 ll,
1567 4671 1657 4726 die
1703 4676 1723 4725 1
1764 4672 2040 4729 Februarii

438 4743 686 4812 ejusdem
719 4743 866 4796 anni.

434 4840 437 4845 ι
510 4816 659 4880 (119)
683 4814 876 4883 Utpote
895 4812 1038 4868 ﬁlius
1061 4812 1337 4869 Guilielmi
1353 4814 1422 4881 II,
1448 4812 1779 4884 Burgundiae
1798 4815 2034 4871 comitis.

440 4904 445 4907 ν
507 4884 661 4955 (1‘20)
687 4887 841 4939 Anno
891 4886 1048 4951 1120,
1088 4885 1398 4955 priusquam
1449 4884 1651 4937 rediret
1695 4887 1747 4937 in
1788 4887 2026 4942 Italiam.

509 4954 660 5025 (121)
690 4954 923 5019 Cretera,
957 4971 1075 5024 quae
1105 4954 1348 5010 Cluniaci
1371 4955 1543 5025 gessit
1572 4955 1839 5024 pontifex,
1872 4957 1925 5011 in
1958 4958 2035 5012 bi-

436 5023 717 5097 bliotheca
734 5023 998 5097 CluniacI,
1031 5026 1115 5080 col
1142 5029 1266 5094 560,
1298 5023 1407 5097 legi
1438 5023 1689 5095 possunt.

508 5094 656 5169 (122)
687 5093 916 5169 Reliqua
940 5111 1075 5169 pars
1121 5093 1379 5169 epistola?
1415 5093 1531 5169 agit
1583 5097 1652 5169 de
1695 5097 1916 5169 reliquis
1946 5100 2029 5155 SS

435 5166 577 5220 Petri
636 5174 688 5220 et
735 5167 884 5222 Pauli
926 5166 1238 5221 Cluniacum
1284 5166 1478 5231 allatis,
1512 5176 1565 5223 et
1611 5168 1663 5222 in
1695 5166 2028 5226 monasterio

428 5251 572 5292 novo
619 5252 718 5306 per
773 5238 1020 5292 Pontium
1062 5246 1371 5294 constructo
1407 5240 1760 5306 conservatis,
1807 5242 2027 5297 immota

421 5322 523 5365 ara
550 5308 653 5362 sub
679 5325 787 5378 qua
816 5309 1071 5378 repositae
1094 5308 1222 5362 olim
1256 5309 1488 5364 fuerant.

494 5382 644 5449 (123)
674 5379 797 5452 Fuit
829 5379 1096 5452 Robertus
1124 5380 1215 5434 hic
1254 5382 1456 5450 primus
1484 5398 1547 5436 ex
1570 5382 1737 5452 stirpe
1766 5383 2024 5439 Francica

418 5450 756 5524 Purgandia:
802 5452 934 5517 dux,
968 5451 1341 5524 tertiogenitus
1371 5453 1609 5524 Vltoberti
1632 5450 1816 5524 regis,
1847 5469 2021 5523 nepos

416 5520 663 5591 Hugonis
692 5523 897 5591 Capeti,
930 5531 984 5578 et
1014 5522 1305 5577 infeliciter
1329 5523 1465 5577 obiit
1492 5540 1635 5579 anno
1666 5520 1805 5580 1675
1825 5543 1838 5586 ;
1859 5520 2018 5581 anno

412 5596 600 5648 autem
636 5597 773 5650 1015
801 5594 1057 5651 secundis
1085 5594 1285 5666 nuptiis
1325 5595 1553 5650 duxerat
1581 5595 2012 5668 Ermengardem

2150 4530 2456 4606 inveniunt,
2488 4546 2663 4600 neque
2702 4546 2898 4585 nomen
2930 4530 2982 4584 in
3015 4530 3545 4606 catalogissNegant
3572 4530 3756 4594 autem

2152 4601 2543 4670 recipiendum,
2576 4609 2797 4670 propter
2854 4602 3230 4657 auctoritatem
3277 4601 3519 4660 chrouici
3569 4606 3751 4662 Flavi-

2151 4673 2435 4749 niacensis,
2469 4671 2559 4749 ubi
2591 4672 2790 4749 dicitur
2819 4688 2963 4749 anno
2995 4674 3153 4735 1077,
3184 4696 3205 4719 «
3232 4675 3357 4749 quia
3373 4677 3755 4749 Lugdunensis

2147 4741 2681 4814 sedespllumberto
2739 4743 3048 4799 Simoniaco
3096 4741 3326 4814 expulso
3376 4741 3551 4801 et'in
3612 4748 3751 4804 locis

2143 4813 2460 4867 Jurensibus
2492 4814 2756 4868 monacho
2801 4814 2969 4879 facto,
3004 4816 3235 4869 vacabat
3280 4818 3537 4873 antistite.
3578 4842 3600 4868 ι
3653 4823 3752 4876 Ast

2144 4885 2326 4953 prima
2357 4885 2516 4951 hujus
2546 4884 2830 4955 Humberti
2864 4885 3365 4955 memOria,ipsimet
3385 4888 3755 4945 indicantibus

2143 4964 2314 5010 exstat
2361 4955 2414 5008 in
2446 4954 2887 5025 ChartOphilacio
2919 4956 2977 5011 S.
3020 4954 3619 5015 Petri’Matisconensis
3645 4962 3745 5017 sub

2141 5041 2287 5081 anno
2345 5027 2509 5087 1072;
2571 5036 2620 5079 et
2678 5025 2977 5094 Philippus,
3009 5026 3080 5079 ab
3134 5028 3383 5083 Alberico
3431 5039 3649 5087 notatus
3697 5033 3750 5088 in

2140 5098 2396 5171 Chronico
2427 5098 2920 5171 ειᾴηιινηιιψημ1051,
2968 5105 3184 5171 putatur
3229 5102 3300 5153 ab
3344 5100 3475 5171 ipsis
3532 5102 3581 5157 is
3609 5118 3746 5171 esse,

2141 5169 2230 5238 qui
2261 5184 2403 5223 anno
2440 5168 2581 5239 1055‘
2614 5167 2681 5221 de
2710 5168 2950 5223 Simonis
2970 5167 3079 5223 fuit
3109 5185 3209 5239 per
3248 5167 3568 5227 miraculum
3609 5167 3746 5229 con-l

2139 5237 2345 5301 victus;
2397 5237 2584 5314 quidni
2615 5245 2693 5314 et_
2717 5237 3296 5314 depositus?_'saltem
3334 5242 3558 5314 largum
3610 5245 3750 5301 inter

2134 5327 2332 5366 annum
2367 5311 2517 5382 1055Δ
2542 5317 2592 5363 et
2641 5312 2774 5365 1072
2800 5310 2897 5366 est
2940 5310 3192 5382 spatium,
3227 5320 3284 5366 ut
3328 5310 3543 5369 interim
3590 5314 3746 5371 Gau-

2134 5383 2317 5438 fredus
2346 5380 2564 5445 sederit,
2597 5389 2652 5434 et
2678 5382 2842 5452 paulo
2873 5380 2995 5452 post
3044 5388 3371 5438 conventum
3405 5386 3738 5442 diduensem

2131 5454 2460 5509 celebratum
2518 5451 2711 5507 obierit
2737 5471 2775 5525 ;Δ
2809 5451 2931 5508 cum
2968 5469 3038 5508 ne
3071 5455 3173 5508 hoc
3220 5454 3435 5525 quidem
3497 5467 3735 5525 constet,

2131 5526 2275 5596 quod
2306 5541 2449 5581 anno
2484 5526 2620 5596 1072
2666 5523 2850 5591 pOIius
2896 5541 3059 5596 quam
3109 5523 3251 5578 1071⁷
3293 5525 3453 5581 fuerit
3481 5523 3739 5583 celebra;

2133 5594 2232 5651 tus.
2262 5598 2419 5657 Adde
2449 5594 2616 5667 quod,
2646 5603 2705 5649 ut
2757 5594 3332 5668 notat’Quercetanus,
3364 5597 3529 5653 etiam
3558 5599 3734 5657 Nico-
