  <div class='ocr_page' id='page_1' title='image "/cluster/home/n/w/nwhite01/storage/ocr_20150623/159/hvd.32044054760178/466.png"; bbox 0 0 4032 6078; ppageno 0'>
   <div class='ocr_carea' id='block_1_1' title="bbox 271 297 371 353">
    <p class='ocr_par' dir='ltr' id='par_1_1' title="bbox 271 297 371 353">
     <span class='ocr_line' id='line_1_1' title="bbox 271 297 371 353; baseline -0.02 0"><span class='ocrx_word' id='word_1_1' title='bbox 271 297 371 353; x_wconf 75' lang='grc'><strong>921</strong></span> 
     </span>
    </p>
   </div>
   <div class='ocr_carea' id='block_1_2' title="bbox 1874 291 2062 349">
    <p class='ocr_par' dir='ltr' id='par_1_2' title="bbox 1874 291 2062 349">
     <span class='ocr_line' id='line_1_2' title="bbox 1874 291 2062 349; baseline 0.005 -1"><span class='ocrx_word' id='word_1_2' title='bbox 1874 291 2035 349; x_wconf 81' lang='lat' dir='ltr'><strong>VITA</strong></span> <span class='ocrx_word' id='word_1_3' title='bbox 2049 334 2062 348; x_wconf 93' lang='lat'><strong>.</strong></span> 
     </span>
    </p>
   </div>
   <div class='ocr_carea' id='block_1_3' title="bbox 3498 304 3604 356">
    <p class='ocr_par' dir='ltr' id='par_1_3' title="bbox 3498 304 3604 356">
     <span class='ocr_line' id='line_1_3' title="bbox 3498 304 3604 356; baseline 0 -1"><span class='ocrx_word' id='word_1_4' title='bbox 3498 304 3604 356; x_wconf 72' lang='lat'><strong>922</strong></span> 
     </span>
    </p>
   </div>
   <div class='ocr_carea' id='block_1_4' title="bbox 267 417 3581 495">
    <p class='ocr_par' dir='ltr' id='par_1_4' title="bbox 267 417 3581 495">
     <span class='ocr_line' id='line_1_4' title="bbox 267 417 3581 495; baseline 0 -17"><span class='ocrx_word' id='word_1_5' title='bbox 267 439 451 478; x_wconf 84' lang='lat' dir='ltr'><strong>secum</strong></span> <span class='ocrx_word' id='word_1_6' title='bbox 478 423 725 479; x_wconf 80' lang='lat' dir='ltr'><strong>adduxit.</strong></span> <span class='ocrx_word' id='word_1_7' title='bbox 757 419 1043 493; x_wconf 86' lang='lat' dir='ltr'><strong>Episcopis</strong></span> <span class='ocrx_word' id='word_1_8' title='bbox 1084 424 1262 474; x_wconf 90' lang='lat' dir='ltr'><strong>autem</strong></span> <span class='ocrx_word' id='word_1_9' title='bbox 1320 417 1773 488; x_wconf 77' lang='lat' dir='ltr'><strong>supplicantibus,</strong></span> <span class='ocrx_word' id='word_1_10' title='bbox 1827 426 1887 473; x_wconf 89' lang='lat' dir='ltr'><strong>ut</strong></span> <span class='ocrx_word' id='word_1_11' title='bbox 1913 419 1964 479; x_wconf 87' lang='lat' dir='ltr'><strong>A</strong></span> <span class='ocrx_word' id='word_1_12' title='bbox 1994 420 2145 475; x_wconf 90' lang='lat' dir='ltr'><strong>nensi</strong></span> <span class='ocrx_word' id='word_1_13' title='bbox 2175 422 2347 492; x_wconf 71' lang='lat'><strong>(127),</strong></span> <span class='ocrx_word' id='word_1_14' title='bbox 2379 428 2433 478; x_wconf 91' lang='lat' dir='ltr'><strong>et</strong></span> <span class='ocrx_word' id='word_1_15' title='bbox 2465 423 2719 494; x_wconf 84' lang='lat' dir='ltr'><strong>Drogune</strong></span> <span class='ocrx_word' id='word_1_16' title='bbox 2746 424 3080 489; x_wconf 79' lang='lat' dir='ltr'><strong>Matiscensi,</strong></span> <span class='ocrx_word' id='word_1_17' title='bbox 3104 440 3160 478; x_wconf 82' lang='lat' dir='ltr'><strong>in</strong></span> <span class='ocrx_word' id='word_1_18' title='bbox 3189 439 3384 495; x_wconf 87' lang='lat' dir='ltr'><strong>campo</strong></span> <span class='ocrx_word' id='word_1_19' title='bbox 3441 441 3581 480; x_wconf 78' lang='lat' dir='ltr'><strong>vena</strong></span> 
     </span>
    </p>
   </div>
   <div class='ocr_carea' id='block_1_5' title="bbox 272 507 1881 583">
    <p class='ocr_par' dir='ltr' id='par_1_5' title="bbox 272 507 1881 583">
     <span class='ocr_line' id='line_1_5' title="bbox 272 507 1881 583; baseline -0.003 -17"><span class='ocrx_word' id='word_1_20' title='bbox 272 513 428 566; x_wconf 86' lang='lat' dir='ltr'><strong>Pater</strong></span> <span class='ocrx_word' id='word_1_21' title='bbox 455 511 613 583; x_wconf 81' lang='lat' dir='ltr'><strong>Hugo</strong></span> <span class='ocrx_word' id='word_1_22' title='bbox 641 526 744 581; x_wconf 91' lang='lat' dir='ltr'><strong>pro</strong></span> <span class='ocrx_word' id='word_1_23' title='bbox 773 524 910 581; x_wconf 90' lang='lat' dir='ltr'><strong>pace</strong></span> <span class='ocrx_word' id='word_1_24' title='bbox 938 507 1153 580; x_wconf 90' lang='lat' dir='ltr'><strong>agenda</strong></span> <span class='ocrx_word' id='word_1_25' title='bbox 1184 508 1524 577; x_wconf 78' lang='lat' dir='ltr'><strong>loqueretur,</strong></span> <span class='ocrx_word' id='word_1_26' title='bbox 1557 507 1729 561; x_wconf 91' lang='lat' dir='ltr'><strong>turbis</strong></span> <span class='ocrx_word' id='word_1_27' title='bbox 1774 524 1881 561; x_wconf 87' lang='lat' dir='ltr'><strong>un-</strong></span> 
     </span>
    </p>
   </div>
   <div class='ocr_carea' id='block_1_6' title="bbox 266 596 1886 671">
    <p class='ocr_par' dir='ltr' id='par_1_6' title="bbox 266 596 1886 671">
     <span class='ocr_line' id='line_1_6' title="bbox 266 596 1886 671; baseline -0.002 -15"><span class='ocrx_word' id='word_1_28' title='bbox 266 600 433 671; x_wconf 89' lang='lat' dir='ltr'><strong>dique</strong></span> <span class='ocrx_word' id='word_1_29' title='bbox 460 599 874 667; x_wconf 89' lang='lat' dir='ltr'><strong>conticentibus,</strong></span> <span class='ocrx_word' id='word_1_30' title='bbox 905 605 958 653; x_wconf 89' lang='lat' dir='ltr'><strong>et</strong></span> <span class='ocrx_word' id='word_1_31' title='bbox 986 613 1054 652; x_wconf 85' lang='lat' dir='ltr'><strong>ex</strong></span> <span class='ocrx_word' id='word_1_32' title='bbox 1084 596 1198 665; x_wconf 85' lang='lat' dir='ltr'><strong>ejus</strong></span> <span class='ocrx_word' id='word_1_33' title='bbox 1226 611 1322 651; x_wconf 90' lang='lat' dir='ltr'><strong>ore</strong></span> <span class='ocrx_word' id='word_1_34' title='bbox 1372 596 1750 667; x_wconf 76' lang='lat' dir='ltr'><strong>pendentibus,</strong></span> <span class='ocrx_word' id='word_1_35' title='bbox 1808 597 1886 652; x_wconf 88' lang='lat' dir='ltr'><strong>sic</strong></span> 
     </span>
    </p>
   </div>
   <div class='ocr_carea' id='block_1_7' title="bbox 272 684 1886 760">
    <p class='ocr_par' dir='ltr' id='par_1_7' title="bbox 272 684 1886 760">
     <span class='ocr_line' id='line_1_7' title="bbox 272 684 1886 760; baseline -0.002 -16"><span class='ocrx_word' id='word_1_36' title='bbox 272 689 383 744; x_wconf 91' lang='lat' dir='ltr'><strong>ait:</strong></span> <span class='ocrx_word' id='word_1_37' title='bbox 416 711 437 738; x_wconf 75' lang='grc' dir='ltr'>α</span> <span class='ocrx_word' id='word_1_38' title='bbox 471 688 575 758; x_wconf 85' lang='lat' dir='ltr'><strong>Qui</strong></span> <span class='ocrx_word' id='word_1_39' title='bbox 606 688 807 759; x_wconf 88' lang='lat' dir='ltr'><strong>padem</strong></span> <span class='ocrx_word' id='word_1_40' title='bbox 835 694 1101 760; x_wconf 69' lang='lat' dir='ltr'><strong>quaerunt,</strong></span> <span class='ocrx_word' id='word_1_41' title='bbox 1135 685 1229 757; x_wconf 88' lang='lat' dir='ltr'><strong>qui</strong></span> <span class='ocrx_word' id='word_1_42' title='bbox 1258 686 1437 741; x_wconf 91' lang='lat' dir='ltr'><strong>Deum</strong></span> <span class='ocrx_word' id='word_1_43' title='bbox 1474 684 1727 757; x_wconf 90' lang='lat' dir='ltr'><strong>diligunt,</strong></span> <span class='ocrx_word' id='word_1_44' title='bbox 1785 700 1886 741; x_wconf 92' lang='lat' dir='ltr'><strong>nos</strong></span> 
     </span>
    </p>
   </div>
   <div class='ocr_carea' id='block_1_8' title="bbox 268 773 1885 849">
    <p class='ocr_par' dir='ltr' id='par_1_8' title="bbox 268 773 1885 849">
     <span class='ocr_line' id='line_1_8' title="bbox 268 773 1885 849; baseline -0.004 -15"><span class='ocrx_word' id='word_1_45' title='bbox 268 777 510 846; x_wconf 79' lang='lat' dir='ltr'><strong>audiant,</strong></span> <span class='ocrx_word' id='word_1_46' title='bbox 542 778 839 849; x_wconf 85' lang='lat' dir='ltr'><strong>nobiscum</strong></span> <span class='ocrx_word' id='word_1_47' title='bbox 869 784 1054 847; x_wconf 88' lang='lat' dir='ltr'><strong>agant.</strong></span> <span class='ocrx_word' id='word_1_48' title='bbox 1089 774 1192 844; x_wconf 86' lang='lat' dir='ltr'><strong>Qui</strong></span> <span class='ocrx_word' id='word_1_49' title='bbox 1223 789 1351 830; x_wconf 84' lang='lat' dir='ltr'><strong>vero</strong></span> <span class='ocrx_word' id='word_1_50' title='bbox 1392 773 1532 828; x_wconf 88' lang='lat' dir='ltr'><strong>filius</strong></span> <span class='ocrx_word' id='word_1_51' title='bbox 1573 775 1721 845; x_wconf 83' lang='lat' dir='ltr'><strong>pacis</strong></span> <span class='ocrx_word' id='word_1_52' title='bbox 1774 789 1885 830; x_wconf 92' lang='lat' dir='ltr'><strong>non</strong></span> 
     </span>
    </p>
   </div>
   <div class='ocr_carea' id='block_1_9' title="bbox 268 862 1878 936">
    <p class='ocr_par' dir='ltr' id='par_1_9' title="bbox 268 862 1878 936">
     <span class='ocr_line' id='line_1_9' title="bbox 268 862 1878 936; baseline -0.002 -14"><span class='ocrx_word' id='word_1_53' title='bbox 268 873 373 933; x_wconf 85' lang='lat' dir='ltr'><strong>est,</strong></span> <span class='ocrx_word' id='word_1_54' title='bbox 398 866 489 936; x_wconf 88' lang='lat' dir='ltr'><strong>qui</strong></span> <span class='ocrx_word' id='word_1_55' title='bbox 517 882 629 921; x_wconf 91' lang='lat' dir='ltr'><strong>non</strong></span> <span class='ocrx_word' id='word_1_56' title='bbox 657 881 727 921; x_wconf 83' lang='lat' dir='ltr'><strong>ex</strong></span> <span class='ocrx_word' id='word_1_57' title='bbox 752 866 868 921; x_wconf 92' lang='lat' dir='ltr'><strong>Deo</strong></span> <span class='ocrx_word' id='word_1_58' title='bbox 897 864 994 919; x_wconf 88' lang='lat' dir='ltr'><strong>sed</strong></span> <span class='ocrx_word' id='word_1_59' title='bbox 1041 862 1390 919; x_wconf 86' lang='lat' dir='ltr'><strong>adversarius</strong></span> <span class='ocrx_word' id='word_1_60' title='bbox 1464 871 1566 930; x_wconf 90' lang='lat' dir='ltr'><strong>est,</strong></span> <span class='ocrx_word' id='word_1_61' title='bbox 1623 862 1752 917; x_wconf 86' lang='lat' dir='ltr'><strong>huic</strong></span> <span class='ocrx_word' id='word_1_62' title='bbox 1808 878 1878 918; x_wconf 79' lang='lat' dir='ltr'><strong>ex</strong></span> 
     </span>
    </p>
   </div>
   <div class='ocr_carea' id='block_1_10' title="bbox 270 951 1890 1027">
    <p class='ocr_par' dir='ltr' id='par_1_10' title="bbox 270 951 1890 1027">
     <span class='ocr_line' id='line_1_10' title="bbox 270 951 1890 1027; baseline -0.004 -18"><span class='ocrx_word' id='word_1_63' title='bbox 270 961 428 1027; x_wconf 87' lang='lat' dir='ltr'><strong>parte</strong></span> <span class='ocrx_word' id='word_1_64' title='bbox 457 954 858 1025; x_wconf 87' lang='lat' dir='ltr'><strong>Omnipotentis</strong></span> <span class='ocrx_word' id='word_1_65' title='bbox 888 951 1147 1025; x_wconf 67' lang='lat' dir='ltr'><strong>praecipio</strong></span> <span class='ocrx_word' id='word_1_66' title='bbox 1176 959 1235 1007; x_wconf 87' lang='lat' dir='ltr'><strong>ut</strong></span> <span class='ocrx_word' id='word_1_67' title='bbox 1288 967 1324 1006; x_wconf 93' lang='lat' dir='ltr'><strong>a</strong></span> <span class='ocrx_word' id='word_1_68' title='bbox 1379 951 1541 1007; x_wconf 90' lang='lat' dir='ltr'><strong>nobis</strong></span> <span class='ocrx_word' id='word_1_69' title='bbox 1596 959 1772 1021; x_wconf 85' lang='lat' dir='ltr'><strong>exeat,</strong></span> <span class='ocrx_word' id='word_1_70' title='bbox 1833 956 1890 1008; x_wconf 90' lang='lat' dir='ltr'><strong>et</strong></span> 
     </span>
    </p>
   </div>
   <div class='ocr_carea' id='block_1_11' title="bbox 272 1039 1884 1115">
    <p class='ocr_par' dir='ltr' id='par_1_11' title="bbox 272 1039 1884 1115">
     <span class='ocr_line' id='line_1_11' title="bbox 272 1039 1884 1115; baseline -0.003 -15"><span class='ocrx_word' id='word_1_71' title='bbox 272 1043 424 1115; x_wconf 89' lang='lat' dir='ltr'><strong>operi</strong></span> <span class='ocrx_word' id='word_1_72' title='bbox 439 1042 623 1099; x_wconf 83' lang='lat' dir='ltr'><strong>divino</strong></span> <span class='ocrx_word' id='word_1_73' title='bbox 653 1057 761 1099; x_wconf 91' lang='lat' dir='ltr'><strong>non</strong></span> <span class='ocrx_word' id='word_1_74' title='bbox 790 1048 1001 1098; x_wconf 81' lang='lat' dir='ltr'><strong>noceat.</strong></span> <span class='ocrx_word' id='word_1_75' title='bbox 1039 1063 1063 1091; x_wconf 78' lang='grc' dir='ltr'>ι</span> <span class='ocrx_word' id='word_1_76' title='bbox 1126 1041 1228 1096; x_wconf 81' lang='lat' dir='ltr'><strong>Vix</strong></span> <span class='ocrx_word' id='word_1_77' title='bbox 1289 1039 1442 1097; x_wconf 86' lang='lat' dir='ltr'><strong>dicta</strong></span> <span class='ocrx_word' id='word_1_78' title='bbox 1493 1041 1884 1111; x_wconf 82' lang='lat' dir='ltr'><strong>compleverat,</strong></span> 
     </span>
    </p>
   </div>
   <div class='ocr_carea' id='block_1_12' title="bbox 275 1127 1888 1202">
    <p class='ocr_par' dir='ltr' id='par_1_12' title="bbox 275 1127 1888 1202">
     <span class='ocr_line' id='line_1_12' title="bbox 275 1127 1888 1202; baseline -0.002 -14"><span class='ocrx_word' id='word_1_79' title='bbox 275 1146 403 1188; x_wconf 86' lang='lat' dir='ltr'><strong>cum</strong></span> <span class='ocrx_word' id='word_1_80' title='bbox 433 1146 562 1188; x_wconf 87' lang='lat' dir='ltr'><strong>ecce</strong></span> <span class='ocrx_word' id='word_1_81' title='bbox 587 1132 814 1202; x_wconf 90' lang='lat' dir='ltr'><strong>quidam</strong></span> <span class='ocrx_word' id='word_1_82' title='bbox 843 1137 1044 1186; x_wconf 87' lang='lat' dir='ltr'><strong>statura</strong></span> <span class='ocrx_word' id='word_1_83' title='bbox 1072 1144 1352 1199; x_wconf 88' lang='lat' dir='ltr'><strong>procerus,</strong></span> <span class='ocrx_word' id='word_1_84' title='bbox 1419 1127 1558 1185; x_wconf 86' lang='lat' dir='ltr'><strong>facie</strong></span> <span class='ocrx_word' id='word_1_85' title='bbox 1614 1129 1888 1185; x_wconf 90' lang='lat' dir='ltr'><strong>truculen-</strong></span> 
     </span>
    </p>
   </div>
   <div class='ocr_carea' id='block_1_13' title="bbox 275 1217 1886 1289">
    <p class='ocr_par' dir='ltr' id='par_1_13' title="bbox 275 1217 1886 1289">
     <span class='ocr_line' id='line_1_13' title="bbox 275 1217 1886 1289; baseline -0.001 -14"><span class='ocrx_word' id='word_1_86' title='bbox 275 1226 385 1288; x_wconf 90' lang='lat' dir='ltr'><strong>tus,</strong></span> <span class='ocrx_word' id='word_1_87' title='bbox 442 1220 627 1274; x_wconf 91' lang='lat' dir='ltr'><strong>multis</strong></span> <span class='ocrx_word' id='word_1_88' title='bbox 688 1235 813 1274; x_wconf 91' lang='lat' dir='ltr'><strong>eum</strong></span> <span class='ocrx_word' id='word_1_89' title='bbox 864 1217 1217 1289; x_wconf 83' lang='lat' dir='ltr'><strong>sequentibus</strong></span> <span class='ocrx_word' id='word_1_90' title='bbox 1272 1232 1547 1289; x_wconf 85' lang='lat' dir='ltr'><strong>egressus,</strong></span> <span class='ocrx_word' id='word_1_91' title='bbox 1604 1217 1886 1288; x_wconf 78' lang='lat' dir='ltr'><strong>diSparuit,</strong></span> 
     </span>
    </p>
   </div>
   <div class='ocr_carea' id='block_1_14' title="bbox 274 1306 1890 1377">
    <p class='ocr_par' dir='ltr' id='par_1_14' title="bbox 274 1306 1890 1377">
     <span class='ocr_line' id='line_1_14' title="bbox 274 1306 1890 1377; baseline -0.001 -14"><span class='ocrx_word' id='word_1_92' title='bbox 274 1308 400 1364; x_wconf 87' lang='lat' dir='ltr'><strong>Non</strong></span> <span class='ocrx_word' id='word_1_93' title='bbox 430 1308 535 1362; x_wconf 85' lang='lat' dir='ltr'><strong>fuit</strong></span> <span class='ocrx_word' id='word_1_94' title='bbox 562 1308 617 1362; x_wconf 92' lang='lat' dir='ltr'><strong>in</strong></span> <span class='ocrx_word' id='word_1_95' title='bbox 645 1310 799 1362; x_wconf 87' lang='lat' dir='ltr'><strong>tanta</strong></span> <span class='ocrx_word' id='word_1_96' title='bbox 825 1306 1173 1362; x_wconf 86' lang='lat' dir='ltr'><strong>multitudine</strong></span> <span class='ocrx_word' id='word_1_97' title='bbox 1200 1306 1500 1373; x_wconf 86' lang='lat' dir='ltr'><strong>hominum,</strong></span> <span class='ocrx_word' id='word_1_98' title='bbox 1532 1306 1631 1376; x_wconf 89' lang='lat' dir='ltr'><strong>pui</strong></span> <span class='ocrx_word' id='word_1_99' title='bbox 1653 1306 1890 1377; x_wconf 85' lang='lat' dir='ltr'><strong>aliquem</strong></span> 
     </span>
    </p>
   </div>
   <div class='ocr_carea' id='block_1_15' title="bbox 276 1394 1887 1469">
    <p class='ocr_par' dir='ltr' id='par_1_15' title="bbox 276 1394 1887 1469">
     <span class='ocr_line' id='line_1_15' title="bbox 276 1394 1887 1469; baseline -0.001 -16"><span class='ocrx_word' id='word_1_100' title='bbox 276 1405 455 1453; x_wconf 90' lang='lat' dir='ltr'><strong>nesset</strong></span> <span class='ocrx_word' id='word_1_101' title='bbox 482 1396 902 1469; x_wconf 72' lang='lat' dir='ltr'><strong>egredientium.</strong></span> <span class='ocrx_word' id='word_1_102' title='bbox 934 1394 1267 1451; x_wconf 81' lang='lat' dir='ltr'><strong>Mirabantur</strong></span> <span class='ocrx_word' id='word_1_103' title='bbox 1319 1394 1539 1467; x_wconf 78' lang='lat' dir='ltr'><strong>singuli,</strong></span> <span class='ocrx_word' id='word_1_104' title='bbox 1595 1395 1887 1466; x_wconf 88' lang='lat' dir='ltr'><strong>stupebant</strong></span> 
     </span>
    </p>
   </div>
   <div class='ocr_carea' id='block_1_16' title="bbox 276 1483 1889 1555">
    <p class='ocr_par' dir='ltr' id='par_1_16' title="bbox 276 1483 1889 1555">
     <span class='ocr_line' id='line_1_16' title="bbox 276 1483 1889 1555; baseline -0.001 -15"><span class='ocrx_word' id='word_1_105' title='bbox 276 1484 542 1541; x_wconf 84' lang='lat' dir='ltr'><strong>universi.</strong></span> <span class='ocrx_word' id='word_1_106' title='bbox 578 1484 960 1554; x_wconf 70' lang='lat' dir='ltr'><strong>Quaerentibus</strong></span> <span class='ocrx_word' id='word_1_107' title='bbox 990 1484 1223 1540; x_wconf 85' lang='lat' dir='ltr'><strong>invicem</strong></span> <span class='ocrx_word' id='word_1_108' title='bbox 1253 1499 1419 1555; x_wconf 89' lang='lat' dir='ltr'><strong>super</strong></span> <span class='ocrx_word' id='word_1_109' title='bbox 1444 1483 1547 1552; x_wconf 89' lang='lat' dir='ltr'><strong>his,</strong></span> <span class='ocrx_word' id='word_1_110' title='bbox 1604 1498 1714 1539; x_wconf 91' lang='lat' dir='ltr'><strong>non</strong></span> <span class='ocrx_word' id='word_1_111' title='bbox 1768 1491 1889 1539; x_wconf 87' lang='lat' dir='ltr'><strong>erat</strong></span> 
     </span>
    </p>
   </div>
   <div class='ocr_carea' id='block_1_17' title="bbox 278 1572 1889 1644">
    <p class='ocr_par' dir='ltr' id='par_1_17' title="bbox 278 1572 1889 1644">
     <span class='ocr_line' id='line_1_17' title="bbox 278 1572 1889 1644; baseline -0.001 -16"><span class='ocrx_word' id='word_1_112' title='bbox 278 1572 432 1629; x_wconf 88' lang='lat' dir='ltr'><strong>aliud</strong></span> <span class='ocrx_word' id='word_1_113' title='bbox 463 1573 810 1644; x_wconf 87' lang='lat' dir='ltr'><strong>respondere,</strong></span> <span class='ocrx_word' id='word_1_114' title='bbox 838 1572 941 1628; x_wconf 84' lang='lat' dir='ltr'><strong>nisi</strong></span> <span class='ocrx_word' id='word_1_115' title='bbox 969 1572 1332 1628; x_wconf 88' lang='lat' dir='ltr'><strong>interdicente</strong></span> <span class='ocrx_word' id='word_1_116' title='bbox 1361 1580 1568 1640; x_wconf 90' lang='lat' dir='ltr'><strong>sancto,</strong></span> <span class='ocrx_word' id='word_1_117' title='bbox 1611 1572 1889 1628; x_wconf 68' lang='lat' dir='ltr'><strong>daemones</strong></span> 
     </span>
    </p>
   </div>
   <div class='ocr_carea' id='block_1_18' title="bbox 278 1660 1887 1735">
    <p class='ocr_par' dir='ltr' id='par_1_18' title="bbox 278 1660 1887 1735">
     <span class='ocr_line' id='line_1_18' title="bbox 278 1660 1887 1735; baseline 0 -18"><span class='ocrx_word' id='word_1_118' title='bbox 278 1661 578 1718; x_wconf 86' lang='lat' dir='ltr'><strong>visibiliter</strong></span> <span class='ocrx_word' id='word_1_119' title='bbox 606 1662 810 1718; x_wconf 83' lang='lat' dir='ltr'><strong>exiisse</strong></span> <span class='ocrx_word' id='word_1_120' title='bbox 842 1679 856 1725; x_wconf 90' lang='lat'><strong>;</strong></span> <span class='ocrx_word' id='word_1_121' title='bbox 887 1677 1249 1735; x_wconf 80' lang='lat' dir='ltr'><strong>egressosque</strong></span> <span class='ocrx_word' id='word_1_122' title='bbox 1275 1661 1344 1716; x_wconf 90' lang='lat' dir='ltr'><strong>de</strong></span> <span class='ocrx_word' id='word_1_123' title='bbox 1373 1660 1548 1716; x_wconf 83' lang='lat' dir='ltr'><strong>turbis</strong></span> <span class='ocrx_word' id='word_1_124' title='bbox 1568 1661 1734 1715; x_wconf 86' lang='lat' dir='ltr'><strong>simul</strong></span> <span class='ocrx_word' id='word_1_125' title='bbox 1751 1675 1887 1717; x_wconf 88' lang='lat' dir='ltr'><strong>eva-</strong></span> 
     </span>
    </p>
   </div>
   <div class='ocr_carea' id='block_1_19' title="bbox 280 1748 2845 1833">
    <p class='ocr_par' dir='ltr' id='par_1_19' title="bbox 280 1748 2845 1833">
     <span class='ocr_line' id='line_1_19' title="bbox 280 1748 2845 1833; baseline 0.001 -28"><span class='ocrx_word' id='word_1_126' title='bbox 280 1750 492 1805; x_wconf 88' lang='lat' dir='ltr'><strong>nuisse.</strong></span> <span class='ocrx_word' id='word_1_127' title='bbox 524 1749 621 1804; x_wconf 81' lang='lat' dir='ltr'><strong>His</strong></span> <span class='ocrx_word' id='word_1_128' title='bbox 674 1750 752 1805; x_wconf 88' lang='lat' dir='ltr'><strong>ita</strong></span> <span class='ocrx_word' id='word_1_129' title='bbox 806 1750 1067 1821; x_wconf 90' lang='lat' dir='ltr'><strong>depulsis,</strong></span> <span class='ocrx_word' id='word_1_130' title='bbox 1128 1758 1331 1805; x_wconf 85' lang='lat' dir='ltr'><strong>tantam</strong></span> <span class='ocrx_word' id='word_1_131' title='bbox 1388 1764 1516 1805; x_wconf 79' lang='lat' dir='ltr'><strong>mox</strong></span> <span class='ocrx_word' id='word_1_132' title='bbox 1571 1748 1889 1820; x_wconf 70' lang='lat' dir='ltr'><strong>praedicatio</strong></span> <span class='ocrx_word' id='word_1_133' title='bbox 1918 1771 1971 1833; x_wconf 79' lang='grc' dir='ltr'>Β</span> <span class='ocrx_word' id='word_1_134' title='bbox 1999 1752 2135 1820; x_wconf 86' lang='lat' dir='ltr'><strong>suis,</strong></span> <span class='ocrx_word' id='word_1_135' title='bbox 2182 1752 2360 1808; x_wconf 88' lang='lat' dir='ltr'><strong>valeat</strong></span> <span class='ocrx_word' id='word_1_136' title='bbox 2413 1751 2845 1822; x_wconf 88' lang='lat' dir='ltr'><strong>deprehendere.</strong></span> 
     </span>
    </p>
   </div>
   <div class='ocr_carea' id='block_1_20' title="bbox 1993 509 3594 581">
    <p class='ocr_par' dir='ltr' id='par_1_20' title="bbox 1993 509 3594 581">
     <span class='ocr_line' id='line_1_20' title="bbox 1993 509 3594 581; baseline 0.001 -17"><span class='ocrx_word' id='word_1_137' title='bbox 1993 510 2134 566; x_wconf 91' lang='lat' dir='ltr'><strong>torio</strong></span> <span class='ocrx_word' id='word_1_138' title='bbox 2183 509 2392 581; x_wconf 90' lang='lat' dir='ltr'><strong>pariter</strong></span> <span class='ocrx_word' id='word_1_139' title='bbox 2446 510 2615 566; x_wconf 72' lang='lat' dir='ltr'><strong>affuit.</strong></span> <span class='ocrx_word' id='word_1_140' title='bbox 2674 511 2869 567; x_wconf 90' lang='lat' dir='ltr'><strong>Turbis</strong></span> <span class='ocrx_word' id='word_1_141' title='bbox 2916 526 3046 567; x_wconf 93' lang='lat' dir='ltr'><strong>vero</strong></span> <span class='ocrx_word' id='word_1_142' title='bbox 3102 511 3594 578; x_wconf 83' lang='lat' dir='ltr'><strong>circumstantibus,</strong></span> 
     </span>
    </p>
   </div>
   <div class='ocr_carea' id='block_1_21' title="bbox 1997 599 3605 670">
    <p class='ocr_par' dir='ltr' id='par_1_21' title="bbox 1997 599 3605 670">
     <span class='ocr_line' id='line_1_21' title="bbox 1997 599 3605 670; baseline 0.002 -18"><span class='ocrx_word' id='word_1_143' title='bbox 1997 599 2223 668; x_wconf 90' lang='lat' dir='ltr'><strong>quidam</strong></span> <span class='ocrx_word' id='word_1_144' title='bbox 2252 600 2496 670; x_wconf 87' lang='lat' dir='ltr'><strong>pessimo</strong></span> <span class='ocrx_word' id='word_1_145' title='bbox 2526 599 2763 655; x_wconf 67' lang='lat' dir='ltr'><strong>fmdatus</strong></span> <span class='ocrx_word' id='word_1_146' title='bbox 2782 599 3030 668; x_wconf 86' lang='lat' dir='ltr'><strong>crimine,</strong></span> <span class='ocrx_word' id='word_1_147' title='bbox 3064 615 3171 655; x_wconf 93' lang='lat' dir='ltr'><strong>non</strong></span> <span class='ocrx_word' id='word_1_148' title='bbox 3208 600 3384 656; x_wconf 88' lang='lat' dir='ltr'><strong>timuit</strong></span> <span class='ocrx_word' id='word_1_149' title='bbox 3438 600 3605 655; x_wconf 90' lang='lat' dir='ltr'><strong>inter-</strong></span> 
     </span>
    </p>
   </div>
   <div class='ocr_carea' id='block_1_22' title="bbox 1995 688 3600 760">
    <p class='ocr_par' dir='ltr' id='par_1_22' title="bbox 1995 688 3600 760">
     <span class='ocr_line' id='line_1_22' title="bbox 1995 688 3600 760; baseline 0.001 -19"><span class='ocrx_word' id='word_1_150' title='bbox 1995 702 2132 743; x_wconf 78' lang='lat' dir='ltr'><strong>esse.</strong></span> <span class='ocrx_word' id='word_1_151' title='bbox 2167 689 2341 757; x_wconf 84' lang='lat' dir='ltr'><strong>Quem</strong></span> <span class='ocrx_word' id='word_1_152' title='bbox 2373 697 2614 757; x_wconf 89' lang='lat' dir='ltr'><strong>sanctus,</strong></span> <span class='ocrx_word' id='word_1_153' title='bbox 2647 697 2831 745; x_wconf 87' lang='lat' dir='ltr'><strong>sancto</strong></span> <span class='ocrx_word' id='word_1_154' title='bbox 2862 689 3089 745; x_wconf 89' lang='lat' dir='ltr'><strong>edoctus</strong></span> <span class='ocrx_word' id='word_1_155' title='bbox 3117 688 3341 759; x_wconf 85' lang='lat' dir='ltr'><strong>Spiritu,</strong></span> <span class='ocrx_word' id='word_1_156' title='bbox 3374 705 3407 743; x_wconf 89' lang='lat' dir='ltr'><strong>a</strong></span> <span class='ocrx_word' id='word_1_157' title='bbox 3434 688 3600 760; x_wconf 83' lang='lat' dir='ltr'><strong>longe</strong></span> 
     </span>
    </p>
   </div>
   <div class='ocr_carea' id='block_1_23' title="bbox 1995 775 3602 849">
    <p class='ocr_par' dir='ltr' id='par_1_23' title="bbox 1995 775 3602 849">
     <span class='ocr_line' id='line_1_23' title="bbox 1995 775 3602 849; baseline 0.001 -19"><span class='ocrx_word' id='word_1_158' title='bbox 1995 775 2228 843; x_wconf 89' lang='lat' dir='ltr'><strong>intuens,</strong></span> <span class='ocrx_word' id='word_1_159' title='bbox 2262 777 2337 831; x_wconf 85' lang='lat' dir='ltr'><strong>ait</strong></span> <span class='ocrx_word' id='word_1_160' title='bbox 2363 777 2723 848; x_wconf 74' lang='lat' dir='ltr'><strong>praesentibus</strong></span> <span class='ocrx_word' id='word_1_161' title='bbox 2755 796 2768 832; x_wconf 87' lang='lat'><strong>:</strong></span> <span class='ocrx_word' id='word_1_162' title='bbox 2805 799 2826 823; x_wconf 80' lang='grc' dir='ltr'>α</span> <span class='ocrx_word' id='word_1_163' title='bbox 2866 776 3090 845; x_wconf 88' lang='lat' dir='ltr'><strong>Videtis,</strong></span> <span class='ocrx_word' id='word_1_164' title='bbox 3115 777 3308 849; x_wconf 87' lang='lat' dir='ltr'><strong>inquit,</strong></span> <span class='ocrx_word' id='word_1_165' title='bbox 3344 777 3602 832; x_wconf 89' lang='lat' dir='ltr'><strong>miserum</strong></span> 
     </span>
    </p>
   </div>
   <div class='ocr_carea' id='block_1_24' title="bbox 1995 864 3695 937">
    <p class='ocr_par' dir='ltr' id='par_1_24' title="bbox 1995 864 3695 937">
     <span class='ocr_line' id='line_1_24' title="bbox 1995 864 3695 937; baseline 0.001 -19"><span class='ocrx_word' id='word_1_166' title='bbox 1995 864 2147 919; x_wconf 91' lang='lat' dir='ltr'><strong>illum</strong></span> <span class='ocrx_word' id='word_1_167' title='bbox 2169 866 2198 916; x_wconf 75' lang='lat' dir='ltr'><strong>‘I</strong></span> <span class='ocrx_word' id='word_1_168' title='bbox 2226 864 2434 920; x_wconf 84' lang='lat' dir='ltr'><strong>Videtis</strong></span> <span class='ocrx_word' id='word_1_169' title='bbox 2459 866 2713 921; x_wconf 77' lang='lat' dir='ltr'><strong>daemone</strong></span> <span class='ocrx_word' id='word_1_170' title='bbox 2737 866 2955 937; x_wconf 90' lang='lat' dir='ltr'><strong>plenum</strong></span> <span class='ocrx_word' id='word_1_171' title='bbox 2976 867 3006 918; x_wconf 72' lang='lat' dir='ltr'><strong>‘i</strong></span> <span class='ocrx_word' id='word_1_172' title='bbox 3028 889 3049 914; x_wconf 76' lang='grc' dir='ltr'><strong>ιο</strong></span> <span class='ocrx_word' id='word_1_173' title='bbox 3111 865 3412 936; x_wconf 85' lang='lat' dir='ltr'><strong>Statimque</strong></span> <span class='ocrx_word' id='word_1_174' title='bbox 3468 879 3595 919; x_wconf 91' lang='lat' dir='ltr'><strong>eum</strong></span> <span class='ocrx_word' id='word_1_175' title='bbox 3690 908 3695 913; x_wconf 92' lang='lat'><strong>.</strong></span> 
     </span>
    </p>
   </div>
   <div class='ocr_carea' id='block_1_25' title="bbox 1995 951 3603 1025">
    <p class='ocr_par' dir='ltr' id='par_1_25' title="bbox 1995 951 3603 1025">
     <span class='ocr_line' id='line_1_25' title="bbox 1995 951 3603 1025; baseline -0.001 -17"><span class='ocrx_word' id='word_1_176' title='bbox 1995 951 2327 1025; x_wconf 79' lang='lat' dir='ltr'><strong>designavit,</strong></span> <span class='ocrx_word' id='word_1_177' title='bbox 2359 962 2411 1007; x_wconf 89' lang='lat' dir='ltr'><strong>et</strong></span> <span class='ocrx_word' id='word_1_178' title='bbox 2440 954 2510 1008; x_wconf 89' lang='lat' dir='ltr'><strong>ad</strong></span> <span class='ocrx_word' id='word_1_179' title='bbox 2547 969 2607 1009; x_wconf 89' lang='lat' dir='ltr'><strong>se</strong></span> <span class='ocrx_word' id='word_1_180' title='bbox 2632 955 2816 1009; x_wconf 88' lang='lat' dir='ltr'><strong>venire</strong></span> <span class='ocrx_word' id='word_1_181' title='bbox 2845 954 3143 1009; x_wconf 83' lang='lat' dir='ltr'><strong>mandavit.</strong></span> <span class='ocrx_word' id='word_1_182' title='bbox 3177 954 3296 1022; x_wconf 92' lang='lat' dir='ltr'><strong>Quo</strong></span> <span class='ocrx_word' id='word_1_183' title='bbox 3348 969 3603 1025; x_wconf 63' lang='lat' dir='ltr'><strong>praesen-</strong></span> 
     </span>
    </p>
   </div>
   <div class='ocr_carea' id='block_1_26' title="bbox 1997 1041 3606 1113">
    <p class='ocr_par' dir='ltr' id='par_1_26' title="bbox 1997 1041 3606 1113">
     <span class='ocr_line' id='line_1_26' title="bbox 1997 1041 3606 1113; baseline 0 -17"><span class='ocrx_word' id='word_1_184' title='bbox 1997 1049 2109 1097; x_wconf 91' lang='lat' dir='ltr'><strong>tato</strong></span> <span class='ocrx_word' id='word_1_185' title='bbox 2131 1059 2144 1096; x_wconf 88' lang='lat'><strong>:</strong></span> <span class='ocrx_word' id='word_1_186' title='bbox 2169 1064 2191 1089; x_wconf 79' lang='grc' dir='ltr'>ιι</span> <span class='ocrx_word' id='word_1_187' title='bbox 2226 1041 2533 1110; x_wconf 88' lang='lat' dir='ltr'><strong>Quomodo,</strong></span> <span class='ocrx_word' id='word_1_188' title='bbox 2566 1042 2661 1111; x_wconf 87' lang='lat' dir='ltr'><strong>ait,</strong></span> <span class='ocrx_word' id='word_1_189' title='bbox 2692 1044 2794 1099; x_wconf 87' lang='lat' dir='ltr'><strong>huc</strong></span> <span class='ocrx_word' id='word_1_190' title='bbox 2839 1042 2910 1098; x_wconf 90' lang='lat' dir='ltr'><strong>ad</strong></span> <span class='ocrx_word' id='word_1_191' title='bbox 2957 1059 3057 1098; x_wconf 90' lang='lat' dir='ltr'><strong>nos</strong></span> <span class='ocrx_word' id='word_1_192' title='bbox 3086 1041 3321 1111; x_wconf 89' lang='lat' dir='ltr'><strong>intrasti,</strong></span> <span class='ocrx_word' id='word_1_193' title='bbox 3380 1042 3470 1113; x_wconf 90' lang='lat' dir='ltr'><strong>qui</strong></span> <span class='ocrx_word' id='word_1_194' title='bbox 3499 1043 3606 1097; x_wconf 89' lang='lat' dir='ltr'><strong>hoc</strong></span> 
     </span>
    </p>
   </div>
   <div class='ocr_carea' id='block_1_27' title="bbox 1997 1129 3603 1203">
    <p class='ocr_par' dir='ltr' id='par_1_27' title="bbox 1997 1129 3603 1203">
     <span class='ocr_line' id='line_1_27' title="bbox 1997 1129 3603 1203; baseline -0.002 -17"><span class='ocrx_word' id='word_1_195' title='bbox 1997 1130 2225 1186; x_wconf 89' lang='lat' dir='ltr'><strong>crimine</strong></span> <span class='ocrx_word' id='word_1_196' title='bbox 2255 1130 2591 1203; x_wconf 89' lang='lat' dir='ltr'><strong>(crimenque</strong></span> <span class='ocrx_word' id='word_1_197' title='bbox 2645 1132 2896 1202; x_wconf 82' lang='lat' dir='ltr'><strong>exposuit</strong></span> <span class='ocrx_word' id='word_1_198' title='bbox 2925 1139 2976 1186; x_wconf 91' lang='lat' dir='ltr'><strong>te</strong></span> <span class='ocrx_word' id='word_1_199' title='bbox 2995 1130 3278 1186; x_wconf 85' lang='lat' dir='ltr'><strong>sordidare</strong></span> <span class='ocrx_word' id='word_1_200' title='bbox 3327 1129 3543 1185; x_wconf 88' lang='lat' dir='ltr'><strong>voluisti</strong></span> <span class='ocrx_word' id='word_1_201' title='bbox 3573 1130 3603 1182; x_wconf 64' lang='grc' dir='ltr'><strong>εἴ</strong></span> 
     </span>
    </p>
   </div>
   <div class='ocr_carea' id='block_1_28' title="bbox 1997 1218 3602 1291">
    <p class='ocr_par' dir='ltr' id='par_1_28' title="bbox 1997 1218 3602 1291">
     <span class='ocr_line' id='line_1_28' title="bbox 1997 1218 3602 1291; baseline -0.003 -15"><span class='ocrx_word' id='word_1_202' title='bbox 1997 1219 2112 1276; x_wconf 88' lang='lat' dir='ltr'><strong>Cur</strong></span> <span class='ocrx_word' id='word_1_203' title='bbox 2131 1219 2294 1275; x_wconf 88' lang='lat' dir='ltr'><strong>miser</strong></span> <span class='ocrx_word' id='word_1_204' title='bbox 2319 1218 2481 1275; x_wconf 90' lang='lat' dir='ltr'><strong>nobis</strong></span> <span class='ocrx_word' id='word_1_205' title='bbox 2508 1219 2564 1273; x_wconf 91' lang='lat' dir='ltr'><strong>in</strong></span> <span class='ocrx_word' id='word_1_206' title='bbox 2594 1226 2646 1274; x_wconf 89' lang='lat' dir='ltr'><strong>te</strong></span> <span class='ocrx_word' id='word_1_207' title='bbox 2675 1220 2980 1276; x_wconf 67' lang='lat' dir='ltr'><strong>daemonem</strong></span> <span class='ocrx_word' id='word_1_208' title='bbox 2997 1218 3378 1291; x_wconf 68' lang='lat' dir='ltr'><strong>praesentasti?</strong></span> <span class='ocrx_word' id='word_1_209' title='bbox 3408 1221 3602 1274; x_wconf 87' lang='lat' dir='ltr'><strong>Pacem</strong></span> 
     </span>
    </p>
   </div>
   <div class='ocr_carea' id='block_1_29' title="bbox 1999 1306 3601 1378">
    <p class='ocr_par' dir='ltr' id='par_1_29' title="bbox 1999 1306 3601 1378">
     <span class='ocr_line' id='line_1_29' title="bbox 1999 1306 3601 1378; baseline -0.001 -15"><span class='ocrx_word' id='word_1_210' title='bbox 1999 1308 2314 1378; x_wconf 65' lang='lat' dir='ltr'><strong>quazrimus,</strong></span> <span class='ocrx_word' id='word_1_211' title='bbox 2347 1306 2656 1364; x_wconf 63' lang='lat' dir='ltr'><strong>daemonem</strong></span> <span class='ocrx_word' id='word_1_212' title='bbox 2685 1309 2959 1364; x_wconf 91' lang='lat' dir='ltr'><strong>nolumus.</strong></span> <span class='ocrx_word' id='word_1_213' title='bbox 2999 1332 3021 1356; x_wconf 74' lang='grc' dir='ltr'><strong>ι</strong></span> <span class='ocrx_word' id='word_1_214' title='bbox 3055 1308 3320 1364; x_wconf 81' lang='lat' dir='ltr'><strong>Confusus</strong></span> <span class='ocrx_word' id='word_1_215' title='bbox 3349 1308 3443 1363; x_wconf 92' lang='lat' dir='ltr'><strong>ille</strong></span> <span class='ocrx_word' id='word_1_216' title='bbox 3497 1322 3601 1361; x_wconf 86' lang='lat' dir='ltr'><strong>ne-</strong></span> 
     </span>
    </p>
   </div>
   <div class='ocr_carea' id='block_1_30' title="bbox 1999 1394 3606 1468">
    <p class='ocr_par' dir='ltr' id='par_1_30' title="bbox 1999 1394 3606 1468">
     <span class='ocr_line' id='line_1_30' title="bbox 1999 1394 3606 1468; baseline -0.001 -17"><span class='ocrx_word' id='word_1_217' title='bbox 1999 1412 2131 1468; x_wconf 84' lang='lat' dir='ltr'><strong>gare</strong></span> <span class='ocrx_word' id='word_1_218' title='bbox 2155 1412 2264 1452; x_wconf 91' lang='lat' dir='ltr'><strong>non</strong></span> <span class='ocrx_word' id='word_1_219' title='bbox 2293 1396 2483 1466; x_wconf 91' lang='lat' dir='ltr'><strong>potuit.</strong></span> <span class='ocrx_word' id='word_1_220' title='bbox 2518 1394 2676 1465; x_wconf 88' lang='lat' dir='ltr'><strong>Quod</strong></span> <span class='ocrx_word' id='word_1_221' title='bbox 2706 1397 2913 1452; x_wconf 85' lang='lat' dir='ltr'><strong>factum</strong></span> <span class='ocrx_word' id='word_1_222' title='bbox 2942 1396 3187 1453; x_wconf 88' lang='lat' dir='ltr'><strong>videntes</strong></span> <span class='ocrx_word' id='word_1_223' title='bbox 3228 1395 3446 1467; x_wconf 89' lang='lat' dir='ltr'><strong>plurimi</strong></span> <span class='ocrx_word' id='word_1_224' title='bbox 3513 1394 3606 1464; x_wconf 89' lang='lat' dir='ltr'><strong>qui</strong></span> 
     </span>
    </p>
   </div>
   <div class='ocr_carea' id='block_1_31' title="bbox 2000 1483 3605 1556">
    <p class='ocr_par' dir='ltr' id='par_1_31' title="bbox 2000 1483 3605 1556">
     <span class='ocr_line' id='line_1_31' title="bbox 2000 1483 3605 1556; baseline -0.003 -14"><span class='ocrx_word' id='word_1_225' title='bbox 2000 1486 2224 1542; x_wconf 90' lang='lat' dir='ltr'><strong>aderant</strong></span> <span class='ocrx_word' id='word_1_226' title='bbox 2251 1486 2563 1556; x_wconf 88' lang='lat' dir='ltr'><strong>adjuvicem</strong></span> <span class='ocrx_word' id='word_1_227' title='bbox 2594 1484 2887 1540; x_wconf 90' lang='lat' dir='ltr'><strong>summissa</strong></span> <span class='ocrx_word' id='word_1_228' title='bbox 2912 1500 3048 1543; x_wconf 87' lang='lat' dir='ltr'><strong>voce</strong></span> <span class='ocrx_word' id='word_1_229' title='bbox 3078 1484 3335 1540; x_wconf 87' lang='lat' dir='ltr'><strong>dicebant</strong></span> <span class='ocrx_word' id='word_1_230' title='bbox 3366 1502 3380 1538; x_wconf 91' lang='lat'>:</span> <span class='ocrx_word' id='word_1_231' title='bbox 3414 1504 3445 1533; x_wconf 77' lang='grc' dir='ltr'><em>α</em></span> <span class='ocrx_word' id='word_1_232' title='bbox 3501 1483 3605 1539; x_wconf 87' lang='lat' dir='ltr'><strong>Di-</strong></span> 
     </span>
    </p>
   </div>
   <div class='ocr_carea' id='block_1_32' title="bbox 1998 1571 3609 1647">
    <p class='ocr_par' dir='ltr' id='par_1_32' title="bbox 1998 1571 3609 1647">
     <span class='ocr_line' id='line_1_32' title="bbox 1998 1571 3609 1647; baseline -0.004 -15"><span class='ocrx_word' id='word_1_233' title='bbox 1998 1583 2275 1635; x_wconf 85' lang='lat' dir='ltr'><strong>vertamus</strong></span> <span class='ocrx_word' id='word_1_234' title='bbox 2294 1574 2364 1629; x_wconf 87' lang='lat' dir='ltr'><strong>ab</strong></span> <span class='ocrx_word' id='word_1_235' title='bbox 2388 1575 2488 1629; x_wconf 90' lang='lat' dir='ltr'><strong>isto</strong></span> <span class='ocrx_word' id='word_1_236' title='bbox 2517 1573 2758 1641; x_wconf 89' lang='lat' dir='ltr'><strong>homine,</strong></span> <span class='ocrx_word' id='word_1_237' title='bbox 2782 1573 2874 1647; x_wconf 89' lang='lat' dir='ltr'><strong>qui</strong></span> <span class='ocrx_word' id='word_1_238' title='bbox 2902 1573 3056 1630; x_wconf 90' lang='lat' dir='ltr'><strong>novit</strong></span> <span class='ocrx_word' id='word_1_239' title='bbox 3104 1573 3383 1628; x_wconf 88' lang='lat' dir='ltr'><strong>hominum</strong></span> <span class='ocrx_word' id='word_1_240' title='bbox 3427 1571 3609 1626; x_wconf 78' lang='lat' dir='ltr'><strong>oculis</strong></span> 
     </span>
    </p>
   </div>
   <div class='ocr_carea' id='block_1_33' title="bbox 1999 1658 3601 1734">
    <p class='ocr_par' dir='ltr' id='par_1_33' title="bbox 1999 1658 3601 1734">
     <span class='ocr_line' id='line_1_33' title="bbox 1999 1658 3601 1734; baseline -0.004 -15"><span class='ocrx_word' id='word_1_241' title='bbox 1999 1663 2209 1731; x_wconf 87' lang='lat' dir='ltr'><strong>videre,</strong></span> <span class='ocrx_word' id='word_1_242' title='bbox 2241 1679 2309 1719; x_wconf 86' lang='lat' dir='ltr'><strong>ne</strong></span> <span class='ocrx_word' id='word_1_243' title='bbox 2334 1669 2395 1718; x_wconf 88' lang='lat' dir='ltr'><strong>et</strong></span> <span class='ocrx_word' id='word_1_244' title='bbox 2419 1663 2473 1718; x_wconf 91' lang='lat' dir='ltr'><strong>in</strong></span> <span class='ocrx_word' id='word_1_245' title='bbox 2496 1663 2694 1718; x_wconf 86' lang='lat' dir='ltr'><strong>nostris</strong></span> <span class='ocrx_word' id='word_1_246' title='bbox 2721 1678 2822 1717; x_wconf 90' lang='lat' dir='ltr'><strong>nos</strong></span> <span class='ocrx_word' id='word_1_247' title='bbox 2849 1661 3109 1734; x_wconf 86' lang='lat' dir='ltr'><strong>peccatis,</strong></span> <span class='ocrx_word' id='word_1_248' title='bbox 3140 1661 3280 1717; x_wconf 91' lang='lat' dir='ltr'><strong>sicut</strong></span> <span class='ocrx_word' id='word_1_249' title='bbox 3324 1660 3488 1715; x_wconf 89' lang='lat' dir='ltr'><strong>istum</strong></span> <span class='ocrx_word' id='word_1_250' title='bbox 3544 1658 3601 1714; x_wconf 90' lang='lat' dir='ltr'><strong>in</strong></span> 
     </span>
    </p>
   </div>
   <div class='ocr_carea' id='block_1_34' title="bbox 2915 1747 3598 1821">
    <p class='ocr_par' dir='ltr' id='par_1_34' title="bbox 2915 1747 3598 1821">
     <span class='ocr_line' id='line_1_34' title="bbox 2915 1747 3598 1821; baseline -0.004 -16"><span class='ocrx_word' id='word_1_251' title='bbox 2915 1774 2939 1800; x_wconf 79' lang='grc' dir='ltr'><strong>ιι</strong></span> <span class='ocrx_word' id='word_1_252' title='bbox 2995 1748 3295 1821; x_wconf 86' lang='lat' dir='ltr'><strong>Inquirenti</strong></span> <span class='ocrx_word' id='word_1_253' title='bbox 3358 1747 3598 1818; x_wconf 89' lang='lat' dir='ltr'><strong>denique</strong></span> 
     </span>
    </p>
   </div>
   <div class='ocr_carea' id='block_1_35' title="bbox 277 1834 3607 1910">
    <p class='ocr_par' dir='ltr' id='par_1_35' title="bbox 277 1834 3607 1910">
     <span class='ocr_line' id='line_1_35' title="bbox 277 1834 3607 1910; baseline -0.001 -17"><span class='ocrx_word' id='word_1_254' title='bbox 277 1837 449 1893; x_wconf 86' lang='lat' dir='ltr'><strong>sancti</strong></span> <span class='ocrx_word' id='word_1_255' title='bbox 468 1838 767 1894; x_wconf 70' lang='lat' dir='ltr'><strong>efficaciam</strong></span> <span class='ocrx_word' id='word_1_256' title='bbox 800 1838 1009 1905; x_wconf 88' lang='lat' dir='ltr'><strong>habuit,</strong></span> <span class='ocrx_word' id='word_1_257' title='bbox 1050 1845 1108 1893; x_wconf 93' lang='lat' dir='ltr'><strong>ut</strong></span> <span class='ocrx_word' id='word_1_258' title='bbox 1132 1854 1198 1894; x_wconf 94' lang='lat' dir='ltr'><strong>eo</strong></span> <span class='ocrx_word' id='word_1_259' title='bbox 1223 1838 1471 1909; x_wconf 86' lang='lat' dir='ltr'><strong>jubente,</strong></span> <span class='ocrx_word' id='word_1_260' title='bbox 1507 1838 1618 1892; x_wconf 82' lang='lat' dir='ltr'><strong>dux</strong></span> <span class='ocrx_word' id='word_1_261' title='bbox 1648 1837 1762 1907; x_wconf 91' lang='lat' dir='ltr'><strong>ipse</strong></span> <span class='ocrx_word' id='word_1_262' title='bbox 1807 1837 1891 1893; x_wconf 89' lang='lat' dir='ltr'><strong>sui</strong></span> <span class='ocrx_word' id='word_1_263' title='bbox 1998 1849 2187 1897; x_wconf 89' lang='lat' dir='ltr'><strong>sancto</strong></span> <span class='ocrx_word' id='word_1_264' title='bbox 2217 1841 2286 1896; x_wconf 89' lang='lat' dir='ltr'><strong>de</strong></span> <span class='ocrx_word' id='word_1_265' title='bbox 2314 1840 2468 1910; x_wconf 84' lang='lat' dir='ltr'><strong>cujus</strong></span> <span class='ocrx_word' id='word_1_266' title='bbox 2496 1848 2642 1896; x_wconf 87' lang='lat' dir='ltr'><strong>esset</strong></span> <span class='ocrx_word' id='word_1_267' title='bbox 2676 1840 2999 1910; x_wconf 87' lang='lat' dir='ltr'><strong>episcopatu</strong></span> <span class='ocrx_word' id='word_1_268' title='bbox 3028 1840 3121 1894; x_wconf 90' lang='lat' dir='ltr'><strong>ille</strong></span> <span class='ocrx_word' id='word_1_269' title='bbox 3154 1840 3338 1903; x_wconf 89' lang='lat' dir='ltr'><strong>homo,</strong></span> <span class='ocrx_word' id='word_1_270' title='bbox 3395 1834 3607 1891; x_wconf 89' lang='lat' dir='ltr'><strong>invenit</strong></span> 
     </span>
    </p>
   </div>
   <div class='ocr_carea' id='block_1_36' title="bbox 279 1924 3607 2000">
    <p class='ocr_par' dir='ltr' id='par_1_36' title="bbox 279 1924 3607 2000">
     <span class='ocr_line' id='line_1_36' title="bbox 279 1924 3607 2000; baseline -0 -20"><span class='ocrx_word' id='word_1_271' title='bbox 279 1933 509 1981; x_wconf 90' lang='lat' dir='ltr'><strong>mortem</strong></span> <span class='ocrx_word' id='word_1_272' title='bbox 553 1924 648 1981; x_wconf 80' lang='lat' dir='ltr'><strong>ﬁlii</strong></span> <span class='ocrx_word' id='word_1_273' title='bbox 703 1926 875 1996; x_wconf 77' lang='lat'><strong>(125),</strong></span> <span class='ocrx_word' id='word_1_274' title='bbox 936 1924 1369 1982; x_wconf 89' lang='lat' dir='ltr'><strong>interfectoribus</strong></span> <span class='ocrx_word' id='word_1_275' title='bbox 1424 1925 1779 1992; x_wconf 88' lang='lat' dir='ltr'><strong>condonaret,</strong></span> <span class='ocrx_word' id='word_1_276' title='bbox 1838 1932 1891 1980; x_wconf 92' lang='lat' dir='ltr'><strong>et</strong></span> <span class='ocrx_word' id='word_1_277' title='bbox 2000 1928 2143 2000; x_wconf 87' lang='lat' dir='ltr'><strong>quod</strong></span> <span class='ocrx_word' id='word_1_278' title='bbox 2174 1929 2437 1999; x_wconf 88' lang='lat' dir='ltr'><strong>parocbia</strong></span> <span class='ocrx_word' id='word_1_279' title='bbox 2464 1928 2747 1999; x_wconf 89' lang='lat' dir='ltr'><strong>cujusdam</strong></span> <span class='ocrx_word' id='word_1_280' title='bbox 2803 1935 2946 1983; x_wconf 87' lang='lat' dir='ltr'><strong>esset</strong></span> <span class='ocrx_word' id='word_1_281' title='bbox 3001 1926 3398 1982; x_wconf 84' lang='lat' dir='ltr'><strong>Cabilonensis.</strong></span> <span class='ocrx_word' id='word_1_282' title='bbox 3454 1925 3607 1980; x_wconf 88' lang='lat' dir='ltr'><strong>Tunc</strong></span> 
     </span>
    </p>
   </div>
   <div class='ocr_carea' id='block_1_37' title="bbox 278 2012 3607 2088">
    <p class='ocr_par' dir='ltr' id='par_1_37' title="bbox 278 2012 3607 2088">
     <span class='ocr_line' id='line_1_37' title="bbox 278 2012 3607 2088; baseline -0.001 -19"><span class='ocrx_word' id='word_1_283' title='bbox 278 2012 527 2072; x_wconf 87' lang='lat' dir='ltr'><strong>Ecclesia</strong></span> <span class='ocrx_word' id='word_1_284' title='bbox 555 2029 753 2085; x_wconf 89' lang='lat' dir='ltr'><strong>pacem</strong></span> <span class='ocrx_word' id='word_1_285' title='bbox 782 2014 1071 2083; x_wconf 89' lang='lat' dir='ltr'><strong>reciperet.</strong></span> <span class='ocrx_word' id='word_1_286' title='bbox 1118 2014 1166 2069; x_wconf 88' lang='grc'>0</span> <span class='ocrx_word' id='word_1_287' title='bbox 1223 2014 1444 2069; x_wconf 88' lang='lat' dir='ltr'><strong>beatum</strong></span> <span class='ocrx_word' id='word_1_288' title='bbox 1493 2013 1692 2082; x_wconf 89' lang='lat' dir='ltr'><strong>virum,</strong></span> <span class='ocrx_word' id='word_1_289' title='bbox 1740 2012 1897 2082; x_wconf 88' lang='lat' dir='ltr'><strong>cujus</strong></span> <span class='ocrx_word' id='word_1_290' title='bbox 2000 2025 2217 2073; x_wconf 82' lang='lat' dir='ltr'><strong>sanctus</strong></span> <span class='ocrx_word' id='word_1_291' title='bbox 2259 2017 2515 2072; x_wconf 86' lang='lat' dir='ltr'><strong>miserum</strong></span> <span class='ocrx_word' id='word_1_292' title='bbox 2570 2017 2721 2071; x_wconf 90' lang='lat' dir='ltr'><strong>illum</strong></span> <span class='ocrx_word' id='word_1_293' title='bbox 2778 2015 2982 2088; x_wconf 88' lang='lat' dir='ltr'><strong>pariter</strong></span> <span class='ocrx_word' id='word_1_294' title='bbox 3033 2022 3087 2071; x_wconf 88' lang='lat' dir='ltr'><strong>et</strong></span> <span class='ocrx_word' id='word_1_295' title='bbox 3138 2021 3429 2087; x_wconf 90' lang='lat' dir='ltr'><strong>peccatum</strong></span> <span class='ocrx_word' id='word_1_296' title='bbox 3482 2012 3607 2081; x_wconf 88' lang='lat' dir='ltr'><strong>epi-</strong></span> 
     </span>
    </p>
   </div>
   <div class='ocr_carea' id='block_1_38' title="bbox 290 2101 1894 2173">
    <p class='ocr_par' dir='ltr' id='par_1_38' title="bbox 290 2101 1894 2173">
     <span class='ocr_line' id='line_1_38' title="bbox 290 2101 1894 2173; baseline -0.002 -15"><span class='ocrx_word' id='word_1_297' title='bbox 290 2103 638 2173; x_wconf 69' lang='lat' dir='ltr'><strong>praasentiam</strong></span> <span class='ocrx_word' id='word_1_298' title='bbox 669 2102 901 2158; x_wconf 87' lang='lat' dir='ltr'><strong>Satanas</strong></span> <span class='ocrx_word' id='word_1_299' title='bbox 930 2102 1075 2157; x_wconf 89' lang='lat' dir='ltr'><strong>ferre</strong></span> <span class='ocrx_word' id='word_1_300' title='bbox 1124 2116 1236 2157; x_wconf 92' lang='lat' dir='ltr'><strong>non</strong></span> <span class='ocrx_word' id='word_1_301' title='bbox 1289 2109 1519 2173; x_wconf 86' lang='lat' dir='ltr'><strong>poterat,</strong></span> <span class='ocrx_word' id='word_1_302' title='bbox 1578 2102 1732 2172; x_wconf 88' lang='lat' dir='ltr'><strong>cujus</strong></span> <span class='ocrx_word' id='word_1_303' title='bbox 1785 2101 1894 2155; x_wconf 90' lang='lat' dir='ltr'><strong>im-</strong></span> 
     </span>
    </p>
   </div>
   <div class='ocr_carea' id='block_1_39' title="bbox 291 2190 1897 2262">
    <p class='ocr_par' dir='ltr' id='par_1_39' title="bbox 291 2190 1897 2262">
     <span class='ocr_line' id='line_1_39' title="bbox 291 2190 1897 2262; baseline -0.002 -16"><span class='ocrx_word' id='word_1_304' title='bbox 291 2190 508 2262; x_wconf 86' lang='lat' dir='ltr'><strong>perium</strong></span> <span class='ocrx_word' id='word_1_305' title='bbox 562 2190 815 2246; x_wconf 88' lang='lat' dir='ltr'><strong>inventus</strong></span> <span class='ocrx_word' id='word_1_306' title='bbox 843 2190 1062 2262; x_wconf 86' lang='lat' dir='ltr'><strong>agebat.</strong></span> <span class='ocrx_word' id='word_1_307' title='bbox 1108 2190 1216 2245; x_wconf 79' lang='lat' dir='ltr'><strong>Res</strong></span> <span class='ocrx_word' id='word_1_308' title='bbox 1269 2190 1520 2260; x_wconf 88' lang='lat' dir='ltr'><strong>equidem</strong></span> <span class='ocrx_word' id='word_1_309' title='bbox 1576 2190 1738 2258; x_wconf 90' lang='lat' dir='ltr'><strong>mira,</strong></span> <span class='ocrx_word' id='word_1_310' title='bbox 1798 2190 1897 2244; x_wconf 90' lang='lat' dir='ltr'><strong>sed</strong></span> 
     </span>
    </p>
   </div>
   <div class='ocr_carea' id='block_1_40' title="bbox 284 2277 1898 2347">
    <p class='ocr_par' dir='ltr' id='par_1_40' title="bbox 284 2277 1898 2347">
     <span class='ocr_line' id='line_1_40' title="bbox 284 2277 1898 2347; baseline -0.001 -13"><span class='ocrx_word' id='word_1_311' title='bbox 284 2278 462 2335; x_wconf 90' lang='lat' dir='ltr'><strong>altiori</strong></span> <span class='ocrx_word' id='word_1_312' title='bbox 492 2278 752 2335; x_wconf 89' lang='lat' dir='ltr'><strong>miraculo</strong></span> <span class='ocrx_word' id='word_1_313' title='bbox 802 2278 1089 2334; x_wconf 89' lang='lat' dir='ltr'><strong>cumulata.</strong></span> <span class='ocrx_word' id='word_1_314' title='bbox 1149 2277 1402 2347; x_wconf 89' lang='lat' dir='ltr'><strong>Quandiu</strong></span> <span class='ocrx_word' id='word_1_315' title='bbox 1458 2277 1600 2333; x_wconf 89' lang='lat' dir='ltr'><strong>enim</strong></span> <span class='ocrx_word' id='word_1_316' title='bbox 1651 2278 1707 2332; x_wconf 92' lang='lat' dir='ltr'><strong>in</strong></span> <span class='ocrx_word' id='word_1_317' title='bbox 1759 2292 1898 2333; x_wconf 90' lang='lat' dir='ltr'><strong>con-</strong></span> 
     </span>
    </p>
   </div>
   <div class='ocr_carea' id='block_1_41' title="bbox 285 2366 1900 2438">
    <p class='ocr_par' dir='ltr' id='par_1_41' title="bbox 285 2366 1900 2438">
     <span class='ocr_line' id='line_1_41' title="bbox 285 2366 1900 2438; baseline -0.001 -14"><span class='ocrx_word' id='word_1_318' title='bbox 285 2370 459 2424; x_wconf 83' lang='lat' dir='ltr'><strong>ventu</strong></span> <span class='ocrx_word' id='word_1_319' title='bbox 487 2366 581 2423; x_wconf 91' lang='lat' dir='ltr'><strong>illo</strong></span> <span class='ocrx_word' id='word_1_320' title='bbox 608 2366 694 2423; x_wconf 87' lang='lat' dir='ltr'><strong>vir</strong></span> <span class='ocrx_word' id='word_1_321' title='bbox 718 2373 939 2423; x_wconf 87' lang='lat' dir='ltr'><strong>sanctus</strong></span> <span class='ocrx_word' id='word_1_322' title='bbox 995 2370 1187 2422; x_wconf 89' lang='lat' dir='ltr'><strong>sancta</strong></span> <span class='ocrx_word' id='word_1_323' title='bbox 1241 2366 1548 2438; x_wconf 86' lang='lat' dir='ltr'><strong>perdocuit,</strong></span> <span class='ocrx_word' id='word_1_324' title='bbox 1608 2367 1745 2422; x_wconf 91' lang='lat' dir='ltr'><strong>sicut</strong></span> <span class='ocrx_word' id='word_1_325' title='bbox 1796 2380 1900 2423; x_wconf 84' lang='lat' dir='ltr'><strong>co-</strong></span> 
     </span>
    </p>
   </div>
   <div class='ocr_carea' id='block_1_42' title="bbox 285 2453 1888 2527">
    <p class='ocr_par' dir='ltr' id='par_1_42' title="bbox 285 2453 1888 2527">
     <span class='ocr_line' id='line_1_42' title="bbox 285 2453 1888 2527; baseline -0.002 -14"><span class='ocrx_word' id='word_1_326' title='bbox 285 2454 476 2513; x_wconf 86' lang='lat' dir='ltr'><strong>lumba</strong></span> <span class='ocrx_word' id='word_1_327' title='bbox 506 2455 740 2511; x_wconf 89' lang='lat' dir='ltr'><strong>candida</strong></span> <span class='ocrx_word' id='word_1_328' title='bbox 772 2471 938 2527; x_wconf 88' lang='lat' dir='ltr'><strong>super</strong></span> <span class='ocrx_word' id='word_1_329' title='bbox 958 2461 1121 2526; x_wconf 88' lang='lat' dir='ltr'><strong>caput</strong></span> <span class='ocrx_word' id='word_1_330' title='bbox 1148 2453 1269 2525; x_wconf 92' lang='lat' dir='ltr'><strong>ejus</strong></span> <span class='ocrx_word' id='word_1_331' title='bbox 1313 2470 1556 2524; x_wconf 67' lang='lat' dir='ltr'><strong>prmsens</strong></span> <span class='ocrx_word' id='word_1_332' title='bbox 1612 2454 1888 2525; x_wconf 79' lang='lat' dir='ltr'><strong>apparuit.</strong></span> 
     </span>
    </p>
   </div>
   <div class='ocr_carea' id='block_1_43' title="bbox 294 2541 1897 2615">
    <p class='ocr_par' dir='ltr' id='par_1_43' title="bbox 294 2541 1897 2615">
     <span class='ocr_line' id='line_1_43' title="bbox 294 2541 1897 2615; baseline -0.001 -17"><span class='ocrx_word' id='word_1_333' title='bbox 294 2542 507 2613; x_wconf 88' lang='lat' dir='ltr'><strong>Quibus</strong></span> <span class='ocrx_word' id='word_1_334' title='bbox 534 2543 590 2598; x_wconf 90' lang='lat' dir='ltr'><strong>id</strong></span> <span class='ocrx_word' id='word_1_335' title='bbox 621 2541 808 2599; x_wconf 89' lang='lat' dir='ltr'><strong>videre</strong></span> <span class='ocrx_word' id='word_1_336' title='bbox 833 2544 1020 2599; x_wconf 89' lang='lat' dir='ltr'><strong>datum</strong></span> <span class='ocrx_word' id='word_1_337' title='bbox 1049 2553 1151 2612; x_wconf 88' lang='lat' dir='ltr'><strong>est,</strong></span> <span class='ocrx_word' id='word_1_338' title='bbox 1209 2543 1386 2598; x_wconf 90' lang='lat' dir='ltr'><strong>Deum</strong></span> <span class='ocrx_word' id='word_1_339' title='bbox 1440 2542 1897 2615; x_wconf 83' lang='lat' dir='ltr'><strong>gloriﬁcaverunt,</strong></span> 
     </span>
    </p>
   </div>
   <div class='ocr_carea' id='block_1_44' title="bbox 294 2630 1898 2704">
    <p class='ocr_par' dir='ltr' id='par_1_44' title="bbox 294 2630 1898 2704">
     <span class='ocr_line' id='line_1_44' title="bbox 294 2630 1898 2704; baseline -0.001 -17"><span class='ocrx_word' id='word_1_340' title='bbox 294 2648 403 2687; x_wconf 91' lang='lat' dir='ltr'><strong>non</strong></span> <span class='ocrx_word' id='word_1_341' title='bbox 432 2632 579 2687; x_wconf 89' lang='lat' dir='ltr'><strong>enim</strong></span> <span class='ocrx_word' id='word_1_342' title='bbox 606 2646 800 2688; x_wconf 90' lang='lat' dir='ltr'><strong>omnes</strong></span> <span class='ocrx_word' id='word_1_343' title='bbox 847 2633 988 2687; x_wconf 88' lang='lat' dir='ltr'><strong>hanc</strong></span> <span class='ocrx_word' id='word_1_344' title='bbox 1042 2631 1230 2687; x_wconf 90' lang='lat' dir='ltr'><strong>videre</strong></span> <span class='ocrx_word' id='word_1_345' title='bbox 1282 2630 1513 2704; x_wconf 78' lang='lat' dir='ltr'><strong>gloriam</strong></span> <span class='ocrx_word' id='word_1_346' title='bbox 1568 2635 1898 2687; x_wconf 88' lang='lat' dir='ltr'><strong>meruerunt.</strong></span> 
     </span>
    </p>
   </div>
   <div class='ocr_carea' id='block_1_45' title="bbox 292 2718 1901 2792">
    <p class='ocr_par' dir='ltr' id='par_1_45' title="bbox 292 2718 1901 2792">
     <span class='ocr_line' id='line_1_45' title="bbox 292 2718 1901 2792; baseline -0.001 -17"><span class='ocrx_word' id='word_1_347' title='bbox 292 2720 606 2792; x_wconf 87' lang='lat' dir='ltr'><strong>Stephanus</strong></span> <span class='ocrx_word' id='word_1_348' title='bbox 634 2718 1074 2791; x_wconf 82' lang='lat' dir='ltr'><strong>archipresbyter</strong></span> <span class='ocrx_word' id='word_1_349' title='bbox 1120 2719 1190 2775; x_wconf 90' lang='lat' dir='ltr'><strong>de</strong></span> <span class='ocrx_word' id='word_1_350' title='bbox 1244 2719 1515 2787; x_wconf 86' lang='lat' dir='ltr'><strong>Parricejo</strong></span> <span class='ocrx_word' id='word_1_351' title='bbox 1572 2720 1743 2792; x_wconf 76' lang='lat'><strong>(126),</strong></span> <span class='ocrx_word' id='word_1_352' title='bbox 1796 2719 1901 2774; x_wconf 89' lang='lat' dir='ltr'><strong>sub</strong></span> 
     </span>
    </p>
   </div>
   <div class='ocr_carea' id='block_1_46' title="bbox 189 2806 1903 2879">
    <p class='ocr_par' dir='ltr' id='par_1_46' title="bbox 189 2806 1903 2879">
     <span class='ocr_line' id='line_1_46' title="bbox 189 2806 1903 2879; baseline 0.002 -20"><span class='ocrx_word' id='word_1_353' title='bbox 189 2842 203 2859; x_wconf 92' lang='lat'><strong>.</strong></span> <span class='ocrx_word' id='word_1_354' title='bbox 294 2807 443 2865; x_wconf 90' lang='lat' dir='ltr'><strong>omni</strong></span> <span class='ocrx_word' id='word_1_355' title='bbox 472 2808 772 2865; x_wconf 87' lang='lat' dir='ltr'><strong>assertione</strong></span> <span class='ocrx_word' id='word_1_356' title='bbox 793 2808 981 2864; x_wconf 87' lang='lat' dir='ltr'><strong>itidem</strong></span> <span class='ocrx_word' id='word_1_357' title='bbox 1010 2823 1089 2876; x_wconf 89' lang='lat' dir='ltr'><strong>se,</strong></span> <span class='ocrx_word' id='word_1_358' title='bbox 1130 2807 1255 2863; x_wconf 89' lang='lat' dir='ltr'><strong>licet</strong></span> <span class='ocrx_word' id='word_1_359' title='bbox 1276 2806 1581 2879; x_wconf 89' lang='lat' dir='ltr'><strong>indignum,</strong></span> <span class='ocrx_word' id='word_1_360' title='bbox 1605 2807 1903 2864; x_wconf 80' lang='lat' dir='ltr'><strong>testabatur</strong></span> 
     </span>
    </p>
   </div>
   <div class='ocr_carea' id='block_1_47' title="bbox 294 2896 518 2953">
    <p class='ocr_par' dir='ltr' id='par_1_47' title="bbox 294 2896 518 2953">
     <span class='ocr_line' id='line_1_47' title="bbox 294 2896 518 2953; baseline -0.004 0"><span class='ocrx_word' id='word_1_361' title='bbox 294 2896 518 2953; x_wconf 84' lang='lat' dir='ltr'><strong>vidisse.</strong></span> 
     </span>
    </p>
   </div>
   <div class='ocr_carea' id='block_1_48' title="bbox 364 2983 1899 3057">
    <p class='ocr_par' dir='ltr' id='par_1_48' title="bbox 364 2983 1899 3057">
     <span class='ocr_line' id='line_1_48' title="bbox 364 2983 1899 3057; baseline 0.001 -18"><span class='ocrx_word' id='word_1_362' title='bbox 364 2990 417 3039; x_wconf 90' lang='lat'><strong>8.</strong></span> <span class='ocrx_word' id='word_1_363' title='bbox 452 2984 716 3042; x_wconf 88' lang='lat' dir='ltr'><strong>Paredum</strong></span> <span class='ocrx_word' id='word_1_364' title='bbox 747 2992 971 3042; x_wconf 86' lang='lat' dir='ltr'><strong>venerat</strong></span> <span class='ocrx_word' id='word_1_365' title='bbox 998 2985 1157 3057; x_wconf 83' lang='lat' dir='ltr'><strong>Hugo</strong></span> <span class='ocrx_word' id='word_1_366' title='bbox 1216 2985 1399 3051; x_wconf 88' lang='lat' dir='ltr'><strong>Pater,</strong></span> <span class='ocrx_word' id='word_1_367' title='bbox 1457 2992 1516 3041; x_wconf 92' lang='lat' dir='ltr'><strong>ut</strong></span> <span class='ocrx_word' id='word_1_368' title='bbox 1568 2983 1644 3040; x_wconf 88' lang='lat' dir='ltr'><strong>ibi</strong></span> <span class='ocrx_word' id='word_1_369' title='bbox 1702 2984 1899 3041; x_wconf 89' lang='lat' dir='ltr'><strong>festum</strong></span> 
     </span>
    </p>
   </div>
   <div class='ocr_carea' id='block_1_49' title="bbox 295 3073 1899 3146">
    <p class='ocr_par' dir='ltr' id='par_1_49' title="bbox 295 3073 1899 3146">
     <span class='ocr_line' id='line_1_49' title="bbox 295 3073 1899 3146; baseline 0 -16"><span class='ocrx_word' id='word_1_370' title='bbox 295 3074 552 3146; x_wconf 71' lang='lat' dir='ltr'><strong>Baptistae</strong></span> <span class='ocrx_word' id='word_1_371' title='bbox 577 3073 802 3129; x_wconf 87' lang='lat' dir='ltr'><strong>Joannis</strong></span> <span class='ocrx_word' id='word_1_372' title='bbox 830 3075 1058 3130; x_wconf 87' lang='lat' dir='ltr'><strong>devotus</strong></span> <span class='ocrx_word' id='word_1_373' title='bbox 1092 3082 1303 3145; x_wconf 87' lang='lat' dir='ltr'><strong>egeret.</strong></span> <span class='ocrx_word' id='word_1_374' title='bbox 1350 3075 1434 3129; x_wconf 80' lang='lat' dir='ltr'><strong>Ad</strong></span> <span class='ocrx_word' id='word_1_375' title='bbox 1483 3089 1645 3146; x_wconf 90' lang='lat' dir='ltr'><strong>quem</strong></span> <span class='ocrx_word' id='word_1_376' title='bbox 1700 3074 1899 3130; x_wconf 88' lang='lat' dir='ltr'><strong>mulier</strong></span> 
     </span>
    </p>
   </div>
   <div class='ocr_carea' id='block_1_50' title="bbox 296 3162 1897 3235">
    <p class='ocr_par' dir='ltr' id='par_1_50' title="bbox 296 3162 1897 3235">
     <span class='ocr_line' id='line_1_50' title="bbox 296 3162 1897 3235; baseline 0 -18"><span class='ocrx_word' id='word_1_377' title='bbox 296 3163 570 3235; x_wconf 66' lang='lat' dir='ltr'><strong>quaedam,</strong></span> <span class='ocrx_word' id='word_1_378' title='bbox 618 3177 741 3219; x_wconf 89' lang='lat' dir='ltr'><strong>cum</strong></span> <span class='ocrx_word' id='word_1_379' title='bbox 801 3162 959 3218; x_wconf 89' lang='lat' dir='ltr'><strong>turba</strong></span> <span class='ocrx_word' id='word_1_380' title='bbox 1006 3177 1110 3233; x_wconf 90' lang='lat' dir='ltr'><strong>pro</strong></span> <span class='ocrx_word' id='word_1_381' title='bbox 1165 3177 1231 3218; x_wconf 87' lang='lat' dir='ltr'><strong>eo</strong></span> <span class='ocrx_word' id='word_1_382' title='bbox 1281 3162 1643 3234; x_wconf 86' lang='lat' dir='ltr'><strong>supplicante,</strong></span> <span class='ocrx_word' id='word_1_383' title='bbox 1698 3178 1897 3233; x_wconf 88' lang='lat' dir='ltr'><strong>perve-</strong></span> 
     </span>
    </p>
   </div>
   <div class='ocr_carea' id='block_1_51' title="bbox 288 3249 1904 3322">
    <p class='ocr_par' dir='ltr' id='par_1_51' title="bbox 288 3249 1904 3322">
     <span class='ocr_line' id='line_1_51' title="bbox 288 3249 1904 3322; baseline -0.001 -14"><span class='ocrx_word' id='word_1_384' title='bbox 288 3251 404 3308; x_wconf 90' lang='lat' dir='ltr'><strong>nit:</strong></span> <span class='ocrx_word' id='word_1_385' title='bbox 438 3251 565 3320; x_wconf 88' lang='lat' dir='ltr'><strong>quia</strong></span> <span class='ocrx_word' id='word_1_386' title='bbox 616 3250 746 3322; x_wconf 89' lang='lat' dir='ltr'><strong>ejus</strong></span> <span class='ocrx_word' id='word_1_387' title='bbox 799 3258 1013 3307; x_wconf 89' lang='lat' dir='ltr'><strong>uterum</strong></span> <span class='ocrx_word' id='word_1_388' title='bbox 1071 3250 1302 3322; x_wconf 89' lang='lat' dir='ltr'><strong>irruptio</strong></span> <span class='ocrx_word' id='word_1_389' title='bbox 1357 3251 1597 3306; x_wconf 91' lang='lat' dir='ltr'><strong>violenta</strong></span> <span class='ocrx_word' id='word_1_390' title='bbox 1653 3249 1904 3307; x_wconf 91' lang='lat' dir='ltr'><strong>virulenti</strong></span> 
     </span>
    </p>
   </div>
   <div class='ocr_carea' id='block_1_52' title="bbox 293 3323 1903 3413">
    <p class='ocr_par' dir='ltr' id='par_1_52' title="bbox 293 3323 1903 3413">
     <span class='ocr_line' id='line_1_52' title="bbox 293 3323 1903 3413; baseline -0.001 -18"><span class='ocrx_word' id='word_1_391' title='bbox 293 3323 513 3413; x_wconf 58' lang='lat' dir='ltr'><strong>tenebat</strong></span> <span class='ocrx_word' id='word_1_392' title='bbox 541 3339 832 3410; x_wconf 86' lang='lat' dir='ltr'><strong>serpentis.</strong></span> <span class='ocrx_word' id='word_1_393' title='bbox 870 3340 1006 3395; x_wconf 88' lang='lat' dir='ltr'><strong>Tum</strong></span> <span class='ocrx_word' id='word_1_394' title='bbox 1037 3346 1276 3406; x_wconf 88' lang='lat' dir='ltr'><strong>sanctus,</strong></span> <span class='ocrx_word' id='word_1_395' title='bbox 1309 3339 1683 3396; x_wconf 88' lang='lat' dir='ltr'><strong>misericordia</strong></span> <span class='ocrx_word' id='word_1_396' title='bbox 1706 3348 1903 3409; x_wconf 90' lang='lat' dir='ltr'><strong>motus,</strong></span> 
     </span>
    </p>
   </div>
   <div class='ocr_carea' id='block_1_53' title="bbox 293 3426 1908 3500">
    <p class='ocr_par' dir='ltr' id='par_1_53' title="bbox 293 3426 1908 3500">
     <span class='ocr_line' id='line_1_53' title="bbox 293 3426 1908 3500; baseline -0.001 -16"><span class='ocrx_word' id='word_1_397' title='bbox 293 3444 493 3500; x_wconf 89' lang='lat' dir='ltr'><strong>aquam</strong></span> <span class='ocrx_word' id='word_1_398' title='bbox 517 3426 696 3483; x_wconf 73' lang='lat' dir='ltr'><strong>afferri</strong></span> <span class='ocrx_word' id='word_1_399' title='bbox 754 3428 1040 3499; x_wconf 65' lang='lat' dir='ltr'><strong>praecepit,</strong></span> <span class='ocrx_word' id='word_1_400' title='bbox 1098 3443 1262 3498; x_wconf 90' lang='lat' dir='ltr'><strong>quam</strong></span> <span class='ocrx_word' id='word_1_401' title='bbox 1324 3427 1575 3498; x_wconf 87' lang='lat' dir='ltr'><strong>precibus</strong></span> <span class='ocrx_word' id='word_1_402' title='bbox 1627 3428 1799 3483; x_wconf 89' lang='lat' dir='ltr'><strong>sacris</strong></span> <span class='ocrx_word' id='word_1_403' title='bbox 1854 3436 1908 3484; x_wconf 92' lang='lat' dir='ltr'><strong>et</strong></span> 
     </span>
    </p>
   </div>
   <div class='ocr_carea' id='block_1_54' title="bbox 295 3516 1903 3589">
    <p class='ocr_par' dir='ltr' id='par_1_54' title="bbox 295 3516 1903 3589">
     <span class='ocr_line' id='line_1_54' title="bbox 295 3516 1903 3589; baseline -0.001 -17"><span class='ocrx_word' id='word_1_404' title='bbox 295 3516 772 3572; x_wconf 89' lang='lat' dir='ltr'><strong>benedictionibus</strong></span> <span class='ocrx_word' id='word_1_405' title='bbox 800 3516 1175 3589; x_wconf 64' lang='lat' dir='ltr'><strong>prasignavit,</strong></span> <span class='ocrx_word' id='word_1_406' title='bbox 1221 3524 1555 3587; x_wconf 90' lang='lat' dir='ltr'><strong>acceptoque</strong></span> <span class='ocrx_word' id='word_1_407' title='bbox 1608 3516 1903 3586; x_wconf 88' lang='lat' dir='ltr'><strong>cochleari,</strong></span> 
     </span>
    </p>
   </div>
   <div class='ocr_carea' id='block_1_55' title="bbox 296 3603 1902 3675">
    <p class='ocr_par' dir='ltr' id='par_1_55' title="bbox 296 3603 1902 3675">
     <span class='ocr_line' id='line_1_55' title="bbox 296 3603 1902 3675; baseline 0.001 -15"><span class='ocrx_word' id='word_1_408' title='bbox 296 3612 380 3661; x_wconf 90' lang='lat' dir='ltr'><strong>ter</strong></span> <span class='ocrx_word' id='word_1_409' title='bbox 407 3604 475 3661; x_wconf 89' lang='lat' dir='ltr'><strong>de</strong></span> <span class='ocrx_word' id='word_1_410' title='bbox 504 3619 649 3675; x_wconf 86' lang='lat' dir='ltr'><strong>aqua</strong></span> <span class='ocrx_word' id='word_1_411' title='bbox 703 3604 796 3660; x_wconf 89' lang='lat' dir='ltr'><strong>illa</strong></span> <span class='ocrx_word' id='word_1_412' title='bbox 851 3605 906 3659; x_wconf 92' lang='lat' dir='ltr'><strong>in</strong></span> <span class='ocrx_word' id='word_1_413' title='bbox 963 3620 1057 3661; x_wconf 90' lang='lat' dir='ltr'><strong>ore</strong></span> <span class='ocrx_word' id='word_1_414' title='bbox 1113 3604 1363 3660; x_wconf 89' lang='lat' dir='ltr'><strong>mulieris</strong></span> <span class='ocrx_word' id='word_1_415' title='bbox 1414 3603 1623 3660; x_wconf 92' lang='lat' dir='ltr'><strong>orando</strong></span> <span class='ocrx_word' id='word_1_416' title='bbox 1678 3603 1902 3661; x_wconf 84' lang='lat' dir='ltr'><strong>infudit.</strong></span> 
     </span>
    </p>
   </div>
   <div class='ocr_carea' id='block_1_56' title="bbox 298 3692 1906 3764">
    <p class='ocr_par' dir='ltr' id='par_1_56' title="bbox 298 3692 1906 3764">
     <span class='ocr_line' id='line_1_56' title="bbox 298 3692 1906 3764; baseline 0 -16"><span class='ocrx_word' id='word_1_417' title='bbox 298 3693 419 3762; x_wconf 89' lang='lat' dir='ltr'><strong>Quo</strong></span> <span class='ocrx_word' id='word_1_418' title='bbox 444 3693 612 3758; x_wconf 86' lang='lat' dir='ltr'><strong>facto,</strong></span> <span class='ocrx_word' id='word_1_419' title='bbox 643 3693 822 3749; x_wconf 90' lang='lat' dir='ltr'><strong>statim</strong></span> <span class='ocrx_word' id='word_1_420' title='bbox 852 3709 1096 3764; x_wconf 88' lang='lat' dir='ltr'><strong>serpens,</strong></span> <span class='ocrx_word' id='word_1_421' title='bbox 1127 3692 1338 3750; x_wconf 86' lang='lat' dir='ltr'><strong>cunctis</strong></span> <span class='ocrx_word' id='word_1_422' title='bbox 1400 3692 1489 3763; x_wconf 89' lang='lat' dir='ltr'><strong>qui</strong></span> <span class='ocrx_word' id='word_1_423' title='bbox 1548 3692 1774 3749; x_wconf 89' lang='lat' dir='ltr'><strong>aderant</strong></span> <span class='ocrx_word' id='word_1_424' title='bbox 1827 3694 1906 3748; x_wconf 89' lang='lat' dir='ltr'><strong>vi-</strong></span> 
     </span>
    </p>
   </div>
   <div class='ocr_carea' id='block_1_57' title="bbox 297 3781 1904 3854">
    <p class='ocr_par' dir='ltr' id='par_1_57' title="bbox 297 3781 1904 3854">
     <span class='ocr_line' id='line_1_57' title="bbox 297 3781 1904 3854; baseline 0.001 -17"><span class='ocrx_word' id='word_1_425' title='bbox 297 3781 573 3850; x_wconf 89' lang='lat' dir='ltr'><strong>dentibus,</strong></span> <span class='ocrx_word' id='word_1_426' title='bbox 624 3798 722 3854; x_wconf 88' lang='lat' dir='ltr'><strong>per</strong></span> <span class='ocrx_word' id='word_1_427' title='bbox 777 3797 839 3838; x_wconf 92' lang='lat' dir='ltr'><strong>os</strong></span> <span class='ocrx_word' id='word_1_428' title='bbox 894 3781 1139 3837; x_wconf 87' lang='lat' dir='ltr'><strong>mulieris</strong></span> <span class='ocrx_word' id='word_1_429' title='bbox 1196 3782 1502 3837; x_wconf 86' lang='lat' dir='ltr'><strong>horrendus</strong></span> <span class='ocrx_word' id='word_1_430' title='bbox 1557 3782 1741 3838; x_wconf 77' lang='lat' dir='ltr'><strong>exivit.</strong></span> <span class='ocrx_word' id='word_1_431' title='bbox 1799 3781 1904 3851; x_wconf 88' lang='lat' dir='ltr'><strong>Qui</strong></span> 
     </span>
    </p>
   </div>
   <div class='ocr_carea' id='block_1_58' title="bbox 296 3870 1900 3941">
    <p class='ocr_par' dir='ltr' id='par_1_58' title="bbox 296 3870 1900 3941">
     <span class='ocr_line' id='line_1_58' title="bbox 296 3870 1900 3941; baseline -0.002 -14"><span class='ocrx_word' id='word_1_432' title='bbox 296 3886 425 3927; x_wconf 88' lang='lat' dir='ltr'><strong>cum</strong></span> <span class='ocrx_word' id='word_1_433' title='bbox 480 3885 718 3926; x_wconf 87' lang='lat' dir='ltr'><strong>moerere</strong></span> <span class='ocrx_word' id='word_1_434' title='bbox 772 3878 1057 3939; x_wconf 86' lang='lat' dir='ltr'><strong>venerant,</strong></span> <span class='ocrx_word' id='word_1_435' title='bbox 1117 3886 1240 3926; x_wconf 90' lang='lat' dir='ltr'><strong>cum</strong></span> <span class='ocrx_word' id='word_1_436' title='bbox 1292 3870 1495 3941; x_wconf 90' lang='lat' dir='ltr'><strong>gaudio</strong></span> <span class='ocrx_word' id='word_1_437' title='bbox 1550 3878 1900 3940; x_wconf 77' lang='lat' dir='ltr'><strong>revertentes,</strong></span> 
     </span>
    </p>
   </div>
   <div class='ocr_carea' id='block_1_59' title="bbox 294 3958 1903 4029">
    <p class='ocr_par' dir='ltr' id='par_1_59' title="bbox 294 3958 1903 4029">
     <span class='ocr_line' id='line_1_59' title="bbox 294 3958 1903 4029; baseline 0.001 -15"><span class='ocrx_word' id='word_1_438' title='bbox 294 3959 587 4015; x_wconf 89' lang='lat' dir='ltr'><strong>Dominum</strong></span> <span class='ocrx_word' id='word_1_439' title='bbox 612 3958 1018 4014; x_wconf 88' lang='lat' dir='ltr'><strong>collaudabant.</strong></span> <span class='ocrx_word' id='word_1_440' title='bbox 1051 3958 1361 4015; x_wconf 85' lang='lat' dir='ltr'><strong>Gaufredus</strong></span> <span class='ocrx_word' id='word_1_441' title='bbox 1404 3959 1489 4013; x_wconf 90' lang='lat' dir='ltr'><strong>vir</strong></span> <span class='ocrx_word' id='word_1_442' title='bbox 1542 3958 1738 4025; x_wconf 84' lang='lat' dir='ltr'><strong>fidelis,</strong></span> <span class='ocrx_word' id='word_1_443' title='bbox 1797 3975 1903 4029; x_wconf 91' lang='lat' dir='ltr'><strong>quo</strong></span> 
     </span>
    </p>
   </div>
   <div class='ocr_carea' id='block_1_60' title="bbox 294 4046 1906 4119">
    <p class='ocr_par' dir='ltr' id='par_1_60' title="bbox 294 4046 1906 4119">
     <span class='ocr_line' id='line_1_60' title="bbox 294 4046 1906 4119; baseline 0 -17"><span class='ocrx_word' id='word_1_444' title='bbox 294 4055 564 4119; x_wconf 71' lang='lat' dir='ltr'><strong>praesente</strong></span> <span class='ocrx_word' id='word_1_445' title='bbox 591 4056 806 4103; x_wconf 91' lang='lat' dir='ltr'><strong>sanctus</strong></span> <span class='ocrx_word' id='word_1_446' title='bbox 836 4046 985 4117; x_wconf 89' lang='lat' dir='ltr'><strong>apud</strong></span> <span class='ocrx_word' id='word_1_447' title='bbox 1012 4047 1239 4102; x_wconf 77' lang='lat' dir='ltr'><strong>Eduam</strong></span> <span class='ocrx_word' id='word_1_448' title='bbox 1279 4047 1558 4103; x_wconf 64' lang='lat' dir='ltr'><strong>demones</strong></span> <span class='ocrx_word' id='word_1_449' title='bbox 1613 4046 1682 4101; x_wconf 92' lang='lat' dir='ltr'><strong>de</strong></span> <span class='ocrx_word' id='word_1_450' title='bbox 1746 4046 1906 4102; x_wconf 90' lang='lat' dir='ltr'><strong>turba</strong></span> 
     </span>
    </p>
   </div>
   <div class='ocr_carea' id='block_1_61' title="bbox 296 4134 1903 4207">
    <p class='ocr_par' dir='ltr' id='par_1_61' title="bbox 296 4134 1903 4207">
     <span class='ocr_line' id='line_1_61' title="bbox 296 4134 1903 4207; baseline -0.001 -16"><span class='ocrx_word' id='word_1_451' title='bbox 296 4135 525 4207; x_wconf 77' lang='lat' dir='ltr'><strong>fugavit,</strong></span> <span class='ocrx_word' id='word_1_452' title='bbox 558 4140 613 4191; x_wconf 93' lang='lat' dir='ltr'><strong>et</strong></span> <span class='ocrx_word' id='word_1_453' title='bbox 639 4136 747 4191; x_wconf 87' lang='lat' dir='ltr'><strong>hoc</strong></span> <span class='ocrx_word' id='word_1_454' title='bbox 775 4134 846 4191; x_wconf 91' lang='lat' dir='ltr'><strong>de</strong></span> <span class='ocrx_word' id='word_1_455' title='bbox 875 4143 1127 4207; x_wconf 84' lang='lat' dir='ltr'><strong>serpente</strong></span> <span class='ocrx_word' id='word_1_456' title='bbox 1154 4151 1252 4207; x_wconf 89' lang='lat' dir='ltr'><strong>per</strong></span> <span class='ocrx_word' id='word_1_457' title='bbox 1277 4151 1404 4190; x_wconf 90' lang='lat' dir='ltr'><strong>eum</strong></span> <span class='ocrx_word' id='word_1_458' title='bbox 1423 4135 1599 4206; x_wconf 84' lang='lat' dir='ltr'><strong>ejecta</strong></span> <span class='ocrx_word' id='word_1_459' title='bbox 1619 4150 1679 4190; x_wconf 91' lang='lat' dir='ltr'><strong>se</strong></span> <span class='ocrx_word' id='word_1_460' title='bbox 1699 4134 1903 4190; x_wconf 80' lang='lat' dir='ltr'><strong>vidisse</strong></span> 
     </span>
    </p>
   </div>
   <div class='ocr_carea' id='block_1_62' title="bbox 295 4223 726 4280">
    <p class='ocr_par' dir='ltr' id='par_1_62' title="bbox 295 4223 726 4280">
     <span class='ocr_line' id='line_1_62' title="bbox 295 4223 726 4280; baseline -0.005 0"><span class='ocrx_word' id='word_1_461' title='bbox 295 4223 437 4280; x_wconf 87' lang='lat' dir='ltr'><strong>solet</strong></span> <span class='ocrx_word' id='word_1_462' title='bbox 464 4224 726 4280; x_wconf 86' lang='lat' dir='ltr'><strong>attestari.</strong></span> 
     </span>
    </p>
   </div>
   <div class='ocr_carea' id='block_1_63' title="bbox 364 4310 1897 4385">
    <p class='ocr_par' dir='ltr' id='par_1_63' title="bbox 364 4310 1897 4385">
     <span class='ocr_line' id='line_1_63' title="bbox 364 4310 1897 4385; baseline -0.001 -18"><span class='ocrx_word' id='word_1_463' title='bbox 364 4316 421 4367; x_wconf 84' lang='lat'><strong>9.</strong></span> <span class='ocrx_word' id='word_1_464' title='bbox 476 4312 597 4367; x_wconf 81' lang='lat' dir='ltr'><strong>Alio</strong></span> <span class='ocrx_word' id='word_1_465' title='bbox 652 4327 868 4383; x_wconf 87' lang='lat' dir='ltr'><strong>quoque</strong></span> <span class='ocrx_word' id='word_1_466' title='bbox 929 4319 1169 4384; x_wconf 89' lang='lat' dir='ltr'><strong>tempore</strong></span> <span class='ocrx_word' id='word_1_467' title='bbox 1224 4313 1384 4382; x_wconf 86' lang='lat' dir='ltr'><strong>pacis</strong></span> <span class='ocrx_word' id='word_1_468' title='bbox 1425 4312 1654 4385; x_wconf 56' lang='lat' dir='ltr'><strong>agenda;</strong></span> <span class='ocrx_word' id='word_1_469' title='bbox 1696 4310 1897 4383; x_wconf 89' lang='lat' dir='ltr'><strong>gratia,</strong></span> 
     </span>
    </p>
   </div>
   <div class='ocr_carea' id='block_1_64' title="bbox 295 4399 1903 4474">
    <p class='ocr_par' dir='ltr' id='par_1_64' title="bbox 295 4399 1903 4474">
     <span class='ocr_line' id='line_1_64' title="bbox 295 4399 1903 4474; baseline -0.001 -17"><span class='ocrx_word' id='word_1_470' title='bbox 295 4400 552 4474; x_wconf 72' lang='lat' dir='ltr'><strong>praefatus</strong></span> <span class='ocrx_word' id='word_1_471' title='bbox 608 4402 772 4457; x_wconf 84' lang='lat' dir='ltr'><strong>Pater</strong></span> <span class='ocrx_word' id='word_1_472' title='bbox 823 4418 949 4458; x_wconf 91' lang='lat' dir='ltr'><strong>cum</strong></span> <span class='ocrx_word' id='word_1_473' title='bbox 1005 4401 1280 4472; x_wconf 82' lang='lat' dir='ltr'><strong>episcOpis</strong></span> <span class='ocrx_word' id='word_1_474' title='bbox 1348 4401 1592 4458; x_wconf 80' lang='lat' dir='ltr'><strong>Rocleno</strong></span> <span class='ocrx_word' id='word_1_475' title='bbox 1675 4399 1903 4456; x_wconf 69' lang='lat' dir='ltr'><strong>(labile-</strong></span> 
     </span>
    </p>
   </div>
   <div class='ocr_carea' id='block_1_65' title="bbox 296 4550 1911 4633">
    <p class='ocr_par' dir='ltr' id='par_1_65' title="bbox 296 4550 1911 4633">
     <span class='ocr_line' id='line_1_65' title="bbox 296 4550 1911 4633; baseline 0.002 -28"><span class='ocrx_word' id='word_1_476' title='bbox 296 4551 419 4633; x_wconf 81' lang='lat' dir='ltr'><strong>laus</strong></span> <span class='ocrx_word' id='word_1_477' title='bbox 449 4550 768 4633; x_wconf 54' lang='lat' dir='ltr'><strong>Aragonius</strong></span> <span class='ocrx_word' id='word_1_478' title='bbox 792 4550 1040 4633; x_wconf 83' lang='lat' dir='ltr'><strong>ejusdem</strong></span> <span class='ocrx_word' id='word_1_479' title='bbox 1060 4551 1337 4633; x_wconf 42' lang='lat' dir='ltr'><strong>.Qaufredi</strong></span> <span class='ocrx_word' id='word_1_480' title='bbox 1367 4551 1747 4633; x_wconf 69' lang='lat' dir='ltr'><strong>Lugdunensis</strong></span> <span class='ocrx_word' id='word_1_481' title='bbox 1787 4569 1911 4633; x_wconf 75' lang='lat' dir='ltr'><strong>me-</strong></span> 
     </span>
    </p>
   </div>
   <div class='ocr_carea' id='block_1_66' title="bbox 296 4621 1901 4693">
    <p class='ocr_par' dir='ltr' id='par_1_66' title="bbox 296 4621 1901 4693">
     <span class='ocr_line' id='line_1_66' title="bbox 296 4621 1901 4693; baseline 0.001 -17"><span class='ocrx_word' id='word_1_482' title='bbox 296 4622 535 4692; x_wconf 82' lang='lat' dir='ltr'><strong>minerit,</strong></span> <span class='ocrx_word' id='word_1_483' title='bbox 568 4621 623 4677; x_wconf 81' lang='lat' dir='ltr'><strong>in</strong></span> <span class='ocrx_word' id='word_1_484' title='bbox 662 4623 899 4692; x_wconf 88' lang='lat' dir='ltr'><strong>antiquis</strong></span> <span class='ocrx_word' id='word_1_485' title='bbox 924 4621 1239 4693; x_wconf 83' lang='lat' dir='ltr'><strong>pontificum</strong></span> <span class='ocrx_word' id='word_1_486' title='bbox 1273 4621 1641 4678; x_wconf 84' lang='lat' dir='ltr'><strong>Romanorum</strong></span> <span class='ocrx_word' id='word_1_487' title='bbox 1699 4623 1901 4679; x_wconf 86' lang='lat' dir='ltr'><strong>Gestis.</strong></span> 
     </span>
    </p>
   </div>
   <div class='ocr_carea' id='block_1_67' title="bbox 369 4693 1911 4776">
    <p class='ocr_par' dir='ltr' id='par_1_67' title="bbox 369 4693 1911 4776">
     <span class='ocr_line' id='line_1_67' title="bbox 369 4693 1911 4776; baseline -0.001 -28"><span class='ocrx_word' id='word_1_488' title='bbox 369 4695 517 4761; x_wconf 75' lang='lat'><strong>(125)</strong></span> <span class='ocrx_word' id='word_1_489' title='bbox 549 4695 721 4776; x_wconf 70' lang='lat' dir='ltr'><strong>11qu</strong></span> <span class='ocrx_word' id='word_1_490' title='bbox 729 4701 791 4776; x_wconf 63' lang='lat' dir='ltr'><strong>et</strong></span> <span class='ocrx_word' id='word_1_491' title='bbox 804 4693 1106 4776; x_wconf 39' lang='lat' dir='ltr'><strong>.Henricus,</strong></span> <span class='ocrx_word' id='word_1_492' title='bbox 1140 4694 1714 4776; x_wconf 45' lang='lat' dir='ltr'><strong>ante‘patrem&#39;obiere</strong></span> <span class='ocrx_word' id='word_1_493' title='bbox 1756 4695 1911 4776; x_wconf 81' lang='lat' dir='ltr'><strong>;_pri-</strong></span> 
     </span>
    </p>
   </div>
   <div class='ocr_carea' id='block_1_68' title="bbox 296 4764 1907 4832">
    <p class='ocr_par' dir='ltr' id='par_1_68' title="bbox 296 4764 1907 4832">
     <span class='ocr_line' id='line_1_68' title="bbox 296 4764 1907 4832; baseline 0.001 -14"><span class='ocrx_word' id='word_1_494' title='bbox 296 4779 417 4818; x_wconf 89' lang='lat' dir='ltr'><strong>mus</strong></span> <span class='ocrx_word' id='word_1_495' title='bbox 455 4781 603 4819; x_wconf 84' lang='lat' dir='ltr'><strong>anno</strong></span> <span class='ocrx_word' id='word_1_496' title='bbox 624 4764 783 4829; x_wconf 78' lang='lat'><strong>1057,</strong></span> <span class='ocrx_word' id='word_1_497' title='bbox 802 4764 854 4817; x_wconf 92' lang='lat' dir='ltr'><strong>in</strong></span> <span class='ocrx_word' id='word_1_498' title='bbox 877 4765 1021 4819; x_wconf 91' lang='lat' dir='ltr'><strong>bello</strong></span> <span class='ocrx_word' id='word_1_499' title='bbox 1041 4774 1229 4819; x_wconf 88' lang='lat' dir='ltr'><strong>contra</strong></span> <span class='ocrx_word' id='word_1_500' title='bbox 1248 4766 1440 4819; x_wconf 90' lang='lat' dir='ltr'><strong>ducem</strong></span> <span class='ocrx_word' id='word_1_501' title='bbox 1472 4765 1907 4832; x_wconf 90' lang='lat' dir='ltr'><strong>Nivernensium,</strong></span> 
     </span>
    </p>
   </div>
   <div class='ocr_carea' id='block_1_69' title="bbox 295 4834 1906 4906">
    <p class='ocr_par' dir='ltr' id='par_1_69' title="bbox 295 4834 1906 4906">
     <span class='ocr_line' id='line_1_69' title="bbox 295 4834 1906 4906; baseline 0.002 -19"><span class='ocrx_word' id='word_1_502' title='bbox 295 4835 481 4905; x_wconf 88' lang='lat' dir='ltr'><strong>periit;</strong></span> <span class='ocrx_word' id='word_1_503' title='bbox 516 4835 779 4906; x_wconf 83' lang='lat' dir='ltr'><strong>Henricus</strong></span> <span class='ocrx_word' id='word_1_504' title='bbox 808 4834 978 4890; x_wconf 81' lang='lat' dir='ltr'><strong>tilium</strong></span> <span class='ocrx_word' id='word_1_505' title='bbox 1033 4844 1152 4906; x_wconf 86' lang='lat' dir='ltr'><strong>post</strong></span> <span class='ocrx_word' id='word_1_506' title='bbox 1204 4852 1261 4889; x_wconf 89' lang='lat' dir='ltr'><strong>se</strong></span> <span class='ocrx_word' id='word_1_507' title='bbox 1316 4835 1541 4903; x_wconf 88' lang='lat' dir='ltr'><strong>reliquit</strong></span> <span class='ocrx_word' id='word_1_508' title='bbox 1594 4836 1906 4906; x_wconf 71' lang='lat' dir='ltr'><strong>llugonem,</strong></span> 
     </span>
    </p>
   </div>
   <div class='ocr_carea' id='block_1_70' title="bbox 295 4904 1908 4975">
    <p class='ocr_par' dir='ltr' id='par_1_70' title="bbox 295 4904 1908 4975">
     <span class='ocr_line' id='line_1_70' title="bbox 295 4904 1908 4975; baseline 0.001 -17"><span class='ocrx_word' id='word_1_509' title='bbox 295 4904 385 4975; x_wconf 85' lang='lat' dir='ltr'><strong>qui</strong></span> <span class='ocrx_word' id='word_1_510' title='bbox 415 4921 519 4962; x_wconf 90' lang='lat' dir='ltr'><strong>avo</strong></span> <span class='ocrx_word' id='word_1_511' title='bbox 546 4922 645 4960; x_wconf 91' lang='lat' dir='ltr'><strong>suo</strong></span> <span class='ocrx_word' id='word_1_512' title='bbox 672 4905 905 4961; x_wconf 82' lang='lat' dir='ltr'><strong>Roberto</strong></span> <span class='ocrx_word' id='word_1_513' title='bbox 935 4904 1199 4961; x_wconf 75' lang='lat' dir='ltr'><strong>successit</strong></span> <span class='ocrx_word' id='word_1_514' title='bbox 1223 4906 1277 4958; x_wconf 89' lang='lat' dir='ltr'><strong>in</strong></span> <span class='ocrx_word' id='word_1_515' title='bbox 1311 4906 1531 4969; x_wconf 85' lang='lat' dir='ltr'><strong>ducatu,</strong></span> <span class='ocrx_word' id='word_1_516' title='bbox 1582 4904 1779 4961; x_wconf 80' lang='lat' dir='ltr'><strong>frustra</strong></span> <span class='ocrx_word' id='word_1_517' title='bbox 1800 4909 1908 4962; x_wconf 92' lang='lat' dir='ltr'><strong>ob-</strong></span> 
     </span>
    </p>
   </div>
   <div class='ocr_carea' id='block_1_71' title="bbox 297 4975 1908 5046">
    <p class='ocr_par' dir='ltr' id='par_1_71' title="bbox 297 4975 1908 5046">
     <span class='ocr_line' id='line_1_71' title="bbox 297 4975 1908 5046; baseline 0.003 -19"><span class='ocrx_word' id='word_1_518' title='bbox 297 4975 500 5046; x_wconf 88' lang='lat' dir='ltr'><strong>nitente</strong></span> <span class='ocrx_word' id='word_1_519' title='bbox 523 4977 760 5032; x_wconf 84' lang='lat' dir='ltr'><strong>Roberto</strong></span> <span class='ocrx_word' id='word_1_520' title='bbox 791 4984 1003 5046; x_wconf 89' lang='lat' dir='ltr'><strong>patruo,</strong></span> <span class='ocrx_word' id='word_1_521' title='bbox 1034 4984 1287 5045; x_wconf 88' lang='lat' dir='ltr'><strong>tanquam</strong></span> <span class='ocrx_word' id='word_1_522' title='bbox 1322 4975 1542 5030; x_wconf 88' lang='lat' dir='ltr'><strong>Roberti</strong></span> <span class='ocrx_word' id='word_1_523' title='bbox 1569 4977 1722 5031; x_wconf 90' lang='lat' dir='ltr'><strong>ducis</strong></span> <span class='ocrx_word' id='word_1_524' title='bbox 1752 4977 1908 5033; x_wconf 88' lang='lat' dir='ltr'><strong>tertio</strong></span> 
     </span>
    </p>
   </div>
   <div class='ocr_carea' id='block_1_72' title="bbox 297 5045 1906 5117">
    <p class='ocr_par' dir='ltr' id='par_1_72' title="bbox 297 5045 1906 5117">
     <span class='ocr_line' id='line_1_72' title="bbox 297 5045 1906 5117; baseline 0.002 -17"><span class='ocrx_word' id='word_1_525' title='bbox 297 5045 432 5117; x_wconf 84' lang='lat' dir='ltr'><strong>ﬁlio,</strong></span> <span class='ocrx_word' id='word_1_526' title='bbox 466 5046 522 5101; x_wconf 91' lang='lat' dir='ltr'><strong>Si</strong></span> <span class='ocrx_word' id='word_1_527' title='bbox 553 5047 621 5101; x_wconf 90' lang='lat' dir='ltr'><strong>de</strong></span> <span class='ocrx_word' id='word_1_528' title='bbox 648 5045 867 5103; x_wconf 85' lang='lat' dir='ltr'><strong>Henrici</strong></span> <span class='ocrx_word' id='word_1_529' title='bbox 898 5048 1048 5102; x_wconf 68' lang='lat' dir='ltr'><strong>caede</strong></span> <span class='ocrx_word' id='word_1_530' title='bbox 1076 5046 1265 5102; x_wconf 82' lang='lat' dir='ltr'><strong>haberi</strong></span> <span class='ocrx_word' id='word_1_531' title='bbox 1296 5054 1480 5117; x_wconf 84' lang='lat' dir='ltr'><strong>posset</strong></span> <span class='ocrx_word' id='word_1_532' title='bbox 1520 5048 1906 5103; x_wconf 88' lang='lat' dir='ltr'><strong>demonstratio</strong></span> 
     </span>
    </p>
   </div>
   <div class='ocr_carea' id='block_1_73' title="bbox 294 5116 1906 5187">
    <p class='ocr_par' dir='ltr' id='par_1_73' title="bbox 294 5116 1906 5187">
     <span class='ocr_line' id='line_1_73' title="bbox 294 5116 1906 5187; baseline 0.002 -17"><span class='ocrx_word' id='word_1_533' title='bbox 294 5116 499 5187; x_wconf 90' lang='lat' dir='ltr'><strong>aliqua,</strong></span> <span class='ocrx_word' id='word_1_534' title='bbox 534 5117 675 5172; x_wconf 89' lang='lat' dir='ltr'><strong>haud</strong></span> <span class='ocrx_word' id='word_1_535' title='bbox 707 5117 936 5173; x_wconf 90' lang='lat' dir='ltr'><strong>dubium</strong></span> <span class='ocrx_word' id='word_1_536' title='bbox 998 5117 1127 5187; x_wconf 88' lang='lat' dir='ltr'><strong>quin</strong></span> <span class='ocrx_word' id='word_1_537' title='bbox 1176 5118 1262 5172; x_wconf 88' lang='lat' dir='ltr'><strong>hic</strong></span> <span class='ocrx_word' id='word_1_538' title='bbox 1298 5116 1543 5172; x_wconf 74' lang='lat' dir='ltr'><strong>deberet</strong></span> <span class='ocrx_word' id='word_1_539' title='bbox 1597 5119 1906 5173; x_wconf 88' lang='lat' dir='ltr'><strong>nominatus</strong></span> 
     </span>
    </p>
   </div>
   <div class='ocr_carea' id='block_1_74' title="bbox 294 5187 1901 5260">
    <p class='ocr_par' dir='ltr' id='par_1_74' title="bbox 294 5187 1901 5260">
     <span class='ocr_line' id='line_1_74' title="bbox 294 5187 1901 5260; baseline 0 -17"><span class='ocrx_word' id='word_1_540' title='bbox 294 5187 444 5260; x_wconf 60' lang='lat' dir='ltr'><strong>credi</strong></span> <span class='ocrx_word' id='word_1_541' title='bbox 475 5205 489 5251; x_wconf 91' lang='lat'><strong>;</strong></span> <span class='ocrx_word' id='word_1_542' title='bbox 524 5204 672 5243; x_wconf 86' lang='lat' dir='ltr'><strong>mors</strong></span> <span class='ocrx_word' id='word_1_543' title='bbox 700 5189 949 5260; x_wconf 83' lang='lat' dir='ltr'><strong>Hugonis</strong></span> <span class='ocrx_word' id='word_1_544' title='bbox 978 5189 1252 5258; x_wconf 87' lang='lat' dir='ltr'><strong>quomodo</strong></span> <span class='ocrx_word' id='word_1_545' title='bbox 1301 5196 1489 5243; x_wconf 87' lang='lat' dir='ltr'><strong>contra</strong></span> <span class='ocrx_word' id='word_1_546' title='bbox 1548 5189 1901 5260; x_wconf 83' lang='lat' dir='ltr'><strong>Haganonem</strong></span> 
     </span>
    </p>
   </div>
   <div class='ocr_carea' id='block_1_75' title="bbox 299 5258 1900 5331">
    <p class='ocr_par' dir='ltr' id='par_1_75' title="bbox 299 5258 1900 5331">
     <span class='ocr_line' id='line_1_75' title="bbox 299 5258 1900 5331; baseline 0 -18"><span class='ocrx_word' id='word_1_547' title='bbox 299 5258 623 5314; x_wconf 75' lang='lat' dir='ltr'><strong>Eduensem</strong></span> <span class='ocrx_word' id='word_1_548' title='bbox 655 5258 845 5316; x_wconf 78' lang='lat' dir='ltr'><strong>causas</strong></span> <span class='ocrx_word' id='word_1_549' title='bbox 873 5259 1584 5331; x_wconf 11' lang='lat' dir='ltr'><strong>turbarumgdarepotuerit</strong></span> <span class='ocrx_word' id='word_1_550' title='bbox 1636 5258 1751 5315; x_wconf 77' lang='lat' dir='ltr'><strong>non</strong></span> <span class='ocrx_word' id='word_1_551' title='bbox 1797 5277 1900 5331; x_wconf 90' lang='lat' dir='ltr'><strong>ap-</strong></span> 
     </span>
    </p>
   </div>
   <div class='ocr_carea' id='block_1_76' title="bbox 370 5329 1908 5400">
    <p class='ocr_par' dir='ltr' id='par_1_76' title="bbox 370 5329 1908 5400">
     <span class='ocr_line' id='line_1_76' title="bbox 370 5329 1908 5400; baseline 0.002 -16"><span class='ocrx_word' id='word_1_552' title='bbox 370 5340 470 5397; x_wconf 90' lang='lat' dir='ltr'><strong>rel,</strong></span> <span class='ocrx_word' id='word_1_553' title='bbox 503 5331 605 5385; x_wconf 85' lang='lat' dir='ltr'><strong>nisi</strong></span> <span class='ocrx_word' id='word_1_554' title='bbox 631 5331 716 5386; x_wconf 88' lang='lat' dir='ltr'><strong>hic</strong></span> <span class='ocrx_word' id='word_1_555' title='bbox 744 5345 816 5386; x_wconf 80' lang='lat' dir='ltr'><strong>ex</strong></span> <span class='ocrx_word' id='word_1_556' title='bbox 847 5329 1177 5385; x_wconf 88' lang='lat' dir='ltr'><strong>Nivernensi</strong></span> <span class='ocrx_word' id='word_1_557' title='bbox 1208 5330 1413 5385; x_wconf 84' lang='lat' dir='ltr'><strong>familia</strong></span> <span class='ocrx_word' id='word_1_558' title='bbox 1445 5329 1605 5384; x_wconf 75' lang='lat' dir='ltr'><strong>fuerit</strong></span> <span class='ocrx_word' id='word_1_559' title='bbox 1637 5344 1652 5399; x_wconf 88' lang='lat'><strong>;</strong></span> <span class='ocrx_word' id='word_1_560' title='bbox 1686 5339 1738 5385; x_wconf 82' lang='lat' dir='ltr'><strong>et</strong></span> <span class='ocrx_word' id='word_1_561' title='bbox 1787 5329 1908 5400; x_wconf 75' lang='lat' dir='ltr'><strong>ipse</strong></span> 
     </span>
    </p>
   </div>
   <div class='ocr_carea' id='block_1_77' title="bbox 350 5400 1909 5474">
    <p class='ocr_par' dir='ltr' id='par_1_77' title="bbox 350 5400 1909 5474">
     <span class='ocr_line' id='line_1_77' title="bbox 350 5400 1909 5474; baseline 0.001 -19"><span class='ocrx_word' id='word_1_562' title='bbox 350 5416 458 5471; x_wconf 87' lang='lat' dir='ltr'><strong>ugo</strong></span> <span class='ocrx_word' id='word_1_563' title='bbox 488 5416 595 5457; x_wconf 92' lang='lat' dir='ltr'><strong>non</strong></span> <span class='ocrx_word' id='word_1_564' title='bbox 623 5409 731 5456; x_wconf 91' lang='lat' dir='ltr'><strong>tam</strong></span> <span class='ocrx_word' id='word_1_565' title='bbox 760 5401 951 5474; x_wconf 62' lang='lat' dir='ltr'><strong>praelio</strong></span> <span class='ocrx_word' id='word_1_566' title='bbox 982 5417 1161 5457; x_wconf 73' lang='lat' dir='ltr'><strong>caesus</strong></span> <span class='ocrx_word' id='word_1_567' title='bbox 1190 5418 1352 5472; x_wconf 89' lang='lat' dir='ltr'><strong>quam</strong></span> <span class='ocrx_word' id='word_1_568' title='bbox 1374 5400 1564 5456; x_wconf 82' lang='lat' dir='ltr'><strong>fraude</strong></span> <span class='ocrx_word' id='word_1_569' title='bbox 1582 5401 1724 5456; x_wconf 89' lang='lat' dir='ltr'><strong>mala</strong></span> <span class='ocrx_word' id='word_1_570' title='bbox 1746 5402 1909 5457; x_wconf 82' lang='lat' dir='ltr'><strong>fuerit</strong></span> 
     </span>
    </p>
   </div>
   <div class='ocr_carea' id='block_1_78' title="bbox 300 5472 679 5544">
    <p class='ocr_par' dir='ltr' id='par_1_78' title="bbox 300 5472 679 5544">
     <span class='ocr_line' id='line_1_78' title="bbox 300 5472 679 5544; baseline -0.005 -17"><span class='ocrx_word' id='word_1_571' title='bbox 300 5472 679 5544; x_wconf 88' lang='lat' dir='ltr'><strong>interemptus.</strong></span> 
     </span>
    </p>
   </div>
   <div class='ocr_carea' id='block_1_79' title="bbox 372 5542 1907 5614">
    <p class='ocr_par' dir='ltr' id='par_1_79' title="bbox 372 5542 1907 5614">
     <span class='ocr_line' id='line_1_79' title="bbox 372 5542 1907 5614; baseline 0.001 -17"><span class='ocrx_word' id='word_1_572' title='bbox 372 5542 900 5611; x_wconf 51' lang='lat' dir='ltr'><strong>(126)&#39;Parriceium</strong></span> <span class='ocrx_word' id='word_1_573' title='bbox 957 5542 1125 5614; x_wconf 80' lang='lat' dir='ltr'><strong>vulgo</strong></span> <span class='ocrx_word' id='word_1_574' title='bbox 1185 5545 1385 5611; x_wconf 73' lang='lat' dir='ltr'><strong>Parad,</strong></span> <span class='ocrx_word' id='word_1_575' title='bbox 1445 5542 1498 5598; x_wconf 73' lang='lat' dir='ltr'><strong>in</strong></span> <span class='ocrx_word' id='word_1_576' title='bbox 1558 5542 1907 5608; x_wconf 87' lang='lat' dir='ltr'><strong>Cenomanis,</strong></span> 
     </span>
    </p>
   </div>
   <div class='ocr_carea' id='block_1_80' title="bbox 306 5613 1909 5687">
    <p class='ocr_par' dir='ltr' id='par_1_80' title="bbox 306 5613 1909 5687">
     <span class='ocr_line' id='line_1_80' title="bbox 306 5613 1909 5687; baseline 0 -17"><span class='ocrx_word' id='word_1_577' title='bbox 306 5622 453 5670; x_wconf 90' lang='lat' dir='ltr'><strong>trans</strong></span> <span class='ocrx_word' id='word_1_578' title='bbox 481 5616 696 5670; x_wconf 88' lang='lat' dir='ltr'><strong>Sartam</strong></span> <span class='ocrx_word' id='word_1_579' title='bbox 726 5614 972 5680; x_wconf 83' lang='lat' dir='ltr'><strong>fluvium,</strong></span> <span class='ocrx_word' id='word_1_580' title='bbox 999 5613 1341 5671; x_wconf 33' lang='lat' dir='ltr'><strong>in’conﬂniis</strong></span> <span class='ocrx_word' id='word_1_581' title='bbox 1368 5615 1596 5671; x_wconf 87' lang='lat' dir='ltr'><strong>ducatus</strong></span> <span class='ocrx_word' id='word_1_582' title='bbox 1648 5615 1909 5687; x_wconf 76' lang='lat' dir='ltr'><strong>Andcga-</strong></span> 
     </span>
    </p>
   </div>
   <div class='ocr_carea' id='block_1_81' title="bbox 1926 3117 1976 3183">
    <p class='ocr_par' dir='ltr' id='par_1_81' title="bbox 1926 3117 1976 3183">
     <span class='ocr_line' id='line_1_81' title="bbox 1926 3117 1976 3183; baseline 0 0"><span class='ocrx_word' id='word_1_583' title='bbox 1926 3117 1976 3183; x_wconf 79' lang='grc' dir='ltr'><strong>Ο</strong></span> 
     </span>
    </p>
   </div>
   <div class='ocr_carea' id='block_1_82' title="bbox 2001 2103 3609 2177">
    <p class='ocr_par' dir='ltr' id='par_1_82' title="bbox 2001 2103 3609 2177">
     <span class='ocr_line' id='line_1_82' title="bbox 2001 2103 3609 2177; baseline -0.005 -16"><span class='ocrx_word' id='word_1_584' title='bbox 2001 2122 2169 2176; x_wconf 90' lang='lat' dir='ltr'><strong>scopo</strong></span> <span class='ocrx_word' id='word_1_585' title='bbox 2199 2105 2437 2162; x_wconf 82' lang='lat' dir='ltr'><strong>Rocleno</strong></span> <span class='ocrx_word' id='word_1_586' title='bbox 2466 2105 2745 2177; x_wconf 90' lang='lat' dir='ltr'><strong>proposuit</strong></span> <span class='ocrx_word' id='word_1_587' title='bbox 2775 2119 2971 2175; x_wconf 89' lang='lat' dir='ltr'><strong>;quem</strong></span> <span class='ocrx_word' id='word_1_588' title='bbox 3021 2103 3306 2174; x_wconf 86' lang='lat' dir='ltr'><strong>episcopus</strong></span> <span class='ocrx_word' id='word_1_589' title='bbox 3360 2114 3609 2157; x_wconf 87' lang='lat' dir='ltr'><strong>seorsum</strong></span> 
     </span>
    </p>
   </div>
   <div class='ocr_carea' id='block_1_83' title="bbox 2004 2189 3602 2266">
    <p class='ocr_par' dir='ltr' id='par_1_83' title="bbox 2004 2189 3602 2266">
     <span class='ocr_line' id='line_1_83' title="bbox 2004 2189 3602 2266; baseline -0.006 -15"><span class='ocrx_word' id='word_1_590' title='bbox 2004 2195 2145 2261; x_wconf 90' lang='lat' dir='ltr'><strong>tulit,</strong></span> <span class='ocrx_word' id='word_1_591' title='bbox 2176 2202 2230 2250; x_wconf 92' lang='lat' dir='ltr'><strong>et</strong></span> <span class='ocrx_word' id='word_1_592' title='bbox 2256 2209 2355 2266; x_wconf 90' lang='lat' dir='ltr'><strong>pro</strong></span> <span class='ocrx_word' id='word_1_593' title='bbox 2383 2193 2560 2250; x_wconf 79' lang='lat' dir='ltr'><strong>officio</strong></span> <span class='ocrx_word' id='word_1_594' title='bbox 2587 2192 2846 2250; x_wconf 84' lang='lat' dir='ltr'><strong>correxit.</strong></span> <span class='ocrx_word' id='word_1_595' title='bbox 2878 2193 3066 2247; x_wconf 88' lang='lat' dir='ltr'><strong>Testes</strong></span> <span class='ocrx_word' id='word_1_596' title='bbox 3105 2197 3228 2246; x_wconf 89' lang='lat' dir='ltr'><strong>sunt</strong></span> <span class='ocrx_word' id='word_1_597' title='bbox 3284 2190 3376 2260; x_wconf 88' lang='lat' dir='ltr'><strong>qui</strong></span> <span class='ocrx_word' id='word_1_598' title='bbox 3429 2189 3602 2243; x_wconf 87' lang='lat' dir='ltr'><strong>inter-</strong></span> 
     </span>
    </p>
   </div>
   <div class='ocr_carea' id='block_1_84' title="bbox 2006 2276 3612 2353">
    <p class='ocr_par' dir='ltr' id='par_1_84' title="bbox 2006 2276 3612 2353">
     <span class='ocr_line' id='line_1_84' title="bbox 2006 2276 3612 2353; baseline -0.007 -15"><span class='ocrx_word' id='word_1_599' title='bbox 2006 2283 2249 2353; x_wconf 86' lang='lat' dir='ltr'><strong>fuerunt,</strong></span> <span class='ocrx_word' id='word_1_600' title='bbox 2284 2282 2627 2339; x_wconf 88' lang='lat' dir='ltr'><strong>venerabiles</strong></span> <span class='ocrx_word' id='word_1_601' title='bbox 2654 2281 2755 2337; x_wconf 87' lang='lat' dir='ltr'><strong>viri</strong></span> <span class='ocrx_word' id='word_1_602' title='bbox 2799 2281 3097 2338; x_wconf 84' lang='lat' dir='ltr'><strong>Rotbertus</strong></span> <span class='ocrx_word' id='word_1_603' title='bbox 3154 2276 3501 2344; x_wconf 88' lang='lat' dir='ltr'><strong>Sedunensis,</strong></span> <span class='ocrx_word' id='word_1_604' title='bbox 3555 2280 3612 2329; x_wconf 91' lang='lat' dir='ltr'><strong>et</strong></span> 
     </span>
    </p>
   </div>
   <div class='ocr_carea' id='block_1_85' title="bbox 2009 2365 3606 2442">
    <p class='ocr_par' dir='ltr' id='par_1_85' title="bbox 2009 2365 3606 2442">
     <span class='ocr_line' id='line_1_85' title="bbox 2009 2365 3606 2442; baseline -0.006 -15"><span class='ocrx_word' id='word_1_605' title='bbox 2009 2370 2342 2438; x_wconf 87' lang='lat' dir='ltr'><strong>Gaufredus,</strong></span> <span class='ocrx_word' id='word_1_606' title='bbox 2402 2386 2563 2442; x_wconf 91' lang='lat' dir='ltr'><strong>quem</strong></span> <span class='ocrx_word' id='word_1_607' title='bbox 2620 2370 2965 2442; x_wconf 86' lang='lat' dir='ltr'><strong>supraposui.</strong></span> <span class='ocrx_word' id='word_1_608' title='bbox 3028 2368 3243 2438; x_wconf 88' lang='lat' dir='ltr'><strong>Quanta</strong></span> <span class='ocrx_word' id='word_1_609' title='bbox 3296 2366 3405 2422; x_wconf 91' lang='lat' dir='ltr'><strong>sint</strong></span> <span class='ocrx_word' id='word_1_610' title='bbox 3465 2365 3606 2430; x_wconf 60' lang='lat' dir='ltr'><strong>haec,</strong></span> 
     </span>
    </p>
   </div>
   <div class='ocr_carea' id='block_1_86' title="bbox 2011 2453 3608 2530">
    <p class='ocr_par' dir='ltr' id='par_1_86' title="bbox 2011 2453 3608 2530">
     <span class='ocr_line' id='line_1_86' title="bbox 2011 2453 3608 2530; baseline -0.007 -14"><span class='ocrx_word' id='word_1_611' title='bbox 2011 2468 2190 2517; x_wconf 90' lang='lat' dir='ltr'><strong>vestra</strong></span> <span class='ocrx_word' id='word_1_612' title='bbox 2218 2460 2522 2530; x_wconf 90' lang='lat' dir='ltr'><strong>perpendat</strong></span> <span class='ocrx_word' id='word_1_613' title='bbox 2548 2458 2805 2527; x_wconf 88' lang='lat' dir='ltr'><strong>cbaritas,</strong></span> <span class='ocrx_word' id='word_1_614' title='bbox 2838 2474 2962 2514; x_wconf 90' lang='lat' dir='ltr'><strong>mea</strong></span> <span class='ocrx_word' id='word_1_615' title='bbox 2979 2456 3204 2513; x_wconf 90' lang='lat' dir='ltr'><strong>interius</strong></span> <span class='ocrx_word' id='word_1_616' title='bbox 3266 2453 3425 2510; x_wconf 90' lang='lat' dir='ltr'><strong>sileat</strong></span> <span class='ocrx_word' id='word_1_617' title='bbox 3477 2466 3608 2523; x_wconf 87' lang='lat' dir='ltr'><strong>par-</strong></span> 
     </span>
    </p>
   </div>
   <div class='ocr_carea' id='block_1_87' title="bbox 2006 2550 2170 2606">
    <p class='ocr_par' dir='ltr' id='par_1_87' title="bbox 2006 2550 2170 2606">
     <span class='ocr_line' id='line_1_87' title="bbox 2006 2550 2170 2606; baseline 0 0"><span class='ocrx_word' id='word_1_618' title='bbox 2006 2550 2142 2606; x_wconf 86' lang='lat' dir='ltr'><strong>vitas</strong></span> <span class='ocrx_word' id='word_1_619' title='bbox 2154 2590 2170 2606; x_wconf 95' lang='lat'><strong>.</strong></span> 
     </span>
    </p>
   </div>
   <div class='ocr_carea' id='block_1_88' title="bbox 2078 2626 3613 2707">
    <p class='ocr_par' dir='ltr' id='par_1_88' title="bbox 2078 2626 3613 2707">
     <span class='ocr_line' id='line_1_88' title="bbox 2078 2626 3613 2707; baseline -0.008 -13"><span class='ocrx_word' id='word_1_620' title='bbox 2078 2639 2166 2694; x_wconf 91' lang='lat'><strong>10.</strong></span> <span class='ocrx_word' id='word_1_621' title='bbox 2197 2638 2334 2693; x_wconf 90' lang='lat' dir='ltr'><strong>Erat</strong></span> <span class='ocrx_word' id='word_1_622' title='bbox 2361 2638 2598 2694; x_wconf 87' lang='lat' dir='ltr'><strong>Sanctus</strong></span> <span class='ocrx_word' id='word_1_623' title='bbox 2624 2636 2777 2707; x_wconf 91' lang='lat' dir='ltr'><strong>apud</strong></span> <span class='ocrx_word' id='word_1_624' title='bbox 2815 2636 3185 2691; x_wconf 88' lang='lat' dir='ltr'><strong>Nanctoacum</strong></span> <span class='ocrx_word' id='word_1_625' title='bbox 3230 2634 3407 2702; x_wconf 76' lang='lat'><strong>(128),</strong></span> <span class='ocrx_word' id='word_1_626' title='bbox 3461 2626 3613 2687; x_wconf 81' lang='lat' dir='ltr'><strong>venit</strong></span> 
     </span>
    </p>
   </div>
   <div class='ocr_carea' id='block_1_89' title="bbox 2005 2720 3613 2798">
    <p class='ocr_par' dir='ltr' id='par_1_89' title="bbox 2005 2720 3613 2798">
     <span class='ocr_line' id='line_1_89' title="bbox 2005 2720 3613 2798; baseline -0.005 -17"><span class='ocrx_word' id='word_1_627' title='bbox 2005 2727 2256 2782; x_wconf 89' lang='lat' dir='ltr'><strong>nunctius</strong></span> <span class='ocrx_word' id='word_1_628' title='bbox 2283 2726 2377 2798; x_wconf 89' lang='lat' dir='ltr'><strong>qui</strong></span> <span class='ocrx_word' id='word_1_629' title='bbox 2405 2726 2611 2782; x_wconf 90' lang='lat' dir='ltr'><strong>diceret</strong></span> <span class='ocrx_word' id='word_1_630' title='bbox 2637 2724 2837 2780; x_wconf 91' lang='lat' dir='ltr'><strong>obiisse</strong></span> <span class='ocrx_word' id='word_1_631' title='bbox 2867 2724 3184 2779; x_wconf 86' lang='lat' dir='ltr'><strong>Wilencum</strong></span> <span class='ocrx_word' id='word_1_632' title='bbox 3253 2741 3268 2787; x_wconf 87' lang='lat'><strong>;</strong></span> <span class='ocrx_word' id='word_1_633' title='bbox 3326 2720 3613 2776; x_wconf 85' lang='lat' dir='ltr'><strong>Wilencns</strong></span> 
     </span>
    </p>
   </div>
   <div class='ocr_carea' id='block_1_90' title="bbox 2006 2806 3614 2887">
    <p class='ocr_par' dir='ltr' id='par_1_90' title="bbox 2006 2806 3614 2887">
     <span class='ocr_line' id='line_1_90' title="bbox 2006 2806 3614 2887; baseline -0.003 -19"><span class='ocrx_word' id='word_1_634' title='bbox 2006 2814 2127 2884; x_wconf 91' lang='lat' dir='ltr'><strong>iste,</strong></span> <span class='ocrx_word' id='word_1_635' title='bbox 2181 2816 2331 2887; x_wconf 92' lang='lat' dir='ltr'><strong>prior</strong></span> <span class='ocrx_word' id='word_1_636' title='bbox 2387 2814 2490 2869; x_wconf 89' lang='lat' dir='ltr'><strong>fuit</strong></span> <span class='ocrx_word' id='word_1_637' title='bbox 2544 2814 2614 2869; x_wconf 92' lang='lat' dir='ltr'><strong>de</strong></span> <span class='ocrx_word' id='word_1_638' title='bbox 2670 2813 2963 2868; x_wconf 86' lang='lat' dir='ltr'><strong>Cbaritate.</strong></span> <span class='ocrx_word' id='word_1_639' title='bbox 3000 2813 3101 2867; x_wconf 88' lang='lat' dir='ltr'><strong>Pro</strong></span> <span class='ocrx_word' id='word_1_640' title='bbox 3156 2810 3416 2866; x_wconf 86' lang='lat' dir='ltr'><strong>defuncto</strong></span> <span class='ocrx_word' id='word_1_641' title='bbox 3488 2806 3614 2878; x_wconf 86' lang='lat' dir='ltr'><strong>pius</strong></span> 
     </span>
    </p>
   </div>
   <div class='ocr_carea' id='block_1_91' title="bbox 2010 2894 3606 2967">
    <p class='ocr_par' dir='ltr' id='par_1_91' title="bbox 2010 2894 3606 2967">
     <span class='ocr_line' id='line_1_91' title="bbox 2010 2894 3606 2967; baseline -0.006 -8"><span class='ocrx_word' id='word_1_642' title='bbox 2010 2904 2168 2960; x_wconf 85' lang='lat' dir='ltr'><strong>Pater</strong></span> <span class='ocrx_word' id='word_1_643' title='bbox 2196 2905 2325 2959; x_wconf 92' lang='lat' dir='ltr'><strong>dum</strong></span> <span class='ocrx_word' id='word_1_644' title='bbox 2363 2902 2583 2957; x_wconf 89' lang='lat' dir='ltr'><strong>missam</strong></span> <span class='ocrx_word' id='word_1_645' title='bbox 2614 2901 2938 2967; x_wconf 85' lang='lat' dir='ltr'><strong>celebraret,</strong></span> <span class='ocrx_word' id='word_1_646' title='bbox 2998 2915 3151 2955; x_wconf 88' lang='lat' dir='ltr'><strong>more</strong></span> <span class='ocrx_word' id='word_1_647' title='bbox 3208 2899 3371 2954; x_wconf 90' lang='lat' dir='ltr'><strong>solito</strong></span> <span class='ocrx_word' id='word_1_648' title='bbox 3426 2894 3606 2953; x_wconf 89' lang='lat' dir='ltr'><strong>vivam</strong></span> 
     </span>
    </p>
   </div>
   <div class='ocr_carea' id='block_1_92' title="bbox 2006 2986 3611 3065">
    <p class='ocr_par' dir='ltr' id='par_1_92' title="bbox 2006 2986 3611 3065">
     <span class='ocr_line' id='line_1_92' title="bbox 2006 2986 3611 3065; baseline -0.006 -18"><span class='ocrx_word' id='word_1_649' title='bbox 2006 2998 2245 3065; x_wconf 85' lang='lat' dir='ltr'><strong>seipsum</strong></span> <span class='ocrx_word' id='word_1_650' title='bbox 2275 2990 2516 3047; x_wconf 88' lang='lat' dir='ltr'><strong>hostiam</strong></span> <span class='ocrx_word' id='word_1_651' title='bbox 2544 2989 2780 3046; x_wconf 93' lang='lat' dir='ltr'><strong>Domino</strong></span> <span class='ocrx_word' id='word_1_652' title='bbox 2808 2987 3186 3060; x_wconf 84' lang='lat' dir='ltr'><strong>praesentavit,</strong></span> <span class='ocrx_word' id='word_1_653' title='bbox 3215 2994 3271 3043; x_wconf 90' lang='lat' dir='ltr'><strong>et</strong></span> <span class='ocrx_word' id='word_1_654' title='bbox 3299 2986 3381 3043; x_wconf 88' lang='lat' dir='ltr'><strong>sic</strong></span> <span class='ocrx_word' id='word_1_655' title='bbox 3422 2992 3611 3042; x_wconf 91' lang='lat' dir='ltr'><strong>tenens</strong></span> 
     </span>
    </p>
   </div>
   <div class='ocr_carea' id='block_1_93' title="bbox 2008 3077 3616 3141">
    <p class='ocr_par' dir='ltr' id='par_1_93' title="bbox 2008 3077 3616 3141">
     <span class='ocr_line' id='line_1_93' title="bbox 2008 3077 3616 3141; baseline -0.007 -4"><span class='ocrx_word' id='word_1_656' title='bbox 2008 3082 2064 3137; x_wconf 91' lang='lat' dir='ltr'><strong>in</strong></span> <span class='ocrx_word' id='word_1_657' title='bbox 2095 3081 2349 3136; x_wconf 83' lang='lat' dir='ltr'><strong>manibus</strong></span> <span class='ocrx_word' id='word_1_658' title='bbox 2378 3080 2572 3135; x_wconf 90' lang='lat' dir='ltr'><strong>Filium</strong></span> <span class='ocrx_word' id='word_1_659' title='bbox 2607 3078 2747 3135; x_wconf 85' lang='lat' dir='ltr'><strong>Patri</strong></span> <span class='ocrx_word' id='word_1_660' title='bbox 2776 3077 2997 3141; x_wconf 89' lang='lat' dir='ltr'><strong>obtulit,</strong></span> <span class='ocrx_word' id='word_1_661' title='bbox 3028 3077 3271 3133; x_wconf 88' lang='lat' dir='ltr'><strong>oblatum</strong></span> <span class='ocrx_word' id='word_1_662' title='bbox 3301 3090 3396 3131; x_wconf 90' lang='lat' dir='ltr'><strong>ore</strong></span> <span class='ocrx_word' id='word_1_663' title='bbox 3423 3088 3616 3128; x_wconf 82' lang='lat' dir='ltr'><strong>susce-</strong></span> 
     </span>
    </p>
   </div>
   <div class='ocr_carea' id='block_1_94' title="bbox 2017 3160 3619 3241">
    <p class='ocr_par' dir='ltr' id='par_1_94' title="bbox 2017 3160 3619 3241">
     <span class='ocr_line' id='line_1_94' title="bbox 2017 3160 3619 3241; baseline -0.007 -16"><span class='ocrx_word' id='word_1_664' title='bbox 2017 3172 2112 3241; x_wconf 88' lang='lat' dir='ltr'><strong>pit.</strong></span> <span class='ocrx_word' id='word_1_665' title='bbox 2147 3169 2271 3238; x_wconf 92' lang='lat' dir='ltr'><strong>Quo</strong></span> <span class='ocrx_word' id='word_1_666' title='bbox 2300 3169 2545 3235; x_wconf 87' lang='lat' dir='ltr'><strong>edoctus,</strong></span> <span class='ocrx_word' id='word_1_667' title='bbox 2576 3168 2646 3222; x_wconf 92' lang='lat' dir='ltr'><strong>ad</strong></span> <span class='ocrx_word' id='word_1_668' title='bbox 2676 3166 2868 3222; x_wconf 88' lang='lat' dir='ltr'><strong>fratres</strong></span> <span class='ocrx_word' id='word_1_669' title='bbox 2896 3166 3197 3238; x_wconf 81' lang='lat' dir='ltr'><strong>egreditur,</strong></span> <span class='ocrx_word' id='word_1_670' title='bbox 3227 3162 3433 3219; x_wconf 87' lang='lat' dir='ltr'><strong>revelat</strong></span> <span class='ocrx_word' id='word_1_671' title='bbox 3449 3160 3619 3217; x_wconf 92' lang='lat' dir='ltr'><strong>sociis</strong></span> 
     </span>
    </p>
   </div>
   <div class='ocr_carea' id='block_1_95' title="bbox 2013 3249 3621 3330">
    <p class='ocr_par' dir='ltr' id='par_1_95' title="bbox 2013 3249 3621 3330">
     <span class='ocr_line' id='line_1_95' title="bbox 2013 3249 3621 3330; baseline -0.006 -17"><span class='ocrx_word' id='word_1_672' title='bbox 2013 3259 2159 3330; x_wconf 90' lang='lat' dir='ltr'><strong>quod</strong></span> <span class='ocrx_word' id='word_1_673' title='bbox 2217 3258 2362 3327; x_wconf 86' lang='lat' dir='ltr'><strong>apud</strong></span> <span class='ocrx_word' id='word_1_674' title='bbox 2418 3256 2770 3321; x_wconf 87' lang='lat' dir='ltr'><strong>Cbaritatem,</strong></span> <span class='ocrx_word' id='word_1_675' title='bbox 2815 3269 2923 3309; x_wconf 93' lang='lat' dir='ltr'><strong>non</strong></span> <span class='ocrx_word' id='word_1_676' title='bbox 2960 3253 3266 3317; x_wconf 80' lang='lat' dir='ltr'><strong>Wilrncus,</strong></span> <span class='ocrx_word' id='word_1_677' title='bbox 3309 3251 3406 3308; x_wconf 90' lang='lat' dir='ltr'><strong>sed</strong></span> <span class='ocrx_word' id='word_1_678' title='bbox 3462 3249 3621 3306; x_wconf 89' lang='lat' dir='ltr'><strong>Orius</strong></span> 
     </span>
    </p>
   </div>
   <div class='ocr_carea' id='block_1_96' title="bbox 2013 3338 3622 3413">
    <p class='ocr_par' dir='ltr' id='par_1_96' title="bbox 2013 3338 3622 3413">
     <span class='ocr_line' id='line_1_96' title="bbox 2013 3338 3622 3413; baseline -0.006 -10"><span class='ocrx_word' id='word_1_679' title='bbox 2013 3347 2165 3403; x_wconf 90' lang='lat' dir='ltr'><strong>obiit.</strong></span> <span class='ocrx_word' id='word_1_680' title='bbox 2206 3347 2334 3401; x_wconf 86' lang='lat' dir='ltr'><strong>Erat</strong></span> <span class='ocrx_word' id='word_1_681' title='bbox 2365 3344 2441 3399; x_wconf 88' lang='lat' dir='ltr'><strong>ibi</strong></span> <span class='ocrx_word' id='word_1_682' title='bbox 2470 3343 2614 3411; x_wconf 89' lang='lat' dir='ltr'><strong>Odo,</strong></span> <span class='ocrx_word' id='word_1_683' title='bbox 2646 3342 2739 3413; x_wconf 91' lang='lat' dir='ltr'><strong>qui</strong></span> <span class='ocrx_word' id='word_1_684' title='bbox 2769 3342 2869 3397; x_wconf 88' lang='lat' dir='ltr'><strong>fuit</strong></span> <span class='ocrx_word' id='word_1_685' title='bbox 2893 3341 3046 3411; x_wconf 91' lang='lat' dir='ltr'><strong>prior</strong></span> <span class='ocrx_word' id='word_1_686' title='bbox 3072 3338 3462 3407; x_wconf 89' lang='lat' dir='ltr'><strong>Cluniacensis,</strong></span> <span class='ocrx_word' id='word_1_687' title='bbox 3494 3346 3622 3409; x_wconf 89' lang='lat' dir='ltr'><strong>post</strong></span> 
     </span>
    </p>
   </div>
   <div class='ocr_carea' id='block_1_97' title="bbox 2013 3426 3615 3505">
    <p class='ocr_par' dir='ltr' id='par_1_97' title="bbox 2013 3426 3615 3505">
     <span class='ocr_line' id='line_1_97' title="bbox 2013 3426 3615 3505; baseline -0.006 -15"><span class='ocrx_word' id='word_1_688' title='bbox 2013 3435 2302 3505; x_wconf 81' lang='lat' dir='ltr'><strong>episcOpus</strong></span> <span class='ocrx_word' id='word_1_689' title='bbox 2331 3431 2614 3498; x_wconf 83' lang='lat' dir='ltr'><strong>Ostiensis,</strong></span> <span class='ocrx_word' id='word_1_690' title='bbox 2647 3430 2845 3487; x_wconf 87' lang='lat' dir='ltr'><strong>deinde</strong></span> <span class='ocrx_word' id='word_1_691' title='bbox 2874 3428 3347 3501; x_wconf 70' lang='lat' dir='ltr'><strong>apostolicresedis</strong></span> <span class='ocrx_word' id='word_1_692' title='bbox 3368 3426 3615 3497; x_wconf 85' lang='lat' dir='ltr'><strong>pontifex</strong></span> 
     </span>
    </p>
   </div>
   <div class='ocr_carea' id='block_1_98' title="bbox 2013 3515 3622 3590">
    <p class='ocr_par' dir='ltr' id='par_1_98' title="bbox 2013 3515 3622 3590">
     <span class='ocr_line' id='line_1_98' title="bbox 2013 3515 3622 3590; baseline -0.006 -12"><span class='ocrx_word' id='word_1_693' title='bbox 2013 3539 2276 3590; x_wconf 89' lang='lat' dir='ltr'><strong>summus,</strong></span> <span class='ocrx_word' id='word_1_694' title='bbox 2339 3521 2596 3575; x_wconf 87' lang='lat' dir='ltr'><strong>Urbanus</strong></span> <span class='ocrx_word' id='word_1_695' title='bbox 2649 3519 2921 3575; x_wconf 89' lang='lat' dir='ltr'><strong>secundus</strong></span> <span class='ocrx_word' id='word_1_696' title='bbox 2949 3519 3137 3589; x_wconf 57' lang='lat'><strong>:(129).</strong></span> <span class='ocrx_word' id='word_1_697' title='bbox 3196 3516 3301 3586; x_wconf 87' lang='lat' dir='ltr'><strong>Qui</strong></span> <span class='ocrx_word' id='word_1_698' title='bbox 3351 3515 3622 3589; x_wconf 89' lang='lat' dir='ltr'><strong>legatione</strong></span> 
     </span>
    </p>
   </div>
   <div class='ocr_carea' id='block_1_99' title="bbox 2014 3605 3614 3677">
    <p class='ocr_par' dir='ltr' id='par_1_99' title="bbox 2014 3605 3614 3677">
     <span class='ocr_line' id='line_1_99' title="bbox 2014 3605 3614 3677; baseline -0.006 -9"><span class='ocrx_word' id='word_1_699' title='bbox 2014 3611 2357 3675; x_wconf 89' lang='lat' dir='ltr'><strong>transmissa,</strong></span> <span class='ocrx_word' id='word_1_700' title='bbox 2389 3608 2621 3674; x_wconf 87' lang='lat' dir='ltr'><strong>invenit,</strong></span> <span class='ocrx_word' id='word_1_701' title='bbox 2647 3608 2803 3677; x_wconf 81' lang='lat' dir='ltr'><strong>juxta</strong></span> <span class='ocrx_word' id='word_1_702' title='bbox 2831 3606 2938 3663; x_wconf 83' lang='lat' dir='ltr'><strong>viri</strong></span> <span class='ocrx_word' id='word_1_703' title='bbox 2964 3607 3064 3663; x_wconf 91' lang='lat' dir='ltr'><strong>Dei</strong></span> <span class='ocrx_word' id='word_1_704' title='bbox 3094 3606 3340 3673; x_wconf 88' lang='lat' dir='ltr'><strong>verbum,</strong></span> <span class='ocrx_word' id='word_1_705' title='bbox 3361 3620 3468 3661; x_wconf 92' lang='lat' dir='ltr'><strong>non</strong></span> <span class='ocrx_word' id='word_1_706' title='bbox 3488 3605 3614 3658; x_wconf 90' lang='lat' dir='ltr'><strong>Wi-</strong></span> 
     </span>
    </p>
   </div>
   <div class='ocr_carea' id='block_1_100' title="bbox 2014 3696 2860 3765">
    <p class='ocr_par' dir='ltr' id='par_1_100' title="bbox 2014 3696 2860 3765">
     <span class='ocr_line' id='line_1_100' title="bbox 2014 3696 2860 3765; baseline -0.009 -7"><span class='ocrx_word' id='word_1_707' title='bbox 2014 3702 2229 3757; x_wconf 89' lang='lat' dir='ltr'><strong>lencum</strong></span> <span class='ocrx_word' id='word_1_708' title='bbox 2259 3698 2486 3765; x_wconf 88' lang='lat' dir='ltr'><strong>obiisse,</strong></span> <span class='ocrx_word' id='word_1_709' title='bbox 2517 3698 2615 3754; x_wconf 89' lang='lat' dir='ltr'><strong>sed</strong></span> <span class='ocrx_word' id='word_1_710' title='bbox 2641 3696 2860 3752; x_wconf 89' lang='lat' dir='ltr'><strong>Orium.</strong></span> 
     </span>
    </p>
   </div>
   <div class='ocr_carea' id='block_1_101' title="bbox 2086 3782 3620 3860">
    <p class='ocr_par' dir='ltr' id='par_1_101' title="bbox 2086 3782 3620 3860">
     <span class='ocr_line' id='line_1_101' title="bbox 2086 3782 3620 3860; baseline -0.004 -14"><span class='ocrx_word' id='word_1_711' title='bbox 2086 3794 2173 3848; x_wconf 89' lang='lat'><strong>11.</strong></span> <span class='ocrx_word' id='word_1_712' title='bbox 2203 3790 2412 3848; x_wconf 90' lang='lat' dir='ltr'><strong>Sabina</strong></span> <span class='ocrx_word' id='word_1_713' title='bbox 2438 3802 2672 3860; x_wconf 90' lang='lat' dir='ltr'><strong>quoque,</strong></span> <span class='ocrx_word' id='word_1_714' title='bbox 2719 3784 3140 3842; x_wconf 87' lang='lat' dir='ltr'><strong>sanctimonialis</strong></span> <span class='ocrx_word' id='word_1_715' title='bbox 3194 3783 3355 3856; x_wconf 88' lang='lat' dir='ltr'><strong>virgo</strong></span> <span class='ocrx_word' id='word_1_716' title='bbox 3411 3782 3467 3838; x_wconf 91' lang='lat' dir='ltr'><strong>in</strong></span> <span class='ocrx_word' id='word_1_717' title='bbox 3519 3785 3620 3840; x_wconf 87' lang='lat' dir='ltr'><strong>Jo-</strong></span> 
     </span>
    </p>
   </div>
   <div class='ocr_carea' id='block_1_102' title="bbox 2015 3872 3624 3951">
    <p class='ocr_par' dir='ltr' id='par_1_102' title="bbox 2015 3872 3624 3951">
     <span class='ocr_line' id='line_1_102' title="bbox 2015 3872 3624 3951; baseline -0.005 -14"><span class='ocrx_word' id='word_1_718' title='bbox 2015 3881 2181 3938; x_wconf 90' lang='lat' dir='ltr'><strong>trensi</strong></span> <span class='ocrx_word' id='word_1_719' title='bbox 2210 3882 2357 3951; x_wconf 87' lang='lat'><strong>(130)</strong></span> <span class='ocrx_word' id='word_1_720' title='bbox 2398 3877 2737 3936; x_wconf 90' lang='lat' dir='ltr'><strong>monasterio</strong></span> <span class='ocrx_word' id='word_1_721' title='bbox 2794 3874 3064 3933; x_wconf 88' lang='lat' dir='ltr'><strong>testimoni</strong></span> <span class='ocrx_word' id='word_1_722' title='bbox 3117 3872 3424 3945; x_wconf 88' lang='lat' dir='ltr'><strong>singularis,</strong></span> <span class='ocrx_word' id='word_1_723' title='bbox 3484 3873 3624 3929; x_wconf 89' lang='lat' dir='ltr'><strong>vidit</strong></span> 
     </span>
    </p>
   </div>
   <div class='ocr_carea' id='block_1_103' title="bbox 2014 3964 3619 4036">
    <p class='ocr_par' dir='ltr' id='par_1_103' title="bbox 2014 3964 3619 4036">
     <span class='ocr_line' id='line_1_103' title="bbox 2014 3964 3619 4036; baseline -0.004 -10"><span class='ocrx_word' id='word_1_724' title='bbox 2014 3973 2238 4027; x_wconf 83' lang='lat' dir='ltr'><strong>Matrem</strong></span> <span class='ocrx_word' id='word_1_725' title='bbox 2270 3968 2662 4025; x_wconf 76' lang='lat' dir='ltr'><strong>misericordiae</strong></span> <span class='ocrx_word' id='word_1_726' title='bbox 2690 3982 2812 4023; x_wconf 89' lang='lat' dir='ltr'><strong>cum</strong></span> <span class='ocrx_word' id='word_1_727' title='bbox 2870 3964 3112 4036; x_wconf 86' lang='lat' dir='ltr'><strong>glorioso</strong></span> <span class='ocrx_word' id='word_1_728' title='bbox 3167 3964 3455 4020; x_wconf 89' lang='lat' dir='ltr'><strong>beatorum</strong></span> <span class='ocrx_word' id='word_1_729' title='bbox 3511 3977 3619 4034; x_wconf 80' lang='lat' dir='ltr'><strong>ag-</strong></span> 
     </span>
    </p>
   </div>
   <div class='ocr_carea' id='block_1_104' title="bbox 2014 4053 3625 4115">
    <p class='ocr_par' dir='ltr' id='par_1_104' title="bbox 2014 4053 3625 4115">
     <span class='ocr_line' id='line_1_104' title="bbox 2014 4053 3625 4115; baseline -0.006 -1"><span class='ocrx_word' id='word_1_730' title='bbox 2014 4060 2179 4115; x_wconf 90' lang='lat' dir='ltr'><strong>mine.</strong></span> <span class='ocrx_word' id='word_1_731' title='bbox 2214 4058 2359 4114; x_wconf 83' lang='lat' dir='ltr'><strong>Vidit</strong></span> <span class='ocrx_word' id='word_1_732' title='bbox 2388 4066 2442 4113; x_wconf 90' lang='lat' dir='ltr'><strong>et</strong></span> <span class='ocrx_word' id='word_1_733' title='bbox 2464 4056 2786 4112; x_wconf 82' lang='lat' dir='ltr'><strong>subsellium</strong></span> <span class='ocrx_word' id='word_1_734' title='bbox 2815 4055 3109 4110; x_wconf 89' lang='lat' dir='ltr'><strong>candidum</strong></span> <span class='ocrx_word' id='word_1_735' title='bbox 3137 4053 3393 4109; x_wconf 89' lang='lat' dir='ltr'><strong>decenter</strong></span> <span class='ocrx_word' id='word_1_736' title='bbox 3456 4066 3625 4106; x_wconf 86' lang='lat' dir='ltr'><strong>orna-</strong></span> 
     </span>
    </p>
   </div>
   <div class='ocr_carea' id='block_1_105' title="bbox 2016 4140 3613 4219">
    <p class='ocr_par' dir='ltr' id='par_1_105' title="bbox 2016 4140 3613 4219">
     <span class='ocr_line' id='line_1_105' title="bbox 2016 4140 3613 4219; baseline -0.006 -16"><span class='ocrx_word' id='word_1_737' title='bbox 2016 4156 2124 4203; x_wconf 93' lang='lat' dir='ltr'><strong>tum</strong></span> <span class='ocrx_word' id='word_1_738' title='bbox 2155 4146 2357 4219; x_wconf 88' lang='lat' dir='ltr'><strong>agmini</strong></span> <span class='ocrx_word' id='word_1_739' title='bbox 2414 4146 2490 4200; x_wconf 91' lang='lat' dir='ltr'><strong>illi</strong></span> <span class='ocrx_word' id='word_1_740' title='bbox 2544 4145 2834 4211; x_wconf 79' lang='lat' dir='ltr'><strong>interesse,</strong></span> <span class='ocrx_word' id='word_1_741' title='bbox 2893 4142 3209 4213; x_wconf 87' lang='lat' dir='ltr'><strong>audivitque</strong></span> <span class='ocrx_word' id='word_1_742' title='bbox 3265 4140 3394 4212; x_wconf 87' lang='lat' dir='ltr'><strong>quia</strong></span> <span class='ocrx_word' id='word_1_743' title='bbox 3449 4140 3613 4211; x_wconf 86' lang='lat' dir='ltr'><strong>Hugo</strong></span> 
     </span>
    </p>
   </div>
   <div class='ocr_carea' id='block_1_106' title="bbox 2011 4225 3625 4292">
    <p class='ocr_par' dir='ltr' id='par_1_106' title="bbox 2011 4225 3625 4292">
     <span class='ocr_line' id='line_1_106' title="bbox 2011 4225 3625 4292; baseline -0.006 -1"><span class='ocrx_word' id='word_1_744' title='bbox 2011 4236 2185 4292; x_wconf 90' lang='lat' dir='ltr'><strong>abbas</strong></span> <span class='ocrx_word' id='word_1_745' title='bbox 2216 4234 2584 4290; x_wconf 90' lang='lat' dir='ltr'><strong>Cluniacensis</strong></span> <span class='ocrx_word' id='word_1_746' title='bbox 2612 4234 2669 4288; x_wconf 90' lang='lat' dir='ltr'><strong>in</strong></span> <span class='ocrx_word' id='word_1_747' title='bbox 2698 4249 2764 4288; x_wconf 91' lang='lat' dir='ltr'><strong>eo</strong></span> <span class='ocrx_word' id='word_1_748' title='bbox 2793 4230 3031 4287; x_wconf 88' lang='lat' dir='ltr'><strong>debebat</strong></span> <span class='ocrx_word' id='word_1_749' title='bbox 3057 4229 3229 4285; x_wconf 88' lang='lat' dir='ltr'><strong>abire.</strong></span> <span class='ocrx_word' id='word_1_750' title='bbox 3285 4228 3493 4284; x_wconf 87' lang='lat' dir='ltr'><strong>Sabina</strong></span> <span class='ocrx_word' id='word_1_751' title='bbox 3545 4225 3625 4282; x_wconf 91' lang='lat' dir='ltr'><strong>vi-</strong></span> 
     </span>
    </p>
   </div>
   <div class='ocr_carea' id='block_1_107' title="bbox 2011 4316 3608 4391">
    <p class='ocr_par' dir='ltr' id='par_1_107' title="bbox 2011 4316 3608 4391">
     <span class='ocr_line' id='line_1_107' title="bbox 2011 4316 3608 4391; baseline -0.005 -11"><span class='ocrx_word' id='word_1_752' title='bbox 2011 4326 2218 4380; x_wconf 86' lang='lat' dir='ltr'><strong>sionem</strong></span> <span class='ocrx_word' id='word_1_753' title='bbox 2245 4323 2444 4390; x_wconf 89' lang='lat' dir='ltr'><strong>retulit,</strong></span> <span class='ocrx_word' id='word_1_754' title='bbox 2477 4339 2577 4377; x_wconf 90' lang='lat' dir='ltr'><strong>nec</strong></span> <span class='ocrx_word' id='word_1_755' title='bbox 2606 4322 2780 4378; x_wconf 90' lang='lat' dir='ltr'><strong>multo</strong></span> <span class='ocrx_word' id='word_1_756' title='bbox 2811 4327 2935 4391; x_wconf 91' lang='lat' dir='ltr'><strong>post</strong></span> <span class='ocrx_word' id='word_1_757' title='bbox 2964 4320 3183 4374; x_wconf 88' lang='lat' dir='ltr'><strong>nuntius</strong></span> <span class='ocrx_word' id='word_1_758' title='bbox 3210 4318 3376 4383; x_wconf 85' lang='lat' dir='ltr'><strong>venit,</strong></span> <span class='ocrx_word' id='word_1_759' title='bbox 3420 4316 3608 4373; x_wconf 90' lang='lat' dir='ltr'><strong>dicens</strong></span> 
     </span>
    </p>
   </div>
   <div class='ocr_carea' id='block_1_108' title="bbox 2015 4405 3622 4486">
    <p class='ocr_par' dir='ltr' id='par_1_108' title="bbox 2015 4405 3622 4486">
     <span class='ocr_line' id='line_1_108' title="bbox 2015 4405 3622 4486; baseline -0.006 -17"><span class='ocrx_word' id='word_1_760' title='bbox 2015 4415 2282 4486; x_wconf 89' lang='lat' dir='ltr'><strong>migrasse</strong></span> <span class='ocrx_word' id='word_1_761' title='bbox 2311 4420 2581 4481; x_wconf 87' lang='lat' dir='ltr'><strong>sanctum,</strong></span> <span class='ocrx_word' id='word_1_762' title='bbox 2616 4427 2776 4482; x_wconf 91' lang='lat' dir='ltr'><strong>quem</strong></span> <span class='ocrx_word' id='word_1_763' title='bbox 2806 4409 2946 4466; x_wconf 89' lang='lat' dir='ltr'><strong>visio</strong></span> <span class='ocrx_word' id='word_1_764' title='bbox 2972 4406 3468 4480; x_wconf 83' lang='lat' dir='ltr'><strong>dicta&#39;signaverat</strong></span> <span class='ocrx_word' id='word_1_765' title='bbox 3496 4405 3622 4460; x_wconf 87' lang='lat' dir='ltr'><strong>abi-</strong></span> 
     </span>
    </p>
   </div>
   <div class='ocr_carea' id='block_1_109' title="bbox 2022 4583 2218 4622">
    <p class='ocr_par' dir='ltr' id='par_1_109' title="bbox 2022 4583 2218 4622">
     <span class='ocr_line' id='line_1_109' title="bbox 2022 4583 2218 4622; baseline -0.01 -1"><span class='ocrx_word' id='word_1_766' title='bbox 2022 4583 2218 4622; x_wconf 74' lang='grc' dir='ltr'><strong>νθηδιε.</strong></span> 
     </span>
    </p>
   </div>
   <div class='ocr_carea' id='block_1_110' title="bbox 2089 4625 3617 4706">
    <p class='ocr_par' dir='ltr' id='par_1_110' title="bbox 2089 4625 3617 4706">
     <span class='ocr_line' id='line_1_110' title="bbox 2089 4625 3617 4706; baseline -0.01 -13"><span class='ocrx_word' id='word_1_767' title='bbox 2089 4635 2520 4706; x_wconf 78' lang='lat' dir='ltr'><strong>(127)Roclenus</strong></span> <span class='ocrx_word' id='word_1_768' title='bbox 2546 4632 2775 4706; x_wconf 91' lang='lat' dir='ltr'><strong>concilio</strong></span> <span class='ocrx_word' id='word_1_769' title='bbox 2806 4629 3151 4706; x_wconf 78' lang='lat' dir='ltr'><strong>Cabilonensi</strong></span> <span class='ocrx_word' id='word_1_770' title='bbox 3205 4625 3421 4699; x_wconf 63' lang='lat' dir='ltr'><strong>praetuit</strong></span> <span class='ocrx_word' id='word_1_771' title='bbox 3473 4640 3617 4706; x_wconf 77' lang='lat' dir='ltr'><strong>anno</strong></span> 
     </span>
    </p>
   </div>
   <div class='ocr_carea' id='block_1_111' title="bbox 2021 4696 3620 4776">
    <p class='ocr_par' dir='ltr' id='par_1_111' title="bbox 2021 4696 3620 4776">
     <span class='ocr_line' id='line_1_111' title="bbox 2021 4696 3620 4776; baseline -0.009 -13"><span class='ocrx_word' id='word_1_772' title='bbox 2021 4696 2178 4774; x_wconf 61' lang='lat'><strong>1073,</strong></span> <span class='ocrx_word' id='word_1_773' title='bbox 2219 4696 2392 4776; x_wconf 55' lang='lat' dir='ltr'><strong>&#39;juxta</strong></span> <span class='ocrx_word' id='word_1_774' title='bbox 2447 4713 2597 4761; x_wconf 89' lang='lat' dir='ltr'><strong>vetns</strong></span> <span class='ocrx_word' id='word_1_775' title='bbox 2654 4704 2958 4759; x_wconf 87' lang='lat' dir='ltr'><strong>Chronicon</strong></span> <span class='ocrx_word' id='word_1_776' title='bbox 3015 4696 3411 4776; x_wconf 78' lang='lat' dir='ltr'><strong>Matisconense</strong></span> <span class='ocrx_word' id='word_1_777' title='bbox 3478 4696 3620 4765; x_wconf 91' lang='lat' dir='ltr'><strong>apud</strong></span> 
     </span>
    </p>
   </div>
   <div class='ocr_carea' id='block_1_112' title="bbox 2018 4769 3619 4849">
    <p class='ocr_par' dir='ltr' id='par_1_112' title="bbox 2018 4769 3619 4849">
     <span class='ocr_line' id='line_1_112' title="bbox 2018 4769 3619 4849; baseline -0.008 -14"><span class='ocrx_word' id='word_1_778' title='bbox 2018 4769 2472 4835; x_wconf 72' lang='lat' dir='ltr'><strong>Sammartbanos</strong></span> <span class='ocrx_word' id='word_1_779' title='bbox 2512 4794 2526 4839; x_wconf 90' lang='lat'><strong>;</strong></span> <span class='ocrx_word' id='word_1_780' title='bbox 2560 4792 2628 4849; x_wconf 82' lang='lat' dir='ltr'><strong>ex</strong></span> <span class='ocrx_word' id='word_1_781' title='bbox 2683 4789 2791 4845; x_wconf 92' lang='lat' dir='ltr'><strong>quo</strong></span> <span class='ocrx_word' id='word_1_782' title='bbox 2840 4781 3048 4849; x_wconf 80' lang='lat' dir='ltr'><strong>constat</strong></span> <span class='ocrx_word' id='word_1_783' title='bbox 3074 4769 3395 4849; x_wconf 74' lang='lat' dir='ltr'><strong>__A_icardum</strong></span> <span class='ocrx_word' id='word_1_784' title='bbox 3451 4783 3619 4849; x_wconf 61' lang='lat' dir='ltr'><strong>supra</strong></span> 
     </span>
    </p>
   </div>
   <div class='ocr_carea' id='block_1_113' title="bbox 2018 4839 3616 4915">
    <p class='ocr_par' dir='ltr' id='par_1_113' title="bbox 2018 4839 3616 4915">
     <span class='ocr_line' id='line_1_113' title="bbox 2018 4839 3616 4915; baseline -0.008 -11"><span class='ocrx_word' id='word_1_785' title='bbox 2018 4857 2369 4905; x_wconf 88' lang='lat' dir='ltr'><strong>memoratum</strong></span> <span class='ocrx_word' id='word_1_786' title='bbox 2394 4863 2501 4901; x_wconf 92' lang='lat' dir='ltr'><strong>non</strong></span> <span class='ocrx_word' id='word_1_787' title='bbox 2534 4847 2625 4902; x_wconf 91' lang='lat' dir='ltr'><strong>diu</strong></span> <span class='ocrx_word' id='word_1_788' title='bbox 2657 4839 3023 4915; x_wconf 80' lang='lat' dir='ltr'><strong>supervixisse</strong></span> <span class='ocrx_word' id='word_1_789' title='bbox 3053 4841 3319 4915; x_wconf 72' lang='lat' dir='ltr'><strong>.Eduensi</strong></span> <span class='ocrx_word' id='word_1_790' title='bbox 3363 4839 3616 4915; x_wconf 51' lang='lat' dir='ltr'><strong>concilio:</strong></span> 
     </span>
    </p>
   </div>
   <div class='ocr_carea' id='block_1_114' title="bbox 2089 4909 3622 4989">
    <p class='ocr_par' dir='ltr' id='par_1_114' title="bbox 2089 4909 3622 4989">
     <span class='ocr_line' id='line_1_114' title="bbox 2089 4909 3622 4989; baseline -0.006 -14"><span class='ocrx_word' id='word_1_791' title='bbox 2089 4921 2320 4989; x_wconf 73' lang='lat' dir='ltr'><strong>(128)1n</strong></span> <span class='ocrx_word' id='word_1_792' title='bbox 2350 4918 2651 4989; x_wconf 86' lang='lat' dir='ltr'><strong>diplomate</strong></span> <span class='ocrx_word' id='word_1_793' title='bbox 2678 4909 2956 4989; x_wconf 78' lang='lat' dir='ltr'><strong>Paschalis</strong></span> <span class='ocrx_word' id='word_1_794' title='bbox 2986 4915 3054 4989; x_wconf 77' lang='lat' dir='ltr'><strong>II,</strong></span> <span class='ocrx_word' id='word_1_795' title='bbox 3085 4928 3174 4968; x_wconf 90' lang='lat' dir='ltr'><strong>an.</strong></span> <span class='ocrx_word' id='word_1_796' title='bbox 3197 4913 3353 4989; x_wconf 61' lang='lat'><strong>1109,</strong></span> <span class='ocrx_word' id='word_1_797' title='bbox 3380 4910 3488 4989; x_wconf 83' lang='lat' dir='ltr'><strong>col.</strong></span> <span class='ocrx_word' id='word_1_798' title='bbox 3516 4909 3622 4989; x_wconf 79' lang='lat'><strong>569_</strong></span> 
     </span>
    </p>
   </div>
   <div class='ocr_carea' id='block_1_115' title="bbox 2019 4936 3623 5065">
    <p class='ocr_par' dir='ltr' id='par_1_115' title="bbox 2019 4936 3623 5065">
     <span class='ocr_line' id='line_1_115' title="bbox 2089 4936 3622 4989; baseline -0.005 -14"><span class='ocrx_word' id='word_1_799' title='bbox 2089 4936 2237 4989; x_wconf 68' lang='lat'><strong>(126)</strong></span> <span class='ocrx_word' id='word_1_800' title='bbox 2260 4936 2320 4974; x_wconf 80' lang='lat' dir='ltr'><strong>In</strong></span> <span class='ocrx_word' id='word_1_801' title='bbox 2350 4936 2404 4974; x_wconf 83' lang='lat' dir='ltr'><strong>at</strong></span> <span class='ocrx_word' id='word_1_802' title='bbox 2452 4936 2651 4973; x_wconf 85' lang='lat' dir='ltr'><strong>lomale</strong></span> <span class='ocrx_word' id='word_1_803' title='bbox 2678 4936 2956 4971; x_wconf 75' lang='lat' dir='ltr'><strong>rascnaus</strong></span> <span class='ocrx_word' id='word_1_804' title='bbox 2986 4936 3054 4981; x_wconf 82' lang='grc' dir='ltr'><strong>υ,</strong></span> <span class='ocrx_word' id='word_1_805' title='bbox 3085 4936 3174 4968; x_wconf 80' lang='lat' dir='ltr'><strong>an.</strong></span> <span class='ocrx_word' id='word_1_806' title='bbox 3199 4936 3353 4977; x_wconf 65' lang='lat' dir='ltr'><strong>uua,</strong></span> <span class='ocrx_word' id='word_1_807' title='bbox 3380 4936 3488 4967; x_wconf 73' lang='lat' dir='ltr'><strong>cur.</strong></span> <span class='ocrx_word' id='word_1_808' title='bbox 3516 4936 3622 4968; x_wconf 71' lang='lat' dir='ltr'><strong>oua!</strong></span> 
     </span>
     <span class='ocr_line' id='line_1_116' title="bbox 2019 4936 3623 5065; baseline -0.007 -19"><span class='ocrx_word' id='word_1_809' title='bbox 2019 4990 2382 5065; x_wconf 45' lang='lat' dir='ltr'><strong>bibliothecas,</strong></span> <span class='ocrx_word' id='word_1_810' title='bbox 2409 4936 2770 5065; x_wconf 43' lang='lat' dir='ltr'><strong>gantoacum,</strong></span> <span class='ocrx_word' id='word_1_811' title='bbox 2802 4986 2941 5040; x_wconf 88' lang='lat' dir='ltr'><strong>inter</strong></span> <span class='ocrx_word' id='word_1_812' title='bbox 2968 4984 3242 5065; x_wconf 77' lang='lat' dir='ltr'><strong>prioratus</strong></span> <span class='ocrx_word' id='word_1_813' title='bbox 3285 4981 3623 5065; x_wconf 69' lang='lat' dir='ltr'><strong>Cluniacensi</strong></span> 
     </span>
    </p>
   </div>
   <div class='ocr_carea' id='block_1_116' title="bbox 2015 5052 3619 5129">
    <p class='ocr_par' dir='ltr' id='par_1_116' title="bbox 2015 5052 3619 5129">
     <span class='ocr_line' id='line_1_117' title="bbox 2015 5052 3619 5129; baseline -0.006 -13"><span class='ocrx_word' id='word_1_814' title='bbox 2015 5063 2198 5117; x_wconf 89' lang='lat' dir='ltr'><strong>abbati</strong></span> <span class='ocrx_word' id='word_1_815' title='bbox 2228 5060 2495 5125; x_wconf 89' lang='lat' dir='ltr'><strong>subditos,</strong></span> <span class='ocrx_word' id='word_1_816' title='bbox 2526 5058 2711 5129; x_wconf 89' lang='lat' dir='ltr'><strong>primo</strong></span> <span class='ocrx_word' id='word_1_817' title='bbox 2743 5052 2862 5113; x_wconf 90' lang='lat' dir='ltr'><strong>loco</strong></span> <span class='ocrx_word' id='word_1_818' title='bbox 2913 5052 3219 5129; x_wconf 77' lang='lat' dir='ltr'><strong>nominatur</strong></span> <span class='ocrx_word' id='word_1_819' title='bbox 3282 5070 3305 5129; x_wconf 86' lang='lat'><strong>:_</strong></span> <span class='ocrx_word' id='word_1_820' title='bbox 3357 5070 3448 5129; x_wconf 84' lang='lat' dir='ltr'><strong>an_</strong></span> <span class='ocrx_word' id='word_1_821' title='bbox 3473 5052 3619 5123; x_wconf 90' lang='lat' dir='ltr'><strong>apud</strong></span> 
     </span>
    </p>
   </div>
   <div class='ocr_carea' id='block_1_117' title="bbox 2014 5123 3621 5256">
    <p class='ocr_par' dir='ltr' id='par_1_117' title="bbox 2014 5123 3621 5256">
     <span class='ocr_line' id='line_1_118' title="bbox 2014 5123 3621 5256; baseline -0.007 -69"><span class='ocrx_word' id='word_1_822' title='bbox 2014 5131 2421 5256; x_wconf 55' lang='lat' dir='ltr'><strong>Ruthenolsl._u9bi</strong></span> <span class='ocrx_word' id='word_1_823' title='bbox 2438 5123 2700 5203; x_wconf 76' lang='lat' dir='ltr'><strong>oppidum</strong></span> <span class='ocrx_word' id='word_1_824' title='bbox 2718 5130 2903 5201; x_wconf 63' lang='lat' dir='ltr'><strong>Nayc&#39;c</strong></span> <span class='ocrx_word' id='word_1_825' title='bbox 2920 5127 3127 5198; x_wconf 86' lang='lat' dir='ltr'><strong>vulgari</strong></span> <span class='ocrx_word' id='word_1_826' title='bbox 3158 5123 3380 5181; x_wconf 89' lang='lat' dir='ltr'><strong>nomine</strong></span> <span class='ocrx_word' id='word_1_827' title='bbox 3405 5124 3621 5196; x_wconf 87' lang='lat' dir='ltr'><strong>signant</strong></span> 
     </span>
     <span class='ocr_line' id='line_1_119' title="bbox 2015 5218 2372 5256; baseline 0 0"><span class='ocrx_word' id='word_1_828' title='bbox 2015 5218 2261 5256; x_wconf 62' lang='grc' dir='ltr'><strong>ΩΘΟΩὙΩΟ</strong></span> <span class='ocrx_word' id='word_1_829' title='bbox 2308 5221 2324 5255; x_wconf 83' lang='grc' dir='ltr'>ι</span> <span class='ocrx_word' id='word_1_830' title='bbox 2361 5245 2372 5256; x_wconf 90' lang='grc'>.</span> 
     </span>
    </p>
   </div>
   <div class='ocr_carea' id='block_1_118' title="bbox 2055 5218 2372 5260">
    <p class='ocr_par' dir='ltr' id='par_1_118' title="bbox 2055 5218 2372 5260">
     <span class='ocr_line' id='line_1_120' title="bbox 2055 5218 2372 5260; baseline -0.016 0"><span class='ocrx_word' id='word_1_831' title='bbox 2055 5218 2324 5260; x_wconf 71' lang='grc' dir='ltr'><strong>ΘΟΩΊὮΏΙΠ</strong></span> <span class='ocrx_word' id='word_1_832' title='bbox 2353 5218 2372 5256; x_wconf 81' lang='lat'><strong>&quot;.</strong></span> 
     </span>
    </p>
   </div>
   <div class='ocr_carea' id='block_1_119' title="bbox 2014 5220 3615 5344">
    <p class='ocr_par' dir='ltr' id='par_1_119' title="bbox 2014 5220 3615 5344">
     <span class='ocr_line' id='line_1_121' title="bbox 2014 5220 3388 5280; baseline -0.01 -20"><span class='ocrx_word' id='word_1_833' title='bbox 2014 5220 2324 5278; x_wconf 78' lang='lat' dir='ltr'><strong>geograpnt</strong></span> <span class='ocrx_word' id='word_1_834' title='bbox 2353 5220 2380 5256; x_wconf 65' lang='grc' dir='ltr'><strong>ξι</strong></span> <span class='ocrx_word' id='word_1_835' title='bbox 2909 5267 2921 5280; x_wconf 46' lang='lat'><em>.</em></span> <span class='ocrx_word' id='word_1_836' title='bbox 3026 5268 3038 5280; x_wconf 46' lang='lat'><strong><em>.</em></strong></span> <span class='ocrx_word' id='word_1_837' title='bbox 3377 5265 3388 5276; x_wconf 44' lang='lat'><em>.</em></span> 
     </span>
     <span class='ocr_line' id='line_1_122' title="bbox 2086 5270 3615 5344; baseline -0.009 -15"><span class='ocrx_word' id='word_1_838' title='bbox 2086 5276 2234 5343; x_wconf 77' lang='lat'><strong>(129)</strong></span> <span class='ocrx_word' id='word_1_839' title='bbox 2265 5274 2404 5339; x_wconf 89' lang='lat' dir='ltr'><strong>Odo,</strong></span> <span class='ocrx_word' id='word_1_840' title='bbox 2465 5272 2753 5344; x_wconf 88' lang='lat' dir='ltr'><strong>episcopus</strong></span> <span class='ocrx_word' id='word_1_841' title='bbox 2787 5270 3070 5344; x_wconf 53' lang='lat' dir='ltr'><strong>Ostiensis</strong></span> <span class='ocrx_word' id='word_1_842' title='bbox 3098 5275 3312 5344; x_wconf 78' lang='lat' dir='ltr'><strong>creatus</strong></span> <span class='ocrx_word' id='word_1_843' title='bbox 3341 5280 3487 5321; x_wconf 80' lang='lat' dir='ltr'><strong>circa</strong></span> <span class='ocrx_word' id='word_1_844' title='bbox 3525 5277 3615 5317; x_wconf 92' lang='lat' dir='ltr'><strong>an.</strong></span> 
     </span>
    </p>
   </div>
   <div class='ocr_carea' id='block_1_120' title="bbox 2022 5336 3595 5416">
    <p class='ocr_par' dir='ltr' id='par_1_120' title="bbox 2022 5336 3595 5416">
     <span class='ocr_line' id='line_1_123' title="bbox 2022 5336 3595 5416; baseline -0.01 -14"><span class='ocrx_word' id='word_1_845' title='bbox 2022 5336 2176 5405; x_wconf 77' lang='lat'><strong>1077.</strong></span> <span class='ocrx_word' id='word_1_846' title='bbox 2212 5336 2370 5416; x_wconf 83' lang='lat' dir='ltr'><strong>paulo</strong></span> <span class='ocrx_word' id='word_1_847' title='bbox 2392 5336 2523 5415; x_wconf 75' lang='lat' dir='ltr'><strong>post</strong></span> <span class='ocrx_word' id='word_1_848' title='bbox 2552 5336 2695 5416; x_wconf 73' lang='lat' dir='ltr'><strong>papa</strong></span> <span class='ocrx_word' id='word_1_849' title='bbox 2724 5362 2742 5416; x_wconf 18' lang='grc' dir='ltr'><strong>νς</strong></span> <span class='ocrx_word' id='word_1_850' title='bbox 2775 5341 2924 5397; x_wconf 85' lang='lat' dir='ltr'><strong>Italis</strong></span> <span class='ocrx_word' id='word_1_851' title='bbox 2952 5340 3119 5416; x_wconf 75' lang='lat' dir='ltr'><strong>Qttho</strong></span> <span class='ocrx_word' id='word_1_852' title='bbox 3149 5336 3439 5416; x_wconf 71' lang='lat' dir='ltr'><strong>scribitur._</strong></span> <span class='ocrx_word' id='word_1_853' title='bbox 3462 5403 3476 5416; x_wconf 77' lang='lat'><em>_</em></span> <span class='ocrx_word' id='word_1_854' title='bbox 3584 5402 3595 5413; x_wconf 45' lang='lat'><strong>.</strong></span> 
     </span>
    </p>
   </div>
   <div class='ocr_carea' id='block_1_121' title="bbox 2087 5403 3619 5488">
    <p class='ocr_par' dir='ltr' id='par_1_121' title="bbox 2087 5403 3619 5488">
     <span class='ocr_line' id='line_1_124' title="bbox 2087 5403 3619 5488; baseline -0.009 -16"><span class='ocrx_word' id='word_1_855' title='bbox 2087 5403 2236 5486; x_wconf 72' lang='lat'><strong>(130)</strong></span> <span class='ocrx_word' id='word_1_856' title='bbox 2264 5403 2473 5488; x_wconf 71' lang='lat' dir='ltr'><strong>Istrum</strong></span> <span class='ocrx_word' id='word_1_857' title='bbox 2503 5403 2675 5488; x_wconf 74' lang='lat' dir='ltr'><strong>vulgo</strong></span> <span class='ocrx_word' id='word_1_858' title='bbox 2702 5412 3021 5488; x_wconf 31' lang='lat' dir='ltr'><strong>Jouqrrehin</strong></span> <span class='ocrx_word' id='word_1_859' title='bbox 3046 5407 3273 5488; x_wconf 67' lang='lat' dir='ltr'><strong>dimcesi</strong></span> <span class='ocrx_word' id='word_1_860' title='bbox 3338 5403 3619 5488; x_wconf 67' lang='lat' dir='ltr'><strong>llleldensi,</strong></span> 
     </span>
    </p>
   </div>
   <div class='ocr_carea' id='block_1_122' title="bbox 2018 5478 3625 5557">
    <p class='ocr_par' dir='ltr' id='par_1_122' title="bbox 2018 5478 3625 5557">
     <span class='ocr_line' id='line_1_125' title="bbox 2018 5478 3625 5557; baseline -0.011 -13"><span class='ocrx_word' id='word_1_861' title='bbox 2018 5478 2534 5544; x_wconf 83' lang='lat' dir='ltr'><strong>sanctimonialibus</strong></span> <span class='ocrx_word' id='word_1_862' title='bbox 2562 5478 2660 5541; x_wconf 79' lang='lat' dir='ltr'><strong>sub</strong></span> <span class='ocrx_word' id='word_1_863' title='bbox 2688 5483 2888 5557; x_wconf 78' lang='lat' dir='ltr'><strong>regula</strong></span> <span class='ocrx_word' id='word_1_864' title='bbox 2923 5478 2980 5540; x_wconf 92' lang='lat' dir='ltr'><strong>S.</strong></span> <span class='ocrx_word' id='word_1_865' title='bbox 3005 5552 3015 5557; x_wconf 24' lang='grc' dir='ltr'><strong>Α</strong></span> <span class='ocrx_word' id='word_1_866' title='bbox 3040 5478 3377 5557; x_wconf 12' lang='grc' dir='ltr'><strong>ςοιυωῠαιιίᾲ</strong></span> <span class='ocrx_word' id='word_1_867' title='bbox 3396 5478 3625 5557; x_wconf 73' lang='lat' dir='ltr'><strong>victuris</strong></span> 
     </span>
    </p>
   </div>
   <div class='ocr_carea' id='block_1_123' title="bbox 2018 5545 3624 5624">
    <p class='ocr_par' dir='ltr' id='par_1_123' title="bbox 2018 5545 3624 5624">
     <span class='ocr_line' id='line_1_126' title="bbox 2018 5545 3624 5624; baseline -0.009 -8"><span class='ocrx_word' id='word_1_868' title='bbox 2018 5558 2303 5616; x_wconf 90' lang='lat' dir='ltr'><strong>conditum</strong></span> <span class='ocrx_word' id='word_1_869' title='bbox 2334 5559 2405 5612; x_wconf 89' lang='lat' dir='ltr'><strong>ab</strong></span> <span class='ocrx_word' id='word_1_870' title='bbox 2430 5557 2642 5624; x_wconf 79' lang='lat' dir='ltr'><strong>Adone,</strong></span> <span class='ocrx_word' id='word_1_871' title='bbox 2676 5545 3017 5612; x_wconf 50' lang='lat' dir='ltr'><strong>S.&quot;Audocni</strong></span> <span class='ocrx_word' id='word_1_872' title='bbox 3044 5551 3230 5618; x_wconf 87' lang='lat' dir='ltr'><strong>fratre,</strong></span> <span class='ocrx_word' id='word_1_873' title='bbox 3261 5555 3453 5622; x_wconf 89' lang='lat' dir='ltr'><strong>postea</strong></span> <span class='ocrx_word' id='word_1_874' title='bbox 3468 5545 3624 5602; x_wconf 87' lang='lat' dir='ltr'><strong>ordi-</strong></span> 
     </span>
    </p>
   </div>
   <div class='ocr_carea' id='block_1_124' title="bbox 2017 5628 2469 5687">
    <p class='ocr_par' dir='ltr' id='par_1_124' title="bbox 2017 5628 2469 5687">
     <span class='ocr_line' id='line_1_127' title="bbox 2017 5628 2469 5687; baseline -0.004 0"><span class='ocrx_word' id='word_1_875' title='bbox 2017 5633 2102 5687; x_wconf 91' lang='lat' dir='ltr'><strong>nis</strong></span> <span class='ocrx_word' id='word_1_876' title='bbox 2113 5628 2469 5687; x_wconf 84' lang='lat' dir='ltr'><strong>Benedictini.</strong></span> 
     </span>
    </p>
   </div>
  </div>
