4032 6078
447 269 546 322 923

1538 278 1601 332 S.
1643 273 1956 331 llUGONIS
1989 270 2284 328 ABBATIS
2317 272 2635 330 CLUNIAC.

3673 276 3784 334 92$

448 401 645 450 turum.
715 393 806 448 Sic
827 403 1037 450 sanctus
1103 404 1156 451 et
1219 396 1494 452 miraculis
1555 398 1908 469 approbatus,
1994 392 2131 458 etA
2163 401 2336 448 tarum
2364 402 2555 465 textus,
2588 406 2641 452 et
2669 415 3010 470 gemmarum
3042 402 3210 458 serles
3243 419 3257 465 ;
3290 401 3522 459 inferius
3581 410 3784 460 autem

449 480 838 537 revelationum
867 485 1215 540 sacramentis
1243 495 1702 556 praemonstratus,
1759 486 1815 542 in
1865 486 2046 542 medio

451 567 681 624 filiorum
738 587 966 642 corpore
1021 573 1324 641 defunctus,
1381 577 1663 632 sanctitate
1730 584 2045 646 perpetuus,

454 657 653 712 mundo
703 657 950 728 decessit,
1000 662 1233 717 Domino
1289 663 1430 731 virit,
1481 664 1647 735 diqne
1700 664 1937 734 sepultus
1992 665 2046 718 in

456 744 706 800 Cluniaco
739 747 925 816 jacet;
961 750 1056 803 sed
1075 751 1469 807 institutionum
1523 753 1642 822 ejus
1698 753 2050 809 sanctimonia.

451 842 750 903 permanet,
782 837 878 891 sed
907 837 1112 893 ordinis
1141 839 1408 910 diciplina
1436 857 1598 913 quam
1631 842 1814 896 docuit
1843 859 2050 913 usque-

453 935 668 992 quaque
711 924 876 995 viget,
928 927 1028 980 sed
1083 927 1137 981 in
1191 929 1504 984 caelestibus
1560 931 1880 985 meritorum
1934 931 2053 1000 ejus

451 1024 653 1066 corona
683 1013 936 1086 refulget.
967 1017 1126 1088 llugo
1157 1017 1273 1085 iste,
1305 1034 1447 1073 anno
1480 1019 1605 1074 vita
1637 1023 1700 1073 1ὅ
1751 1022 2052 1076 monachus

447 1098 638 1164 factus,
673 1104 737 1155 25
770 1103 943 1158 abbas
995 1114 1256 1175 sacratus,
1317 1111 1384 1163 8'5
1443 1108 1752 1175 defunctus,
1814 1125 1872 1163 tn
1933 1111 2048 1164 Ka-

444 1185 635 1244 lendas
657 1191 781 1246 Maii
809 1193 1016 1263 quievit
1044 1195 1100 1249 in
1123 1196 1375 1265 Domino,
1410 1212 1550 1254 anno
1581 1198 1840 1255 incarnati
1893 1200 2049 1256 Verbi

451 1280 588 1334 nos
619 1282 788 1351 (131).

1034 1382 1257 1439 CAPUT
1288 1385 1381 1438 IlI.

530 1479 615 1532 Ex
635 1478 966 1535 collectione
982 1497 1130 1535 anon
1137 1483 1260 1554 ymi
1279 1484 1340 1537 in
1357 1489 1680 1554 prtenotata
1702 1487 2051 1546 bibliotheca.

526 1566 612 1620 12.
647 1566 743 1620 Ille
772 1567 1085 1623 Willelmus
1119 1571 1262 1641 (132)
1293 1573 1595 1644 Anglorum
1645 1576 1921 1647 princeps,
1982 1578 2043 1633 S.

458 1653 742 1723 Hugonem
767 1655 1058 1725 plurimum
1087 1658 1342 1731 diligens,
1375 1670 1667 1732 antequam
1705 1665 1823 1734 ejus
1881 1665 2056 1721 collo-

2155 483 2394 554 undique
2423 486 2781 544 tintinnabula
2811 491 3116 546 resonantia
3145 493 3318 564 (135),
3351 492 3582 564 ipsaque
3596 508 3785 552 aurea

2155 573 2395 644 pendent
2423 592 2436 639 ;
2470 577 2658 648 regina
2685 586 2865 633 autem
2881 579 3178 650 planetam,
3203 582 3366 652 plane
3381 582 3779 656 dignissimam

2156 662 2400 720 mittente
2427 670 2481 720 et
2509 667 2928 739 accipientibus,
2961 669 3086 740 quia
3113 670 3190 726 sic
3214 670 3469 744 rigidam,
3484 678 3542 726 ut
3553 670 3774 742 plicari

2159 769 2271 808 non
2303 759 2507 824 posset.

2231 844 2323 897 13.
2361 844 2478 900 Rex
2505 843 2652 900 idem
2681 847 2979 919 Anglorum
3009 849 3342 919 Willelmus,
3377 852 3457 908 vir
3502 851 3782 925 magniﬁ-

2158 947 2257 988 cus
2286 940 2337 988 et
2367 935 2420 988 in
2450 935 2615 989 armis
2641 944 2904 1004 strenuus,
2937 947 2990 993 et
3009 938 3234 995 inﬁnitis
3254 940 3451 1010 Opibus
3470 957 3535 996 ac
3553 942 3781 996 viribus

2159 1021 2580 1092 potentissimus,
2603 1040 2725 1080 cum
2758 1027 2999 1096 praefatae
3026 1028 3266 1099 regionis
3292 1030 3450 1100 potiri
3495 1030 3778 1100 ccepisset

2161 1111 2392 1181 ejusque
2443 1128 2696 1168 coronam
2752 1116 2907 1188 regni
2963 1115 3105 1172 bello
3159 1117 3499 1189 obtinuisset,
3573 1119 3786 1175 volens

2159 1199 2326 1272 digne
2345 1203 2698 1272 episcopatus
2728 1212 2780 1259 et
2835 1205 3075 1260 abbatias
3105 1213 3260 1262 terra:
3284 1206 3430 1262 illius
3478 1207 3770 1276 ordinare,

2161 1289 2307 1344 misit
2361 1291 2572 1347 liettras
2628 1292 2986 1350 illustrissimo
3043 1295 3227 1351 abbati
3275 1297 3333 1352 S.
3384 1297 3620 1369 Hugoni,
3720 1305 3784 1354 et

2166 1380 2446 1435 mandavit
2477 1383 2532 1436 ei
2562 1383 2948 1454 supplicando,
2981 1392 3040 1439 ut
3066 1400 3164 1440 sex
3193 1385 3242 1440 ei
3263 1401 3526 1456 personas
3555 1385 3781 1458 dirige-

2161 1477 2243 1524 ret
2271 1485 2340 1524 ex
2372 1470 2628 1526 fratribus
2657 1473 2874 1540 nostris,
2909 1488 3136 1544 quorum
3166 1474 3392 1530 consilio
3421 1490 3590 1547 agere
3626 1490 3780 1545 pos-

2160 1566 2260 1626 set,
2317 1558 2578 1631 quidquid
2626 1560 2704 1614 illi
2773 1563 2842 1617 de
2897 1562 3161 1618 Ecclesiis
3212 1563 3530 1618 ordinandis
3619 1563 3778 1618 foret

2162 1647 2456 1718 agendum,
2487 1648 2673 1719 eisque
2704 1651 3006 1706 rectoribus
3035 1652 3340 1708 constitutis
3367 1668 3591 1708 securus
3620 1659 3778 1708 esset

451 1741 580 1825 quia
611 1742 714 1796 frui
748 1744 1028 1813 potuisset,
1062 1763 1185 1801 cum
1213 1749 1452 1805 absentis
1483 1752 1916 1810 benedictionem
1953 1772 2043 1825 per

2163 1735 2234 1790 de
2253 1736 2448 1791 ovibus
2477 1738 2845 1794 custodiendis
2869 1748 3028 1810 atque
3055 1741 3333 1811 regendis.
3365 1740 3576 1810 Adjecit
3622 1757 3774 1812 quo-

451 1823 696 1898 legatum
729 1832 870 1900 ejus,
907 1834 1183 1890 dominum
1216 1837 1425 1893 scilicet
1479 1842 1904 1911 Warmundum,
1954 1823 2055 1916 qui

449 1919 796 1986 postmodum
829 1937 891 1975 ex
939 1922 1174 1979 abbatiae
1230 1925 1480 1981 Dolensis
1535 1929 1683 1997 (133)
1737 1933 1929 2001 gradu,
1987 1933 2056 1987 ad

449 2004 812 2062 Viennensem
864 2011 1386 2083 archiepisc0patum
1409 2019 1691 2073 conc-endit
1721 2023 1892 2090 (134),
1951 2038 2053 2075 au-

444 2091 634 2163 disset,
654 2103 815 2166 atque
841 2101 1166 2170 suscepisset
1193 2103 1260 2157 ab
1281 2103 1375 2158 illo
1394 2106 1594 2159 donum
1611 2108 1884 2164 societatis
1909 2109 2049 2179 ejus,

448 2181 647 2252 pileum
679 2186 924 2257 regalem
957 2190 1223 2260 deposuit,
1257 2201 1309 2246 et
1339 2202 1498 2262 caput
1540 2203 1686 2249 tanta
1744 2197 2045 2254 humilitate

452 2270 720 2339 submisit,
755 2290 818 2330 ac
847 2275 890 2330 si
919 2293 1014 2347 per
1041 2280 1293 2350 angelum
1325 2282 1523 2336 divinae
1580 2284 1768 2356 gratiae
1825 2286 2049 2342 investi-

451 2365 534 2412 tus
563 2376 792 2417 munere
821 2364 1034 2420 fuisset.
1069 2367 1311 2438 Cumque
1343 2377 1572 2441 satrapaa
1605 2373 1724 2440 ejus
1753 2383 2048 2444 stuperent,

449 2447 576 2517 quia
605 2466 718 2505 rem
749 2459 1028 2508 cernerent
1057 2456 1270 2521 miram,
1305 2459 1533 2530 ejusque
1582 2461 1856 2517 cervicem
1917 2465 2050 2518 alias

446 2533 800 2595 inﬂexibilem
826 2541 1066 2598 viderent
1096 2544 1256 2600 nimis
1285 2545 1643 2616 humiliatam,
1691 2557 2049 2623 putarentque

445 2621 827 2695 inquirendum
859 2647 980 2702 quae
1011 2632 1192 2688 fuisset
1249 2650 1434 2702 causa,
1495 2652 1590 2691 cur
1647 2638 1778 2692 nihil
1836 2621 2049 2696 visibl:

445 2713 739 2784 accipiens,
768 2733 900 2789 erga
925 2735 1220 2788 personam
1253 2723 1414 2777 talem
1465 2725 1542 2777 nil
1598 2726 1920 2782 tribuentem
1975 2730 2048 2783 ita

449 2802 788 2870 maiestatem
817 2807 1025 2877 regiam
1053 2810 1400 2876 exinanisset,
1451 2814 1751 2882 respondit,
1815 2817 1998 2871 dicens
2031 2835 2044 2872 :

453 2908 474 2934 σι
509 2888 690 2945 Nolite
721 2892 903 2946 mirari
932 2896 1076 2964 quod
1110 2912 1195 2950 me.
1233 2905 1344 2951 tam
1402 2899 1594 2954 devote
1652 2901 2040 2974 inclinaverim,

451 2984 672 3048 tamque
703 2980 1028 3050 humillime,
1061 2984 1186 3053 quia
1242 3001 1404 3041 causa
1433 2995 1593 3044 tantae
1651 2990 2046 3048 benedictionis

447 3072 499 3119 ct
527 3065 859 3124 investiturae
889 3072 1197 3141 specialiter
1231 3077 1430 3147 exegit,
1490 3085 1548 3130 ut
1604 3079 1838 3134 facerem
1898 3083 2045 3152 quod
2075 3091 2124 3153 ο

445 3155 751 3212 faciendum
779 3159 1041 3228 judicavi.
1075 3163 1195 3217 Non
1245 3164 1385 3218 enim
1446 3174 1647 3221 tantum
1701 3185 1896 3224 munus
1953 3188 2048 3225 un-

443 3260 602 3313 quam
633 3249 865 3319 suscepi,
902 3265 1002 3306 nec
1033 3250 1153 3321 ipso
1186 3253 1273 3307 die
1305 3261 1414 3307 tam
1447 3256 1652 3324 grande
1707 3257 1905 3327 aliquid
1965 3277 2052 3316 me

443 3334 740 3404 acquisisse
762 3339 984 3407 putetis,
1018 3355 1124 3411 quo
1175 3341 1332 3410 hujus
1382 3343 1540 3414 regni
1597 3360 1856 3400 coronam
1914 3347 2050 3402 obti-

441 3421 552 3486 nui,
586 3424 712 3493 quia
741 3427 949 3482 cunctis
977 3444 1105 3497 quae
1161 3428 1340 3484 habeo
1407 3431 1667 3486 terminus
1724 3435 1823 3488 erit
1874 3435 2048 3490 relin-

441 3512 691 3580 quendis,
723 3514 860 3569 sicut
889 3515 1098 3570 initium
1121 3517 1218 3571 fuit
1246 3519 1525 3588 capiendis
1558 3539 1571 3582 ;
1605 3522 1836 3577 caelestis
1867 3532 2046 3579 autem

439 3597 654 3668 gloriae,
681 3601 834 3668 cujus
870 3604 1083 3657 arrham
1115 3607 1522 3675 quodammodo
1553 3610 1789 3678 suscepi,
1824 3614 2042 3680 quando

441 3694 625 3741 sancto
654 3688 886 3758 collegio
918 3707 1002 3745 me
1023 3692 1367 3747 Cluniacensi
1397 3695 1607 3762 miscui,
1635 3696 1757 3750 ﬁnis
1787 3714 1904 3754 esse
1935 3717 2041 3756 non

440 3775 658 3842 poterit.
697 3778 829 3830 «Ita
885 3779 1124 3847 prudens
1179 3781 1445 3836 ‘Villelmi
1503 3782 1917 3855 philosolihatus
1972 3790 2041 3844 de

441 3861 693 3917 thesauro
724 3865 908 3919 cordis
937 3866 1038 3932 sui,
1071 3875 1349 3937 stuporem
1381 3886 1600 3925 suorum
1631 3873 1823 3942 majori
1856 3876 2041 3930 admi-

434 3950 641 4006 ratione
669 3955 1020 4024 compescuit,
1046 3964 1098 4010 et
1152 3958 1336 4013 oculos
1401 3960 1742 4016 saecularium
1778 3966 2039 4019 mentium

436 4055 502 4094 eo
533 4040 747 4110 direxit,
782 4051 836 4096 ut
865 4056 1255 4114 cognoscerent
1321 4048 1511 4117 quanti
1566 4049 1847 4106 habendus
1903 4062 2041 4108 esset

434 4129 594 4202 Hugo
623 4140 842 4187 sanctus
870 4149 1131 4203 praesens,
1191 4135 1280 4205 qui
1345 4138 1475 4192 tanti
1534 4139 1750 4194 habitus
1802 4158 1834 4195 a
1892 4150 2039 4196 tanto

438 4218 633 4273 fuisset
660 4221 875 4276 absens.
909 4223 1006 4278 Ille
1051 4241 1246 4296 nempe
1303 4242 1398 4281 rex
1454 4228 1768 4283 attendebat
1813 4229 1866 4283 in
1924 4232 2041 4300 ejus

433 4305 708 4378 legatione
739 4311 868 4381 quid
899 4314 1156 4381 ponderis
1185 4323 1342 4382 esset,
1369 4317 1500 4385 quid
1549 4319 1840 4385 commodi,
1911 4319 2039 4388 quid

2161 1841 2265 1895 que
2287 1841 2344 1880 se
2373 1825 2631 1880 daturum
2663 1843 2759 1898 pro
2797 1828 3028 1900 singulis
3055 1829 3267 1900 argenti
3325 1830 3488 1884 libras
3544 1839 3776 1885 centum

2157 1914 2442 1983 quotannis
2471 1915 2754 1982 Cluniaco,
2787 1917 2887 1971 sub
2917 1917 3072 1972 titulo
3129 1917 3385 1974 amicitia
3439 1926 3492 1973 et
3545 1919 3767 1990 gratiae,

2155 2016 2223 2055 ne
2256 2001 2390 2056 forte
2420 2011 2564 2057 esset
2593 2019 2769 2074 grave
2799 2020 2956 2060 sacro
2987 2006 3108 2060 loco
3136 2021 3325 2060 carere
3358 2006 3602 2076 personis
3628 2006 3766 2074 suis,

2155 2096 2207 2143 et
2232 2105 2414 2144 earum
2447 2091 2676 2145 fructum
2736 2094 2997 2164 perdere.
3063 2094 3171 2149 Sed
3227 2095 3320 2164 qui
3368 2101 3586 2164 emptor
3639 2094 3765 2149 ﬁeri

2154 2178 2342 2247 voluit,
2374 2195 2478 2232 non
2540 2181 2731 2250 potuit,
2792 2182 2918 2250 quia
2955 2183 3343 2238 monachorum
3400 2199 3508 2238 non
3557 2177 3769 2237 invenit

2153 2267 2508 2322 venditorem.
2569 2270 2864 2340 Respondit
2927 2272 3071 2325 enim
3135 2272 3490 2342 philosophus
3537 2271 3761 2337 Christi,

2152 2357 2242 2426 qui
2271 2356 2558 2411 animabus
2588 2358 2813 2413 fratrum
2847 2359 2922 2414 nil
2967 2361 3222 2416 censebat
3281 2360 3711 2430 comparandum
3747 2363 3761 2401 ε

2156 2466 2178 2495 ι
2214 2445 2433 2513 Petitio,
2465 2446 2661 2516 inquit,
2691 2457 2888 2514 vestra,
2917 2448 3136 2504 domine
3179 2465 3297 2515 rex,
3355 2448 3636 2504 descendit
3693 2466 3768 2504 ex

2152 2534 2296 2590 bona
2327 2535 2622 2605 voluntate,
2657 2537 2748 2606 qui
2779 2539 2949 2592 vultis
2977 2545 3197 2610 gentem
3229 2537 3387 2592 vobis
3417 2555 3448 2591 a
3489 2539 3606 2593 Deo
3660 2546 3769 2592 tra-

2151 2624 2316 2679 ditam
2350 2626 2419 2679 ad
2449 2625 2680 2680 salutem
2711 2642 2865 2680 suam
2895 2627 3167 2681 ordinare.
3227 2629 3431 2681 Verum
3488 2626 3626 2682 sicut
3684 2626 3767 2680 di-

2150 2730 2317 2784 gnum
2350 2723 2431 2768 est
2460 2723 2656 2770 vestrae
2687 2716 2954 2785 majestati
2986 2716 3130 2787 quod
3169 2716 3414 2786 poscitis,
3472 2716 3548 2770 ita
3615 2715 3765 2785 quod

2151 2802 2456 2874 injungitis,
2493 2818 2844 2875 mcongruum
2875 2813 2956 2859 est
2985 2813 3184 2860 nostra:
3202 2805 3359 2860 saluti
3412 2813 3471 2858 ut
3526 2804 3762 2871 animas,

2151 2907 2285 2960 quas
2319 2892 2372 2945 in
2405 2892 2645 2962 periculo
2675 2891 2870 2947 animm
2903 2909 3038 2948 meae
3071 2901 3124 2948 et
3152 2894 3345 2962 capitis
3378 2893 3483 2947 mei
3522 2893 3756 2964 suscepi,

2149 2981 2378 3035 vendam
2413 2982 2608 3035 terreni
2650 2981 2987 3037 mercimonii
3045 2983 3362 3052 cupiditate,
3434 2991 3487 3036 et
3542 2982 3759 3038 mittam

2151 3068 2205 3122 in
2234 3070 2617 3138 perditionem,
2650 3078 2737 3124 aut
2765 3071 3082 3141 generalem
3105 3078 3195 3126 aut
3230 3070 3545 3142 specialem,
3597 3069 3762 3126 vide-

2162 3156 2284 3211 licet
2309 3157 2399 3212 ubi
2429 3167 2520 3213 aut
2545 3174 2735 3214 omnes
2792 3167 2883 3213 aut
2939 3159 3102 3231 aliqui
3159 3175 3349 3214 eorum
3408 3168 3654 3230 pereant,
3705 3168 3762 3215 et

2160 3261 2368 3316 egopro
2401 3247 2508 3301 illis
2539 3248 2798 3302 rationem
2824 3249 2936 3303 Deo
2978 3248 3222 3314 reddam,
3257 3247 3400 3319 apud
3435 3264 3596 3318 quem
3625 3247 3761 3303 nihil

2161 3337 2302 3391 valet
2333 3352 2543 3404 aurum,
2573 3337 2817 3407 nihilque
2848 3337 3071 3406 prodest
3098 3346 3407 3408 argentum,
3456 3344 3547 3391 aut
3601 3352 3764 3408 argu-

2157 3434 2396 3481 mentum
2429 3441 2580 3481 vanae
2609 3425 2989 3481 excusationis.
3025 3425 3313 3493 Quomodo
3373 3441 3507 3496 ergo
3553 3425 3759 3480 faciam

2156 3529 2256 3585 pro
2285 3515 2395 3569 ullo
2426 3530 2666 3580 munere,
2700 3515 2846 3585 quod
2869 3513 2914 3568 si
2948 3514 3182 3569 facerem
3216 3529 3314 3584 pro
3360 3518 3470 3570 toto
3522 3515 3757 3582 mundo,

2155 3604 2284 3657 mihi
2315 3620 2506 3673 parum
2538 3611 2703 3671 esset,
2745 3619 2865 3657 cum
2897 3619 2995 3674 pro
3024 3618 3132 3657 uno
3152 3619 3219 3656 ex
3250 3603 3329 3657 eis
3347 3601 3555 3673 perdito
3601 3602 3759 3672 peri-

2151 3708 2266 3746 rem
2289 3694 2316 3747 ?
2345 3691 2488 3757 Quid
2519 3692 2664 3746 enim
2694 3690 2902 3762 proﬁcit
2933 3692 3138 3746 homini
3171 3692 3215 3745 si
3245 3692 3556 3746 universum
3583 3708 3756 3746 mun-

2153 3781 2280 3835 dum
2308 3782 2561 3848 lucretur,
2595 3782 2839 3849 seipsum
2871 3790 3053 3836 autem
3084 3781 3291 3851 perdat,
3339 3789 3394 3836 et
3449 3781 3756 3835 detrimen-

2151 3877 2263 3923 tum
2293 3869 2376 3924 sui
2408 3869 2567 3924 faciat
2597 3869 2624 3922 ?
2648 3869 2875 3936 (Matth.
2915 3885 3030 3937 xvr,
3067 3873 3181 3937 26.)
3211 3869 3396 3941 igitur,
3423 3869 3756 3924 charissima

2150 3959 2386 4024 domine,
2423 3960 2524 4013 hoc
2555 3958 2724 4014 nolite
2753 3973 2786 4012 a
2825 3975 2912 4012 me
2943 3975 3207 4028 quaerere,
3240 3959 3382 4028 quod
3417 3957 3593 4012 facere
3641 3958 3757 4012 nisi

2149 4062 2269 4103 cum
2301 4047 2602 4116 perditione
2632 4063 2754 4101 mea
2783 4063 2887 4102 non
2919 4063 3157 4118 possum.
3190 4048 3316 4118 quia
3373 4046 3522 4100 nullo
3576 4046 3758 4118 pretio

2150 4137 2275 4190 volo
2307 4136 2536 4190 animam
2554 4151 2732 4190 meam
2751 4136 3106 4203 venumdare,
3131 4152 3292 4206 quam
3309 4136 3557 4205 profecto
3589 4151 3757 4189 vena-

2150 4224 2256 4279 lem
2289 4225 2493 4290 darem,
2528 4223 2572 4278 si
2603 4239 2767 4278 unum
2825 4241 2892 4278 ex
2954 4224 3207 4279 fratribus
3261 4224 3393 4278 mihi
3447 4223 3756 4279 commissis

2148 4314 2415 4368 mitterem
2440 4313 2529 4366 ubi
2554 4313 2704 4367 illum
2725 4314 3035 4384 perderem,
3069 4321 3122 4367 et
3149 4312 3408 4368 libentius
3432 4328 3538 4384 ego
3585 4328 3757 4383 pecu-

436 4396 567 4451 lucri
599 4399 794 4454 anima;
829 4415 939 4454 suae
997 4403 1322 4471 proveniret,
1382 4404 1426 4458 si
1483 4420 1580 4474 per
1635 4406 2038 4463 conniventiam

2158 4401 2296 4455 niam
2354 4401 2545 4456 darem
2600 4417 2698 4470 pro
2753 4401 3135 4472 comparandis
3189 4401 3498 4468 monachis,
3559 4400 3761 4472 quibus

433 4487 716 4542 reverendi
746 4488 959 4558 capitis,
992 4499 1175 4560 posset
1232 4493 1670 4548 communionem
1728 4495 1863 4550 tanti
1920 4512 2039 4552 cor-

431 4575 579 4644 poris
607 4577 926 4646 promereri.
967 4578 1116 4634 Tunc
1146 4579 1294 4634 misit
1344 4597 1439 4636 rex
1498 4582 1699 4637 domno
1749 4585 1933 4640 abbati
1986 4594 2040 4640 et

429 4678 586 4719 sacro
614 4665 903 4721 conventui
933 4682 1163 4739 cappam
1194 4685 1336 4739 pene
1365 4685 1586 4724 auream
1630 4679 1818 4742 totam,
1852 4673 1903 4727 in
1934 4691 2041 4746 qua

432 4751 520 4807 vix
550 4754 652 4808 nisi
683 4771 874 4810 aurum
904 4766 1151 4827 apparet,
1184 4758 1270 4813 vel
1320 4757 1577 4814 electrum
1636 4761 1720 4816 vel
1779 4764 2040 4834 margari-

506 4931 652 4999 (131)
684 4933 987 4988 Notabatur
1017 4934 1236 4999 quidem
1269 4935 1320 4989 in
1351 4937 1510 4992 editis
1541 4957 1711 4996 annus
1731 4945 1865 4996 1108
1897 4958 1908 4993 :
1944 4942 2038 4997 sed

430 5011 774 5084 cumcertum
796 5005 862 5084 sit
891 5006 972 5084 8.Δ
998 5005 1304 5084 .llugonenr
1346 5018 1614 5084 mortuum
1647 5029 1762 5069 esse.
1793 5020 1911 5084 post
1969 5014 2028 5067 S.

435 5073 770 5153 Anselmum,
804 5083 857 5130 et
885 5073 1185 5153 quidem'in
1219 5078 1560 5153 hebdomade
1591 5073 1833 5153 pascha-li
1867 5101 1878 5144 ;
1936 5085 2040 5137 l’a-

431 5144 561 5224 scita
592 5155 772 5200 autem
798 5144 948 5224 anno
979 5149 1118 5224 1108
1152 5149 1489 5224 celebratum
1546 5144 1706 5209 fuerit
1843 5156 2043 5224 Aprilis

431 5215 654 5298 evidens
683 5227 910 5288 apparet
939 5219 1023 5274 hic
1052 5235 1169 5274 esse
1225 5222 1480 5276 mendum
1540 5225 1691 5296 quod
1745 5215 2028 5296 propterea

428 5301 778 5343 correxunus.

498 5359 650 5429 (132)
681 5359 1008 5437 Guillelmus
1040 5361 1079 5426 Ι,
1105 5361 1176 5417 ob
1206 5379 1433 5437 regnum
1483 5367 1648 5421 armis
1703 5376 2025 5437 occupatum

431 5431 773 5502 Conquestor
802 5432 998 5508 dictus,
1031 5431 1375 5508 regnavit'ab
1404 5451 1546 5492 anno
1579 5438 1734 5508 1066,
1768 5431 2024 5508 ω’1087,

431 5509 485 5554 et
512 5518 880 5582 successorem
912 5503 1112 5582 habuit
1137 5503 1309 5582 tilium
1355 5509 1594 5564 secundo
1621 5503 1883 5582 genitum,
1939 5503 2027 5565 col

427 5581 723 5695 gqomento
753 5573 970 5644 Rufum,
1002 5574 1070 5631 de
1100 5575 1254 5646 cujus
1282 5583 1456 5635 morte
1512 5573 1690 5636 actu'm
1741 5573 1908 5658 supra
1972 5582 2026 5641 in

427 5655 482 5695 vr
507 5654 558 5695 a.
609 5686 618 5689 -

424 5654 558 5696 vna.
609 5686 618 5689 ν

2149 4489 2306 4544 valde
2337 4489 2561 4562 indigeo
2583 4506 2679 4559 per
2697 4489 2909 4544 diversa
2941 4490 3060 4545 loca
3085 4505 3117 4545 a
3147 4506 3235 4545 me
3251 4489 3569 4559 ordinanda,
3588 4505 3754 4562 quam

2147 4594 2244 4649 pro
2272 4594 2457 4633 eorum
2490 4577 2805 4632 venditione
2837 4579 3158 4648 acciperem.
3193 4579 3353 4646 Quod
3403 4579 3547 4633 enim
3595 4578 3755 4650 capi-

2148 4667 2317 4721 tulum
2343 4676 2585 4722 nostrum
2613 4666 2670 4721 in
2701 4667 2943 4738 partibus
2971 4667 3078 4722 illis
3109 4674 3390 4734 temerent,
3423 4667 3513 4722 ubi
3545 4667 3752 4722 nullum

2149 4756 2395 4812 viderent
2425 4765 2667 4812 nostrum
2727 4755 3134 4823 monasterium,
3193 4756 3265 4812 ad
3321 4755 3480 4827 cujus
3535 4765 3753 4828 portum

2221 4933 2368 5001 (133)
2400 4931 2646 4986 Dolensis
2676 4947 2769 4986 seu
2803 4931 3204 5002 Burgidolensis
3235 4932 3472 4997 abbatis,
3507 4931 3557 4987 in
3605 4933 3752 4988 Bitu-

2151 5002 2361 5074 rigibus
2387 5003 2454 5056 ad
2487 5002 2705 5056 fluvium
2738 5004 3010 5070 Andriam,
3059 5005 3261 5059 saeculo
3317 5004 3576 5074 superiori
3636 5004 3751 5060 fun-

2152 5073 2277 5128 data
2315 5073 2507 5137 fuerat,
2527 5073 2776 5128 abbatem
2809 5083 2988 5130 autem
3004 5076 3144 5132 hunc
3171 5073 3566 5130 Warmundum
3586 5092 3749 5132 acce-

2151 5149 2307 5215 perat
2335 5144 2473 5198 circa
2503 5160 2703 5198 annum
2739 5148 2893 5200 1074.

2220 5216 2367 5285 (131)
2399 5216 2544 5270 Idem
2576 5232 2718 5270 anno
2751 5218 2884 5270 1077
2915 5216 3089 5272 factus
3119 5217 3440 5272 Viennensis
3470 5216 3745 5287 archiepi-

2149 5287 2665 5359 scopus,superfuit
2692 5305 2863 5359 usque
2893 5288 3087 5359 adan.
3131 5292 3286 5342 1083.

2201 5359 2346 5426 (135)
2381 5358 2697 5425 Hujusmodi
2731 5357 3090 5414 tintinnabula
3120 5360 3297 5414 adhuc
3323 5359 3509 5414 videre
3534 5359 3663 5414 licet
3691 5359 3744 5413 in

2138 5429 2535 5511 antiquioribus
2570 5429 3041 5511 .Aquisgranensis
3097 5429 3343 5486 ecclesiae
3385 5430 3590 5511 cappis,
3647 5431 3748 5511 .ob

2136 5499 2303 5554 solius
2330 5500 2611 5555 vetustatis
2648 5499 3070 5558 'acstimationem
3117 5510 3171 5558 et
3219 5499 3586 5559 ostensionem
3646 5503 3749 5558 ha-

2140 5578 2325 5627 ctenus
2341 5571 2644 5630 reservatis.
