4032 6078
263 277 366 334 925

256 489 437 561 itaque
459 487 672 557 jubete,
696 495 749 543 et
776 489 1039 544 sustinete
1084 491 1187 545 hoc
1214 488 1508 559 patienter,
1541 487 1586 542 si
1615 505 1723 544 non
1753 505 1860 558 po-

257 584 358 633 test
410 576 524 632 ﬁeri
567 592 692 630 cum
757 576 930 632 salute
979 577 1142 633 amici
1191 577 1376 644 vestri,
1427 577 1572 648 quod
1628 577 1860 647 petistis.

255 665 470 721 Valete.
506 665 620 720 Hoc
664 665 942 734 rescripsit
984 665 1112 736 pius
1155 667 1314 721 Pater
1369 667 1484 738 regi
1527 665 1608 720 illi
1637 665 1860 721 eximio.

255 753 366 824 Qui
414 753 588 824 primo
659 754 1012 810 vehementer
1064 754 1378 827 indignatus
1433 770 1534 825 pro
1593 770 1661 810 eo
1718 756 1863 826 quod

257 847 406 899 esset
451 841 768 912 repudiatus
815 842 869 897 in
915 859 1076 914 prece
1115 859 1214 898 sua
1256 859 1380 898 cum
1424 852 1571 900 tanto
1619 860 1862 913 munere,

257 940 379 1003 post
408 933 646 987 furorem
695 931 858 986 rediit
901 931 972 986 ad
1029 939 1289 998 mentem,
1321 933 1688 1004 cognovitque
1719 933 1866 988 hunc

253 1021 535 1077 hominem
560 1021 658 1075 Dei
692 1036 821 1075 vere
850 1020 1066 1075 cunctis
1094 1021 1494 1091 praeferendum
1518 1041 1529 1080 :
1561 1022 1650 1077 cui
1677 1021 1862 1078 nullus

256 1109 533 1181 appetitus
577 1125 758 1164 rerum
807 1109 1183 1180 temporalium
1230 1109 1636 1181 dominabatur,
1668 1111 1868 1184 quique

256 1199 567 1254 animarum
597 1197 823 1253 salutem
861 1199 1010 1254 omni
1037 1214 1170 1255 auro
1200 1199 1686 1270 incomparabilem
1734 1216 1868 1256 cen-

253 1287 430 1354 sebat,
459 1286 694 1358 ideoque
725 1287 902 1356 ipsum
941 1286 1075 1342 nulli
1111 1287 1334 1344 omnino
1377 1289 1658 1358 potestatis
1692 1289 1866 1344 alicu-

253 1375 345 1448 jus
373 1391 620 1447 personae
649 1376 1101 1446 comparabilem,
1137 1375 1264 1447 quia
1313 1377 1464 1432 nulla
1511 1377 1807 1448 cupiditate
1837 1394 1869 1434 a

251 1471 400 1520 recto
430 1464 570 1520 calle
600 1464 898 1521 flexibilem
949 1481 1007 1521 se
1057 1473 1149 1520 aut
1197 1465 1515 1521 mutabilem
1563 1466 1866 1536 praebebat.

251 1552 526 1608 Convertit
549 1552 684 1624 ergo
714 1569 772 1608 se
818 1554 889 1608 ab
919 1554 1290 1626 indignatione
1319 1555 1388 1610 ad
1418 1555 1862 1624 admirationem,

253 1641 523 1712 repulsam
553 1641 806 1698 videlicet
833 1659 986 1696 suam
1038 1643 1264 1712 majoris
1315 1643 1544 1710 faciens,
1577 1661 1740 1715 quam
1770 1661 1869 1700 su-

1821 275 1996 330 VITA.

258 398 539 472 applicare
594 398 840 455 valerent
895 400 980 456 vel
1035 398 1334 472 constringi
1383 400 1652 471 possent?
1696 397 1858 454 Aliud
1882 400 1943 464 Α

3448 281 3548 332 926

2048 401 2138 454 15.
2177 398 2481 471 Aliquando
2532 414 2662 454 sane
2713 398 2994 470 judicabat
3035 399 3276 456 ciborum
3337 401 3577 473 copiam!

1971 487 2267 558 aliquando
2297 488 2600 544 mirabatur
2626 489 2768 544 hanc
2809 488 3179 558 jejunantibus
3222 489 3413 546 deesse
3442 507 3576 563 gra-

1969 576 2127 645 tiam,
2187 593 2351 646 quam
2389 577 2514 633 illos
2571 577 2772 632 habere
2829 578 3067 633 videbat.
3110 579 3478 634 Verumtatem
3528 594 3575 650 si

1972 663 2088 718 ﬁeri
2116 673 2315 736 posset,
2350 666 2488 722 sicut
2519 666 2640 736 ipse
2669 666 2907 735 dicebat,
2939 674 2996 720 ut
3014 673 3239 736 utraque
3255 667 3424 723 virtus
3447 669 3575 725 obe-

1972 751 2192 808 dientiae
2222 762 2275 808 et
2326 753 2666 810 abstinentiae
2712 755 3010 810 sociaretur
3051 755 3108 809 in
3163 756 3260 822 eis,
3292 763 3405 810 tum
3444 773 3578 827 pro-

1974 841 2118 896 fecto
2149 842 2282 896 nihil
2333 843 2654 912 apostolicae
2699 843 3008 899 defuturum
3051 844 3426 914 perfectionis.
3461 846 3581 914 Qua

1974 928 2046 985 de
2073 945 2132 985 re
2162 933 2495 986 conveniens
2534 933 2792 987 domuum
2840 933 3099 988 abbatem
3151 934 3491 1001 obsecrabat,
3522 944 3581 990 ut

1975 1034 2009 1071 a
2037 1018 2309 1089 sagimine
2339 1020 2554 1074 duabus
2583 1021 2761 1074 saltim
2791 1021 2940 1076 feriis
2969 1039 3025 1076 se
3053 1023 3466 1092 suspenderent,
3489 1023 3578 1093 qui

1975 1107 2030 1161 in
2059 1105 2270 1162 caeteris
2297 1115 2407 1162 tam
2443 1107 2673 1177 perfecti
2716 1118 2914 1180 essent,
2963 1117 3021 1165 ut
3062 1112 3401 1166 anachoretis
3443 1112 3579 1166 nihil

1975 1193 2254 1251 deberent.
2289 1195 2385 1252 Cui
2411 1197 2752 1253 venerandus
2792 1197 2976 1269 Hugo,‘
3023 1197 3361 1254 discretionis
3395 1208 3579 1256 custos

1977 1284 2231 1356 egregius
2291 1303 2305 1340 :
2371 1308 2392 1332 α
2442 1285 2518 1351 Si,
2568 1285 2758 1355 inquit,
2813 1287 2968 1341 Pater
3017 1287 3358 1356 charissima,
3415 1288 3580 1344 vultis

1977 1387 2183 1445 augere
2219 1372 2376 1428 nobis
2405 1389 2669 1429 coronam
2701 1375 2968 1430 mercedis
3004 1391 3105 1446 per
3148 1375 3583 1432 additamentum

1973 1461 2186 1532 jejunii,
2220 1469 2424 1517 tentate
2465 1462 2615 1532 prius
2662 1462 2946 1519 nobiscum
2989 1464 3205 1532 pondus
3246 1463 3446 1520 laboris
3493 1467 3579 1521 vel

1976 1566 2078 1622 per
2107 1558 2228 1606 octo
2275 1552 2490 1606 dierum
2534 1551 2785 1622 spatium,
2834 1559 2888 1607 et
2933 1552 3192 1622 deinceps
3245 1553 3584 1610 mstimahitis

1979 1639 2112 1711 quid
2139 1639 2508 1708 adjiciendum
2564 1656 2788 1696 censere
2842 1640 3112 1696 debeatis.
3149 1643 3288 1696 Nam
3347 1643 3584 1714 quandiu

255 1725 585 1795 sceptionem
612 1725 876 1795 fecissset,
908 1727 954 1780 si
997 1727 1285 1782 exauditus
1317 1727 1530 1783 fuisset.
1567 1728 1868 1799 Repressit
1899 1757 1950 1818 B
1981 1745 2089 1785 non
2117 1728 2463 1800 gustaveritis
2502 1730 2860 1801 pulmentum,
2905 1731 3118 1786 nescire
3165 1731 3411 1801 poteritis
3441 1731 3585 1802 quod

257 1815 427 1887 igitur
454 1814 588 1870 iram
622 1832 742 1886 quae
771 1815 1027 1882 irrueret,
1053 1815 1432 1887 acquievilque
1461 1816 1680 1885 rationi,
1704 1833 1866 1889 quam

260 1903 519 1974 cogitavit
564 1912 852 1976 postquam
886 1904 1109 1959 recessit
1138 1903 1472 1975 perturbatio
1505 1905 1716 1960 mentis.

335 1993 420 2047 14.
456 1992 731 2062 Tempore
787 1993 1026 2063 quodam
1070 1995 1216 2063 (136)
1267 2009 1487 2049 necesse
1537 1994 1638 2048 fuit
1685 2002 1870 2049 sancto

265 2080 383 2136 viro
412 2097 512 2152 pro
543 2080 755 2136 tuendis
784 2081 910 2136 ﬁliis
949 2082 1018 2136 ad
1065 2082 1366 2137 Ecclesium
1417 2089 1639 2137 matrem
1685 2098 1869 2138 recur-

265 2185 404 2235 rere,
437 2174 492 2224 et
520 2170 778 2226 Romanae
807 2170 955 2226 sedis
999 2171 1364 2242 patrocinium
1394 2172 1684 2227 advocare.
1719 2169 1870 2239 Qua-

265 2265 490 2328 pmpter
517 2257 664 2312 urbis
695 2258 838 2312 illius
866 2258 1144 2330 refugium
1187 2267 1400 2328 petens,
1433 2275 1636 2330 magno
1684 2259 1873 2314 labore

269 2355 324 2401 et
348 2345 662 2402 diﬂicultate
694 2363 727 2402 a
756 2348 923 2403 latere
967 2364 1123 2418 papae
1167 2348 1415 2402 avulsum
1462 2348 1722 2404 domuum
1766 2349 1872 2402 Pe-

265 2443 429 2503 trum,
453 2435 796 2491 Hostiensem
839 2436 1092 2492 videlicet
1138 2437 1476 2508 episcopum,
1508 2445 1872 2509 cognomento

266 2523 612 2590 Damianum,
671 2524 924 2592 obtinuit,
968 2533 1024 2580 ut
1078 2524 1182 2579 sibi
1235 2526 1455 2581 daretur
1518 2542 1622 2596 pro
1670 2540 1868 2596 magno

265 2612 425 2667 Petro
464 2613 822 2682 praeliaturus,
855 2621 905 2668 et
953 2613 1304 2669 adversarios
1347 2622 1708 2684 prostraturus
1754 2615 1868 2668 mi-

263 2700 422 2756 robili
453 2717 546 2755 sua
573 2701 860 2771 prudentia
891 2710 1052 2772 atque
1079 2702 1332 2758 facundia
1359 2703 1528 2774 (137).
1554 2704 1682 2758 Erat
1705 2719 1866 2758 nam-

267 2804 374 2861 que
403 2789 488 2845 vir
519 2790 609 2844 ille
641 2791 984 2846 abstinentiae
1012 2791 1302 2864 singularis
1329 2808 1445 2862 usu,
1487 2800 1540 2847 et
1569 2793 1869 2847 ferreorum

265 2877 604 2935 vinculorum
651 2895 792 2935 nexu
834 2880 1076 2949 undique
1108 2881 1186 2935 sic
1214 2881 1449 2949 attritus,
1478 2890 1535 2936 ut
1565 2881 1654 2935 vix
1679 2889 1868 2951 posset

268 2967 494 3022 inveniri
526 2969 741 3037 modus,
776 2984 884 3039 quo
915 2969 1036 3039 ejus
1065 2969 1307 3039 corporis
1337 2969 1680 3025 imbecillitas
1710 2971 1866 3026 fove-

266 3063 434 3125 retur,
483 3055 551 3110 ad
603 3057 878 3127 equitandi
923 3072 1058 3112 onus
1104 3074 1272 3129 grave
1311 3067 1599 3129 utcumque
1631 3058 1867 3114 toleran-

268 3145 397 3199 dum
423 3121 600 3214 (138).
635 3121 700 3199 Iit
727 3146 857 3216 quia
888 3146 993 3201 levi
1024 3121 1343 3217 plerumque
1372 3121 1628 3202 seandalo
1667 3147 1870 3203 offendi
1900 3121 1947 3181 Ο

266 3241 498 3304 poterat,
531 3250 752 3289 necesse
790 3234 1027 3290 habebat
1083 3251 1229 3305 saepe
1279 3235 1458 3306 aliqua
1490 3236 1869 3292 satisfactione

263 3321 496 3392 placari.
527 3324 622 3377 Ad
653 3340 812 3393 quam
843 3340 957 3378 rem
989 3324 1314 3379 venerabilis
1342 3326 1503 3396 Hugo
1536 3325 1609 3379 ita
1638 3341 1696 3379 se
1718 3323 1868 3378 incli-

266 3411 448 3480 nabat,
491 3420 550 3466 ut
605 3411 722 3481 ejus
769 3413 1014 3467 animum
1045 3414 1362 3468 reformaret
1392 3413 1463 3467 ad
1495 3411 1868 3482 tranquillita-

268 3507 396 3568 tem,
436 3515 501 3556 ac
542 3500 585 3554 si
633 3501 770 3556 alter
809 3501 1075 3556 Martinus
1122 3509 1280 3567 esset,
1331 3501 1420 3570 qui
1476 3500 1612 3555 nihil
1662 3508 1872 3571 putaret

268 3586 575 3659 indignum,
609 3589 758 3661 quod
807 3589 1084 3644 humilitas
1115 3591 1389 3661 agendum
1421 3589 1687 3645 suaderet.
1735 3589 1870 3644 Cum

272 3691 405 3748 ergo
457 3677 697 3732 venisset
743 3677 1056 3734 Cluniacum
1107 3678 1242 3732 alter
1287 3678 1376 3732 ille
1425 3677 1742 3750 Gregorius,
1778 3694 1875 3746 per

273 3765 597 3835 eloquentiae
654 3766 979 3836 ubertatem,
1017 3783 1126 3822 non
1182 3774 1362 3822 tamen
1420 3782 1517 3838 per
1560 3765 1874 3837 apostolicae

270 3853 397 3909 vitae
423 3854 812 3924 aequalitatem,
845 3854 1178 3925 vidissetque
1207 3857 1595 3911 humanitatem
1626 3856 1674 3910 ei
1703 3854 1874 3910 disci-

267 3940 492 4011 plinam,
536 3940 861 4014 virgamque
920 3948 974 3998 et
1028 3943 1280 4000 baculum
1331 3943 1666 4014 contulisset,
1715 3943 1879 4014 caepit

269 4031 475 4086 haerere
504 4046 568 4087 ac
588 4040 824 4102 stupere,
854 4032 1085 4103 qualiter
1124 4033 1295 4088 sancti
1338 4049 1483 4101 esse,
1530 4041 1621 4087 aut
1655 4041 1877 4088 sanctos

267 4118 596 4176 institutores
651 4120 852 4176 habere
899 4129 1140 4191 possent,
1175 4122 1266 4194 qui
1320 4122 1484 4176 tantis
1532 4122 1878 4177 abundarent

266 4208 456 4270 bonis;
489 4216 544 4265 et
570 4225 783 4264 rursum
815 4211 1091 4280 quomodo
1133 4226 1240 4265 non
1282 4211 1451 4265 sancti
1499 4227 1620 4266 esse
1653 4218 1877 4282 possent

269 4305 361 4352 aut
393 4298 593 4369 perire,
643 4298 734 4370 qui
783 4305 891 4352 tam
935 4298 1128 4354 devote
1176 4299 1500 4354 sustinerent
1550 4307 1660 4354 tam
1709 4314 1878 4371 grave

266 4388 486 4458 pondus
544 4387 747 4444 laboris
815 4396 867 4443 et
939 4387 1238 4444 custodiam
1325 4387 1641 4444 monasticae
1707 4387 1876 4444 disci-

262 4476 454 4547 plinae.

338 4682 486 4746 (136)
509 4681 588 4736 Ad
617 4697 816 4736 annum
845 4681 983 4736 1002
1012 4681 1134 4736 haec
1167 4681 1333 4738 refert
1354 4681 1631 4748 Baronius,
1665 4689 1714 4736 et
1742 4697 1867 4737 cau-

267 4769 384 4806 sam
418 4761 579 4808 motae
627 4761 811 4808 contra
843 4752 1225 4807 Cluniacenses
1263 4753 1644 4808 controversiae
1677 4754 1872 4807 fatetur

263 4825 548 4895 ignorare;
583 4825 852 4894 conjectat
897 4831 1075 4877 autem
1109 4823 1439 4895 Gaufredum
1470 4822 1871 4895 comitemAn-

265 4893 632 4959 d‘egavensem
671 4895 946 4949 turbarum
977 4902 1253 4949 auctorem
1285 4893 1467 4959 fuisse,
1499 4893 1673 4948 citans
1703 4893 1870 4948 vitam

264 4966 323 5037 S.
346 4964 630 5037 llugonis.
665 4965 773 5022 Sed
815 4965 965 5037 huic
994 4965 1126 5037 nihil
1160 4964 1363 5036 negotii
1384 4980 1514 5037 cum
1545 4964 1870 5020 Cluniacen-

264 5036 418 5090 sibus
450 5035 575 5090 'fuit
626 5055 637 5091 :
697 5038 754 5092 S.
815 5035 1025 5091 Martini
1085 5035 1426 5090 Turonensis
1484 5037 1871 5091 monasterium

264 5107 501 5178 petebat.
551 5108 683 5161 Rem
740 5115 907 5162 totam
966 5107 1215 5178 explicat
1253 5107 1588 5162 Bibliotheca
1628 5107 1870 5168 Cluniae.

262 5177 372 5233 col.
405 5180 530 5245 309,
572 5194 831 5234 enarraus
887 5177 1336 5241 controversiam,
1371 5178 1511 5232 inter
1567 5179 1870 5234 Droconem

262 5249 716 5304 Matisconensem
767 5259 820 5305 et
878 5251 1164 5320 Hugonem
1216 5249 1627 5304 Cluuiacensem
1690 5264 1870 5304 coram

261 5321 424 5393 Petro
441 5320 722 5393 Damiano
765 5320 1046 5393 agitatam,
1107 5336 1173 5375 eo
1213 5336 1496 5393 successu,
1555 5330 1615 5375 ut
1669 5321 1871 5386 Droco,

262 5391 358 5463 qui
428 5391 823 5447 Cluniacenses’
877 5392 1350 5447 excommunicare
1425 5401 1871 5462 praesumpserat,

268 5462 492 5535 coactus
517 5464 587 5517 sit
609 5479 670 5518 se
698 5479 935 5534 purgare
964 5463 1266 5535 ignorantia
1293 5462 1706 5535 privilegiorum
1724 5465 1870 5535 Apo-

263 5532 511 5588 stolicam
584 5532 728 5590 anno
787 5532 948 5601 1063,
989 5532 1192 5590 'coram
1245 5532 1870 5601 cencilio’Catiloneusi,

261 5604 338 5662 ob
368 5619 495 5662 eam
526 5619 745 5665 causam
771 5613 1092 5664 convocato.

1979 1817 2163 1888 exigat
2190 1817 2591 1872 condimentum
2624 1817 2777 1886 salis,
2809 1826 2861 1874 et
2889 1819 2932 1872 si
2962 1834 3072 1873 non
3103 1819 3457 1876 adhibueritis
3487 1821 3590 1874 sal-

1980 1913 2090 1961 tem
2118 1906 2405 1959 minimum
2436 1905 2664 1977 digitum
2685 1915 2946 1971 vestrum,
2967 1922 3313 1978 nequaquam
3333 1907 3586 1977 judicare

1981 1995 2050 2050 de
2079 2010 2248 2050 onere
2275 1995 2511 2050 fraterno
2545 1995 2780 2051 discrete
2809 2012 2872 2051 ac
2899 1996 3067 2068 digne
3097 1995 3371 2052 valebitis.
3399 2020 3421 2043 ιι
3455 1996 3582 2064 Qui-

1980 2082 2083 2138 bus
2113 2082 2206 2138 ille
2226 2083 2439 2151 auditis,
2465 2083 2708 2140 sentiens
2737 2083 2904 2139 fascis
2925 2083 3237 2154 hujusmodi
3263 2084 3588 2156 gravitatem

1981 2171 2096 2226 suis
2125 2171 2327 2227 viribus
2356 2173 2784 2241 importabilem,
2808 2173 3045 2228 cessavit
3065 2189 3096 2226 a
3124 2173 3386 2244 petitione
3406 2173 3590 2244 ingra-

1981 2259 2146 2316 vandi
2182 2261 2458 2330 ponderis,
2491 2269 2543 2315 et
2585 2261 2933 2332 semetipsum
2990 2262 3155 2332 coepit
3209 2270 3583 2332 repercutere,

1983 2350 2128 2405 unde
2158 2349 2294 2404 alios
2328 2348 2487 2404 ferire
2528 2349 2720 2416 voluit,
2753 2349 2876 2419 quia
2923 2349 3174 2421 sagittam
3222 2352 3293 2405 ad
3339 2367 3434 2406 eos
3461 2351 3579 2408 sine

1983 2453 2083 2494 suo
2119 2439 2341 2494 vulnere
2383 2437 2630 2509 nequivit
2679 2437 2934 2510 dirigere,
2967 2437 3276 2510 intelligens
3321 2455 3579 2511 magnum

1983 2542 2102 2583 esse
2125 2543 2353 2599 pensum
2382 2525 2535 2596 illud,
2568 2542 2632 2582 ac
2672 2527 2873 2582 debere
2917 2525 3158 2582 sufﬁcere
3200 2528 3344 2598 quod
3377 2543 3582 2600 appre-

1983 2616 2219 2672 hendere
2242 2616 2359 2686 ipse
2385 2630 2494 2671 non
2523 2624 2726 2687 posset,
2760 2615 2850 2684 qui
2879 2615 2934 2669 in
2957 2623 3101 2670 tanto
3116 2615 3406 2672 videbatur
3431 2625 3581 2673 stare

1982 2705 2238 2761 virtutum
2283 2703 2537 2760 culmine.
2597 2703 2852 2759 Eruditus
2896 2703 3080 2774 itaque
3127 2705 3352 2774 praesul,
3409 2707 3580 2762 multo

1981 2792 2246 2848 eruditior
2272 2792 2430 2848 rediit
2461 2809 2624 2864 quam
2650 2793 2817 2861 venit,
2851 2808 3216 2864 magnumqae
3265 2795 3580 2849 thesaurum

1979 2881 2258 2954 fugiendae
2286 2882 2461 2936 inanis
2507 2880 2698 2953 glorias
2732 2890 2786 2936 et
2813 2880 3159 2952 capessendae
3187 2897 3331 2938 verae
3359 2881 3574 2938 humili-

1982 2969 2106 3024 tatis
2133 2984 2315 3025 secum
2348 2969 2665 3038 reportavit.

2051 3061 2139 3113 16.
2174 3057 2508 3113 Venerabilis
2555 3059 2733 3130 Hugo,
2781 3058 2944 3128 hujus
2989 3057 3161 3114 sancti
3209 3058 3585 3114 Cluniacensis

1977 3146 2210 3201 coenobii
2240 3146 2433 3212 abbas,
2467 3162 2577 3200 non
2627 3146 2790 3200 modo
2851 3145 2909 3199 in
2955 3146 3251 3202 monastica
3293 3146 3579 3218 religione,

1976 3251 2165 3290 verum
2195 3235 2361 3290 etiam
2393 3234 2451 3287 in
2482 3233 2680 3288 divinis
2712 3232 2923 3302 ofﬁciis,
2970 3249 3072 3304 per
3113 3233 3211 3288 Dei
3241 3234 3472 3304 gratiam
3512 3234 3582 3288 ad

1978 3322 2208 3378 meliora
2253 3323 2632 3394 provehendis,
2666 3329 2777 3377 tota
2826 3320 2995 3376 animi
3045 3322 3310 3376 industria
3355 3324 3584 3379 solerter

1977 3411 2292 3482 invigilans,
2354 3410 2596 3466 decrevit
2651 3425 2772 3465 cum
2833 3410 3107 3465 communi
3164 3409 3387 3465 fratrum
3443 3426 3582 3466 con-

1978 3500 2120 3566 silio,
2165 3508 2223 3554 ut
2269 3500 2326 3554 in
2367 3499 2456 3554 die
2495 3507 2684 3555 sancto
2731 3501 3100 3566 Pentecostes,
3132 3500 3385 3572 hymnus,
3441 3499 3582 3557 Veni

1985 3591 2222 3646 Creator
2253 3586 2511 3660 Spiritus
2541 3588 2710 3659 (139),
2743 3588 2797 3641 in
2829 3588 2962 3643 hora
2992 3589 3145 3643 tertia
3187 3587 3580 3658 decantaretur,

1980 3677 2071 3750 qui
2119 3677 2373 3732 videlicet
2403 3676 2625 3732 minime
2673 3684 2835 3732 antea
2881 3677 3195 3746 cauebatur,
3229 3693 3339 3749 quo
3381 3677 3588 3734 scilicet

1982 3767 2225 3836 ejusdem
2288 3766 2571 3835 Paracleti,
2604 3766 2658 3820 id
2717 3773 2820 3835 est,
2853 3768 3229 3824 consolatoris
3282 3767 3588 3825 visitatione

1982 3857 2300 3928 compungi,
2332 3871 2520 3911 amore
2549 3854 2880 3910 inflammari
2937 3863 2990 3910 et
3054 3855 3225 3928 gratia
3278 3873 3586 3912 mereamur

1980 3944 2260 4000 illustrari.
2301 3945 2478 4016 thue
2507 3943 2630 3998 huic
2676 3952 2781 3998 tam
2818 3944 3192 4000 saluberrima
3220 3945 3446 4001 orationi
3475 3946 3582 3999 bo-

1984 4049 2113 4087 num
2144 4031 2506 4102 eleemosynm
2528 4030 2943 4104 suﬁ'ragaretur,
2965 4032 3259 4097 constituit,
3284 4041 3341 4087 ut
3357 4033 3475 4103 ipso
3492 4033 3583 4088 die

1983 4121 2267 4177 abundans
2297 4120 2518 4175 reiectio
2545 4135 2576 4174 a
2602 4119 2870 4190 magistro
2909 4119 3149 4176 ecclesias
3179 4120 3402 4176 custode
3439 4135 3582 4191 pau-

1983 4210 2206 4281 peribus
2236 4208 2598 4276 exhiberetur,
2630 4207 2699 4263 de
2722 4223 2886 4277 pane,
2915 4207 3041 4262 vino
3072 4215 3124 4262 et
3159 4223 3338 4274 carne,
3371 4206 3460 4262 tali
3489 4224 3582 4261 ra-

1983 4299 2131 4354 tione
2161 4306 2220 4352 ut
2260 4305 2495 4369 quantus
2533 4295 2586 4350 in
2637 4295 2923 4351 festivitate
2964 4295 3125 4351 fuerit
3170 4312 3424 4351 numerus
3466 4296 3585 4351 fra-

1983 4397 2144 4455 trum,
2180 4395 2254 4443 tot
2285 4388 2451 4443 etiam
2480 4401 2748 4456 pauperes
2775 4384 3141 4440 reficerentur.
3175 4383 3270 4440 Sin
3310 4400 3445 4440 vero
3474 4401 3581 4440 nu-

1893 4475 1951 4538 D
1983 4492 2186 4532 merum
2217 4476 2442 4531 fratrum
2493 4491 2591 4548 per
2632 4491 2690 4530 se
2730 4475 2868 4530 scire
2898 4473 3222 4546 nequiverit,
3274 4490 3306 4528 a
3335 4473 3585 4531 ministro

2054 4683 2199 4753 (137)
2232 4681 2398 4753 Multa
2426 4681 2496 4735 de
2521 4681 2623 4734 hac
2654 4679 2712 4734 S.
2748 4677 2887 4734 Petri
2925 4677 3198 4753 legatione
3238 4676 3464 4753 dicenda
3495 4676 3585 4753 hic

1983 4747 2189 4821 forent,
2210 4752 2313 4807 nisi
2370 4752 2424 4806 id
2483 4758 2663 4806 actum
2704 4757 2844 4805 esset
2887 4747 3008 4805 ante
3055 4747 3228 4821 ipsius
3267 4749 3466 4817 Vitam,
3515 4752 3581 4804 23

1986 4824 2162 4894 Feh.§
2190 4827 2252 4879 5.

2056 4949 2202 5016 (138)
2235 4947 2436 5015 Quanti
2473 4944 2673 5001 deinde
2703 4944 2894 4999 fecerit
2921 4941 3224 5016 disciplinae
3249 4942 3581 5016 Cluniacen-

1981 5014 2468 5087 sispraistantiam,
2500 5016 2681 5072 testari
2725 5021 2975 5085 poterunt
3023 5014 3142 5087 ejus
3175 5014 3438 5087 epistolas,
3461 5025 3583 5086 post

1981 5084 2207 5145 reditum
2242 5089 2294 5142 in
2314 5089 2542 5153 Italiam,
2576 5088 2646 5142 ad
2673 5084 2995 5141 conventum
3026 5084 3307 5156 ipsumque
3327 5084 3581 5141 abbatem

1982 5162 2096 5230 ejus
2125 5161 2412 5230 Hugonem
2443 5161 2603 5225 date,
2638 5173 2758 5227 quae
2787 5163 3072 5228 propterea
3101 5156 3259 5212 etiam
3289 5157 3345 5212 in
3386 5156 3582 5212 biblio-

1981 5236 2138 5288 theca
2162 5230 2406 5288 collecta
2436 5230 2781 5287 exhibentur.

2057 5354 2388 5435 (139)_Hunc
2435 5353 2598 5435 ritum
2653 5354 2900 5435 Romana
2946 5351 3210 5435 Ecclesia.
3235 5349 3581 5435 postmodum

1983 5425 2238 5495 suscepit,
2289 5434 2339 5480 et
2370 5425 2513 5497 apud
2557 5441 2748 5482 omnes
2778 5427 3018 5482 Romano
3063 5425 3328 5482 breviario
3368 5427 3580 5484 utentes

1983 5505 2322 5554 perseverat.

1981 5511 2322 5568 perseverat.
