4032 6078
485 284 589 339 927

1578 275 1635 331 s.
1678 274 1993 331 llUGONlS
2030 274 2315 334 seems
2369 277 2689 347 CLUNIAC.

3694 281 3815 334 928

480 405 777 474 refectorii,
807 406 893 460 vel
925 421 955 459 a
985 404 1209 460 custode
1255 401 1615 469 inﬁrmorum,
1649 415 1836 457 eorum
1875 416 2073 455 nume-
2101 401 2156 463 Α
2187 400 2332 459 dicto
2362 417 2595 473 vespera
2624 403 2808 459 omnia
2853 405 3016 477 signa
3063 406 3349 476 pulsentur
3389 421 3487 475 pro
3521 403 3812 476 vesperis,

482 510 607 550 rum
653 496 845 549 discat.
898 494 966 548 Et
995 500 1052 547 ut
1081 500 1186 547 tam
1216 489 1348 547 boni
1378 489 1560 561 operis
1588 489 1870 562 premium
1902 505 1935 543 a
1966 490 2081 544 Do-

481 583 630 638 mino
687 589 1131 651 consequeretur,
1168 580 1444 636 decretum
1488 586 1573 633 est
1617 585 1675 632 ut
1703 578 1828 649 ipso
1875 577 1966 633 die
2013 578 2081 633 ad

484 672 742 740 majorem
798 670 1039 739 missam,
1096 677 1220 741 post
1276 669 1510 739 primam
1565 666 1848 723 collectam
1904 667 2085 723 missae

482 758 786 825 familiaris,
816 760 1174 830 omnipotens
1198 759 1542 830 sempiterno
1563 758 1729 823 Deus,
1764 771 1860 827 pro
1890 770 1955 811 eo
1983 755 2085 810 sub

480 847 697 903 silentio
762 847 978 902 dicatur
1042 861 1075 901 a
1130 847 1429 902 sacerdote.
1490 846 1662 914 Hujus
1708 844 1888 915 itaque
1941 860 2083 915 prae-

478 936 621 1008 cepti
651 935 1059 992 roboratoribus
1087 943 1250 1007 atque
1280 933 1715 990 observatoribus
1744 948 1879 1003 pax,
1913 931 2079 1000 salus,

482 1033 543 1080 et
569 1025 741 1097 gratia
768 1042 801 1080 a
830 1025 945 1080 Deo
975 1025 1154 1091 Patre,
1189 1031 1243 1079 et
1288 1025 1413 1079 Jesu
1456 1022 1666 1077 Christo
1697 1021 1833 1076 Filio
1860 1022 2000 1092 ejus,
2034 1028 2087 1076 et

487 1113 689 1185 Spiritu
740 1122 930 1169 sancto
987 1113 1281 1185 paracleto.
1332 1110 1803 1181 Contemptoribus
1844 1125 1978 1166 vero
2024 1126 2088 1166 ac

485 1201 870 1270 violatoribus,
902 1201 957 1256 ni
984 1203 1093 1257 cito
1121 1200 1488 1272 poenituerint,
1520 1199 1598 1255 ira
1626 1199 1871 1269 ejusdem
1901 1199 2083 1254 omni-

481 1291 723 1361 potentis
768 1298 825 1345 et
868 1290 1052 1345 aeterni
1081 1289 1308 1356 Judicis,
1339 1288 1482 1361 ignis
1510 1287 1668 1343 etiam
1709 1287 2083 1360 inexstingui-

481 1378 608 1433 bilis
634 1386 838 1434 aeterna
864 1378 1167 1434 damnatio.
1188 1379 1479 1434 Decretum
1501 1384 1583 1432 est
1610 1376 1773 1431 etiam
1798 1378 1867 1430 ab
1889 1377 2083 1431 eodem

482 1467 645 1523 Patre
672 1483 794 1522 eum
823 1482 1089 1522 consensu
1121 1468 1369 1532 fratrum,
1402 1465 1660 1538 generale
1701 1463 1936 1520 ofﬁcium
1967 1464 2083 1520 ﬁeri

479 1554 713 1627 singulis
740 1554 924 1623 anuis,
959 1554 1090 1610 feria
1119 1572 1152 1608 v
1181 1563 1307 1626 post
1333 1562 1554 1610 octavos
1581 1555 1948 1621 Pentecostes,
1983 1568 2082 1624 pro

474 1643 688 1698 cunctis
726 1643 779 1696 in
838 1644 1152 1698 cmmetorio
1203 1643 1360 1711 hujus
1406 1642 1509 1697 loci
1549 1640 1974 1712 quiescentibus,
2007 1640 2082 1696 ita
2110 1669 2162 1731 Β

476 1738 536 1787 ut
588 1730 731 1787 sicut
777 1730 831 1785 iu
886 1731 1176 1787 festivitate
1225 1730 1481 1787 Omnium
1512 1731 1831 1786 Sanctorum
1880 1730 2078 1803 agitur,

478 1912 2171 1939 ,___________________.._____.__

2185 506 2249 546 ac
2276 499 2399 561 post
2426 506 2639 548 omnem
2669 507 2768 563 pro
2795 491 3008 564 (ofﬁcio,
3042 502 3095 549 et
3138 495 3193 549 in
3235 494 3481 567 sequenti
3538 495 3630 550 die
3691 510 3815 564 pro

2185 578 2352 634 missa
2382 579 2436 634 in
2484 595 2586 650 qua
2617 588 2833 648 tractus,
2866 582 2945 636 De
2981 581 3304 654 profundis,
3344 598 3377 637 a
3407 582 3624 638 duobus
3650 598 3815 637 can-

2188 667 2397 723 toribus
2446 676 2684 737 canatur,
2718 670 3003 740 cunctique
3058 673 3369 727 sacerdotes
3423 671 3512 740 qui
3557 670 3653 725 illo
3707 670 3812 725 die

2184 756 2521 811 cantaverint
2546 756 2781 825 missam,
2800 760 2948 814 Deus
2972 761 3142 831 cujus
3162 760 3548 827 miseratione,
3573 758 3808 830 specia-

2185 845 2312 899 liter
2340 860 2446 915 pro
2493 845 2600 900 illis
2644 854 2880 914 cantent,
2911 857 2965 901 et
3010 848 3118 902 allii
3167 848 3408 918 psalmos
3452 856 3685 918 septem,
3733 863 3809 902 ac

2186 933 2472 990 duodecim
2520 949 2787 1005 pauperes
2844 935 3168 1002 reficiantur,
3200 941 3256 991 et
3285 936 3546 1007 quidquid
3593 935 3806 992 eadem

2184 1022 2273 1078 die
2298 1022 2369 1078 de
2398 1023 2692 1079 refectione
2720 1026 3065 1093 remanserit,
3114 1026 3471 1097 eleemosynaa
3499 1024 3803 1091 tribuatur,

2183 1110 2291 1167 Sed
2320 1119 2374 1167 et
2403 1126 2501 1182 per
2536 1113 2719 1168 omnia
2754 1113 2877 1169 loca
2904 1113 3033 1169 huic
3063 1114 3182 1170 laco
3212 1115 3475 1184 subjecta,
3508 1116 3612 1170 hoc
3640 1113 3803 1169 idem

2184 1200 2275 1272 agi
2306 1216 2405 1270 pro
2435 1200 2701 1273 cujusque
2747 1202 2852 1258 loci
2892 1203 3182 1258 caemeterii
3223 1203 3490 1258 defunctis
3519 1202 3801 1257 sancitum

2185 1297 2285 1357 est,
2315 1288 2564 1345 videlicet
2594 1296 2653 1344 ut
2682 1290 2735 1344 in
2767 1292 3129 1358 monasteriis,
3160 1290 3251 1346 ubi
3281 1291 3641 1363 congregatio
3667 1290 3796 1345 fra-

2185 1384 2322 1433 trum
2355 1386 2455 1443 est,
2488 1394 2586 1434 nec
2617 1379 2797 1433 minus
2846 1380 2950 1435 hoc
2996 1378 3331 1451 perﬁciatur.
3366 1380 3475 1434 Sed
3520 1380 3577 1433 in
3632 1378 3801 1434 cellis

2184 1466 2276 1520 ubi
2307 1480 2416 1522 non
2457 1466 2581 1537 plus
2626 1484 2789 1539 quam
2821 1467 3059 1539 quinque
3087 1476 3178 1524 aut
3207 1477 3314 1524 tres
3353 1476 3795 1532 commorantur,

2185 1553 2232 1608 si
2291 1561 2368 1610 tot
2410 1570 2675 1626 pauperes
2705 1556 2928 1611 reﬁcere
2960 1563 3253 1628 nequeunt,
3284 1556 3481 1612 saltem
3525 1555 3616 1611 vel
3658 1564 3800 1628 quot

2184 1651 2309 1698 sunt
2350 1642 2561 1711 fratres,
2595 1651 2672 1699 tot
2700 1652 3014 1716 pascantur.

990 2043 1535 2147 SANCTI
1668 2040 2332 2146 HUGONIS
2444 2045 3259 2152 EPISTOLIE.

776 2374 777 2377 η
976 2313 1310 2369 EPISTOLA
1347 2312 1581 2369 PRIMA.

729 2418 803 2460 ΑΙ)
843 2417 1178 2458 Μιιιεωιυιί
1226 2418 1245 2456 ι
1282 2415 1583 2458 ΑΝϐιιοιιωί
1621 2417 1831 2457 REGBM.

488 2493 643 2575 Regi
663 2491 1036 2565 supplicando
1069 2492 1290 2575 petenti
1304 2494 1369 2546 ut
1390 2508 1493 2575 sex
1509 2490 1581 2546 ad
1609 2490 2083 2575 eum-monachos,

553 2562 655 2619 sub
677 2562 878 2618 annua
897 2578 1001 2635 pro
1032 2562 1259 2634 singulo
1293 2566 1529 2635 centum
1551 2563 1779 2635 argenti
1810 2562 2087 2635 librarum

553 2635 845 2707 pensione,
870 2633 1472 2707 mitteret,1'espondet
1492 2633 1827 2707 petitionem
1842 2633 1987 2707 eius,
2018 2636 2087 2687 ut

541 2702 801 2761 uenalem
826 2708 885 2759 et
911 2702 1083 2775 quasi
1103 2702 1515 2772 Simoniacam',
1558 2704 1788 2760 omnino
1816 2703 2085 2775 reficien-

560 2776 717 2830 dam.

1091 2845 1273 2911 (Anno
1302 2845 1486 2914 1078.)

757 2929 1126 3004 [Bibliotheca
1159 2931 1569 2997 Cluniacensis,
1594 2950 1651 3004 p.
1677 2932 1825 3005 453.]

565 3018 755 3076 Petitio
810 3028 1008 3088 vestra,
1068 3019 1288 3075 domine
1343 3036 1456 3086 rex,
1502 3019 1781 3075 descendit
1836 3036 1899 3076 ex
1951 3021 2091 3076 bona

488 3109 786 3177 voluntate,
812 3107 902 3179 qui
925 3108 1084 3165 vultis
1114 3115 1329 3180 gentem
1363 3107 1519 3163 vobis
1548 3123 1580 3163 a
1604 3109 1715 3164 Deo
1739 3108 1991 3164 traditam
2022 3109 2091 3163 ad

493 3198 725 3253 salutem
779 3212 934 3252 suam
985 3196 1261 3252 ordinare.
1310 3197 1508 3251 Verum
1556 3197 1697 3254 sicut
1742 3198 1969 3268 dignum
2015 3205 2095 3253 est

492 3295 686 3342 vestrae
717 3285 982 3351 maiestati
1030 3284 1174 3356 quod
1230 3286 1451 3355 poscitis
1492 3285 1567 3341 ita
1614 3286 1759 3358 quod
1791 3286 2091 3358 injungitis,

496 3373 853 3445 incongruam
892 3381 982 3429 est
1009 3382 1212 3429 nostra:
1232 3373 1411 3438 saluti,
1438 3381 1493 3427 ut
1522 3373 1731 3428 animas
1761 3390 1893 3444 quas
1921 3374 1975 3428 iu
2008 3390 2097 3445 pe-

491 3462 670 3518 riculo
708 3462 906 3518 animae
938 3478 1094 3531 meae,
1127 3470 1181 3517 et
1225 3462 1417 3531 capitis
1464 3462 1569 3517 mei
1600 3463 1835 3533 suscepi,
1869 3464 2097 3516 vendam

2763 2320 3103 2378 EPISTOLA
3142 2322 3215 2378 Il.

2570 2450 2647 2490 AD
2684 2450 3084 2492 IOISIACBNSBS
3122 2453 3396 2493 FRATRES.

2789 2536 2967 2604 (Anno
2999 2534 3181 2606 10⁸78.)

2506 2639 2729 2713 [MabilL
2757 2640 3198 2698 Annal.Bened.
3224 2643 3285 2709 V,
3321 2642 3476 2716 130.1

2258 2745 2599 2802 Dulcissimis
2625 2756 2676 2802 et
2704 2747 3091 2803 amantissimis
3125 2749 3378 2804 fratribus
3407 2766 3470 2805 ac
3500 2748 3649 2815 filiis,
3686 2748 3792 2804 sub

2187 2835 2489 2904 patrocinio
2515 2835 2796 2891 beatorum
2830 2837 3199 2907 apostolorum
3224 2838 3363 2893 Petri
3385 2847 3437 2893 et
3458 2837 3608 2893 Pauli
3639 2836 3794 2908 apud

2192 2922 2505 2979 Moisiacum
2528 2924 3021 2997 degentibus,fratri
3046 2926 3323 2982 HUNALDO
3339 2925 3542 2994 abbati,
3560 2925 3793 2981 salutem

2192 3010 2492 3066 animarum
2523 3021 2575 3067 et
2617 3028 2905 3083 corporum
2955 3023 3006 3068 ct
3044 3022 3303 3069 aeternam
3333 3013 3793 3071 benedictionem.

2266 3100 2555 3171 Noveritis,
2578 3100 2672 3155 ﬁlii
2703 3101 3022 3168 cliarissimi,
3055 3103 3285 3175 qualiter
3311 3119 3409 3159 vos
3454 3118 3674 3174 semper
3703 3102 3792 3156 di-

2194 3187 2448 3255 leximus,
2479 3206 2758 3262 quamque
2786 3190 3007 3260 speciali
3038 3207 3222 3247 amore
3270 3192 3448 3247 locum
3495 3191 3646 3246 illum
3677 3207 3795 3262 pra:

2197 3278 2450 3333 omnibus
2504 3280 2943 3352 congregationis
2988 3287 3185 3335 nostra:
3241 3279 3374 3334 locis
3422 3279 3713 3335 habuimus
3746 3286 3801 3334 et

2198 3366 2605 3423 honoravimus.
2640 3369 2754 3425 Hoc
2777 3383 3012 3441 namque
3042 3367 3391 3439 privilegium
3413 3367 3570 3423 vobis
3590 3375 3643 3422 et
3678 3368 3800 3424 loco

2199 3464 2385 3511 vestro
2440 3472 2656 3526 semper
2725 3456 2987 3511 cessimus
3070 3464 3124 3512 et
3176 3457 3545 3524 concedimus,
3616 3465 3677 3511 ut
3750 3456 3803 3511 in

495 3550 693 3605 terreni
729 3549 1069 3605 mercimonii
1115 3549 1430 3621 cupiditate,
1476 3558 1529 3605 et
1575 3551 1786 3605 mittam
1817 3551 1871 3604 in
1900 3550 2096 3621 perdi-
2127 3560 2177 3623 α
2204 3560 2388 3599 amore
2445 3552 2497 3599 et
2557 3546 2763 3601 honore
2824 3553 2985 3615 atque
3047 3546 3315 3600 memoria
3366 3544 3806 3617 congregationis

497 3638 716 3706 tionem,
747 3646 839 3692 aut
883 3637 1199 3709 generalem
1239 3646 1336 3692 aut
1364 3637 1673 3709 specialem,
1707 3638 1962 3693 videlicet
2000 3638 2095 3693 ubi

496 3732 592 3780 aut
619 3732 934 3791 omnes,aut
964 3724 1129 3795 aliqui
1155 3740 1341 3779 eorum
1371 3734 1615 3794 pereant,
1649 3734 1698 3779 et
1728 3741 1833 3801 ego
1864 3742 1964 3796 pro
1989 3725 2099 3780 illis

497 3813 767 3867 rationem
793 3813 909 3868 Deo
931 3812 1177 3877 reddam,
1204 3813 1350 3881 apud
1383 3829 1541 3883 quem
1566 3813 1699 3867 nihil
1722 3815 1865 3869 valet
1883 3830 2098 3879 aurum,

498 3900 740 3971 nihilque
790 3900 1014 3970 prodest
1058 3908 1365 3972 argentum,
1397 3909 1487 3956 aut
1532 3912 1914 3973 argumentum
1945 3917 2101 3958 vanae

501 3988 1189 4057 excusationis.Quomodo
1218 4005 1349 4061 ergo
1371 3989 1571 4044 faciam
1594 4005 1694 4061 pro
1717 3990 1832 4046 ullo
1858 4007 2100 4059 munere,

502 4076 647 4149 quod
676 4077 720 4132 si
752 4078 988 4133 facerem
1022 4094 1123 4149 pro
1154 4087 1263 4133 toto
1295 4079 1516 4147 mundo,
1551 4079 1680 4133 mihi
1713 4095 1905 4148 parum
1936 4088 2101 4148 esset,

503 4183 625 4223 cum
672 4182 770 4238 pro
823 4182 932 4221 uno
987 4182 1054 4221 ex
1105 4168 1182 4222 eis
1221 4167 1436 4237 perdito
1465 4167 1747 4237 perirem?
1788 4167 1927 4236 Quid
1957 4169 2103 4223 enim

499 4254 715 4329 proﬁcit
768 4254 974 4310 homini
1030 4255 1071 4309 si
1131 4254 1437 4311 universum
1514 4255 1771 4310 mundum
1839 4258 2103 4326 lucretur,

500 4344 737 4413 seipsum
789 4351 969 4398 autem
1025 4343 1234 4413 perdat,
1267 4352 1322 4398 et
1367 4343 1746 4399 detrimentum
1779 4344 1861 4399 sui
1894 4344 2106 4399 faciat?

501 4432 691 4503 Igitur,
724 4431 1041 4487 charissima
1070 4430 1310 4495 domine,
1343 4434 1444 4486 hoc
1474 4432 1641 4487 nolite
1671 4450 1703 4487 a
1746 4449 1834 4488 me
1862 4448 2107 4503 quaerere

503 4520 648 4589 quod
678 4517 855 4575 facere
900 4518 998 4575 nisi
1048 4534 1171 4573 cum
1217 4518 1526 4588 perditione
1574 4536 1697 4573 mea
1726 4536 1833 4574 non
1864 4536 2105 4603 possum,

503 4608 631 4679 quia
687 4606 836 4662 nullo
891 4604 1066 4676 pretio
1112 4607 1236 4662 volo
1284 4607 1521 4662 animam
1563 4623 1741 4661 meam
1773 4608 2105 4675 venundare,

506 4712 668 4768 quam
691 4695 939 4766 profecto
969 4694 1216 4750 venalem
1247 4696 1454 4763 darem,
1492 4694 1535 4749 si
1565 4711 1726 4750 unum
1757 4711 1826 4751 ex
1860 4696 2114 4750 fratribus

505 4781 639 4836 mihi
662 4781 965 4837 commissis
997 4782 1265 4837 mitterem
1296 4782 1389 4837 ubi
1418 4782 1568 4837 illum
1601 4783 1922 4852 perderem;
1957 4791 2010 4839 et
2038 4782 2110 4838 li-

507 4869 718 4925 bentius
758 4886 861 4942 ego
907 4872 1201 4941 pecuniam
1232 4872 1417 4926 darem
1448 4887 1549 4943 pro
1577 4871 1957 4942 comparandis
1986 4888 2113 4927 mo-

506 4958 700 5014 nachis
730 4959 923 5028 quibus
952 4959 1112 5014 valde
1142 4958 1386 5032 indigeo,
1419 4975 1516 5031 per
1543 4959 1760 5015 diversa
1801 4960 1921 5015 loca
1966 4976 1999 5015 a
2026 4976 2115 5015 me

511 5046 837 5115 ordinanda,
869 5061 1029 5118 quam
1081 5063 1177 5118 pro
1227 5063 1412 5103 eorum
1442 5047 1755 5103 venditione
1778 5047 2107 5119 acciperem.

511 5133 671 5215 Quod
704 5135 846 5190 enim
890 5135 1185 5208 capitulum
1216 5144 1459 5191 nostrum
1491 5136 1546 5191 in
1592 5136 1842 5208 partibus
1888 5137 1996 5191 illis
2041 5139 2111 5194 ti-

510 5232 742 5287 merent,
767 5224 861 5279 ubi
890 5224 1101 5279 nullum
1141 5223 1389 5279 viderent
1434 5234 1675 5281 nostrum
1714 5226 2119 5291 monasterium,

510 5314 581 5368 ad
628 5312 784 5382 cujus
828 5319 1040 5384 portum
1090 5311 1367 5382 applicare
1396 5314 1640 5369 valerent
1689 5314 1776 5370 vel
1812 5315 2116 5387 constringi

508 5402 777 5478 possent?
818 5400 977 5457 Aliud
1031 5399 1214 5472 itaque
1249 5401 1458 5470 jubete,
1490 5410 1543 5456 et
1578 5403 1835 5458 sustinete
1884 5404 1987 5460 hoc
2015 5421 2117 5477 pa-

520 5492 739 5558 tienter,
770 5489 817 5543 si
848 5503 953 5544 non
1001 5496 1178 5559 potest
1222 5488 1335 5546 ﬁeri
1386 5507 1508 5546 cum
1552 5490 1725 5549 salute
1766 5492 1927 5548 amici
1955 5488 2120 5550 vestri

516 5579 663 5649 quod
689 5577 924 5650 petistis.
960 5577 1166 5634 Valete.

2206 3639 2403 3687 nostra:
2433 3632 2701 3703 speciales
2729 3633 2863 3688 sitis.
2891 3634 3067 3701 Unde,
3102 3631 3218 3700 filii,
3248 3648 3528 3706 rogamus,
3549 3640 3607 3688 ut
3637 3634 3804 3689 nostri

2208 3736 2501 3790 memores,
2536 3722 2823 3777 Dominum
2865 3738 3024 3794 super
3052 3724 3233 3777 omnia
3263 3721 3526 3793 diligatis,
3550 3722 3803 3788 timeatis,

2209 3809 2508 3877 honoretis,
2540 3810 2699 3881 eique
2728 3812 2931 3884 gratias
2959 3827 3122 3882 super
3147 3810 3429 3867 beneficiis
3468 3809 3582 3865 suis
3613 3812 3806 3882 agatis.

2212 3898 2355 3953 Licet
2402 3899 2543 3954 enim
2594 3899 2754 3955 vobis
2800 3901 2990 3971 plures
3031 3901 3443 3970 supervenerint
3483 3899 3807 3966 anxietates,

2210 3986 2329 4056 ejus
2360 3996 2535 4043 tamen
2594 3988 2960 4044 misericordia
2995 4004 3103 4043 non
3144 3987 3315 4043 deluit
3357 3988 3533 4054 vobis,
3566 3987 3622 4042 in
3653 3987 3812 4043 bonis

2213 4081 2564 4149 augmentum
2596 4084 2875 4146 praestans,
2916 4084 2966 4131 et
2996 4076 3053 4131 in
3081 4076 3491 4132 necessitatibus
3522 4076 3800 4131 solatium.

2218 4164 2442 4227 Idcirco,
2476 4165 2797 4230 charissimi,
2830 4164 3003 4235 ipsum
3030 4166 3084 4219 in
3123 4165 3377 4220 omnibus
3406 4171 3458 4219 et
3494 4179 3662 4234 super
3688 4179 3811 4220 om-

2215 4253 2300 4307 nia
2346 4269 2459 4323 prae
2508 4252 2679 4308 oculis
2727 4253 3011 4315 habetote;
3063 4253 3298 4309 dominis
3344 4251 3540 4308 nostris
3584 4252 3812 4307 summis

2216 4340 2476 4411 apostolis
2527 4340 2731 4396 servire
2778 4358 2887 4396 non
2932 4349 3173 4407 cessate;
3224 4341 3467 4397 ordinem
3498 4348 3733 4396 vestrum
3761 4348 3814 4395 et

2217 4446 2424 4484 sacram
2484 4429 2828 4500 religionem,
2859 4436 3211 4500 sanctamque
3265 4428 3633 4484 obedientiam
3692 4444 3811 4485 cum

2217 4534 2427 4572 summa
2456 4518 2744 4589 diligentia
2772 4518 3065 4575 custodite.
3107 4519 3334 4573 Pensate
3364 4533 3521 4587 quam
3566 4517 3701 4572 nihil
3748 4517 3818 4573 sit

2218 4606 2478 4677 quidquid
2519 4606 2571 4660 in
2620 4607 2825 4662 mundo
2872 4607 3118 4661 cernitis.
3153 4607 3398 4677 Cogitate
3445 4622 3565 4660 cum
3619 4613 3815 4676 quanto

2218 4694 2412 4749 sudore
2442 4694 2818 4762 laborandum,
2876 4703 2934 4749 ut
2985 4694 3154 4766 possit
3199 4694 3333 4749 illud
3376 4693 3531 4749 evndi
3576 4693 3816 4749 terribile

2212 4782 2499 4853 judicium,
2532 4791 2587 4839 et
2616 4783 2883 4855 perveniri
2921 4784 2990 4839 ad
3032 4782 3290 4856 gaudium
3337 4797 3577 4853 utiquam
3622 4780 3816 4838 ﬁnien-

2224 4872 2373 4927 dum.
2407 4872 2680 4927 Dominus
2708 4873 2895 4937 abbas,
2925 4888 3085 4944 quem
3135 4871 3290 4927 vobis
3336 4871 3706 4940 praefecimus,
3738 4870 3819 4924 vir

2226 4959 2385 5015 bona:
2438 4961 2748 5016 intentionis
2796 4966 2848 5016 et
2888 4961 3194 5032 religiosus,
3247 4959 3406 5014 nobis
3451 4966 3506 5014 et
3562 4957 3818 5013 fratribus

2224 5048 2421 5104 nostris
2468 5065 2575 5104 non
2610 5064 2804 5121 parum
2836 5051 3049 5115 charus,
3081 5048 3213 5103 satis
3243 5064 3303 5103 se
3331 5046 3517 5102 laudat
3546 5045 3615 5102 de
3646 5046 3813 5101 vobis.

2228 5138 2383 5194 Unde
2412 5137 2733 5210 gaudemus,
2765 5145 2819 5194 et
2860 5145 2916 5193 ut
2955 5136 3133 5210 magis
3162 5136 3447 5209 magisque
3480 5134 3663 5206 ipsum
3694 5133 3820 5190 dili-

2231 5227 2388 5298 gatis,
2421 5226 2703 5282 honoratis
2732 5224 2891 5297 eique
2920 5228 3116 5283 devote
3159 5225 3448 5293 obediatis,
3481 5233 3667 5294 utpote
3712 5232 3817 5278 tam

2226 5316 2471 5387 glorioso
2499 5315 2638 5383 viro,
2672 5309 2921 5371 volumu’s
2961 5323 3016 5371 et
3054 5314 3434 5370 admonemus.
3487 5312 3572 5367 De
3627 5320 3820 5368 caetero

2228 5404 2673 5460 commendamus
2705 5420 2799 5461 vos
2828 5401 3184 5475 omnipotenti
3213 5404 3349 5472 Deo,
3384 5401 3474 5474 qui
3518 5417 3616 5457 vos
3664 5402 3820 5457 bene-

2227 5491 2392 5561 dicat,
2422 5500 2476 5548 et
2499 5492 2746 5563 adjuvet,
2770 5501 2824 5550 et
2850 5499 3117 5566 protegat,
3139 5500 3192 5548 et
3218 5490 3289 5547 ab
3318 5491 3568 5547 omnibus
3588 5490 3825 5561 peccatis

2228 5581 2496 5650 absolvat,
2528 5582 2790 5656 vobisque
2819 5581 3225 5655 perseverantia
3252 5587 3307 5638 et
3343 5579 3399 5637 in
3454 5586 3643 5635 sancta
3695 5577 3823 5636 reti-
