4032 6078
291 306 396 361 929

246 455 251 460 ’
288 446 456 519 gione
485 441 683 496 tribuat
718 457 730 503 ;
760 445 812 494 et
840 445 964 510 post
985 437 1126 492 hanc
1155 437 1345 504 vitam,
1377 435 1632 506 precibus
1663 441 1717 490 et
1771 450 1894 490 me-
1926 419 1980 482 Α

289 534 406 590 ritis
437 546 771 586 summorum
803 526 1192 598 apostolorum,
1227 525 1422 597 quibus
1453 523 1756 592 deservitis,
1805 539 1903 579 vos

290 623 358 678 ad
388 629 646 677 aeternam
669 615 945 688 perducat,
979 630 1164 670 amen.
1198 615 1265 669 Et
1295 615 1418 686 quia
1467 630 1566 668 vos
1621 611 1899 682 corporali

289 717 508 782 aspectu
530 706 720 761 videre
738 720 845 758 non
885 719 1190 774 possumus,
1235 703 1502 772 spirituali
1548 717 1647 756 nos
1705 699 1898 756 videa-

294 815 445 853 mus.
483 794 650 851 Orate
677 809 777 863 pro
808 792 970 847 nobis
1000 800 1052 846 et
1079 806 1182 861 pro
1214 789 1473 846 fratribus
1502 789 1722 845 nostris.

830 897 1188 952 EPISTOLA
1220 895 1318 950 III.

688 1002 761 1045 Αἰ)
797 1001 1151 1042 ANASTASIUM
1200 1001 1506 1042 EBBMITAM.

526 1082 593 1138 Ut
613 1079 687 1136 ad
715 1077 1129 1135 monasterium
1159 1073 1662 1130 redeathortatur.

910 1166 1083 1232 (Anno
1113 1161 1251 1218 1086
1264 1163 1310 1230 .)

553 1257 804 1330 [ΜΑιιιιι.
838 1254 969 1310 Act.
1017 1251 1222 1308 Bened.
1259 1251 1357 1318 IX,
1387 1267 1444 1320 p.
1485 1248 1630 1321 491.]
1837 1327 1840 1330 ἢ

361 1345 724 1402 Dilectissimo
745 1343 856 1398 ﬁlio
872 1345 1202 1405 Amsrasxo,
1223 1339 1415 1394 fratrer
1431 1340 1608 1405 HUGo,
1626 1345 1896 1418 peccator,

290 1436 540 1503 salutem,
573 1442 625 1489 et
681 1433 737 1486 in
794 1432 1009 1486 beatam
1067 1428 1542 1494 resurrectionem,
1600 1426 1896 1499 gloriosam

288 1525 583 1581 electorum
605 1521 942 1577 societatem.

359 1613 546 1677 Miror,
576 1609 896 1668 charissima
916 1607 1014 1674 tili,
1049 1605 1194 1678 quod
1217 1606 1334 1676 jam
1373 1604 1467 1659 diu
1497 1603 1564 1659 de
1587 1602 1741 1659 vobis
1761 1603 1894 1657 nihil

288 1701 491 1768 audivi,
524 1699 837 1768 nullamque
861 1697 927 1752 de
949 1703 1130 1751 vestra
1153 1695 1261 1750 vita
1283 1693 1649 1765 cognitionem
1673 1692 1891 1764 accepi:

288 1744 491 1768 ηψπ,
525 1744 837 1768 ............,..-
863 1744 925 1752 η
961 1744 1130 1751 .--η
1166 1744 1260 1750 .--π
1677 1744 1860 1764 _-_-,-
2081 1744 2091 1753 ,

287 1788 430 1846 unde
462 1788 662 1844 mando
692 1794 883 1842 vestrae
914 1783 1214 1848 dilectioni,
1247 1789 1305 1837 ut
1336 1782 1380 1836 si
1412 1781 1615 1836 bonum
1673 1781 1891 1836 videtur
1914 1775 1966 1834 B
2004 1744 2272 1848 qmbjmve

289 1878 469 1946 vobis,
501 1875 843 1933 descendatis
872 1875 942 1931 ad
973 1873 1267 1928 visitandos
1291 1871 1503 1938 fratres,
1525 1879 1581 1926 ut
1610 1871 1747 1924 sicut
1777 1871 1889 1924 dixi

289 1965 663 2023 desiderabilis
690 1964 982 2035 praesentia
1011 1971 1191 2019 vestra
1234 1959 1548 2016 corroboret
1598 1967 1650 2015 et
1687 1960 1889 2015 exhor-

285 2059 430 2112 tetur
457 2069 552 2112 eos
581 2055 751 2127 (140).

843 2159 1187 2216 EPISTOLA
1217 2161 1313 2216 IV.

747 2265 821 2304 AD
852 2265 1115 2304 υιιιιΑΝυΜ
1158 2266 1194 2302 ιι
1227 2263 1427 2303 ΡΑΡΑΙΙ.

432 2339 722 2396 Adversus
751 2337 1070 2405 ltobertum,
1121 2337 1380 2392 abbatem
1404 2336 1459 2392 S.
1495 2335 1748 2405 Remigii.

896 2427 1072 2496 (Anno
1101 2426 1285 2494 1097.)

370 2518 684 2590 [ΜΑιιι-ειγε,
732 2516 997 2588 Ampliss.
1044 2515 1326 2580 Collectio,
1363 2521 1381 2568 t
1426 2511 1519 2578 IV,
1551 2529 1614 2582 p.
1672 2509 1816 2583 999.]

355 2623 739 2679 Amantissimo
760 2629 815 2677 et
832 2620 1278 2676 reverendissimo
1301 2619 1448 2674 Patri
1481 2626 1684 2673 sanctae
1733 2625 1895 2686 atque

294 2712 613 2784 apostolica:
641 2711 790 2766 sedis
804 2724 1017 2765 summo
1035 2708 1277 2779 pontifici
1321 2707 1544 2763 domino
1581 2721 1737 2777 papae
1783 2706 1897 2759 Ua-

289 2816 458 2869 BANO,
491 2801 659 2855 frater
687 2798 855 2855 Hueo
886 2798 1260 2854 Cluniacensis
1289 2811 1413 2853 cum
1449 2803 1561 2851 tota
1606 2807 1898 2865 congrega-

293 2889 437 2946 tione
481 2897 660 2945 vestra
711 2887 1000 2944 continuas
1055 2895 1108 2942 et
1161 2886 1541 2942 devotissimas
1595 2883 1898 2939 devotionis

291 2977 566 3034 orationes
595 2984 648 3032 et
672 2983 990 3047 perpetuam
1019 2991 1236 3046 pacem.

361 3065 536 3134 Multi,
569 3081 602 3120 ο
631 3065 850 3120 domine
882 3065 1058 3130 Pater,
1085 3063 1241 3131 justis
1261 3078 1324 3119 ac
1351 3062 1673 3118 necessariis
1716 3059 1897 3116 causis

293 3128 669 3221 existentibus,
700 3151 925 3222 cupiunt
955 3128 1184 3224 dign—am
1199 3159 1433 3206 vestram
1463 3151 1617 3206 adire
1659 3164 1892 3220 praeseu-
1922 3128 1972 3194 (ἶ

290 3243 444 3308 tiam,
479 3242 577 3298 sed
597 3241 963 3312 impedieutur
989 3239 1155 3295 variis
1183 3237 1588 3294 difﬁcultatibus
1635 3238 1894 3292 obsisten-

293 3331 453 3386 tibus.
485 3330 645 3386 Unde
675 3338 728 3385 et
757 3329 921 3401 aliqui
951 3343 1137 3384 eorum
1167 3327 1352 3382 saltem
1386 3327 1456 3380 ad
1495 3342 1596 3381 nos
1651 3326 1892 3392 veniunt,

291 3420 446 3490 quasi
474 3418 544 3472 ad
575 3415 900 3473 domesticos
929 3424 1162 3484 vestros,
1196 3414 1242 3469 si
1272 3414 1548 3484 quomodo
1587 3413 1667 3468 eis
1709 3428 1895 3470 consu-

291 3506 431 3562 latur
456 3505 546 3563 vel
576 3505 930 3560 subveniatur
971 3504 1188 3560 illorum
1245 3501 1677 3558 necessitatibus.
1747 3502 1896 3556 Inter

291 3610 436 3667 quos
463 3593 695 3648 domnus
727 3594 1000 3648 Manasses
1040 3593 1332 3648 Remorum
1390 3590 1654 3662 pontifex,
1717 3596 1898 3646 vester

291 3681 512 3738 humilis
541 3681 704 3748 ﬁlius,
723 3690 910 3736 noster
941 3696 1153 3753 quoque
1184 3681 1413 3736 devotus
1443 3680 1673 3746 amicus,
1733 3694 1895 3750 quem

292 3779 346 3827 et
374 3772 430 3825 in
456 3771 563 3825 alia
593 3770 826 3842 epistola
848 3769 1004 3825 vobis
1027 3769 1898 3839 commendavimus,conquestus

291 3866 371 3914 est
402 3858 558 3915 nobis
588 3859 654 3913 de
684 3858 1264 3928 Majori-Monasterio,
1296 3858 1353 3911 iu
1401 3856 1643 3913 ecclesia
1681 3857 1742 3912 Β.
1797 3859 1899 3912 Re-

293 3946 448 4019 migii
476 3963 533 4002 se
565 3947 854 4016 quemdam
886 3948 1222 4002 monachum
1263 3945 1567 4012 ordinasse,
1626 3953 1679 4000 et
1734 3944 1899 4016 longe

295 4035 451 4089 aliter
478 4050 644 4105 quam
672 4034 931 4106 sperabat
959 4034 1028 4089 de
1058 4037 1179 4106 ejus
1225 4033 1540 4105 irreligioue
1598 4033 1897 4088 maximum

293 4123 347 4178 in
377 4123 496 4178 loco
528 4123 790 4178 damnum
821 4123 1160 4194 provenisse.
1202 4123 1357 4178 Petiit
1386 4130 1568 4177 autem
1625 4129 1682 4176 ut
1741 4122 1900 4177 inter-

289 4211 623 4282 pellaremus
651 4210 780 4267 inde
810 4228 906 4266 vos
938 4211 1068 4274 ;sed
1090 4211 1218 4282 quia
1237 4210 1468 4267 domnus
1488 4211 1649 4265 Ηυαο
1690 4210 1906 4282 Lugdu-

292 4300 469 4354 nensis
499 4299 938 4370 archiepiscopus
965 4315 1184 4355 omnem
1215 4299 1458 4354 ordinem
1509 4315 1689 4354 rerum
1745 4299 1901 4355 vobis

291 4387 635 4460 signiﬁcavit,
669 4387 807 4443 sicut
837 4388 1163 4456 audivimus,
1195 4387 1522 4443 reverentiae
1552 4387 1902 4460 suggerimus

1754 287 2124 350 EPISTOLE.

3505 302 3607 358 930

2537 419 2876 474 EPISTOLA
2934 422 3073 477 VIII.

2505 522 2578 562 AD
2607 525 2904 564 PHILIPPUM
2924 527 3111 568 RBG-BM
3123 553 3138 568 .

2012 597 2097 651 Ex
2110 596 2389 667 singulari
2405 597 2828 666 familiaritate,
2857 615 3060 671 regem,
3077 605 3144 656 ut
3161 601 3419 659 abdicato
3437 619 3609 676 regno

2149 686 2528 741 monasticam
2552 685 2725 740 vitam
2775 687 3050 758 arripiat,
3105 690 3468 748 adhortatur.

2608 776 2785 839 (Anno
2836 778 3019 846 1106.)

2331 860 2576 933 [Acuaar
2601 862 2832 935 Spicil.,
2863 871 2902 917 t.
2951 864 3018 930 II,
3051 882 3106 937 p.
3140 866 3284 940 401.]

2077 947 2309 1004 Domino
2343 950 2625 1015 Pmuppo,
2677 951 2775 1006 Dei
2832 952 3010 1024 gratia
3069 953 3399 1011 Francorum
3457 958 3602 1030 regi.

2007 1038 2171 1092 trater
2199 1038 2378 1104 Haec,
2421 1038 2788 1094 Cluniacensis
2818 1041 3014 1110 abbas,
3049 1043 3290 1099 caelestis
3322 1045 3474 1117 regni
3513 1047 3606 1100 di«

2005 1125 2264 1197 gnitatem
2297 1133 2348 1180 et
2376 1126 2628 1198 gloriam.

2075 1214 2224 1268 Sicut
2253 1222 2446 1270 vestrae
2489 1215 2831 1271 sublimitatis
2885 1218 3175 1287 prudentia
3230 1223 3601 1293 recognoscit,

2005 1309 2303 1374 sponteque
2335 1303 2554 1369 fatetur,
2588 1303 2736 1359 nullo
2767 1321 3005 1374 unquam
3057 1314 3318 1378 tempore,
3376 1309 3462 1365 vel
3522 1311 3597 1366 di-

2005 1391 2215 1461 gnitati,
2251 1391 2333 1445 vel
2363 1407 2595 1456 coronae,
2629 1392 2712 1447 vel
2743 1394 3083 1463 amplitudini
3114 1405 3304 1452 vestra:
3334 1397 3604 1453 contraire

2006 1479 2186 1533 conati
2217 1495 2422 1546 sumus,
2459 1497 2557 1534 nec
2599 1482 2860 1536 honorem
2919 1491 3174 1550 vestrum,
3203 1493 3294 1538 aut
3348 1485 3604 1556 gloriam,

2004 1567 2472 1636 autmajestatem,
2507 1568 2559 1622 in
2590 1585 2866 1640 quoquam
2925 1571 3092 1625 minui
3151 1588 3243 1627 seu
3294 1573 3612 1628 defraudari

2002 1656 2328 1726 optavimus,
2348 1657 2445 1711 sed
2474 1673 2540 1712 ea
2570 1657 2752 1728 potius
2789 1675 2909 1728 quae
2952 1659 3068 1714 istis
3123 1661 3397 1715 contraria
3454 1669 3598 1729 sunt,

2303 1745 2406 1799 ista
2435 1746 2706 1815 corrumpi
2737 1756 2984 1817 possunt,
3015 1746 3178 1819 longe
3209 1765 3241 1803 a
3271 1749 3428 1804 vobis
3472 1765 3607 1804 sem-

1997 1849 2102 1902 per
2127 1833 2241 1888 fore
2273 1831 2378 1888 fide
2405 1849 2512 1888 non
2537 1833 2656 1888 ﬁcta
2687 1843 2738 1889 et
2764 1844 3015 1905 optamus
3043 1837 3258 1892 ass‘idue
3286 1845 3339 1892 et
3367 1853 3600 1892 oramus:

1997 1929 2050 1976 et
2071 1921 2115 1974 si
2149 1922 2278 1993 quid
2309 1923 2525 1989 horum,
2562 1923 2817 1978 videlicet
2845 1926 3239 1980 contrariorum
3270 1941 3338 1982 ac
3393 1941 3609 1982 corrum

1994 2009 2238 2079 pentium
2269 2026 2332 2065 ex
2352 2011 2588 2065 humana
2608 2011 2763 2066 vobis
2810 2013 3104 2068 tentatione
3159 2020 3322 2086 atque
3377 2014 3598 2070 infirmi-

1999 2105 2106 2152 tate
2135 2098 2368 2164 inhaesit,
2402 2099 2533 2153 illud
2558 2101 2701 2154 Deus
2741 2109 3010 2170 amoveat,
3070 2101 3160 2158 illo
3221 2117 3314 2158 vos
3366 2111 3609 2175 purget,;

1998 2185 2093 2239 illo
2124 2203 2220 2240 vos
2249 2186 2319 2240 ad
2339 2187 2560 2256 plenum
2584 2189 2860 2244 emundet.
2905 2188 3043 2256 Quia
3083 2206 3214 2245 vero
3254 2192 3608 2248 mansuetudo

1999 2282 2184 2329 vestra
2215 2291 2281 2329 ex
2313 2275 2481 2330 multa
2509 2292 2613 2347 qua
2644 2292 2742 2331 vos
2770 2277 3054 2348 praeditum
3078 2275 3277 2334 scimus
3295 2280 3606 2336 humilitate

2001 2362 2068 2416 ad
2096 2363 2201 2418 hoc
2228 2379 2286 2418 se
2308 2379 2416 2418 non
2448 2364 2776 2437 dedignatur
2795 2365 3082 2434 inclinare,
3122 2375 3180 2421 ut
3225 2368 3371 2437 quod
3427 2375 3601 2423 restat

2001 2451 2288 2521 temporis,
2320 2452 2604 2507 nobiscum
2635 2469 2693 2508 se
2722 2454 3013 2509 unanimen
3030 2471 3093 2508 ac
3112 2456 3384 2510 concorde
3420 2457 3607 2512 vivere

2001 2540 2142 2597 velle
2172 2541 2422 2606 fateatur,
2464 2557 2724 2612 suamque
2779 2542 2938 2597 nobis
2991 2542 3428 2598 benevolentiam
3479 2543 3610 2601 oﬂ'e-

2002 2644 2144 2696 rens,
2169 2636 2409 2683 nostram
2439 2630 2636 2685 devote
2677 2638 2945 2699 reposcat,
3003 2629 3058 2684 id
3113 2632 3450 2702 gratulanter
3503 2648 3613 2688 am-

2003 2716 2311 2788 plectimur,
2341 2724 2392 2772 et
2421 2733 2586 2788 super
2613 2718 2718 2774 hoc
2749 2719 2912 2773 corde
2941 2719 3209 2775 benevolo
3240 2721 3610 2788 exsultamus,

2003 2805 2243 2861 dicentes
2275 2823 2287 2859 :
2325 2807 2511 2863 Gloria
2527 2807 2589 2861 in
2607 2807 2854 2864 excelsis
2875 2809 3001 2874 Deo,
3025 2813 3080 2864 et
3105 2807 3165 2863 in
3185 2813 3342 2866 terra
3363 2825 3482 2882 pax
3505 2810 3610 2868 ho-

2003 2894 2262 2951 minibus
2294 2895 2456 2951 bona:
2476 2893 2817 2952 voluntatis.

2079 2983 2144 3037 Et
2181 2983 2441 3054 quoniam
2471 2985 2614 3038 Deus
2640 2983 2861 3054 januam
2898 2983 3061 3040 nobis
3118 2985 3294 3042 dulcis
3339 2986 3610 3045 familiari-

2007 3073 2133 3127 tatis
2161 3072 2230 3124 ad
2259 3087 2356 3128 vos
2384 3070 2450 3125 de
2478 3088 2537 3128 se
2567 3071 2957 3145 alloquendum
2989 3075 3218 3143 aperuit,
3251 3091 3395 3131 nunc
3453 3078 3608 3133 vobis

2000 3158 2238 3230 primum
2268 3158 2558 3229 aperimus,
2590 3161 2734 3230 quod
2778 3161 2847 3216 de
2916 3161 3078 3217 vobis
3135 3178 3245 3217 non
3290 3179 3431 3218 nunc
3497 3164 3611 3233 pri-

1999 3264 2147 3302 mum
2179 3246 2422 3320 cogitare
2449 3247 2711 3318 coepimus
2741 3255 2792 3304 et
2820 3257 3008 3319 Optare
3042 3266 3054 3304 :
3088 3254 3147 3305 ut
3194 3252 3608 3322 propensiorem

2001 3335 2252 3391 affectum
2283 3344 2335 3391 et
2365 3335 2716 3391 intentionem
2747 3337 3012 3406 majorem
3045 3338 3242 3394 amodo
3273 3339 3482 3394 habetis
3539 3340 3609 3394 ad

2000 3425 2223 3491 bonum,
2256 3425 2325 3478 ad
2358 3441 2542 3478 verum
2572 3423 2695 3481 dico
2725 3425 2948 3493 bonum,
2977 3426 3044 3480 ad
3074 3442 3348 3482 summum
3380 3428 3604 3493 bonum,

2007 3513 2152 3582 quod
2191 3513 2340 3567 Deus
2360 3520 2468 3567 est.
2503 3512 2550 3567 Ο
2582 3528 2779 3584 magne
2816 3513 3010 3581 amice,
3070 3515 3432 3570 recordamini
3487 3517 3611 3587 quia

2004 3616 2091 3656 me
2121 3600 2416 3670 aliquando
2447 3601 2819 3674 interrogastis
2848 3602 3145 3674 an'aliquis
3174 3619 3411 3675 unquam
3442 3605 3509 3660 be
3535 3621 3613 3661 re-

2003 3688 2163 3760 gibus
2193 3689 2368 3744 factus
2398 3687 2557 3744 fuerit
2585 3692 2906 3748 monachus.
2937 3691 3241 3763 Respondi,
3275 3695 3470 3749 etiam.
3501 3695 3614 3750 Sed

2004 3777 2105 3834 etsi
2126 3777 2194 3833 de
2214 3777 2361 3833 nullo
2384 3777 2490 3833 alio
2519 3778 2650 3835 certi
2696 3795 2969 3848 essemus,
3015 3781 3186 3837 solius
3241 3783 3413 3839 sancti
3470 3783 3614 3838 Gun-

2005 3866 2184 3921 tranui
2214 3867 2544 3924 Francorum
2575 3867 2722 3940 regis
2772 3870 3086 3940 exemplum
3144 3870 3434 3940 sufficeret,
3493 3873 3608 3942 qui,

2005 3955 2208 4010 relictis
2228 3955 2408 4010 seculi
2439 3956 2677 4026 pompis,
2711 3964 2762 4011 et
2791 3957 3140 4025 vanitatibus,
3200 3967 3254 4015 et
3305 3961 3602 4028 illecebris,

2007 4041 2180 4097 factus
2207 4050 2291 4098 est
2321 4043 2623 4098 monachus
2654 4044 2875 4099 imitans
2902 4045 3052 4100 illum
3109 4045 3222 4116 qui,
3279 4063 3403 4102 cum
3453 4048 3609 4104 dives

2007 4138 2170 4198 esset,
2203 4147 2409 4201 pauper
2435 4147 2533 4201 pro
2553 4130 2709 4186 nobis
2737 4130 2910 4188 factus
2931 4141 3034 4201 est,
3065 4139 3125 4187 ut
3173 4149 3270 4189 sua
3325 4151 3428 4191 nos
3483 4151 3610 4207 pau-

2007 4225 2217 4289 pertate
2238 4218 2454 4284 (litaret,
2489 4217 2662 4290 Igitur
2688 4219 2734 4274 si
2764 4234 2861 4275 vos
2889 4237 3118 4292 regnum
3147 4221 3395 4291 delectat,
3423 4229 3478 4279 et
3516 4241 3610 4295 po-

2008 4313 2188 4375 testas,
2222 4311 2277 4361 et
2297 4307 2550 4380 dignitas,
2583 4307 2866 4363 imitamini
2897 4310 3044 4380 quod
3073 4311 3268 4366 auditis
3299 4331 3311 4366 :
3347 4313 3474 4383 quia
3521 4315 3604 4370 sic

2007 4402 2060 4450 et
2090 4411 2214 4452 vere
2231 4411 2345 4463 rex,
2379 4404 2432 4451 et
2461 4412 2588 4452 vere
2614 4401 2829 4468 potens,
2874 4406 2928 4453 et
2973 4415 3098 4455 vere
3140 4399 3440 4472 dignitatis,
3483 4419 3604 4460 com

291 4484 349 4532 ut
374 4476 421 4531 si
450 4477 520 4532 ad
547 4492 646 4534 vos
705 4477 921 4532 venerit
985 4477 1131 4532 idem
1188 4477 1502 4547 monachUS,
1557 4476 1899 4547 prudentiam
1929 4480 1982 4540 D
2013 4499 2134 4555 pos,
2159 4491 2211 4539 et
2233 4486 2548 4554 perenniter
2577 4485 2731 4542 dives
2753 4503 2868 4542 esse
2898 4487 3156 4558 poteritis.
3190 4490 3402 4546 Moveat
3443 4492 3607 4547 etiam

292 4574 527 4622 vestram
558 4565 721 4619 nullis
767 4564 1158 4621 circumveniat
1209 4564 1618 4633 calliditatibus,
1676 4565 1771 4620 sed
1829 4565 1905 4622 fa-

291 4653 442 4710 ciatis
470 4655 519 4710 ei
550 4655 848 4711 secundum
879 4654 1202 4724 sapientiam
1236 4671 1398 4726 quam
1429 4671 1462 4710 a
1499 4655 1614 4710 Deo
1670 4654 1898 4710 habetis.

293 4743 806 4800 Reverentissimam
835 4759 899 4799 ac
930 4743 1343 4799 dilectissimum
1399 4743 1556 4800 nobis
1612 4742 1904 4814 patemita-

295 4839 404 4887 tem
431 4839 665 4888 vestram
694 4831 956 4888 Dominus
985 4830 1230 4886 Christus
1257 4847 1442 4887 sanam
1480 4840 1532 4888 et
1572 4832 1903 4889 incolumem

296 4919 450 4977 nobis
478 4928 837 4978 conservetet
865 4919 1135 4982 universae
1163 4920 1442 4977 Ecclesiae.

792 5040 1145 5097 EPISTOLIE
1183 5042 1362 5097 V—VII
1375 5081 1391 5098 .

841 5146 912 5184 AD
944 5145 992 5186 S.
1023 5144 1348 5186 ANSBLHUH.

296 5218 569 5293 (Exstant
589 5217 1030 5292 inter'epistolas
1043 5217 1105 5275 S.
1123 5220 1398 5287 Anselmi,
1422 5235 1552 5293 opp.
1584 5222 1670 5290 t7,
1697 5222 1786 5288 79,
1807 5221 1896 5289 80,

444 5309 577 5366 libri
599 5325 676 5382 1v,
711 5308 880 5381 hujus
897 5308 1204 5366 voluminis
1224 5309 1354 5366 coll.
1388 5309 1492 5364 210
1529 5313 1586 5366 et
1606 5310 1753 5379 241.)

370 5465 520 5539 (140)
543 5465 642 5522 Hic
672 5466 865 5524 desunt
893 5462 1096 5539 aliquot
1125 5465 1290 5524 verba
1311 5480 1430 5538 quae
1453 5464 1567 5540 legi
1583 5481 1690 5524 non
1700 5473 1903 5540 potue-

294 5563 438 5614 runt.

2009 4589 2106 4629 vos
2130 4588 2195 4628 ac
2235 4577 2538 4645 perterreat
2571 4576 3056 4646 contemporalium
3086 4577 3495 4650 vicinorumque
3526 4597 3611 4637 ve-

2009 4668 2262 4730 strorum,
2277 4662 2547 4718 Willelmi
2563 4664 2677 4732 (141
2689 4665 2727 4732 ),
2744 4663 2885 4732 dico,
2903 4665 3204 4737 Anglorum
3223 4666 3389 4740 regis,
3415 4671 3615 4727 etHen—

2008 4750 2106 4806 rici
2128 4751 2468 4822 imperatoris
2499 4752 2670 4822 (142),
2723 4750 3087 4808 lamentabilis
3142 4770 3300 4810 casus
3357 4755 3612 4830 plangen-

2010 4839 2218 4908 dusque
2246 4839 2488 4894 interitus
2523 4855 2535 4894 :
2571 4855 2798 4911 quorum
2829 4841 2968 4896 alter
3006 4841 3185 4897 unitus
3224 4845 3440 4916 sagittae
3481 4847 3610 4916 ictu,

2009 4942 2119 4983 non
2162 4927 2216 4980 in
2262 4927 2430 4995 bello,
2464 4928 2561 4982 sed
2610 4929 2669 4982 in
2708 4928 2877 4985 bosco
2921 4929 3020 4984 sub
3048 4940 3323 4987 momento
3354 4936 3612 5006 temporis

2008 5015 2227 5085 interiit.
2259 5015 2409 5071 Alter
2449 5015 2588 5072 inter
2608 5017 2804 5072 multos
2830 5033 3064 5089 angores
3092 5037 3402 5094 gravesque
3423 5041 3617 5080 aerum-

2003 5119 2121 5170 nas,
2162 5120 2300 5175 quas
2347 5104 2441 5160 diu
2490 5105 2831 5176 sustinuerat,
2875 5122 3068 5178 nuper,
3119 5110 3284 5178 sicut,
3326 5127 3424 5168 vos
3453 5113 3615 5168 audi-

2005 5192 2168 5248 visset
2189 5193 2303 5262 jam
2333 5193 2623 5261 credimus,
2671 5194 2889 5251 defecit.
2943 5195 3045 5265 Qui
3078 5197 3352 5268 quomodo
3384 5217 3525 5257 nunc
3554 5219 3615 5257 se

2013 5281 2266 5350 habeant,
2309 5281 2508 5352 quidve
2556 5281 2872 5353 sustineont,
2928 5285 3049 5355 quis
3091 5286 3368 5342 hominum
3409 5289 3618 5345 novit?

2010 5368 2234 5426 Proﬁter
2291 5369 2456 5441 quod,
2522 5384 2555 5426 ο
2593 5385 2689 5426 rex
2737 5372 3058 5443 amicabilis,
3090 5375 3480 5446 apprehendite
3504 5376 3622 5449 jam

2081 5487 2230 5557 (141)
2267 5485 2538 5543 Willelmi
2567 5487 2722 5543 Ruzi.

2080 5575 2226 5650 (142)
2254 5574 2476 5634 Henrici
2499 5573 2595 5636 IV.
3197 5647 3220 5660 ρ
3261 5649 3270 5657 _
3318 5621 3397 5662 μμ
