3956 6084
413 303 507 361 931

1514 304 1570 358 S.
1605 303 1801 361 HUGO
1831 306 2044 362 ABBAS
2071 303 2590 368 CLUNIACENSIS.

3628 329 3754 381 932

413 446 485 501 ad
515 446 735 518 plenum
769 445 1012 500 timorem
1043 443 1284 514 Domini,
1313 445 1571 502 assumite
1599 463 1789 503 sanum
1819 456 1872 504 et
1915 456 1999 505 tu-
2033 434 2088 495 Α
2117 449 2395 519 stolorum,
2423 451 2640 522 judices
2668 455 3059 526 imperatorum
3091 469 3145 518 et
3173 479 3386 537 regum,
3445 473 3497 521 et
3553 467 3750 536 orbis,

407 542 522 590 tum
552 533 835 590 consilium
865 533 1060 588 animae
1087 541 1280 588 vestrae
1304 551 1317 596 ;
1337 549 1425 604 ne,
1447 535 1594 607 quod
1610 537 1758 592 Deus
1774 542 2002 607 avertat,

403 622 648 694 contigat
699 620 875 688 vobis,
926 621 1068 677 sicut
1123 621 1368 693 praefatis
1420 623 1643 696 regibus
1710 626 2006 698 contigisse

405 709 670 765 dolemus.
705 709 840 762 Sunt
868 707 1012 764 enim
1033 723 1194 764 casus
1224 709 1349 765 vita
1403 710 1652 767 humanae
1709 712 2004 783 innumeri,

404 796 827 852 innumerabilia
848 796 1100 852 mortium
1123 813 1347 869 genera.
1369 801 1438 854 Et
1460 801 1809 858 horrendum
1824 808 1908 859 est
1925 804 2008 859 in-

406 884 593 942 eidere
605 887 668 940 in
699 900 900 940 manus
920 885 1025 940 Dei
1046 887 1286 941 viventi:
1303 882 1468 956 ('Heb.
1491 905 1520 942 χ
1535 929 1548 941 .
1572 890 1681 960 31).
1705 890 1876 962 Igitur
1898 909 2009 946 mu-

409 981 515 1030 tate
542 974 730 1040 vitam,
762 973 1018 1045 corrigite
1048 990 1221 1044 more,
1254 975 1684 1047 appmpinquate
1737 979 1851 1035 Deo
1907 997 2008 1052 per

405 1077 594 1117 veram
659 1062 1050 1132 paenitentiam,
1110 1063 1196 1118 vel
1252 1065 1664 1122 conversionem
1694 1066 2007 1136 perfectam.

403 1149 576 1217 Quam
596 1151 848 1207 videlicet
877 1150 1270 1221 paenitentiam,
1313 1153 1396 1207 vel
1429 1155 1868 1224 conversionem,
1901 1174 2003 1213 nec

400 1238 656 1307 faciliori,
687 1247 746 1294 ut
775 1238 1075 1308 credimus,
1106 1256 1206 1295 nec
1235 1241 1450 1296 certiori
1489 1243 1576 1297 via
1631 1245 1858 1314 potestis
1912 1262 2004 1319 ap-

397 1327 752 1397 prehendere,
787 1341 970 1397 quam,
1003 1328 1154 1400 quod
1178 1328 1408 1384 multum
1450 1331 1700 1387 volumus
1755 1342 1809 1390 et
1859 1344 2006 1406 opta-

397 1433 541 1486 mus,
578 1415 895 1472 monachica
933 1416 1292 1487 professione.
1351 1420 1495 1476 Ecce
1554 1421 1832 1494 principes
1883 1439 2007 1497 apo-

2113 539 2303 594 beatus
2333 541 2521 596 Petrus
2550 551 2603 599 et
2629 545 2845 614 Paulus,
2876 549 3047 618 parati
3077 561 3202 607 sunt
3233 554 3476 624 recipere
3503 571 3611 613 vos
3675 557 3744 612 in

2114 627 2334 683 domum
2383 647 2536 684 suam
2568 633 2728 702 hanc,
2775 650 2937 705 quam
2971 639 3152 696 Patres
3167 642 3340 697 nostri
3371 644 3586 714 asylum
3615 661 3748 716 poe-

2115 715 2402 772 nitentium
2434 720 2862 780 nominaverunt.
2905 726 2971 780 Et
3003 743 3101 784 nos
3155 731 3332 800 parati
3383 749 3568 787 sumus
3620 715 3741 790 vos

2115 810 2172 858 ut
2202 820 2389 876 regem
2420 807 2642 879 habere,
2675 818 2732 865 ut
2761 828 2948 884 regem
2980 818 3231 885 tractere,
3264 822 3324 874 ut
3353 821 3471 892 regi
3491 823 3736 889 servire,

2113 898 2168 946 et
2187 908 2288 962 pro
2317 894 2470 950 vobis
2499 897 2616 969 regi
2642 915 2833 971 regum
2865 903 3113 960 devotius
3137 907 3475 978 supplicare,
3508 918 3568 965 ut
3623 927 3737 967 vos

2116 987 2347 1052 propter
2374 998 2434 1038 se
2460 999 2532 1039 ex
2564 992 3050 1059 regemonachum,
3071 1010 3140 1049 ex
3155 998 3494 1052 monachoin
3531 1014 3737 1072 regem

2118 1083 2218 1140 per
2235 1084 2295 1124 se
2317 1071 2566 1128 restituat
2597 1091 2610 1136 ;
2641 1091 2751 1131 non
2775 1076 2900 1146 jam'
2916 1079 2972 1134 in
3001 1079 3334 1140 brevissimo
3391 1093 3552 1158 atque
3604 1071 3724 1159 pau

2109 1157 2334 1226 perculo
2371 1166 2531 1216 terrae
2559 1165 2779 1235 angulo,
2815 1175 3058 1239 tempore
3089 1171 3303 1228 modico
3323 1157 3726 1245 dominantem,

2112 1245 2208 1300 sed
2238 1246 2294 1301 in
2324 1247 2658 1319 amplissima
2689 1268 2754 1310 ac
2781 1255 3095 1314 felicissima
3125 1260 3251 1316 caeli
3281 1261 3567 1320 latitudine
3623 1282 3726 1322 se-

2113 1349 2237 1389 cum
2257 1334 2376 1391 sine
2402 1346 2953 1412 regnantem.Amen.

405 1599 3697 1655 —————————————___________________

681 1708 1337 1812 EPISTOL/E
1406 1708 2226 1821 DIVERSORUM
2282 1719 2458 1825 AD
2548 1725 2657 1830 S.
2757 1729 3411 1840 HUGONEM.

921 2055 970 2097 S.
1003 2057 1163 2100 PETRI
1199 2060 1454 2102 ῸΛΜῙΑΝῙ.

679 2130 846 2202 (Vide
884 2130 1228 2205 Pati-alogias
1262 2139 1400 2192 tom.
1442 2135 1679 2207 CXLIV.)

1151 2242 1220 2296 ll.

908 2351 957 2395 8.
991 2352 1259 2393 GREGORII
1289 2353 1459 2393 ΡΑΡΕ.

393 2433 581 2504 (Vide
607 2434 947 2507 Patrologio:
995 2438 1129 2491 tom.
1193 2436 1321 2491 CXL
1337 2435 1475 2505 VIII,
1522 2437 1766 2507 Registri
1807 2438 1905 2494 lib.
1951 2454 1992 2507 ι,

463 2540 593 2595 epp.
644 2524 826 2591 14,62
881 2541 895 2586 ;
936 2524 975 2579 ι.
1034 2540 1096 2592 ιι,
1131 2523 1203 2579 49
1248 2544 1267 2592 ;
1305 2526 1342 2580 ι.
1377 2541 1428 2592 v,
1473 2541 1566 2598 ep.
1613 2530 1676 2584 21
1725 2547 1745 2595 ;
1799 2528 1838 2583 ι.
1897 2542 1993 2598 vn,

464 2629 591 2683 epp.
628 2613 716 2681 I7,
751 2615 814 2664 33
846 2631 867 2674 ,-
891 2612 929 2666 ι.
973 2627 1203 2684 vm,ep.
1232 2613 1313 2683 2.)

1144 2719 1233 2773 III.

939 2822 1146 2861 URBANI
1176 2822 1214 2860 II
1245 2821 1419 2861 ΡΑΡᾸΞ.

739 2893 909 2966 (Vide
943 2895 1274 2966 Patrologiee
1298 2899 1439 2951 tom.
1500 2897 1656 2969 CLI.)

1218 3001 1235 3032 γ

1166 3001 1255 3057 IV.

677 3105 941 3146 cornum
970 3104 1198 3146 ABBATIS
1229 3105 1645 3148 vmocnvsnsns.

839 3178 1014 3251 (Vide
1039 3185 1252 3236 tomum
1296 3180 1373 3237 CL
1391 3181 1536 3252 VII.)

915 3391 1183 3432 PASCBALI
1211 3393 1248 3432 II
1277 3393 1448 3433 PAPE.

804 3465 973 3538 (Vide
1003 3468 1163 3538 infra
1187 3467 1259 3522 ad
1280 3485 1378 3524 an.
1415 3467 1596 3536 1118.)

1125 3556 1224 3612 VI.

555 3661 781 3702 HBNRICI
812 3658 1181 3700 IIIPRRATORIS
1213 3659 1590 3702 COGNOMBNTO
1631 3662 1805 3705 NIGRI.

379 3755 601 3810 Gratias
623 3753 788 3808 habet
825 3751 1039 3820 Πειθοηὶ
1064 3749 1131 3805 de
1159 3751 1444 3808 restituta
1468 3752 1591 3822 ejus
1629 3756 1982 3813 orationibus

449 3843 722 3898 sanitate.
756 3841 926 3909 Rogat
947 3838 1202 3896 abbatem
1231 3843 1300 3896 ut
1336 3855 1365 3896 e
1403 3856 1566 3898 sacro
1587 3844 1746 3913 fonte
1791 3844 1980 3913 ﬁlium

427 3930 729 4005 praecipiat.

764 4035 992 4109 |Spicil.
1015 4034 1107 4090 ubi
1137 4051 1324 4106 supra,
1357 4051 1413 4107 p.
1447 4037 1596 4112 396.]

443 4147 750 4213 Haumcus,
785 4143 884 4199 Dei
913 4143 1086 4215 gratia
1115 4143 1481 4199 Romanorum
1510 4145 1807 4216 imperator
1853 4149 1974 4204 Au-

375 4244 585 4311 gustus,
616 4235 861 4301 Huaom,
893 4231 1192 4289 venerabili
1225 4231 1406 4288 abbati
1436 4232 1807 4306 Cluniacensi,
1838 4253 1974 4309 gra-

374 4327 506 4383 tiam
533 4334 587 4382 et
613 4323 861 4379 salutem.

442 4434 587 4490 Visis
642 4428 935 4486 sanctitatis
993 4435 1098 4484 tua:
1152 4427 1364 4496 litteris,
1429 4428 1724 4488 admodum
1796 4434 1970 4506 gavisi

370 4540 584 4584 sumus.
635 4522 776 4576 Tuas
824 4526 977 4573 tanto
1034 4516 1291 4572 libentius
1346 4519 1709 4592 suscepimus,
1769 4533 1970 4592 quanto

367 4610 678 4672 ferventiori
707 4607 882 4664 studio
913 4605 1112 4664 divina;
1141 4608 1583 4680 contemplationi
1606 4617 1659 4665 te
1698 4610 1969 4670 inhaerere

367 4705 640 4763 novimus.
697 4700 761 4753 In
817 4695 1012 4768 quibus
1065 4695 1320 4768 quoniam
1379 4705 1430 4753 te
1487 4697 1671 4754 dixisti
1735 4695 2132 4807 nimium

503 4792 538 4807 ι.
647 4805 656 4807 Α
703 4787 760 4807 1-
819 4785 1026 4807 _-.x.1:.-
1071 4785 1226 4807 ..-μμ
1279 4785 1499 4807 --_:.-._
1596 4789 1648 4807 j_
1722 4806 1760 4807 η

369 4792 666 4849 exsultasse
697 4787 766 4842 de
818 4785 1034 4842 reddita
1071 4785 1229 4840 nobis
1276 4785 1525 4854 sanitate,
1586 4789 1656 4845 de
1709 4806 1975 4854 concessa

369 4881 583 4937 caelitus
606 4876 700 4932 ﬁlii
729 4873 1042 4944 adoptione,
1072 4881 1256 4946 grates
1285 4876 1593 4946 paternitati
1623 4885 1731 4936 tuae
1759 4881 1962 4939 referi-

369 4986 512 5038 mus,
539 4975 719 5040 grates
743 4979 810 5019 ex
840 4963 1028 5019 intimo
1059 4962 1219 5018 corde
1249 4964 1632 5034 persolvimus.
1683 4968 1746 5024 Id
1802 4971 1965 5028 etiam

367 5073 477 5115 non
524 5064 636 5112 tam
689 5066 1031 5123 summopere
1084 5052 1408 5108 mandamus
1463 5071 1626 5125 quam
1690 5059 1966 5116 humiliter

366 5145 733 5220 deposcimus,
763 5148 822 5197 ut
841 5148 933 5195 tua
960 5139 1107 5211 apud
1136 5141 1619 5201 clementissimum
1670 5146 1964 5206 Dominum

363 5246 612 5295 nostrum
637 5231 841 5306 jugiter
888 5245 998 5285 non
1054 5228 1194 5306 desit
1249 5230 1442 5302 oratio,
1489 5248 1589 5304 pro
1641 5235 1965 5307 reipublicae

360 5323 672 5391 commodo,
703 5334 802 5394 pro
828 5318 988 5374 totius
1015 5317 1174 5389 regni
1202 5317 1427 5390 honore,
1456 5337 1559 5392 pro
1610 5331 1801 5383 nostra
1856 5341 1962 5385 no-

359 5425 698 5484 strorumque
717 5409 908 5477 salute,
942 5415 1000 5463 ut
1027 5405 1286 5462 divinitus
1315 5408 1475 5465 nobis
1504 5410 1700 5469 collata
1727 5430 1962 5487 prOSpe-

357 5505 511 5560 ritas.
542 5501 908 5559 Ecclesiarum
935 5499 990 5551 et
1017 5495 1208 5568 p0puli
1236 5497 1399 5552 totius
1428 5513 1542 5569 pax
1571 5501 1743 5574 possit
1771 5519 1890 5561 esse
1909 5512 1963 5561 et

361 5590 746 5664 tranquillitas.
780 5587 917 5656 Quis
945 5584 1095 5642 enim
1154 5585 1374 5657 sapiens
1430 5595 1582 5644 tuam
1637 5590 1958 5663 orationem,

2014 3379 2065 3441 C

2017 2033 2072 2094 Β
2102 2057 2424 2127 tuorumque
2451 2073 2561 2115 non
2593 2069 2819 2135 exoptet
2848 2066 2877 2119 εξ
2934 2065 3069 2136 Quis
3097 2067 3372 2127 insolubili
3421 2073 3713 2132 charitatis

2098 2143 2317 2200 vinculo
2342 2148 2580 2203 retinere
2613 2167 2720 2206 non
2751 2154 2998 2228 ambiget
3027 2157 3056 2209 ‘l
3087 2174 3316 2228 quorum
3348 2162 3528 2218 oratio
3557 2171 3718 2221 tanto

2094 2230 2299 2300 purior,
2331 2240 2534 2306 quanto
2577 2239 2646 2294 ab
2702 2243 2912 2299 actibus
2965 2247 3149 2302 saeculi
3223 2250 3501 2321 remotior,
3559 2260 3718 2310 tanto

2100 2319 2556 2410 dignioriquanto
2586 2328 2787 2386 divinis
2813 2335 3196 2404 conspectibus
3251 2347 3424 2395 exstat
3474 2319 3718 2410 propin-

2100 2409 2277 2477 quior.
2314 2409 2475 2479 Quod
2519 2424 2700 2473 autem
2746 2427 2794 2475 te
2851 2437 2950 2492 pro
3006 2424 3404 2498 longinquitate
3464 2409 3718 2484 intineris

2104 2499 2318 2569 negasti
2348 2503 2592 2571 potuisse
2624 2508 2830 2576 venire,
2859 2511 2997 2567 sicut
3049 2514 3339 2586 jussimus,
3397 2533 3716 2590 quanquam

2099 2594 2374 2657 gratanter
2405 2599 2554 2647 tuum
2586 2598 3013 2668 suscepissemus
3061 2603 3376 2674 adventum,
3425 2621 3493 2662 eo
3553 2608 3715 2678 igno-

2096 2676 2302 2732 scimus
2331 2687 2519 2736 tenore
2550 2691 2612 2738 ut
2639 2685 2693 2741 in
2726 2688 2925 2744 Pascha
2956 2690 3026 2746 ad
3056 2707 3158 2748 nos
3189 2693 3472 2750 Coloniam
3493 2676 3713 2765 venias,

2097 2763 2144 2818 si
2178 2769 2262 2820 est
2294 2765 2411 2824 ﬁeri
2440 2772 2720 2842 possibile,
2754 2773 3051 2846 quatenus,
3086 2781 3131 2834 si
3181 2782 3447 2839 audemus
3501 2763 3709 2850 dicere.

2096 2855 2344 2911 eumdem
2374 2874 2602 2928 puerum
2631 2863 2698 2919 de
2742 2881 2850 2936 quo
2903 2867 2980 2923 ita
3036 2869 3248 2926 laetatus
3303 2887 3364 2926 es
3419 2873 3490 2928 de
3544 2889 3710 2929 sacro

2096 2941 2251 2999 fonte
2280 2947 2608 3019 susciperes,
2641 2960 2694 3008 et
2723 2954 3020 3025 spiritualis
3050 2966 3206 3028 pater
3235 2967 3341 3016 tum
3370 2959 3710 3018 benedictio.

2097 3030 2182 3086 nis
2211 3048 2432 3090 munere
2461 3037 2728 3110 signares,
2756 3043 2938 3116 sicque
2969 3046 3130 3102 simul
3161 3049 3365 3119 expiati
3421 3049 3694 3106 fermento

2096 3119 2414 3178 delictorum
2444 3125 2699 3184 Paschali
2727 3131 3073 3192 solemnitate
3121 3152 3430 3193 mereamur
3487 3138 3698 3210 perfrui

2095 3211 2297 3282 azymis
2324 3212 2564 3272 coeleatis
2588 3217 2799 3290 gloria.

2831 3337 2948 3392 VII.

2203 3431 2583 3478 IMPERATRICIS
2618 3437 2872 3495 AGNETIS,
2905 3431 3135 3484 HENBICI
3166 3446 3321 3486 NIGRI
3352 3447 3585 3489 UXORIS.

2095 3504 2230 3562 Orat
2253 3513 2318 3564 ut
2343 3527 2445 3582 pro
2468 3512 2738 3583 defuncto
2757 3512 3104 3588 imperatore
3122 3535 3318 3591 preces
3339 3523 3445 3578 Deo
3468 3521 3696 3594 offerat.

2543 3600 2771 3674 [SpieiL
2804 3604 2938 3661 ibid.
2969 3623 3028 3677 p.
3070 3608 3228 3681 397.]

2160 3683 2524 3743 Dilectissimo
2555 3691 2695 3745 Patri
2727 3700 2777 3747 et
2807 3695 2955 3748 omni
2988 3697 3308 3768 acceptione
3366 3699 3534 3771 digno
3584 3701 3700 3756 Hc-

2089 3787 2223 3828 aom
2253 3774 2560 3833 abbati.....
2605 3797 2838 3852 quaeque
2867 3784 3030 3840 modo
3062 3785 3175 3841 Deo
3189 3785 3417 3857 jubente
3437 3788 3511 3859 fit,
3532 3790 3700 3846 salu-

2086 3867 2197 3918 tem
2226 3867 2282 3919 et
2301 3863 2555 3922 devotum
2585 3867 2931 3941 obsequium.

2159 3949 2300 4019 Quia
2329 3952 2384 4006 in
2421 3954 2619 4010 luctum
2667 3973 2826 4014 versa
2882 3969 2963 4016 est
3015 3961 3225 4019 cithara
3280 3981 3422 4034 mea,
3478 3968 3688 4039 gaudio

2084 4039 2368 4111 gemitum,
2429 4059 2529 4114 pro
2583 4045 2962 4116 exsultatione,
3023 4067 3186 4121 quam
3243 4052 3438 4110 litterae
3492 4066 3696 4114 vestrae

2083 4127 2345 4200 fecerant,
2377 4131 2558 4188 refero
2587 4133 2938 4194 lamentabile
2967 4137 3270 4210 planctum.
3330 4142 3439 4200 Cor
3493 4151 3686 4202 tamen

2083 4232 2314 4274 maerore
2347 4219 2586 4276 tabidum
2605 4222 2808 4297 refugit
2834 4241 2908 4282 ex
2937 4235 3050 4284 toto
3080 4230 3315 4287 referre.
3346 4231 3697 4305 Quapropter

2081 4313 2134 4362 et
2163 4308 2291 4378 quia
2319 4309 2483 4365 velox
2514 4311 2656 4367 fama
2687 4314 2977 4386 malorum,
3006 4326 3065 4373 ut
3082 4320 3267 4390 credo,
3299 4337 3490 4378 meum
3525 4323 3695 4380 vobis

2079 4395 2325 4453 dolorem
2355 4399 2639 4470 nuntiavit,
2671 4419 2868 4474 precor
2895 4415 2954 4462 ut
2978 4407 3256 4465 dominum
3285 4426 3490 4480 meum,
3523 4429 3692 4483 quem

2080 4484 2281 4542 diutius
2316 4487 2372 4542 in
2400 4504 2564 4545 carne
2630 4507 2848 4550 servare
2904 4495 3175 4566 noluistis,
3227 4498 3420 4555 saltem
3479 4501 3692 4558 orando

2077 4590 2197 4630 cum
2230 4583 2408 4632 vestro
2442 4587 2716 4636 conventu
2747 4581 3062 4640 defunctum
3092 4585 3208 4643 Deo
3265 4590 3687 4662 commendetis,

2075 4662 2362 4736 ﬁliumque
2391 4671 2630 4722 vestrum
2667 4669 2760 4725 diu
2790 4671 2895 4727 sibi
2950 4674 3225 4732 baeredem
3283 4677 3402 4734 fore
3454 4694 3520 4734 ac
3565 4679 3689 4737 Deo

2137 4769 2308 4826 gnum
2336 4754 2647 4825 obtineatis,
2678 4767 2734 4815 et
2763 4760 2948 4818 turbas
2969 4763 3016 4820 si
3043 4780 3166 4836 quae
3186 4773 3374 4823 contra
3429 4783 3559 4824 eum
3621 4771 3684 4826 in

2082 4841 2274 4901 vestris
2301 4843 2499 4902 vicinis
2538 4847 2784 4917 partibus
2838 4851 2996 4925 regni
3046 4854 3127 4908 sui
3177 4855 3445 4928 oriuntur,
3506 4858 3684 4916 etiam

2076 4931 2301 4989 consilio
2330 4933 2527 4991 sedare
2555 4936 2839 4995 studeatis.
2873 4940 3029 5012 Vale,
3060 4942 3237 5001 Pater.

2799 5050 2942 5109 VIII.

2178 5147 2404 5191 HBNRICI
2435 5151 2493 5190 IV
2519 5151 2884 5199 ιυΡΒιΑτοιιιε
2908 5157 3357 5204 PRECBDBNTIUI
3377 5163 3523 5205 PILII.

2071 5220 2347 5281 Abbatem
2366 5229 2661 5299 precatur,
2680 5233 2746 5286 ut
2758 5232 2927 5288 illum
2947 5233 3181 5307 invisat,
3197 5253 3303 5309 quo
3313 5238 3679 5312 paeeminire

2389 5316 2572 5388 possit
2611 5335 2744 5376 cum
2781 5337 3004 5382 summa
3057 5325 3348 5397 pontiﬁce.

2449 5402 2665 5478 [SpiciL
2698 5408 2799 5465 ubi
2827 5427 3009 5484 supra,
3039 5428 3098 5484 p.
3132 5414 3279 5488 897.]

2141 5506 2452 5580 HBNRICUS,
2483 5510 2586 5570 Dei
2609 5514 2786 5587 gratia
2815 5517 3185 5576 Romanorum
3213 5521 3526 5593 imperator,
3558 5526 3672 5582 Au-

2071 5605 2291 5670 gustus,
2323 5600 2582 5660 Huooms
2610 5605 2909 5664 reverenda
2937 5609 3147 5681 abbati,
3167 5611 3313 5682 quod
3329 5610 3470 5670 ﬁlius
3485 5613 3655 5670 Patri.
