4032 6078
295 312 396 366 933

1558 307 1907 365 EPISTOLxE
1955 310 2415 374 DIVERSORUM
2429 358 2444 373 .

3503 346 3608 398 934

365 433 466 541 Diu
495 441 599 541 (ξιίέ
631 433 831 541 domne
859 448 923 533 ac
963 435 1144 541 Pater,
1176 436 1322 541 quod
1351 433 1884 541 inﬁrmum‘ve‘strum
1913 435 1974 498 Α
2069 437 2212 541 Quia
2246 450 2390 541 tuam
2421 461 2636 517 semper
2662 446 2918 517 pietatem
2939 461 2994 508 et
3021 464 3300 524 paternam
3343 477 3474 534 erga
3502 483 3610 541 nos

291 522 429 578 sicut
455 522 712 578 solebatis
741 539 849 578 non
873 523 1150 590 visitastis,
1193 530 1247 578 et
1275 521 1424 595 quod
1455 521 1894 578 adhortationum

289 620 347 669 et
373 611 798 667 consolationum
830 612 1092 668 fomentis
1133 615 1422 668 contritum
1488 619 1727 668 vestrum
1785 626 1898 667 non

293 699 549 756 curastis.
584 699 693 755 Sed
722 699 950 771 proinde
978 701 1168 770 pietati
1196 705 1395 758 vestris
1423 716 1536 756 non
1568 700 1900 755 aestimamus

295 789 688 861 derogandum,
720 789 815 844 sed
845 793 1018 844 totum
1064 789 1451 860 iniquitatibus
1482 789 1678 844 nostris
1707 789 1896 859 impu-

296 879 537 943 tandum,
561 878 688 949 quia
718 878 948 933 fortasse
979 878 1209 949 Spiritus
1241 878 1456 933 Domini
1502 877 1799 949 prohibuit,
1831 891 1900 932 ne

296 975 520 1037 prapter
546 966 936 1023 infmctuosam
965 967 1218 1023 arborem
1250 967 1506 1023 sanctitas
1539 975 1720 1023 vestra
1770 965 1898 1020 fati-

295 1055 418 1126 gari
446 1055 712 1112 debuerit.
745 1057 945 1111 Verum
971 1057 1230 1129 quoniam
1263 1065 1476 1126 tempus
1508 1065 1588 1111 est
1633 1054 1780 1112 omni
1824 1054 1899 1108 rei

297 1141 400 1194 sub
433 1140 595 1210 oculo,
649 1149 701 1196 et
747 1141 886 1196 sicut
923 1148 1139 1212 tempus
1179 1148 1266 1196 est
1313 1141 1406 1196 irre
1456 1140 1691 1207 Domiui,
1730 1139 1806 1194 ita
1848 1140 1907 1192 et

295 1227 686 1285 misericordia
729 1229 866 1298 ejus;
908 1245 1068 1299 quam
1123 1228 1558 1284 vicissitudinem
1603 1227 1806 1297 saepius
1846 1227 1901 1281 in

299 1315 596 1372 Israelitico
618 1317 820 1388 pepulo
851 1316 1281 1373 animadvertere
1311 1333 1625 1386 possumus,
1658 1317 1748 1387 qui
1767 1331 1896 1388 pec-

298 1419 429 1461 cans
455 1421 487 1460 a
513 1406 752 1461 Domino
794 1405 1135 1476 puniebatur,
1175 1407 1445 1476 paenitens
1491 1407 1692 1478 dignus
1736 1405 1900 1460 venia

291 1492 658 1563 judicabatur,
703 1493 841 1549 sicut
868 1493 1035 1564 plane
1057 1495 1257 1550 factum
1276 1503 1359 1550 est
1387 1496 1600 1567 quando
1631 1511 1663 1550 a
1703 1495 1900 1550 Nabu-

295 1579 641 1634 chodonosor
669 1579 809 1633 muri
837 1578 1142 1634 Jerusalem
1164 1579 1422 1636 destructi
1454 1588 1602 1647 sunt,
1632 1579 1896 1649 templum

295 1669 517 1724 Domini
536 1668 795 1736 dirutum,
816 1667 1049 1740 populus
1071 1669 1318 1738 captivus
1338 1669 1531 1725 ductus
1547 1677 1648 1737 est,
1673 1669 1896 1738 quando

2005 527 2424 588 sollicitudinem
2481 534 2715 609 benigne
2772 542 2982 610 experti
3037 559 3244 615 sumus,
3295 549 3372 604 ita
3405 527 3486 608 “ut
3542 527 3611 611 de

2005 615 2189 672 multis
2238 635 2384 691 saepe
2405 622 2670 692 periculis
2727 627 2835 682 tuis
2890 632 3088 687 sanctis
3126 636 3460 695 orationibus
3488 659 3612 699 cre-

2006 703 2201 760 damus
2238 723 2338 763 nos
2390 708 2664 779 liberatos,
2705 714 2934 786 idcirco,
2988 720 3143 777 Pater
3170 726 3510 800 charissima,
3543 733 3612 788 ad

2007 798 2060 846 te
2089 801 2214 884 post
2243 797 2416 852 Deum
2446 801 2597 870 quasi
2621 802 2690 858 ad
2721 803 2999 877 singulare
3054 810 3324 884 refugium
3368 797 3611 875 necessi-

2007 881 2130 968 tatis
2159 891 2363 940 nostraa
2392 889 2740 958 recurrimus,
2775 901 2846 962 et,
2879 902 2937 950 ut
2965 898 3108 968 apud
3142 881 3203 954 te
3221 902 3413 959 saltem
3439 908 3610 964 mise—

2007 967 2211 1024 riarum
2268 982 2583 1032 nostrarum
2609 980 2861 1036 solatium
2917 967 3275 1057 inveniamus,
3335 993 3614 1053 humiliter

2009 1060 2376 1129 exposcimus.
2433 1065 2497 1119 Ei
2555 1068 2755 1124 utinam
2804 1071 2962 1128 nobis
3028 1078 3364 1151 contingeret
3411 1083 3610 1141 faciem

2009 1154 2155 1243 tuam
2186 1151 2496 1220 angelicam
2527 1159 2886 1225 corporaliter
2914 1162 3120 1234 videre,
3180 1176 3234 1221 ut
3291 1169 3396 1225 tuis
3453 1172 3616 1243 affusi

2007 1237 2240 1307 genibus
2294 1249 2457 1311 caput
2512 1252 2779 1310 nostrum,
2835 1251 2980 1319 quod
3066 1253 3133 1308 de
3179 1254 3327 1313 fonte
3395 1237 3613 1319 salutari

2008 1325 2315 1396 suscepisti,
2367 1328 2422 1382 in
2479 1331 2654 1386 sinum
2729 1338 3033 1395 sanctitatis
3108 1350 3213 1398 tuae
3270 1345 3614 1406 familiariter

2007 1428 2312 1484 possemus,
2344 1418 2629 1487 reclinare,
2655 1420 2835 1492 ibique
2867 1436 3090 1496 peccata
3121 1439 3303 1487 nostra
3359 1436 3610 1494 deﬂendo

2007 1501 2412 1559 multitudinem
2447 1507 2859 1565 tribulationum
2889 1522 3196 1573 nostrarum
3237 1537 3333 1590 per
3361 1525 3609 1582 ordinem

2007 1605 2257 1648 enarrare
2289 1595 2300 1647 l
2335 1595 2440 1650 Sed
2474 1596 2598 1665 quia
2629 1597 2789 1654 talem
2824 1601 2985 1657 nobis
3005 1607 3426 1666 consolationem
3464 1613 3609 1669 invi-

2008 1677 2138 1772 dent
2187 1696 2294 1772 non
2353 1683 2536 1772 solum
2592 1685 2758 1756 longa
2811 1696 3076 1747 terrarum
3109 1695 3607 1772 interjectaspatia,

294 1755 405 1813 ﬁlis
434 1757 565 1814 Sion
593 1757 850 1828 seditper
877 1758 1220 1831 septuaginta
1258 1772 1431 1813 annos
1458 1757 1573 1812 sine
1595 1774 1745 1832 rege,
1777 1759 1892 1814 sine
1922 1783 1974 1842 Β
2005 1767 2098 1821 sed
2129 1768 2295 1824 etiam
2315 1771 2452 1826 mira
2481 1755 2820 1831 saevientium
2865 1779 3206 1838 inimicorum
3245 1755 3407 1858 "odia,
3433 1755 3606 1846 ‘tuam’

294 1848 598 1913 sacerdote,
628 1847 744 1903 sine
783 1847 1073 1904 sacriﬁcio.
1107 1847 1221 1902 Sed
1250 1863 1466 1902 rursum
1514 1849 1733 1918 quando
1771 1848 1894 1903 coeli

294 1935 694 1991 distillaveruut
740 1935 1166 1992 misericordiam
1226 1936 1347 2004 Dei,
1395 1936 1495 1991 sub
1557 1936 1700 2008 Cyro
1765 1952 1895 2009 rege

295 2021 583 2076 Persarum
608 2020 788 2076 laxata
817 2029 898 2077 est
925 2021 1228 2092 captivitas,
1261 2021 1420 2076 rediit
1440 2021 1691 2092 populus,
1734 2022 1893 2076 Jeru-

295 2110 469 2166 salem
505 2109 850 2177 reediﬁcata,
873 2109 1139 2180 templum
1177 2117 1510 2180 reparatum,
1557 2117 1610 2164 et
1637 2125 1896 2166 caeremo-

295 2200 513 2255 niarum
530 2199 664 2254 ritus
691 2215 760 2254 ex
787 2199 998 2271 integro
1028 2206 1112 2255 est
1141 2198 1436 2255 restitutus.
1470 2199 1527 2254 Si
1558 2214 1709 2270 ergo,
1756 2200 1897 2254 sicut

295 2289 594 2361 Apostolus
607 2288 864 2361 loquitur,
872 2288 989 2344 haec
1005 2288 1195 2344 omnia
1211 2290 1274 2344 in
1284 2288 1470 2359 ﬁgura
1485 2288 1894 2359 contingebant

293 2379 434 2446 illis,
466 2393 569 2435 nos
602 2377 695 2449 qui
727 2376 956 2432 similem
1001 2377 1056 2430 in
1095 2377 1460 2432 destructione
1508 2377 1894 2432 ecclesiasticae

294 2467 597 2540 religionis,
645 2466 866 2523 Domini
903 2466 995 2520 diu
1035 2464 1386 2520 sustinuimus
1427 2466 1582 2532 iram,
1632 2481 1800 2536 quare
1837 2464 1894 2520 in

292 2556 633 2627 reparatione
662 2555 914 2625 ejusdem
944 2553 1225 2626 religionis
1271 2553 1500 2608 similem
1549 2569 1658 2610 non
1701 2569 1893 2624 spere-

287 2661 411 2700 mus
459 2643 936 2700 misericordiam?
979 2644 1099 2698 Hoc
1145 2642 1326 2713 itaque
1372 2642 1624 2713 exemplo
1671 2642 1893 2696 animati

289 2743 478 2791 notum
513 2734 746 2790 facimus
775 2731 1050 2788 serenitati
1075 2741 1274 2789 vestrae
1321 2731 1490 2803 quod,
1539 2747 1638 2801 pro
1669 2746 1893 2802 repara-

292 2824 441 2880 tione
472 2822 849 2892 ecclesiarum,
901 2837 1024 2892 quze
1067 2820 1267 2876 nostris
1315 2820 1649 2892 temporibus
1699 2819 1896 2876 nostris

293 2913 555 2984 peccatis,
588 2911 694 2967 heu
726 2912 1103 2976 tcorruerunt,
1170 2909 1424 2965 omnibus
1479 2908 1675 2977 modis,
1734 2916 1895 2978 prout

287 3002 441 3058 Deus
468 3001 616 3058 vires
645 2999 873 3066 dederit,
915 2998 1165 3054 volumus
1194 2997 1442 3054 laborare
1469 3005 1522 3052 et
1569 2997 1717 3053 sanis
1753 3013 1890 3053 cou-

283 3091 433 3146 siliis
459 3091 711 3146 omnium
737 3089 1002 3144 bonorum
1029 3088 1232 3143 amodo
1271 3086 1643 3157 acquiescere,
1689 3086 1736 3140 si
1781 3102 1889 3158 quo

296 3180 459 3238 modo
489 3180 768 3236 valeamus
798 3177 1040 3248 dispersa
1070 3176 1350 3248 colligere,
1383 3184 1437 3232 et
1465 3175 1668 3230 hiantia
1714 3191 1888 3231 cuneo

291 3268 616 3337 schismatis,
646 3267 865 3322 unionis
902 3265 1112 3338 glutino
1143 3265 1464 3333 coaduuare,
1497 3272 1657 3336 atque
1677 3263 1887 3319 ruinam

287 3357 571 3426 Ecclesiae,
603 3372 726 3429 quae
777 3371 876 3426 per
921 3371 1021 3411 nos
1065 3354 1212 3410 facta
1256 3362 1358 3424 est,
1398 3353 1550 3424 pacis
1572 3360 1626 3409 et
1660 3353 1888 3423 justitiae

290 3446 687 3502 instauratione
733 3457 1174 3514 recompensare.

361 3555 630 3610 Praeterea
660 3551 1034 3625 signiﬁcamus
1073 3549 1228 3605 vobis
1248 3547 1415 3618 quod,
1447 3547 1493 3604 si
1512 3549 1626 3604 Deo
1655 3546 1888 3620 propitio

290 3659 520 3716 regnum
551 3650 605 3699 et
633 3641 994 3697 sacerdotium
1024 3640 1084 3694 in
1111 3655 1276 3693 unum
1309 3637 1633 3709 recolligere
1679 3637 1888 3709 poteri-

293 3750 434 3803 mus,
465 3742 588 3804 post
615 3732 990 3790 conﬁrmatam
1018 3745 1237 3801 pacem,
1267 3731 1348 3786 ire
1376 3728 1672 3784 Jerusalem
1699 3728 1889 3799 dispo-

296 3822 492 3890 nimus,
536 3830 588 3878 et
615 3823 798 3878 videre
840 3828 1085 3878 sanctam
1121 3828 1317 3876 terram
1364 3819 1417 3874 in
1475 3833 1583 3889 qua
1626 3818 1888 3873 Dominus

293 3920 477 3968 noster
506 3911 561 3966 in
601 3928 762 3968 carne
789 3910 936 3968 visus
966 3919 1065 3974 est,
1120 3919 1172 3966 et
1221 3926 1344 3965 cum
1390 3908 1706 3964 hominibus
1753 3921 1888 3962 con-

296 4010 538 4057 versatus
567 4009 664 4057 est:
700 4002 819 4071 ipso
842 3999 1078 4072 propitio
1107 3998 1273 4054 valde
1303 3997 1698 4063 desideramus,
1729 4004 1787 4050 ut
1815 3995 1890 4050 ibi

296 4089 614 4161 expressius
645 4106 769 4146 eum
798 4090 1112 4154 adoremus,
1146 4086 1237 4142 ubi
1288 4101 1410 4140 eum
1458 4086 1666 4157 alapas,
1711 4093 1888 4155 sputa,

296 4178 532 4251 ﬂagella,
564 4195 802 4246 crucem,
836 4184 1087 4245 mortem,
1120 4174 1477 4245 sepulturam,
1511 4189 1730 4245 passum
1774 4189 1893 4229 esse

293 4284 393 4340 pro
423 4268 581 4323 nobis
602 4267 979 4340 cOgnovimus.
1013 4267 1140 4321 ΙΙωο
1169 4272 1348 4320 autem
1388 4263 1572 4319 omnia
1599 4271 1893 4334 propterea

293 4357 560 4413 sanctitati
601 4364 791 4413 vestrae
844 4355 1168 4425 indicamus,
1222 4361 1277 4408 ut
1318 4352 1549 4420 enixius,
1590 4366 1690 4423 pro
1737 4351 1893 4407 nobis

291 4446 477 4516 oretis,
530 4455 583 4502 et
637 4461 736 4502 nos
788 4445 906 4501 Deo
956 4460 1079 4498 eum
1134 4449 1322 4498 sancto
1379 4439 1614 4511 collegio
1660 4441 1891 4494 fratrum

287 4543 594 4593 vestrorum
623 4535 876 4591 attentius
920 4531 1331 4598 commendetis,
1359 4537 1417 4585 ut
1472 4531 1593 4600 ipse
1648 4529 1742 4599 qui
1793 4545 1892 4585 nos

289 4625 448 4681 bonae
480 4625 773 4680 voluntatis
802 4621 1070 4696 praevenit
1101 4619 1492 4688 misericordia,
1527 4619 1596 4675 ad
1643 4619 1890 4675 fructuo-

291 4731 412 4770 sum
442 4713 697 4772 effectum
725 4722 914 4770 nostra
942 4712 1184 4786 dirigere
1203 4709 1461 4783 dignetur
1489 4724 1672 4780 opera.

467 5003 698 5046 ηεΝιιιοι
728 4986 1100 5046 ιιιΡὲιιΑτοιιιε
1115 4998 1538 5043 Ριιιευιοτοιῑωιί
1557 4999 1707 5042 ιηιη.

363 5109 756 5189 Conqueritur
773 5115 840 5173 de
848 5113 967 5185 ﬁlio
987 5112 1129 5188 quod
1144 5113 1207 5169 in
1221 5111 1391 5169 illum
1406 5108 1820 5168 insul-rexerit.

355 5293 662 5363 Hermann,
693 5293 794 5350 Dei
821 5293 997 5369 gratia
1019 5291 1385 5351 Romanorum
1414 5291 1733 5364 imperator,
1763 5293 1882 5350 Au-

283 5392 495 5456 gustus,
524 5383 848 5440 charissima
875 5391 1037 5454 atque
1066 5380 1418 5439 dilectissimo
1445 5381 1588 5437 Patri
1633 5381 1880 5452 HUGONI,

285 5479 339 5527 et
361 5471 630 5530 universis
677 5469 879 5528 sanctis
921 5471 1180 5528 fratribus
1225 5469 1590 5528 Cluniacensis
1620 5470 1876 5538 coenobii,

284 5560 502 5618 dulcem
531 5558 627 5617 ﬁlii
657 5561 928 5634 affectum,
959 5575 1026 5620 ac
1062 5559 1318 5622 devotum
1347 5556 1552 5631 fratris,
1583 5557 1693 5642 imo
1735 5561 1878 5620 servi

279 5649 620 5725 obsequium.

2000 1857 2404 1950 paternitatem_
2434 1862 2581 1916 omni
2643 1864 2927 1923 devotione
2985 1871 3352 1945 obsecramus,
3409 1886 3607 1950 quate-

2001 1959 2104 1998 nus
2148 1954 2346 2003 nostris
2392 1948 2715 2007 humilitatis
2747 1953 2949 2011 litteras
2999 1958 3133 2014 nihil
3179 1948 3440 2020 falsitatis
3514 1977 3608 2024 aut

2002 2033 2378 2106 simulationis,
2409 2039 2522 2094 Deo
2551 2048 2703 2110 teste,
2737 2045 3096 2115 continentes,
3130 2065 3239 2106 non
3297 2054 3608 2126 dedigneris

2001 2123 2297 2194 suscipere,
2353 2130 2407 2216 et
2463 2133 2666 2185 attente
2716 2139 2768 2187 et
2824 2134 3240 2195 misericorditer
3277 2123 3600 2216 intelligere,

2003 2219 2299 2306 monstrum
2358 2213 2615 2306 inauditae
2661 2221 2964 2278 traditionis
2987 2234 3205 2285 nostrae.
3251 2228 3428 2298 Quam
3452 2213 3603 2306 “qui-

2003 2299 2127 2354 dem
2148 2309 2205 2356 ut
2224 2305 2402 2375 magis
2426 2306 2732 2362 mirandum
2761 2311 2847 2376 sit,
2871 2328 2979 2367 non
3028 2323 3136 2370 tam
3165 2316 3460 2377 domestica
3493 2299 3605 2380 ’γθί

2003 2387 2217 2444 inimica
2239 2407 2430 2482 manus
2463 2394 2610 2463 (nam
2639 2398 2693 2452 si
2722 2399 2770 2453 is
2799 2402 2897 2473 qui
2935 2403 3131 2459 oderat
3163 2422 3252 2461 me
3306 2425 3478 2482 super
3503 2428 3594 2468 me

2001 2493 2210 2549 magna
2243 2478 2467 2537 locutus
2482 2485 2704 2554 fuisset,
2725 2486 3140 2547 abscondis-sem
3155 2510 3245 2550 me
3264 2478 3514 2566 forsitan
3532 2501 3600 2556 ab

2004 2566 2088 2636 eo)
2119 2583 2279 2637 quam
2312 2571 2474 2625 etiam
2505 2571 2650 2628 ﬁlius
2670 2575 2806 2630 uteri
2832 2579 3002 2632 nostri
3033 2581 3190 2638 unice
3239 2584 3398 2640 nobis
3456 2588 3599 2645 dile-

2004 2662 2138 2748 ctus,
2167 2656 2350 2728 impie,
2395 2660 2711 2733 inhumane,
2743 2672 2795 2719 et
2824 2666 3049 2738 indigne
3078 2669 3135 2724 in
3192 2687 3292 2728 nos
3338 2678 3601 2748 exercuit,

2002 2742 2076 2798 ita
2127 2751 2186 2798 ut
2241 2761 2349 2801 non
2408 2748 2617 2819 absque
2670 2752 2856 2810 dolore
2887 2756 2970 2810 vel
3001 2756 3212 2830 ingenti
3244 2742 3602 2822 admiratione

1999 2833 2275 2902 possimus
2333 2836 2568 2893 clamare
2615 2840 2684 2895 ad
2739 2841 2912 2897 Deum
2979 2860 3113 2901 voce
3156 2847 3252 2903 illa
3295 2850 3602 2908 Psalmistae

2001 2922 2167 2993 regis,
2213 2940 2244 2978 a
2274 2923 2415 2980 facie
2440 2942 2547 2982 non
2571 2928 2849 2985 dissimilis
2876 2931 2971 2986 ﬁlii
3004 2933 3261 3006 fugientis
3293 2957 3304 2993 :
3338 2943 3594 3012 Domine,

1999 3012 2133 3082 quid
2152 3013 2524 3085 multiplicati
2551 3020 2799 3091 suntqui
2830 3021 3111 3081 tribulam
3139 3041 3228 3082 me
3260 3031 3285 3083 ἵ

1914 3133 1970 3196 C.
2071 3134 2220 3192 Scire
2250 3137 2396 3194 enim
2428 3146 2476 3194 te
2499 3141 2789 3213 credimus,
2824 3144 2950 3216 quia
2978 3147 3193 3205 audisse
3218 3166 3332 3207 non
3369 3152 3595 3212 dubita-

1998 3239 2136 3290 mus,
2162 3234 2365 3296 quanta
2410 3227 2714 3296 affectione,
2748 3231 2796 3286 ei
2832 3232 3018 3288 intima
3049 3237 3225 3293 cordis
3279 3239 3596 3315 dilectione,

1998 3318 2184 3366 contra
2212 3315 2545 3372 voluntatem
2573 3317 2885 3386 multorum,
2901 3322 3151 3379 eumdem
3168 3325 3337 3381 ﬁlium
3353 3339 3600 3388 nostrum

1998 3400 2355 3457 exaltavimus
2382 3420 2560 3475 usque
2585 3405 2656 3460 ad
2686 3409 2844 3480 regni
2874 3409 3092 3482 solium,
3127 3415 3218 3483 qui
3245 3415 3301 3471 in
3338 3417 3460 3488 ipsa
3479 3421 3599 3478 ele-

1997 3489 2176 3545 ctione
2193 3506 2294 3545 sua
2323 3492 2478 3548 nobis
2499 3494 3013 3570 juravitMoguntiae
3049 3500 3216 3558 vitam
3262 3512 3316 3560 et
3370 3508 3601 3566 salutem

1995 3593 2244 3649 personae
2264 3589 2502 3652 nostrae;
2534 3587 2588 3638 et
2617 3585 2767 3654 quod
2794 3587 2863 3642 de
2920 3604 3094 3662 regno
3135 3599 3185 3648 et
3215 3596 3363 3650 omni
3391 3599 3600 3657 honore

1998 3675 2202 3736 nostro,
2235 3677 2289 3725 et
2309 3670 2376 3726 de
2394 3672 2646 3728 omnibus
2673 3691 2792 3747 quae
2821 3677 3177 3749 habebamus,
3234 3683 3322 3740 vel
3367 3686 3604 3745 habituri

1998 3771 2232 3825 eramus,
2283 3760 2599 3818 nullomodo
2649 3779 2709 3819 se
2765 3765 3161 3840 iutromitteret,
3219 3788 3308 3830 me
3362 3776 3601 3850 vivente,

1998 3855 2186 3902 contra
2241 3847 2578 3906 voluntatem
2635 3859 2690 3908 et
2743 3865 3076 3928 praeceptum
3132 3870 3398 3922 nostrum.
3448 3847 3603 3924 Idem

1999 3951 2216 4006 quoque
2263 3954 2428 4008 super
2481 3955 2704 3997 crucem
2735 3951 2788 3997 et
2811 3945 3158 4002 Dominicum
3210 3949 3430 4008 clavum
3479 3972 3602 4014 cum

1998 4023 2207 4114 lancea,
2239 4041 2427 4082 coram
2470 4029 2722 4085 omnibus
2779 4033 3134 4104 principibus,
3179 4039 3336 4095 nobis
3376 4041 3599 4114 juravit,

1999 4127 2123 4168 cum
2153 4111 2504 4171 intronizatus
2533 4117 2725 4174 fuisset
2766 4120 2949 4190 Aquis.
2985 4123 3183 4179 Verum
3232 4127 3322 4182 his
3351 4111 3602 4189 omnibus

1998 4202 2319 4273 posthabitis
2349 4212 2401 4259 et
2419 4203 2682 4263 oblivioni
2704 4208 2936 4279 traditis,
2991 4211 3220 4269 consilio
3236 4216 3596 4286 perﬁdorum.

2000 4295 2054 4346 et
2082 4293 2481 4364 perjuratorum
2530 4295 2949 4368 mortaliumque
3001 4298 3343 4360 inimicorum
3390 4316 3599 4367 nostros

2000 4396 2117 4434 rum
2177 4381 2254 4436 ita
2299 4397 2334 4436 a
2388 4383 2548 4439 nobis
2604 4393 2886 4457 separatus
2927 4391 3116 4458 estut,
3160 4392 3476 4451 omnimode
3503 4414 3602 4455 nos

1916 4486 1971 4550 ί)
1997 4470 2249 4540 persequi
2281 4478 2386 4526 tam
2416 4472 2473 4526 in
2502 4471 2662 4528 rebus
2691 4490 2852 4546 quam
2883 4475 2938 4531 in
2967 4492 3198 4548 persona
3228 4482 3476 4554 cupiens,
3500 4502 3599 4544 nos

1999 4557 2214 4630 privare
2243 4575 2413 4632 regno
2444 4569 2498 4618 et
2527 4561 2638 4618 vita
2664 4563 2734 4618 ab
2765 4579 2832 4619 ea
2861 4565 3000 4622 hora
3028 4583 3245 4640 semper
3271 4570 3594 4632 intenderet.

2000 4647 2175 4718 Cmpit
2204 4647 2350 4704 enim
2377 4659 2552 4707 castra
2571 4659 2759 4708 nostra
2787 4652 3062 4726 obsidere,
3090 4663 3143 4712 et
3171 4659 3378 4728 praedia
3411 4671 3597 4720 nostra

1995 4751 2277 4808 usurpare,
2308 4745 2569 4810 quotquot
2597 4739 2789 4811 potuit,
2823 4749 2933 4797 tam
2963 4744 3032 4799 de
3053 4743 3294 4818 familia,
3319 4764 3484 4821 quam
3540 4761 3597 4812 et

1999 4824 2135 4881 alios
2160 4826 2264 4881 sibi
2295 4835 2477 4884 contra
2504 4843 2604 4886 nos
2625 4839 2972 4888 sacramento
3020 4832 3286 4906 alligavit.
3319 4839 3458 4896 Proh
3487 4837 3593 4899 do-

1996 4914 2081 4971 lor
2113 4916 2274 4970 lcum
2313 4913 2382 4972 de
2439 4916 2597 4973 dieiu
2652 4917 2800 4974 diem
2828 4928 3286 4993 exspectaremus,
3336 4935 3393 4983 ut
3422 4934 3595 4988 tactus

1997 5003 2186 5060 dolore
2239 5003 2422 5060 cordis
2477 5005 2802 5063 intrinsecus
2856 5008 3170 5068 humiliatus
3231 5015 3590 5092 resipisceret,

1992 5093 2172 5166 magis
2200 5109 2263 5150 ac
2282 5093 2458 5167 magis
2488 5094 2667 5152 furore
2693 5095 2934 5168 perﬁdiae
2959 5115 3239 5171 accensus,
3270 5103 3424 5162 nihili
3447 5125 3592 5180 peu-

1992 5181 2125 5238 dens
2180 5182 2280 5239 Dei
2336 5183 2586 5240 timorem
2617 5192 2670 5240 et
2714 5192 2998 5256 paternam
3046 5193 3423 5266 reverentiam,
3481 5213 3593 5255 non

1991 5271 2257 5330 dubitavit
2282 5287 2384 5329 nos
2412 5272 2481 5328 de
2541 5274 2761 5331 civitate
2802 5275 2858 5331 in
2913 5277 3193 5336 civitatem
3233 5285 3506 5355 persequi,
3535 5293 3590 5344 et

1989 5361 2171 5418 omnia
2189 5370 2374 5419 nostra
2400 5378 2499 5434 pro
2526 5378 2690 5434 posse
2717 5365 3000 5424 invadere.

2051 5468 2143 5527 Sic
2168 5467 2415 5526 venimus
2436 5469 2739 5526 Coloniam.
2766 5472 2996 5530 Proinde
3016 5489 3139 5532 cum
3169 5475 3284 5548 ipse
3312 5473 3368 5533 in
3390 5476 3588 5549 proxi-

1988 5574 2077 5614 ma
2103 5556 2398 5618 Nativitate
2418 5559 2638 5617 Domini
2681 5560 3038 5634 disposuisset
3063 5564 3394 5638 colloquium
3441 5568 3590 5641 apud

1986 5647 2350 5723 Moguntiam,
2408 5649 2758 5724 congregatis
2799 5649 3057 5710 ﬁdelibus
3102 5654 3298 5713 nostris
3317 5658 3586 5732 cmpimus
