  <div class='ocr_page' id='page_1' title='image "/cluster/home/n/w/nwhite01/storage/ocr_20150623/159/hvd.32044054760178/473.png"; bbox 0 0 4032 6078; ppageno 0'>
   <div class='ocr_carea' id='block_1_1' title="bbox 452 298 554 356">
    <p class='ocr_par' dir='ltr' id='par_1_1' title="bbox 452 298 554 356">
     <span class='ocr_line' id='line_1_1' title="bbox 452 298 554 356; baseline 0 -1"><span class='ocrx_word' id='word_1_1' title='bbox 452 298 554 356; x_wconf 79' lang='lat'><strong>935</strong></span> 
     </span>
    </p>
   </div>
   <div class='ocr_carea' id='block_1_2' title="bbox 1549 283 2652 348">
    <p class='ocr_par' dir='ltr' id='par_1_2' title="bbox 1549 283 2652 348">
     <span class='ocr_line' id='line_1_2' title="bbox 1549 283 2652 348; baseline -0.004 0"><span class='ocrx_word' id='word_1_2' title='bbox 1549 283 1606 348; x_wconf 86' lang='lat' dir='ltr'><strong>S.</strong></span> <span class='ocrx_word' id='word_1_3' title='bbox 1640 291 1836 348; x_wconf 83' lang='lat' dir='ltr'><strong>llUGO</strong></span> <span class='ocrx_word' id='word_1_4' title='bbox 1867 288 2084 347; x_wconf 80' lang='lat' dir='ltr'><strong>ABBAS</strong></span> <span class='ocrx_word' id='word_1_5' title='bbox 2113 284 2652 347; x_wconf 76' lang='lat' dir='ltr'><strong>CLUNIACENSIS.</strong></span> 
     </span>
    </p>
   </div>
   <div class='ocr_carea' id='block_1_3' title="bbox 3652 292 3754 347">
    <p class='ocr_par' dir='ltr' id='par_1_3' title="bbox 3652 292 3754 347">
     <span class='ocr_line' id='line_1_3' title="bbox 3652 292 3754 347; baseline -0.01 -1"><span class='ocrx_word' id='word_1_6' title='bbox 3652 292 3754 347; x_wconf 84' lang='lat'><strong>936</strong></span> 
     </span>
    </p>
   </div>
   <div class='ocr_carea' id='block_1_4' title="bbox 458 413 3772 488">
    <p class='ocr_par' dir='ltr' id='par_1_4' title="bbox 458 413 3772 488">
     <span class='ocr_line' id='line_1_4' title="bbox 458 413 3772 488; baseline -0.002 -10"><span class='ocrx_word' id='word_1_7' title='bbox 458 424 586 479; x_wconf 93' lang='lat' dir='ltr'><strong>illuc</strong></span> <span class='ocrx_word' id='word_1_8' title='bbox 613 421 928 478; x_wconf 82' lang='lat' dir='ltr'><strong>ascendere.</strong></span> <span class='ocrx_word' id='word_1_9' title='bbox 975 419 1095 488; x_wconf 87' lang='lat' dir='ltr'><strong>Quo</strong></span> <span class='ocrx_word' id='word_1_10' title='bbox 1125 417 1327 484; x_wconf 89' lang='lat' dir='ltr'><strong>audito,</strong></span> <span class='ocrx_word' id='word_1_11' title='bbox 1359 417 1594 473; x_wconf 90' lang='lat' dir='ltr'><strong>occurrit</strong></span> <span class='ocrx_word' id='word_1_12' title='bbox 1625 415 1784 471; x_wconf 90' lang='lat' dir='ltr'><strong>nobis</strong></span> <span class='ocrx_word' id='word_1_13' title='bbox 1839 414 2053 470; x_wconf 86' lang='lat' dir='ltr'><strong>obviam</strong></span> <span class='ocrx_word' id='word_1_14' title='bbox 2083 414 2137 476; x_wconf 83' lang='grc' dir='ltr'>Α</span> <span class='ocrx_word' id='word_1_15' title='bbox 2169 415 2316 484; x_wconf 90' lang='lat' dir='ltr'><strong>quod</strong></span> <span class='ocrx_word' id='word_1_16' title='bbox 2370 413 2707 471; x_wconf 89' lang='lat' dir='ltr'><strong>liberationis</strong></span> <span class='ocrx_word' id='word_1_17' title='bbox 2760 422 2955 470; x_wconf 68' lang='lat' dir='ltr'><strong>nostra:</strong></span> <span class='ocrx_word' id='word_1_18' title='bbox 3012 415 3220 471; x_wconf 91' lang='lat' dir='ltr'><strong>nullum</strong></span> <span class='ocrx_word' id='word_1_19' title='bbox 3276 422 3422 472; x_wconf 90' lang='lat' dir='ltr'><strong>esset</strong></span> <span class='ocrx_word' id='word_1_20' title='bbox 3474 415 3772 472; x_wconf 83' lang='lat' dir='ltr'><strong>consilium</strong></span> 
     </span>
    </p>
   </div>
   <div class='ocr_carea' id='block_1_5' title="bbox 457 503 2055 582">
    <p class='ocr_par' dir='ltr' id='par_1_5' title="bbox 457 503 2055 582">
     <span class='ocr_line' id='line_1_5' title="bbox 457 503 2055 582; baseline -0.008 -14"><span class='ocrx_word' id='word_1_21' title='bbox 457 513 515 568; x_wconf 91' lang='lat' dir='ltr'><strong>in</strong></span> <span class='ocrx_word' id='word_1_22' title='bbox 547 513 730 568; x_wconf 91' lang='lat' dir='ltr'><strong>locum</strong></span> <span class='ocrx_word' id='word_1_23' title='bbox 760 511 848 582; x_wconf 89' lang='lat' dir='ltr'><strong>qui</strong></span> <span class='ocrx_word' id='word_1_24' title='bbox 879 509 1072 564; x_wconf 90' lang='lat' dir='ltr'><strong>dicitur</strong></span> <span class='ocrx_word' id='word_1_25' title='bbox 1118 506 1453 563; x_wconf 84' lang='lat' dir='ltr'><strong>Conﬂuentia</strong></span> <span class='ocrx_word' id='word_1_26' title='bbox 1486 523 1496 566; x_wconf 88' lang='lat'><strong>;</strong></span> <span class='ocrx_word' id='word_1_27' title='bbox 1532 505 1602 559; x_wconf 89' lang='lat' dir='ltr'><strong>ibi</strong></span> <span class='ocrx_word' id='word_1_28' title='bbox 1636 521 1758 559; x_wconf 92' lang='lat' dir='ltr'><strong>cum</strong></span> <span class='ocrx_word' id='word_1_29' title='bbox 1813 503 1948 557; x_wconf 85' lang='lat' dir='ltr'><strong>nihil</strong></span> <span class='ocrx_word' id='word_1_30' title='bbox 2002 520 2055 558; x_wconf 82' lang='lat' dir='ltr'><strong>vi</strong></span> 
     </span>
    </p>
   </div>
   <div class='ocr_carea' id='block_1_6' title="bbox 461 591 2056 668">
    <p class='ocr_par' dir='ltr' id='par_1_6' title="bbox 461 591 2056 668">
     <span class='ocr_line' id='line_1_6' title="bbox 461 591 2056 668; baseline -0.007 -10"><span class='ocrx_word' id='word_1_31' title='bbox 461 609 648 658; x_wconf 86' lang='lat' dir='ltr'><strong>contra</strong></span> <span class='ocrx_word' id='word_1_32' title='bbox 677 616 774 656; x_wconf 91' lang='lat' dir='ltr'><strong>nos</strong></span> <span class='ocrx_word' id='word_1_33' title='bbox 798 606 984 668; x_wconf 92' lang='lat' dir='ltr'><strong>posset</strong></span> <span class='ocrx_word' id='word_1_34' title='bbox 1013 613 1181 668; x_wconf 88' lang='lat' dir='ltr'><strong>agere</strong></span> <span class='ocrx_word' id='word_1_35' title='bbox 1201 596 1364 666; x_wconf 72' lang='lat' dir='ltr'><strong>cmpit</strong></span> <span class='ocrx_word' id='word_1_36' title='bbox 1388 594 1639 650; x_wconf 87' lang='lat' dir='ltr'><strong>laborare</strong></span> <span class='ocrx_word' id='word_1_37' title='bbox 1659 593 1876 658; x_wconf 87' lang='lat' dir='ltr'><strong>astutia,</strong></span> <span class='ocrx_word' id='word_1_38' title='bbox 1928 591 2056 647; x_wconf 91' lang='lat' dir='ltr'><strong>dolo</strong></span> 
     </span>
    </p>
   </div>
   <div class='ocr_carea' id='block_1_7' title="bbox 462 681 2062 754">
    <p class='ocr_par' dir='ltr' id='par_1_7' title="bbox 462 681 2062 754">
     <span class='ocr_line' id='line_1_7' title="bbox 462 681 2062 754; baseline -0.009 -7"><span class='ocrx_word' id='word_1_39' title='bbox 462 699 515 747; x_wconf 89' lang='lat' dir='ltr'><strong>et</strong></span> <span class='ocrx_word' id='word_1_40' title='bbox 543 688 688 745; x_wconf 90' lang='lat' dir='ltr'><strong>omni</strong></span> <span class='ocrx_word' id='word_1_41' title='bbox 711 686 1004 742; x_wconf 83' lang='lat' dir='ltr'><strong>arte.Misit</strong></span> <span class='ocrx_word' id='word_1_42' title='bbox 1049 686 1296 754; x_wconf 87' lang='lat' dir='ltr'><strong>Namque</strong></span> <span class='ocrx_word' id='word_1_43' title='bbox 1347 683 1504 738; x_wconf 87' lang='lat' dir='ltr'><strong>nobis</strong></span> <span class='ocrx_word' id='word_1_44' title='bbox 1553 681 1771 738; x_wconf 84' lang='lat' dir='ltr'><strong>nuntios</strong></span> <span class='ocrx_word' id='word_1_45' title='bbox 1827 697 1955 735; x_wconf 88' lang='lat' dir='ltr'><strong>suos</strong></span> <span class='ocrx_word' id='word_1_46' title='bbox 2003 683 2062 734; x_wconf 88' lang='lat' dir='ltr'><strong>ut</strong></span> 
     </span>
    </p>
   </div>
   <div class='ocr_carea' id='block_1_8' title="bbox 459 767 2059 846">
    <p class='ocr_par' dir='ltr' id='par_1_8' title="bbox 459 767 2059 846">
     <span class='ocr_line' id='line_1_8' title="bbox 459 767 2059 846; baseline -0.008 -11"><span class='ocrx_word' id='word_1_47' title='bbox 459 794 642 834; x_wconf 88' lang='lat' dir='ltr'><strong>secum</strong></span> <span class='ocrx_word' id='word_1_48' title='bbox 693 775 1076 846; x_wconf 81' lang='lat' dir='ltr'><strong>loqueremur;</strong></span> <span class='ocrx_word' id='word_1_49' title='bbox 1111 788 1213 828; x_wconf 91' lang='lat' dir='ltr'><strong>nos</strong></span> <span class='ocrx_word' id='word_1_50' title='bbox 1285 779 1491 837; x_wconf 88' lang='lat' dir='ltr'><strong>autem,</strong></span> <span class='ocrx_word' id='word_1_51' title='bbox 1553 779 1778 840; x_wconf 81' lang='lat' dir='ltr'><strong>accepto</strong></span> <span class='ocrx_word' id='word_1_52' title='bbox 1835 767 2059 825; x_wconf 85' lang='lat' dir='ltr'><strong>consilio</strong></span> 
     </span>
    </p>
   </div>
   <div class='ocr_carea' id='block_1_9' title="bbox 460 856 2062 930">
    <p class='ocr_par' dir='ltr' id='par_1_9' title="bbox 460 856 2062 930">
     <span class='ocr_line' id='line_1_9' title="bbox 460 856 2062 930; baseline -0.006 -10"><span class='ocrx_word' id='word_1_53' title='bbox 460 874 765 921; x_wconf 86' lang='lat' dir='ltr'><strong>nostrorum</strong></span> <span class='ocrx_word' id='word_1_54' title='bbox 793 861 1056 930; x_wconf 90' lang='lat' dir='ltr'><strong>ﬁdelium,</strong></span> <span class='ocrx_word' id='word_1_55' title='bbox 1089 859 1400 916; x_wconf 84' lang='lat' dir='ltr'><strong>annuimus.</strong></span> <span class='ocrx_word' id='word_1_56' title='bbox 1446 861 1739 928; x_wconf 78' lang='lat' dir='ltr'><strong>Postquam</strong></span> <span class='ocrx_word' id='word_1_57' title='bbox 1769 873 1900 914; x_wconf 91' lang='lat' dir='ltr'><strong>vero</strong></span> <span class='ocrx_word' id='word_1_58' title='bbox 1933 856 2062 911; x_wconf 90' lang='lat' dir='ltr'><strong>illuc</strong></span> 
     </span>
    </p>
   </div>
   <div class='ocr_carea' id='block_1_10' title="bbox 459 945 2061 1020">
    <p class='ocr_par' dir='ltr' id='par_1_10' title="bbox 459 945 2061 1020">
     <span class='ocr_line' id='line_1_10' title="bbox 459 945 2061 1020; baseline -0.007 -10"><span class='ocrx_word' id='word_1_59' title='bbox 459 953 830 1019; x_wconf 82' lang='lat' dir='ltr'><strong>convenimus,</strong></span> <span class='ocrx_word' id='word_1_60' title='bbox 882 951 1060 1005; x_wconf 91' lang='lat' dir='ltr'><strong>statim</strong></span> <span class='ocrx_word' id='word_1_61' title='bbox 1083 950 1374 1020; x_wconf 91' lang='lat' dir='ltr'><strong>procidens</strong></span> <span class='ocrx_word' id='word_1_62' title='bbox 1399 947 1466 1002; x_wconf 90' lang='lat' dir='ltr'><strong>ad</strong></span> <span class='ocrx_word' id='word_1_63' title='bbox 1490 947 1656 1017; x_wconf 81' lang='lat' dir='ltr'><strong>pedes</strong></span> <span class='ocrx_word' id='word_1_64' title='bbox 1714 947 1831 1015; x_wconf 88' lang='lat' dir='ltr'><strong>ejus</strong></span> <span class='ocrx_word' id='word_1_65' title='bbox 1885 945 2061 1014; x_wconf 73' lang='lat' dir='ltr'><strong>empi-</strong></span> 
     </span>
    </p>
   </div>
   <div class='ocr_carea' id='block_1_11' title="bbox 457 1034 2062 1113">
    <p class='ocr_par' dir='ltr' id='par_1_11' title="bbox 457 1034 2062 1113">
     <span class='ocr_line' id='line_1_11' title="bbox 457 1034 2062 1113; baseline -0.006 -15"><span class='ocrx_word' id='word_1_66' title='bbox 457 1059 580 1098; x_wconf 87' lang='lat' dir='ltr'><strong>mus</strong></span> <span class='ocrx_word' id='word_1_67' title='bbox 636 1057 738 1113; x_wconf 91' lang='lat' dir='ltr'><strong>pro</strong></span> <span class='ocrx_word' id='word_1_68' title='bbox 803 1039 921 1095; x_wconf 92' lang='lat' dir='ltr'><strong>solo</strong></span> <span class='ocrx_word' id='word_1_69' title='bbox 974 1039 1089 1093; x_wconf 92' lang='lat' dir='ltr'><strong>Deo</strong></span> <span class='ocrx_word' id='word_1_70' title='bbox 1149 1042 1202 1092; x_wconf 91' lang='lat' dir='ltr'><strong>et</strong></span> <span class='ocrx_word' id='word_1_71' title='bbox 1243 1037 1424 1092; x_wconf 89' lang='lat' dir='ltr'><strong>anima</strong></span> <span class='ocrx_word' id='word_1_72' title='bbox 1469 1053 1567 1090; x_wconf 90' lang='lat' dir='ltr'><strong>sua</strong></span> <span class='ocrx_word' id='word_1_73' title='bbox 1615 1034 2062 1090; x_wconf 78' lang='lat' dir='ltr'><strong>affectuosissime</strong></span> 
     </span>
    </p>
   </div>
   <div class='ocr_carea' id='block_1_12' title="bbox 456 1123 2064 1206">
    <p class='ocr_par' dir='ltr' id='par_1_12' title="bbox 456 1123 2064 1206">
     <span class='ocr_line' id='line_1_12' title="bbox 456 1123 2064 1206; baseline -0.008 -18"><span class='ocrx_word' id='word_1_74' title='bbox 456 1147 670 1206; x_wconf 90' lang='lat' dir='ltr'><strong>rogare,</strong></span> <span class='ocrx_word' id='word_1_75' title='bbox 703 1139 759 1185; x_wconf 94' lang='lat' dir='ltr'><strong>ut</strong></span> <span class='ocrx_word' id='word_1_76' title='bbox 816 1129 981 1184; x_wconf 91' lang='lat' dir='ltr'><strong>vellet</strong></span> <span class='ocrx_word' id='word_1_77' title='bbox 1029 1129 1143 1198; x_wconf 90' lang='lat' dir='ltr'><strong>jam</strong></span> <span class='ocrx_word' id='word_1_78' title='bbox 1174 1141 1388 1181; x_wconf 88' lang='lat' dir='ltr'><strong>cessare</strong></span> <span class='ocrx_word' id='word_1_79' title='bbox 1435 1125 1505 1179; x_wconf 89' lang='lat' dir='ltr'><strong>ab</strong></span> <span class='ocrx_word' id='word_1_80' title='bbox 1553 1125 1847 1178; x_wconf 88' lang='lat' dir='ltr'><strong>inhumana</strong></span> <span class='ocrx_word' id='word_1_81' title='bbox 1894 1123 2064 1193; x_wconf 81' lang='lat' dir='ltr'><strong>patris</strong></span> 
     </span>
    </p>
   </div>
   <div class='ocr_carea' id='block_1_13' title="bbox 454 1212 2064 1294">
    <p class='ocr_par' dir='ltr' id='par_1_13' title="bbox 454 1212 2064 1294">
     <span class='ocr_line' id='line_1_13' title="bbox 454 1212 2064 1294; baseline -0.008 -16"><span class='ocrx_word' id='word_1_82' title='bbox 454 1219 854 1294; x_wconf 87' lang='lat' dir='ltr'><strong>persecutione.</strong></span> <span class='ocrx_word' id='word_1_83' title='bbox 895 1217 993 1272; x_wconf 88' lang='lat' dir='ltr'><strong>Ille</strong></span> <span class='ocrx_word' id='word_1_84' title='bbox 1023 1224 1201 1270; x_wconf 90' lang='lat' dir='ltr'><strong>autem</strong></span> <span class='ocrx_word' id='word_1_85' title='bbox 1233 1223 1448 1270; x_wconf 87' lang='lat' dir='ltr'><strong>econtra</strong></span> <span class='ocrx_word' id='word_1_86' title='bbox 1478 1213 1576 1268; x_wconf 89' lang='lat' dir='ltr'><strong>sub</strong></span> <span class='ocrx_word' id='word_1_87' title='bbox 1607 1213 1788 1282; x_wconf 87' lang='lat' dir='ltr'><strong>specie</strong></span> <span class='ocrx_word' id='word_1_88' title='bbox 1820 1220 1874 1286; x_wconf 86' lang='lat' dir='ltr'><strong>et</strong></span> <span class='ocrx_word' id='word_1_89' title='bbox 1909 1212 2064 1266; x_wconf 79' lang='lat' dir='ltr'><strong>vela-</strong></span> 
     </span>
    </p>
   </div>
   <div class='ocr_carea' id='block_1_14' title="bbox 460 1299 2063 1379">
    <p class='ocr_par' dir='ltr' id='par_1_14' title="bbox 460 1299 2063 1379">
     <span class='ocr_line' id='line_1_14' title="bbox 460 1299 2063 1379; baseline -0.007 -14"><span class='ocrx_word' id='word_1_90' title='bbox 460 1310 605 1364; x_wconf 90' lang='lat' dir='ltr'><strong>mine</strong></span> <span class='ocrx_word' id='word_1_91' title='bbox 662 1307 813 1379; x_wconf 88' lang='lat' dir='ltr'><strong>pacis</strong></span> <span class='ocrx_word' id='word_1_92' title='bbox 863 1315 916 1360; x_wconf 91' lang='lat' dir='ltr'><strong>et</strong></span> <span class='ocrx_word' id='word_1_93' title='bbox 974 1303 1369 1369; x_wconf 86' lang='lat' dir='ltr'><strong>conventionis,</strong></span> <span class='ocrx_word' id='word_1_94' title='bbox 1406 1301 1727 1372; x_wconf 80' lang='lat' dir='ltr'><strong>provolutus</strong></span> <span class='ocrx_word' id='word_1_95' title='bbox 1770 1301 1839 1356; x_wconf 90' lang='lat' dir='ltr'><strong>ad</strong></span> <span class='ocrx_word' id='word_1_96' title='bbox 1895 1299 2063 1371; x_wconf 83' lang='lat' dir='ltr'><strong>pedes</strong></span> 
     </span>
    </p>
   </div>
   <div class='ocr_carea' id='block_1_15' title="bbox 457 1389 2064 1464">
    <p class='ocr_par' dir='ltr' id='par_1_15' title="bbox 457 1389 2064 1464">
     <span class='ocr_line' id='line_1_15' title="bbox 457 1389 2064 1464; baseline -0.007 -11"><span class='ocrx_word' id='word_1_97' title='bbox 457 1407 676 1453; x_wconf 86' lang='lat' dir='ltr'><strong>nostros</strong></span> <span class='ocrx_word' id='word_1_98' title='bbox 723 1391 1066 1464; x_wconf 83' lang='lat' dir='ltr'><strong>lacrymando</strong></span> <span class='ocrx_word' id='word_1_99' title='bbox 1099 1391 1330 1464; x_wconf 77' lang='lat' dir='ltr'><strong>rogabat</strong></span> <span class='ocrx_word' id='word_1_100' title='bbox 1376 1398 1428 1444; x_wconf 88' lang='lat' dir='ltr'><strong>et</strong></span> <span class='ocrx_word' id='word_1_101' title='bbox 1467 1389 1786 1444; x_wconf 89' lang='lat' dir='ltr'><strong>obsecrabat</strong></span> <span class='ocrx_word' id='word_1_102' title='bbox 1824 1404 1942 1456; x_wconf 91' lang='lat' dir='ltr'><strong>nos,</strong></span> <span class='ocrx_word' id='word_1_103' title='bbox 2002 1396 2064 1442; x_wconf 92' lang='lat' dir='ltr'><strong>ut</strong></span> 
     </span>
    </p>
   </div>
   <div class='ocr_carea' id='block_1_16' title="bbox 458 1477 2060 1547">
    <p class='ocr_par' dir='ltr' id='par_1_16' title="bbox 458 1477 2060 1547">
     <span class='ocr_line' id='line_1_16' title="bbox 458 1477 2060 1547; baseline -0.007 -5"><span class='ocrx_word' id='word_1_104' title='bbox 458 1486 582 1542; x_wconf 87' lang='lat' dir='ltr'><strong>ﬁdei</strong></span> <span class='ocrx_word' id='word_1_105' title='bbox 615 1492 665 1540; x_wconf 89' lang='lat' dir='ltr'><strong>et</strong></span> <span class='ocrx_word' id='word_1_106' title='bbox 695 1484 888 1538; x_wconf 65' lang='lat' dir='ltr'><strong>animae</strong></span> <span class='ocrx_word' id='word_1_107' title='bbox 901 1497 1012 1536; x_wconf 68' lang='lat' dir='ltr'><strong>suae</strong></span> <span class='ocrx_word' id='word_1_108' title='bbox 1025 1496 1122 1535; x_wconf 92' lang='lat' dir='ltr'><strong>nos</strong></span> <span class='ocrx_word' id='word_1_109' title='bbox 1143 1480 1562 1546; x_wconf 86' lang='lat' dir='ltr'><strong>committentes,</strong></span> <span class='ocrx_word' id='word_1_110' title='bbox 1586 1493 1755 1547; x_wconf 91' lang='lat' dir='ltr'><strong>que...</strong></span> <span class='ocrx_word' id='word_1_111' title='bbox 1781 1477 1933 1547; x_wconf 79' lang='grc'>(143)</span> <span class='ocrx_word' id='word_1_112' title='bbox 1956 1492 2060 1530; x_wconf 93' lang='lat' dir='ltr'><strong>no-</strong></span> 
     </span>
    </p>
   </div>
   <div class='ocr_carea' id='block_1_17' title="bbox 459 1566 2062 1636">
    <p class='ocr_par' dir='ltr' id='par_1_17' title="bbox 459 1566 2062 1636">
     <span class='ocr_line' id='line_1_17' title="bbox 459 1566 2062 1636; baseline -0.006 -6"><span class='ocrx_word' id='word_1_113' title='bbox 459 1582 632 1630; x_wconf 89' lang='lat' dir='ltr'><strong>strum</strong></span> <span class='ocrx_word' id='word_1_114' title='bbox 663 1582 717 1628; x_wconf 90' lang='lat' dir='ltr'><strong>et</strong></span> <span class='ocrx_word' id='word_1_115' title='bbox 745 1587 879 1626; x_wconf 89' lang='lat' dir='ltr'><strong>caro</strong></span> <span class='ocrx_word' id='word_1_116' title='bbox 900 1578 1082 1624; x_wconf 86' lang='lat' dir='ltr'><strong>nostra</strong></span> <span class='ocrx_word' id='word_1_117' title='bbox 1102 1573 1238 1636; x_wconf 88' lang='lat' dir='ltr'><strong>erat,</strong></span> <span class='ocrx_word' id='word_1_118' title='bbox 1271 1583 1378 1622; x_wconf 90' lang='lat' dir='ltr'><strong>non</strong></span> <span class='ocrx_word' id='word_1_119' title='bbox 1419 1566 1790 1620; x_wconf 86' lang='lat' dir='ltr'><strong>dubitaremus</strong></span> <span class='ocrx_word' id='word_1_120' title='bbox 1818 1581 1942 1620; x_wconf 92' lang='lat' dir='ltr'><strong>cum</strong></span> <span class='ocrx_word' id='word_1_121' title='bbox 1997 1580 2062 1620; x_wconf 87' lang='lat' dir='ltr'><strong>eo</strong></span> 
     </span>
    </p>
   </div>
   <div class='ocr_carea' id='block_1_18' title="bbox 461 1653 2061 1732">
    <p class='ocr_par' dir='ltr' id='par_1_18' title="bbox 461 1653 2061 1732">
     <span class='ocr_line' id='line_1_18' title="bbox 461 1653 2061 1732; baseline -0.008 -13"><span class='ocrx_word' id='word_1_122' title='bbox 461 1663 530 1719; x_wconf 90' lang='lat' dir='ltr'><strong>ad</strong></span> <span class='ocrx_word' id='word_1_123' title='bbox 585 1660 871 1732; x_wconf 75' lang='lat' dir='ltr'><strong>praefatum</strong></span> <span class='ocrx_word' id='word_1_124' title='bbox 929 1657 1324 1727; x_wconf 90' lang='lat' dir='ltr'><strong>colloquium...</strong></span> <span class='ocrx_word' id='word_1_125' title='bbox 1373 1654 1726 1727; x_wconf 85' lang='lat' dir='ltr'><strong>Moguntiam,</strong></span> <span class='ocrx_word' id='word_1_126' title='bbox 1787 1653 1915 1709; x_wconf 93' lang='lat' dir='ltr'><strong>illuc</strong></span> <span class='ocrx_word' id='word_1_127' title='bbox 1962 1669 2061 1708; x_wconf 91' lang='lat' dir='ltr'><strong>nos</strong></span> 
     </span>
    </p>
   </div>
   <div class='ocr_carea' id='block_1_19' title="bbox 2169 503 3777 576">
    <p class='ocr_par' dir='ltr' id='par_1_19' title="bbox 2169 503 3777 576">
     <span class='ocr_line' id='line_1_19' title="bbox 2169 503 3777 576; baseline 0.002 -20"><span class='ocrx_word' id='word_1_128' title='bbox 2169 503 2271 557; x_wconf 92' lang='lat' dir='ltr'><strong>nisi</strong></span> <span class='ocrx_word' id='word_1_129' title='bbox 2303 504 2584 573; x_wconf 80' lang='lat' dir='ltr'><strong>extemplo</strong></span> <span class='ocrx_word' id='word_1_130' title='bbox 2615 503 2829 559; x_wconf 87' lang='lat' dir='ltr'><strong>daretur</strong></span> <span class='ocrx_word' id='word_1_131' title='bbox 2857 511 2910 558; x_wconf 91' lang='lat' dir='ltr'><strong>et</strong></span> <span class='ocrx_word' id='word_1_132' title='bbox 2954 520 3089 559; x_wconf 87' lang='lat' dir='ltr'><strong>crux</strong></span> <span class='ocrx_word' id='word_1_133' title='bbox 3118 513 3171 559; x_wconf 89' lang='lat' dir='ltr'><strong>et</strong></span> <span class='ocrx_word' id='word_1_134' title='bbox 3225 504 3437 576; x_wconf 87' lang='lat' dir='ltr'><strong>lancea,</strong></span> <span class='ocrx_word' id='word_1_135' title='bbox 3468 513 3777 574; x_wconf 73' lang='lat' dir='ltr'><strong>cieteraqne</strong></span> 
     </span>
    </p>
   </div>
   <div class='ocr_carea' id='block_1_20' title="bbox 2167 591 3777 664">
    <p class='ocr_par' dir='ltr' id='par_1_20' title="bbox 2167 591 3777 664">
     <span class='ocr_line' id='line_1_20' title="bbox 2167 591 3777 664; baseline 0.001 -18"><span class='ocrx_word' id='word_1_136' title='bbox 2167 591 2369 664; x_wconf 78' lang='lat' dir='ltr'><strong>regalia</strong></span> <span class='ocrx_word' id='word_1_137' title='bbox 2399 592 2660 664; x_wconf 91' lang='lat' dir='ltr'><strong>insignia.</strong></span> <span class='ocrx_word' id='word_1_138' title='bbox 2694 592 2826 646; x_wconf 90' lang='lat' dir='ltr'><strong>Cum</strong></span> <span class='ocrx_word' id='word_1_139' title='bbox 2855 608 2987 664; x_wconf 90' lang='lat' dir='ltr'><strong>ergo</strong></span> <span class='ocrx_word' id='word_1_140' title='bbox 3009 591 3375 648; x_wconf 87' lang='lat' dir='ltr'><strong>indubitanter</strong></span> <span class='ocrx_word' id='word_1_141' title='bbox 3406 593 3777 648; x_wconf 82' lang='lat' dir='ltr'><strong>intelleximus</strong></span> 
     </span>
    </p>
   </div>
   <div class='ocr_carea' id='block_1_21' title="bbox 2170 681 3779 752">
    <p class='ocr_par' dir='ltr' id='par_1_21' title="bbox 2170 681 3779 752">
     <span class='ocr_line' id='line_1_21' title="bbox 2170 681 3779 752; baseline 0.002 -19"><span class='ocrx_word' id='word_1_142' title='bbox 2170 695 2268 734; x_wconf 86' lang='lat' dir='ltr'><strong>nos</strong></span> <span class='ocrx_word' id='word_1_143' title='bbox 2306 681 2610 736; x_wconf 87' lang='lat' dir='ltr'><strong>nullatenus</strong></span> <span class='ocrx_word' id='word_1_144' title='bbox 2639 681 2794 736; x_wconf 88' lang='lat' dir='ltr'><strong>aliter</strong></span> <span class='ocrx_word' id='word_1_145' title='bbox 2819 697 2982 752; x_wconf 90' lang='lat' dir='ltr'><strong>quam</strong></span> <span class='ocrx_word' id='word_1_146' title='bbox 3025 683 3125 737; x_wconf 90' lang='lat' dir='ltr'><strong>hoc</strong></span> <span class='ocrx_word' id='word_1_147' title='bbox 3154 682 3328 737; x_wconf 92' lang='lat' dir='ltr'><strong>modo</strong></span> <span class='ocrx_word' id='word_1_148' title='bbox 3361 681 3575 737; x_wconf 80' lang='lat' dir='ltr'><strong>liberari</strong></span> <span class='ocrx_word' id='word_1_149' title='bbox 3598 697 3779 752; x_wconf 86' lang='lat' dir='ltr'><strong>posse,</strong></span> 
     </span>
    </p>
   </div>
   <div class='ocr_carea' id='block_1_22' title="bbox 2171 768 3784 841">
    <p class='ocr_par' dir='ltr' id='par_1_22' title="bbox 2171 768 3784 841">
     <span class='ocr_line' id='line_1_22' title="bbox 2171 768 3784 841; baseline 0.001 -19"><span class='ocrx_word' id='word_1_150' title='bbox 2171 768 2549 824; x_wconf 88' lang='lat' dir='ltr'><strong>mandavimus</strong></span> <span class='ocrx_word' id='word_1_151' title='bbox 2580 769 2687 822; x_wconf 92' lang='lat' dir='ltr'><strong>illis</strong></span> <span class='ocrx_word' id='word_1_152' title='bbox 2732 769 2820 838; x_wconf 90' lang='lat' dir='ltr'><strong>qui</strong></span> <span class='ocrx_word' id='word_1_153' title='bbox 2878 777 3030 824; x_wconf 90' lang='lat' dir='ltr'><strong>erant</strong></span> <span class='ocrx_word' id='word_1_154' title='bbox 3059 770 3112 824; x_wconf 92' lang='lat' dir='ltr'><strong>in</strong></span> <span class='ocrx_word' id='word_1_155' title='bbox 3170 770 3396 825; x_wconf 88' lang='lat' dir='ltr'><strong>castello</strong></span> <span class='ocrx_word' id='word_1_156' title='bbox 3425 769 3519 824; x_wconf 90' lang='lat' dir='ltr'><strong>ubi</strong></span> <span class='ocrx_word' id='word_1_157' title='bbox 3571 770 3784 841; x_wconf 78' lang='lat' dir='ltr'><strong>regalia</strong></span> 
     </span>
    </p>
   </div>
   <div class='ocr_carea' id='block_1_23' title="bbox 2171 857 3777 924">
    <p class='ocr_par' dir='ltr' id='par_1_23' title="bbox 2171 857 3777 924">
     <span class='ocr_line' id='line_1_23' title="bbox 2171 857 3777 924; baseline 0.002 -14"><span class='ocrx_word' id='word_1_158' title='bbox 2171 857 2534 924; x_wconf 88' lang='lat' dir='ltr'><strong>habebantur,</strong></span> <span class='ocrx_word' id='word_1_159' title='bbox 2564 865 2621 910; x_wconf 91' lang='lat' dir='ltr'><strong>ut</strong></span> <span class='ocrx_word' id='word_1_160' title='bbox 2648 857 2842 912; x_wconf 85' lang='lat' dir='ltr'><strong>saltem</strong></span> <span class='ocrx_word' id='word_1_161' title='bbox 2882 858 2989 913; x_wconf 92' lang='lat' dir='ltr'><strong>hoc</strong></span> <span class='ocrx_word' id='word_1_162' title='bbox 3046 857 3208 914; x_wconf 92' lang='lat' dir='ltr'><strong>modo</strong></span> <span class='ocrx_word' id='word_1_163' title='bbox 3237 858 3402 913; x_wconf 87' lang='lat' dir='ltr'><strong>vilam</strong></span> <span class='ocrx_word' id='word_1_164' title='bbox 3435 857 3594 914; x_wconf 89' lang='lat' dir='ltr'><strong>nobis</strong></span> <span class='ocrx_word' id='word_1_165' title='bbox 3621 859 3777 913; x_wconf 90' lang='lat' dir='ltr'><strong>redi-</strong></span> 
     </span>
    </p>
   </div>
   <div class='ocr_carea' id='block_1_24' title="bbox 2172 945 3776 1018">
    <p class='ocr_par' dir='ltr' id='par_1_24' title="bbox 2172 945 3776 1018">
     <span class='ocr_line' id='line_1_24' title="bbox 2172 945 3776 1018; baseline 0.002 -20"><span class='ocrx_word' id='word_1_166' title='bbox 2172 953 2405 1000; x_wconf 91' lang='lat' dir='ltr'><strong>merent.</strong></span> <span class='ocrx_word' id='word_1_167' title='bbox 2465 945 2567 1013; x_wconf 87' lang='lat' dir='ltr'><strong>Qui</strong></span> <span class='ocrx_word' id='word_1_168' title='bbox 2616 945 2917 1016; x_wconf 88' lang='lat' dir='ltr'><strong>periculum</strong></span> <span class='ocrx_word' id='word_1_169' title='bbox 2949 946 3077 1002; x_wconf 55' lang='lat' dir='ltr'><strong>vitae</strong></span> <span class='ocrx_word' id='word_1_170' title='bbox 3126 954 3324 1001; x_wconf 73' lang='lat' dir='ltr'><strong>nostra:</strong></span> <span class='ocrx_word' id='word_1_171' title='bbox 3381 946 3776 1018; x_wconf 87' lang='lat' dir='ltr'><strong>intelligentes,</strong></span> 
     </span>
    </p>
   </div>
   <div class='ocr_carea' id='block_1_25' title="bbox 2170 1032 3775 1106">
    <p class='ocr_par' dir='ltr' id='par_1_25' title="bbox 2170 1032 3775 1106">
     <span class='ocr_line' id='line_1_25' title="bbox 2170 1032 3775 1106; baseline 0 -18"><span class='ocrx_word' id='word_1_172' title='bbox 2170 1032 2448 1105; x_wconf 70' lang='lat' dir='ltr'><strong>praefatam</strong></span> <span class='ocrx_word' id='word_1_173' title='bbox 2479 1050 2693 1089; x_wconf 90' lang='lat' dir='ltr'><strong>crucem</strong></span> <span class='ocrx_word' id='word_1_174' title='bbox 2749 1043 2802 1089; x_wconf 91' lang='lat' dir='ltr'><strong>et</strong></span> <span class='ocrx_word' id='word_1_175' title='bbox 2860 1034 3107 1090; x_wconf 89' lang='lat' dir='ltr'><strong>lanceam</strong></span> <span class='ocrx_word' id='word_1_176' title='bbox 3138 1051 3264 1092; x_wconf 92' lang='lat' dir='ltr'><strong>cum</strong></span> <span class='ocrx_word' id='word_1_177' title='bbox 3295 1035 3418 1096; x_wconf 86' lang='lat' dir='ltr'><strong>aliis</strong></span> <span class='ocrx_word' id='word_1_178' title='bbox 3439 1035 3775 1106; x_wconf 82' lang='lat' dir='ltr'><strong>insignibus,</strong></span> 
     </span>
    </p>
   </div>
   <div class='ocr_carea' id='block_1_26' title="bbox 2173 1122 2886 1185">
    <p class='ocr_par' dir='ltr' id='par_1_26' title="bbox 2173 1122 2886 1185">
     <span class='ocr_line' id='line_1_26' title="bbox 2173 1122 2886 1185; baseline 0.001 -8"><span class='ocrx_word' id='word_1_179' title='bbox 2173 1122 2300 1178; x_wconf 90' lang='lat' dir='ltr'><strong>licet</strong></span> <span class='ocrx_word' id='word_1_180' title='bbox 2327 1122 2501 1185; x_wconf 88' lang='lat' dir='ltr'><strong>inviti.</strong></span> <span class='ocrx_word' id='word_1_181' title='bbox 2537 1123 2886 1178; x_wconf 87' lang='lat' dir='ltr'><strong>tradiderunt.</strong></span> 
     </span>
    </p>
   </div>
   <div class='ocr_carea' id='block_1_27' title="bbox 2244 1211 3780 1283">
    <p class='ocr_par' dir='ltr' id='par_1_27' title="bbox 2244 1211 3780 1283">
     <span class='ocr_line' id='line_1_27' title="bbox 2244 1211 3780 1283; baseline 0.002 -18"><span class='ocrx_word' id='word_1_182' title='bbox 2244 1212 2339 1266; x_wconf 88' lang='lat' dir='ltr'><strong>His</strong></span> <span class='ocrx_word' id='word_1_183' title='bbox 2369 1211 2798 1282; x_wconf 69' lang='lat' dir='ltr'><strong>ita(postl.abito</strong></span> <span class='ocrx_word' id='word_1_184' title='bbox 2820 1214 2953 1278; x_wconf 89' lang='lat' dir='ltr'><strong>Deo,</strong></span> <span class='ocrx_word' id='word_1_185' title='bbox 2988 1221 3041 1267; x_wconf 91' lang='lat' dir='ltr'><strong>et</strong></span> <span class='ocrx_word' id='word_1_186' title='bbox 3095 1211 3243 1268; x_wconf 91' lang='lat' dir='ltr'><strong>omni</strong></span> <span class='ocrx_word' id='word_1_187' title='bbox 3267 1213 3389 1282; x_wconf 88' lang='lat' dir='ltr'><strong>jure</strong></span> <span class='ocrx_word' id='word_1_188' title='bbox 3445 1220 3498 1268; x_wconf 91' lang='lat' dir='ltr'><strong>et</strong></span> <span class='ocrx_word' id='word_1_189' title='bbox 3546 1211 3780 1283; x_wconf 88' lang='lat' dir='ltr'><strong>justitia)</strong></span> 
     </span>
    </p>
   </div>
   <div class='ocr_carea' id='block_1_28' title="bbox 2172 1301 3770 1371">
    <p class='ocr_par' dir='ltr' id='par_1_28' title="bbox 2172 1301 3770 1371">
     <span class='ocr_line' id='line_1_28' title="bbox 2172 1301 3770 1371; baseline -0.001 -15"><span class='ocrx_word' id='word_1_190' title='bbox 2172 1301 2463 1356; x_wconf 86' lang='lat' dir='ltr'><strong>inhumane</strong></span> <span class='ocrx_word' id='word_1_191' title='bbox 2491 1301 2742 1371; x_wconf 87' lang='lat' dir='ltr'><strong>peractis,</strong></span> <span class='ocrx_word' id='word_1_192' title='bbox 2776 1301 3078 1358; x_wconf 83' lang='lat' dir='ltr'><strong>eduxerunt</strong></span> <span class='ocrx_word' id='word_1_193' title='bbox 3107 1317 3205 1358; x_wconf 93' lang='lat' dir='ltr'><strong>nos</strong></span> <span class='ocrx_word' id='word_1_194' title='bbox 3241 1302 3310 1357; x_wconf 92' lang='lat' dir='ltr'><strong>de</strong></span> <span class='ocrx_word' id='word_1_195' title='bbox 3357 1302 3605 1358; x_wconf 90' lang='lat' dir='ltr'><strong>horribili</strong></span> <span class='ocrx_word' id='word_1_196' title='bbox 3635 1318 3770 1358; x_wconf 84' lang='lat' dir='ltr'><strong>car-</strong></span> 
     </span>
    </p>
   </div>
   <div class='ocr_carea' id='block_1_29' title="bbox 2171 1389 3774 1462">
    <p class='ocr_par' dir='ltr' id='par_1_29' title="bbox 2171 1389 3774 1462">
     <span class='ocr_line' id='line_1_29' title="bbox 2171 1389 3774 1462; baseline -0.001 -16"><span class='ocrx_word' id='word_1_197' title='bbox 2171 1406 2297 1446; x_wconf 89' lang='lat' dir='ltr'><strong>cere</strong></span> <span class='ocrx_word' id='word_1_198' title='bbox 2323 1390 2377 1444; x_wconf 93' lang='lat' dir='ltr'><strong>in</strong></span> <span class='ocrx_word' id='word_1_199' title='bbox 2410 1389 2611 1455; x_wconf 91' lang='lat' dir='ltr'><strong>locum,</strong></span> <span class='ocrx_word' id='word_1_200' title='bbox 2635 1389 2727 1460; x_wconf 91' lang='lat' dir='ltr'><strong>qui</strong></span> <span class='ocrx_word' id='word_1_201' title='bbox 2755 1390 2953 1445; x_wconf 91' lang='lat' dir='ltr'><strong>dicitur</strong></span> <span class='ocrx_word' id='word_1_202' title='bbox 2980 1389 3290 1458; x_wconf 83' lang='lat' dir='ltr'><strong>Ingilheim,</strong></span> <span class='ocrx_word' id='word_1_203' title='bbox 3325 1391 3481 1460; x_wconf 83' lang='lat' dir='ltr'><strong>juxta</strong></span> <span class='ocrx_word' id='word_1_204' title='bbox 3534 1392 3774 1462; x_wconf 80' lang='lat' dir='ltr'><strong>Mogun-</strong></span> 
     </span>
    </p>
   </div>
   <div class='ocr_carea' id='block_1_30' title="bbox 2173 1478 3776 1549">
    <p class='ocr_par' dir='ltr' id='par_1_30' title="bbox 2173 1478 3776 1549">
     <span class='ocr_line' id='line_1_30' title="bbox 2173 1478 3776 1549; baseline -0.001 -15"><span class='ocrx_word' id='word_1_205' title='bbox 2173 1479 2323 1545; x_wconf 92' lang='lat' dir='ltr'><strong>tiam,</strong></span> <span class='ocrx_word' id='word_1_206' title='bbox 2373 1494 2481 1549; x_wconf 93' lang='lat' dir='ltr'><strong>quo</strong></span> <span class='ocrx_word' id='word_1_207' title='bbox 2535 1478 2678 1534; x_wconf 93' lang='lat' dir='ltr'><strong>venit</strong></span> <span class='ocrx_word' id='word_1_208' title='bbox 2733 1478 2875 1533; x_wconf 90' lang='lat' dir='ltr'><strong>ﬁlius</strong></span> <span class='ocrx_word' id='word_1_209' title='bbox 2919 1487 3104 1535; x_wconf 91' lang='lat' dir='ltr'><strong>noster</strong></span> <span class='ocrx_word' id='word_1_210' title='bbox 3160 1495 3283 1534; x_wconf 90' lang='lat' dir='ltr'><strong>cum</strong></span> <span class='ocrx_word' id='word_1_211' title='bbox 3323 1479 3649 1534; x_wconf 89' lang='lat' dir='ltr'><strong>mortalibus</strong></span> <span class='ocrx_word' id='word_1_212' title='bbox 3678 1480 3776 1533; x_wconf 87' lang='lat' dir='ltr'><strong>ini-</strong></span> 
     </span>
    </p>
   </div>
   <div class='ocr_carea' id='block_1_31' title="bbox 2171 1567 3770 1635">
    <p class='ocr_par' dir='ltr' id='par_1_31' title="bbox 2171 1567 3770 1635">
     <span class='ocr_line' id='line_1_31' title="bbox 2171 1567 3770 1635; baseline 0.001 -14"><span class='ocrx_word' id='word_1_213' title='bbox 2171 1568 2323 1622; x_wconf 91' lang='lat' dir='ltr'><strong>micis</strong></span> <span class='ocrx_word' id='word_1_214' title='bbox 2343 1567 2562 1634; x_wconf 90' lang='lat' dir='ltr'><strong>nostris,</strong></span> <span class='ocrx_word' id='word_1_215' title='bbox 2598 1575 2654 1622; x_wconf 92' lang='lat' dir='ltr'><strong>et</strong></span> <span class='ocrx_word' id='word_1_216' title='bbox 2699 1583 2887 1622; x_wconf 91' lang='lat' dir='ltr'><strong>eorum</strong></span> <span class='ocrx_word' id='word_1_217' title='bbox 2927 1568 3289 1635; x_wconf 90' lang='lat' dir='ltr'><strong>multitudine,</strong></span> <span class='ocrx_word' id='word_1_218' title='bbox 3324 1568 3542 1623; x_wconf 84' lang='lat' dir='ltr'><strong>relectis</strong></span> <span class='ocrx_word' id='word_1_219' title='bbox 3597 1569 3770 1623; x_wconf 83' lang='lat' dir='ltr'><strong>ferme</strong></span> 
     </span>
    </p>
   </div>
   <div class='ocr_carea' id='block_1_32' title="bbox 2169 1655 3781 1727">
    <p class='ocr_par' dir='ltr' id='par_1_32' title="bbox 2169 1655 3781 1727">
     <span class='ocr_line' id='line_1_32' title="bbox 2169 1655 3781 1727; baseline -0.001 -15"><span class='ocrx_word' id='word_1_220' title='bbox 2169 1656 2422 1712; x_wconf 90' lang='lat' dir='ltr'><strong>omnibus</strong></span> <span class='ocrx_word' id='word_1_221' title='bbox 2473 1655 2722 1711; x_wconf 85' lang='lat' dir='ltr'><strong>ﬁdelibus</strong></span> <span class='ocrx_word' id='word_1_222' title='bbox 2767 1655 2964 1711; x_wconf 87' lang='lat' dir='ltr'><strong>nostris</strong></span> <span class='ocrx_word' id='word_1_223' title='bbox 3018 1656 3333 1727; x_wconf 65' lang='lat' dir='ltr'><strong>Moguntiaa,</strong></span> <span class='ocrx_word' id='word_1_224' title='bbox 3391 1672 3458 1712; x_wconf 89' lang='lat' dir='ltr'><strong>ea</strong></span> <span class='ocrx_word' id='word_1_225' title='bbox 3503 1672 3598 1727; x_wconf 90' lang='lat' dir='ltr'><strong>spe</strong></span> <span class='ocrx_word' id='word_1_226' title='bbox 3635 1655 3781 1726; x_wconf 89' lang='lat' dir='ltr'><strong>quod</strong></span> 
     </span>
    </p>
   </div>
   <div class='ocr_carea' id='block_1_33' title="bbox 462 1743 3784 1826">
    <p class='ocr_par' dir='ltr' id='par_1_33' title="bbox 462 1743 3784 1826">
     <span class='ocr_line' id='line_1_33' title="bbox 462 1743 3784 1826; baseline -0.002 -21"><span class='ocrx_word' id='word_1_227' title='bbox 462 1752 581 1822; x_wconf 92' lang='lat' dir='ltr'><strong>ipse</strong></span> <span class='ocrx_word' id='word_1_228' title='bbox 610 1750 834 1806; x_wconf 80' lang='lat' dir='ltr'><strong>duceret</strong></span> <span class='ocrx_word' id='word_1_229' title='bbox 863 1746 1011 1803; x_wconf 91' lang='lat' dir='ltr'><strong>omni</strong></span> <span class='ocrx_word' id='word_1_230' title='bbox 1063 1744 1394 1801; x_wconf 89' lang='lat' dir='ltr'><strong>certitudine</strong></span> <span class='ocrx_word' id='word_1_231' title='bbox 1448 1743 1780 1808; x_wconf 85' lang='lat' dir='ltr'><strong>securitatis,</strong></span> <span class='ocrx_word' id='word_1_232' title='bbox 1824 1750 1877 1797; x_wconf 90' lang='lat' dir='ltr'><strong>et</strong></span> <span class='ocrx_word' id='word_1_233' title='bbox 1933 1759 2057 1796; x_wconf 90' lang='lat' dir='ltr'><strong>cum</strong></span> <span class='ocrx_word' id='word_1_234' title='bbox 2095 1767 2148 1826; x_wconf 76' lang='grc' dir='ltr'>Β</span> <span class='ocrx_word' id='word_1_235' title='bbox 2179 1761 2278 1800; x_wconf 92' lang='lat' dir='ltr'><strong>nos</strong></span> <span class='ocrx_word' id='word_1_236' title='bbox 2341 1745 2467 1800; x_wconf 89' lang='lat' dir='ltr'><strong>illuc</strong></span> <span class='ocrx_word' id='word_1_237' title='bbox 2501 1745 2568 1798; x_wconf 92' lang='lat' dir='ltr'><strong>ad</strong></span> <span class='ocrx_word' id='word_1_238' title='bbox 2601 1760 2696 1800; x_wconf 90' lang='lat' dir='ltr'><strong>eos</strong></span> <span class='ocrx_word' id='word_1_239' title='bbox 2753 1744 2977 1800; x_wconf 90' lang='lat' dir='ltr'><strong>deberet</strong></span> <span class='ocrx_word' id='word_1_240' title='bbox 3003 1745 3222 1800; x_wconf 90' lang='lat' dir='ltr'><strong>ducere.</strong></span> <span class='ocrx_word' id='word_1_241' title='bbox 3284 1744 3498 1812; x_wconf 87' lang='lat' dir='ltr'><strong>Quibus</strong></span> <span class='ocrx_word' id='word_1_242' title='bbox 3519 1745 3784 1801; x_wconf 90' lang='lat' dir='ltr'><strong>omnibus</strong></span> 
     </span>
    </p>
   </div>
   <div class='ocr_carea' id='block_1_34' title="bbox 458 1830 2071 1910">
    <p class='ocr_par' dir='ltr' id='par_1_34' title="bbox 458 1830 2071 1910">
     <span class='ocr_line' id='line_1_34' title="bbox 458 1830 2071 1910; baseline -0.006 -17"><span class='ocrx_word' id='word_1_243' title='bbox 458 1837 817 1910; x_wconf 88' lang='lat' dir='ltr'><strong>principibus,</strong></span> <span class='ocrx_word' id='word_1_244' title='bbox 868 1842 1070 1907; x_wconf 90' lang='lat' dir='ltr'><strong>quanto</strong></span> <span class='ocrx_word' id='word_1_245' title='bbox 1139 1830 1393 1886; x_wconf 88' lang='lat' dir='ltr'><strong>ﬁdelibus</strong></span> <span class='ocrx_word' id='word_1_246' title='bbox 1464 1839 1670 1900; x_wconf 87' lang='lat' dir='ltr'><strong>posset,</strong></span> <span class='ocrx_word' id='word_1_247' title='bbox 1731 1831 1797 1884; x_wconf 90' lang='lat' dir='ltr'><strong>dc</strong></span> <span class='ocrx_word' id='word_1_248' title='bbox 1863 1831 2071 1884; x_wconf 87' lang='lat' dir='ltr'><strong>honore</strong></span> 
     </span>
    </p>
   </div>
   <div class='ocr_carea' id='block_1_35' title="bbox 461 1919 2071 1989">
    <p class='ocr_par' dir='ltr' id='par_1_35' title="bbox 461 1919 2071 1989">
     <span class='ocr_line' id='line_1_35' title="bbox 461 1919 2071 1989; baseline -0.007 -6"><span class='ocrx_word' id='word_1_249' title='bbox 461 1935 646 1984; x_wconf 85' lang='lat' dir='ltr'><strong>nostro</strong></span> <span class='ocrx_word' id='word_1_250' title='bbox 693 1924 924 1981; x_wconf 88' lang='lat' dir='ltr'><strong>sollicite</strong></span> <span class='ocrx_word' id='word_1_251' title='bbox 981 1927 1252 1985; x_wconf 86' lang='lat' dir='ltr'><strong>tractaret,</strong></span> <span class='ocrx_word' id='word_1_252' title='bbox 1300 1926 1354 1974; x_wconf 91' lang='lat' dir='ltr'><strong>et</strong></span> <span class='ocrx_word' id='word_1_253' title='bbox 1381 1919 1508 1974; x_wconf 91' lang='lat' dir='ltr'><strong>inde</strong></span> <span class='ocrx_word' id='word_1_254' title='bbox 1561 1933 1682 1984; x_wconf 90' lang='lat' dir='ltr'><strong>nos,</strong></span> <span class='ocrx_word' id='word_1_255' title='bbox 1714 1923 1934 1989; x_wconf 87' lang='lat' dir='ltr'><strong>peracto</strong></span> <span class='ocrx_word' id='word_1_256' title='bbox 1969 1933 2071 1973; x_wconf 87' lang='lat' dir='ltr'><strong>ne-</strong></span> 
     </span>
    </p>
   </div>
   <div class='ocr_carea' id='block_1_36' title="bbox 464 2007 2072 2091">
    <p class='ocr_par' dir='ltr' id='par_1_36' title="bbox 464 2007 2072 2091">
     <span class='ocr_line' id='line_1_36' title="bbox 464 2007 2072 2091; baseline -0.006 -20"><span class='ocrx_word' id='word_1_257' title='bbox 464 2017 616 2091; x_wconf 88' lang='lat' dir='ltr'><strong>gotio</strong></span> <span class='ocrx_word' id='word_1_258' title='bbox 646 2013 732 2072; x_wconf 87' lang='lat' dir='ltr'><strong>vel</strong></span> <span class='ocrx_word' id='word_1_259' title='bbox 754 2013 982 2076; x_wconf 86' lang='lat' dir='ltr'><strong>infecto,</strong></span> <span class='ocrx_word' id='word_1_260' title='bbox 1013 2009 1082 2064; x_wconf 93' lang='lat' dir='ltr'><strong>ad</strong></span> <span class='ocrx_word' id='word_1_261' title='bbox 1111 2008 1293 2066; x_wconf 90' lang='lat' dir='ltr'><strong>locum</strong></span> <span class='ocrx_word' id='word_1_262' title='bbox 1343 2024 1506 2078; x_wconf 90' lang='lat' dir='ltr'><strong>quem</strong></span> <span class='ocrx_word' id='word_1_263' title='bbox 1548 2007 1817 2062; x_wconf 81' lang='lat' dir='ltr'><strong>vellemus</strong></span> <span class='ocrx_word' id='word_1_264' title='bbox 1838 2007 2072 2063; x_wconf 90' lang='lat' dir='ltr'><strong>securis-</strong></span> 
     </span>
    </p>
   </div>
   <div class='ocr_carea' id='block_1_37' title="bbox 465 2094 2070 2162">
    <p class='ocr_par' dir='ltr' id='par_1_37' title="bbox 465 2094 2070 2162">
     <span class='ocr_line' id='line_1_37' title="bbox 465 2094 2070 2162; baseline -0.005 0"><span class='ocrx_word' id='word_1_265' title='bbox 465 2107 604 2162; x_wconf 91' lang='lat' dir='ltr'><strong>sime</strong></span> <span class='ocrx_word' id='word_1_266' title='bbox 633 2103 937 2159; x_wconf 89' lang='lat' dir='ltr'><strong>reduceret.</strong></span> <span class='ocrx_word' id='word_1_267' title='bbox 981 2099 1076 2153; x_wconf 82' lang='lat' dir='ltr'><strong>llis</strong></span> <span class='ocrx_word' id='word_1_268' title='bbox 1111 2097 1362 2153; x_wconf 90' lang='lat' dir='ltr'><strong>omnibus</strong></span> <span class='ocrx_word' id='word_1_269' title='bbox 1417 2095 1612 2150; x_wconf 89' lang='lat' dir='ltr'><strong>auditis</strong></span> <span class='ocrx_word' id='word_1_270' title='bbox 1667 2103 1720 2150; x_wconf 89' lang='lat' dir='ltr'><strong>et</strong></span> <span class='ocrx_word' id='word_1_271' title='bbox 1763 2094 2070 2154; x_wconf 70' lang='lat' dir='ltr'><strong>intellectis.</strong></span> 
     </span>
    </p>
   </div>
   <div class='ocr_carea' id='block_1_38' title="bbox 443 2182 2074 2266">
    <p class='ocr_par' dir='ltr' id='par_1_38' title="bbox 443 2182 2074 2266">
     <span class='ocr_line' id='line_1_38' title="bbox 443 2182 2074 2266; baseline -0.009 -13"><span class='ocrx_word' id='word_1_272' title='bbox 443 2191 907 2266; x_wconf 72' lang='lat' dir='ltr'><strong>collaudantibus</strong></span> <span class='ocrx_word' id='word_1_273' title='bbox 963 2187 1182 2254; x_wconf 88' lang='lat' dir='ltr'><strong>nostris,</strong></span> <span class='ocrx_word' id='word_1_274' title='bbox 1235 2184 1613 2240; x_wconf 89' lang='lat' dir='ltr'><strong>commisimus</strong></span> <span class='ocrx_word' id='word_1_275' title='bbox 1681 2199 1783 2238; x_wconf 92' lang='lat' dir='ltr'><strong>nos</strong></span> <span class='ocrx_word' id='word_1_276' title='bbox 1842 2182 1968 2239; x_wconf 90' lang='lat' dir='ltr'><strong>ﬁdei</strong></span> <span class='ocrx_word' id='word_1_277' title='bbox 2021 2199 2074 2248; x_wconf 70' lang='lat' dir='ltr'><strong>et</strong></span> 
     </span>
    </p>
   </div>
   <div class='ocr_carea' id='block_1_39' title="bbox 467 2273 2072 2349">
    <p class='ocr_par' dir='ltr' id='par_1_39' title="bbox 467 2273 2072 2349">
     <span class='ocr_line' id='line_1_39' title="bbox 467 2273 2072 2349; baseline -0.007 -9"><span class='ocrx_word' id='word_1_278' title='bbox 467 2284 663 2341; x_wconf 71' lang='lat' dir='ltr'><strong>animm</strong></span> <span class='ocrx_word' id='word_1_279' title='bbox 708 2279 846 2349; x_wconf 89' lang='lat' dir='ltr'><strong>ejus,</strong></span> <span class='ocrx_word' id='word_1_280' title='bbox 905 2277 1152 2332; x_wconf 88' lang='lat' dir='ltr'><strong>dicentes</strong></span> <span class='ocrx_word' id='word_1_281' title='bbox 1219 2290 1232 2329; x_wconf 88' lang='lat'><strong>:</strong></span> <span class='ocrx_word' id='word_1_282' title='bbox 1277 2273 1676 2328; x_wconf 86' lang='lat' dir='ltr'><strong>Committimus</strong></span> <span class='ocrx_word' id='word_1_283' title='bbox 1731 2288 1832 2328; x_wconf 90' lang='lat' dir='ltr'><strong>nos</strong></span> <span class='ocrx_word' id='word_1_284' title='bbox 1876 2273 2072 2328; x_wconf 66' lang='lat' dir='ltr'><strong>animae</strong></span> 
     </span>
    </p>
   </div>
   <div class='ocr_carea' id='block_1_40' title="bbox 475 2360 2071 2434">
    <p class='ocr_par' dir='ltr' id='par_1_40' title="bbox 475 2360 2071 2434">
     <span class='ocr_line' id='line_1_40' title="bbox 475 2360 2071 2434; baseline -0.006 -8"><span class='ocrx_word' id='word_1_285' title='bbox 475 2381 580 2428; x_wconf 73' lang='lat' dir='ltr'><strong>tua:</strong></span> <span class='ocrx_word' id='word_1_286' title='bbox 635 2369 734 2424; x_wconf 92' lang='lat' dir='ltr'><strong>sub</strong></span> <span class='ocrx_word' id='word_1_287' title='bbox 783 2383 844 2422; x_wconf 89' lang='lat' dir='ltr'><strong>ea</strong></span> <span class='ocrx_word' id='word_1_288' title='bbox 879 2365 986 2420; x_wconf 92' lang='lat' dir='ltr'><strong>ﬁde</strong></span> <span class='ocrx_word' id='word_1_289' title='bbox 1017 2379 1122 2434; x_wconf 92' lang='lat' dir='ltr'><strong>qua</strong></span> <span class='ocrx_word' id='word_1_290' title='bbox 1145 2364 1290 2418; x_wconf 90' lang='lat' dir='ltr'><strong>Deus</strong></span> <span class='ocrx_word' id='word_1_291' title='bbox 1341 2362 1516 2416; x_wconf 90' lang='lat' dir='ltr'><strong>voluit</strong></span> <span class='ocrx_word' id='word_1_292' title='bbox 1542 2361 1712 2416; x_wconf 89' lang='lat' dir='ltr'><strong>ﬁlium</strong></span> <span class='ocrx_word' id='word_1_293' title='bbox 1731 2360 1960 2432; x_wconf 75' lang='lat' dir='ltr'><strong>diligere</strong></span> <span class='ocrx_word' id='word_1_294' title='bbox 1979 2377 2071 2431; x_wconf 87' lang='lat' dir='ltr'><strong>pa-</strong></span> 
     </span>
    </p>
   </div>
   <div class='ocr_carea' id='block_1_41' title="bbox 470 2449 2069 2516">
    <p class='ocr_par' dir='ltr' id='par_1_41' title="bbox 470 2449 2069 2516">
     <span class='ocr_line' id='line_1_41' title="bbox 470 2449 2069 2516; baseline -0.008 0"><span class='ocrx_word' id='word_1_295' title='bbox 470 2469 626 2516; x_wconf 91' lang='lat' dir='ltr'><strong>trem.</strong></span> <span class='ocrx_word' id='word_1_296' title='bbox 660 2457 757 2512; x_wconf 92' lang='lat' dir='ltr'><strong>llle</strong></span> <span class='ocrx_word' id='word_1_297' title='bbox 808 2469 939 2510; x_wconf 88' lang='lat' dir='ltr'><strong>vero</strong></span> <span class='ocrx_word' id='word_1_298' title='bbox 990 2452 1114 2506; x_wconf 88' lang='lat' dir='ltr'><strong>data</strong></span> <span class='ocrx_word' id='word_1_299' title='bbox 1147 2451 1338 2506; x_wconf 81' lang='lat' dir='ltr'><strong>dextra</strong></span> <span class='ocrx_word' id='word_1_300' title='bbox 1367 2450 1466 2504; x_wconf 92' lang='lat' dir='ltr'><strong>sub</strong></span> <span class='ocrx_word' id='word_1_301' title='bbox 1495 2449 1687 2505; x_wconf 90' lang='lat' dir='ltr'><strong>eadem</strong></span> <span class='ocrx_word' id='word_1_302' title='bbox 1727 2449 1836 2504; x_wconf 90' lang='lat' dir='ltr'><strong>ﬁde</strong></span> <span class='ocrx_word' id='word_1_303' title='bbox 1882 2449 2069 2504; x_wconf 90' lang='lat' dir='ltr'><strong>salutis</strong></span> 
     </span>
    </p>
   </div>
   <div class='ocr_carea' id='block_1_42' title="bbox 464 2537 2071 2609">
    <p class='ocr_par' dir='ltr' id='par_1_42' title="bbox 464 2537 2071 2609">
     <span class='ocr_line' id='line_1_42' title="bbox 464 2537 2071 2609; baseline -0.007 -5"><span class='ocrx_word' id='word_1_304' title='bbox 464 2558 517 2604; x_wconf 93' lang='lat' dir='ltr'><strong>et</strong></span> <span class='ocrx_word' id='word_1_305' title='bbox 545 2545 769 2603; x_wconf 87' lang='lat' dir='ltr'><strong>honoris</strong></span> <span class='ocrx_word' id='word_1_306' title='bbox 795 2541 968 2598; x_wconf 90' lang='lat' dir='ltr'><strong>nostri</strong></span> <span class='ocrx_word' id='word_1_307' title='bbox 1022 2556 1120 2596; x_wconf 89' lang='lat' dir='ltr'><strong>nos</strong></span> <span class='ocrx_word' id='word_1_308' title='bbox 1177 2554 1393 2594; x_wconf 91' lang='lat' dir='ltr'><strong>securos</strong></span> <span class='ocrx_word' id='word_1_309' title='bbox 1431 2539 1696 2594; x_wconf 89' lang='lat' dir='ltr'><strong>reddidit.</strong></span> <span class='ocrx_word' id='word_1_310' title='bbox 1743 2537 1860 2594; x_wconf 86' lang='lat' dir='ltr'><strong>Hac</strong></span> <span class='ocrx_word' id='word_1_311' title='bbox 1905 2537 2071 2609; x_wconf 88' lang='lat' dir='ltr'><strong>igitur</strong></span> 
     </span>
    </p>
   </div>
   <div class='ocr_carea' id='block_1_43' title="bbox 463 2627 2069 2696">
    <p class='ocr_par' dir='ltr' id='par_1_43' title="bbox 463 2627 2069 2696">
     <span class='ocr_line' id='line_1_43' title="bbox 463 2627 2069 2696; baseline -0.007 -4"><span class='ocrx_word' id='word_1_312' title='bbox 463 2636 661 2691; x_wconf 88' lang='lat' dir='ltr'><strong>ﬁducia</strong></span> <span class='ocrx_word' id='word_1_313' title='bbox 701 2633 834 2688; x_wconf 87' lang='lat' dir='ltr'><strong>nihil</strong></span> <span class='ocrx_word' id='word_1_314' title='bbox 894 2629 1222 2696; x_wconf 86' lang='lat' dir='ltr'><strong>dubitantes,</strong></span> <span class='ocrx_word' id='word_1_315' title='bbox 1254 2627 1562 2684; x_wconf 88' lang='lat' dir='ltr'><strong>remisimus</strong></span> <span class='ocrx_word' id='word_1_316' title='bbox 1617 2633 1834 2682; x_wconf 88' lang='lat' dir='ltr'><strong>nostros</strong></span> <span class='ocrx_word' id='word_1_317' title='bbox 1887 2635 1946 2681; x_wconf 87' lang='lat' dir='ltr'><strong>ut</strong></span> <span class='ocrx_word' id='word_1_318' title='bbox 1996 2627 2069 2681; x_wconf 91' lang='lat' dir='ltr'><strong>ad</strong></span> 
     </span>
    </p>
   </div>
   <div class='ocr_carea' id='block_1_44' title="bbox 465 2714 2066 2797">
    <p class='ocr_par' dir='ltr' id='par_1_44' title="bbox 465 2714 2066 2797">
     <span class='ocr_line' id='line_1_44' title="bbox 465 2714 2066 2797; baseline -0.007 -16"><span class='ocrx_word' id='word_1_319' title='bbox 465 2724 746 2797; x_wconf 85' lang='lat' dir='ltr'><strong>praefatum</strong></span> <span class='ocrx_word' id='word_1_320' title='bbox 805 2718 1138 2788; x_wconf 90' lang='lat' dir='ltr'><strong>colloquium</strong></span> <span class='ocrx_word' id='word_1_321' title='bbox 1195 2716 1432 2771; x_wconf 88' lang='lat' dir='ltr'><strong>redirent</strong></span> <span class='ocrx_word' id='word_1_322' title='bbox 1482 2733 1497 2780; x_wconf 92' lang='lat'><strong>;</strong></span> <span class='ocrx_word' id='word_1_323' title='bbox 1545 2715 1858 2771; x_wconf 91' lang='lat' dir='ltr'><strong>mandando</strong></span> <span class='ocrx_word' id='word_1_324' title='bbox 1905 2714 2066 2770; x_wconf 89' lang='lat' dir='ltr'><strong>etiam</strong></span> 
     </span>
    </p>
   </div>
   <div class='ocr_carea' id='block_1_45' title="bbox 464 2804 2066 2869">
    <p class='ocr_par' dir='ltr' id='par_1_45' title="bbox 464 2804 2066 2869">
     <span class='ocr_line' id='line_1_45' title="bbox 464 2804 2066 2869; baseline -0.007 0"><span class='ocrx_word' id='word_1_325' title='bbox 464 2813 681 2869; x_wconf 62' lang='lat' dir='ltr'><strong>caeteris</strong></span> <span class='ocrx_word' id='word_1_326' title='bbox 711 2808 962 2864; x_wconf 87' lang='lat' dir='ltr'><strong>ﬁdelibus</strong></span> <span class='ocrx_word' id='word_1_327' title='bbox 981 2805 1178 2860; x_wconf 90' lang='lat' dir='ltr'><strong>nostris</strong></span> <span class='ocrx_word' id='word_1_328' title='bbox 1221 2812 1279 2858; x_wconf 91' lang='lat' dir='ltr'><strong>ut</strong></span> <span class='ocrx_word' id='word_1_329' title='bbox 1310 2804 1516 2859; x_wconf 92' lang='lat' dir='ltr'><strong>ibidem</strong></span> <span class='ocrx_word' id='word_1_330' title='bbox 1563 2804 1764 2860; x_wconf 91' lang='lat' dir='ltr'><strong>nostris</strong></span> <span class='ocrx_word' id='word_1_331' title='bbox 1809 2819 2066 2860; x_wconf 45' lang='lat' dir='ltr'><strong>occurre.</strong></span> 
     </span>
    </p>
   </div>
   <div class='ocr_carea' id='block_1_46' title="bbox 471 2891 1560 2968">
    <p class='ocr_par' dir='ltr' id='par_1_46' title="bbox 471 2891 1560 2968">
     <span class='ocr_line' id='line_1_46' title="bbox 471 2891 1560 2968; baseline -0.008 -12"><span class='ocrx_word' id='word_1_332' title='bbox 471 2907 612 2968; x_wconf 89' lang='lat' dir='ltr'><strong>rent,</strong></span> <span class='ocrx_word' id='word_1_333' title='bbox 636 2905 691 2953; x_wconf 90' lang='lat' dir='ltr'><strong>et</strong></span> <span class='ocrx_word' id='word_1_334' title='bbox 706 2897 782 2952; x_wconf 91' lang='lat' dir='ltr'><strong>sic</strong></span> <span class='ocrx_word' id='word_1_335' title='bbox 811 2911 932 2950; x_wconf 91' lang='lat' dir='ltr'><strong>cum</strong></span> <span class='ocrx_word' id='word_1_336' title='bbox 964 2893 1058 2948; x_wconf 93' lang='lat' dir='ltr'><strong>illo</strong></span> <span class='ocrx_word' id='word_1_337' title='bbox 1087 2891 1324 2962; x_wconf 86' lang='lat' dir='ltr'><strong>profecti</strong></span> <span class='ocrx_word' id='word_1_338' title='bbox 1354 2908 1560 2947; x_wconf 90' lang='lat' dir='ltr'><strong>sumus.</strong></span> 
     </span>
    </p>
   </div>
   <div class='ocr_carea' id='block_1_47' title="bbox 532 2979 2070 3049">
    <p class='ocr_par' dir='ltr' id='par_1_47' title="bbox 532 2979 2070 3049">
     <span class='ocr_line' id='line_1_47' title="bbox 532 2979 2070 3049; baseline -0.005 -6"><span class='ocrx_word' id='word_1_339' title='bbox 532 2988 665 3044; x_wconf 91' lang='lat' dir='ltr'><strong>Cum</strong></span> <span class='ocrx_word' id='word_1_340' title='bbox 698 2992 883 3040; x_wconf 88' lang='lat' dir='ltr'><strong>autem</strong></span> <span class='ocrx_word' id='word_1_341' title='bbox 924 2996 1167 3038; x_wconf 84' lang='lat' dir='ltr'><strong>essemus</strong></span> <span class='ocrx_word' id='word_1_342' title='bbox 1194 2980 1251 3034; x_wconf 91' lang='lat' dir='ltr'><strong>in</strong></span> <span class='ocrx_word' id='word_1_343' title='bbox 1278 2979 1463 3034; x_wconf 91' lang='lat' dir='ltr'><strong>media</strong></span> <span class='ocrx_word' id='word_1_344' title='bbox 1490 2980 1598 3049; x_wconf 88' lang='lat' dir='ltr'><strong>via,</strong></span> <span class='ocrx_word' id='word_1_345' title='bbox 1658 2979 1960 3035; x_wconf 90' lang='lat' dir='ltr'><strong>nuntiatum</strong></span> <span class='ocrx_word' id='word_1_346' title='bbox 1989 2987 2070 3035; x_wconf 89' lang='lat' dir='ltr'><strong>est</strong></span> 
     </span>
    </p>
   </div>
   <div class='ocr_carea' id='block_1_48' title="bbox 474 3068 2067 3146">
    <p class='ocr_par' dir='ltr' id='par_1_48' title="bbox 474 3068 2067 3146">
     <span class='ocr_line' id='line_1_48' title="bbox 474 3068 2067 3146; baseline -0.006 -12"><span class='ocrx_word' id='word_1_347' title='bbox 474 3077 632 3134; x_wconf 91' lang='lat' dir='ltr'><strong>nobis</strong></span> <span class='ocrx_word' id='word_1_348' title='bbox 683 3073 941 3146; x_wconf 90' lang='lat' dir='ltr'><strong>privatim</strong></span> <span class='ocrx_word' id='word_1_349' title='bbox 989 3069 1134 3140; x_wconf 87' lang='lat' dir='ltr'><strong>quod</strong></span> <span class='ocrx_word' id='word_1_350' title='bbox 1183 3068 1540 3124; x_wconf 88' lang='lat' dir='ltr'><strong>traderemur.</strong></span> <span class='ocrx_word' id='word_1_351' title='bbox 1600 3069 1715 3124; x_wconf 90' lang='lat' dir='ltr'><strong>Hoc</strong></span> <span class='ocrx_word' id='word_1_352' title='bbox 1768 3085 1892 3124; x_wconf 92' lang='lat' dir='ltr'><strong>cum</strong></span> <span class='ocrx_word' id='word_1_353' title='bbox 1947 3068 2067 3139; x_wconf 91' lang='lat' dir='ltr'><strong>ipse</strong></span> 
     </span>
    </p>
   </div>
   <div class='ocr_carea' id='block_1_49' title="bbox 467 3157 2062 3227">
    <p class='ocr_par' dir='ltr' id='par_1_49' title="bbox 467 3157 2062 3227">
     <span class='ocr_line' id='line_1_49' title="bbox 467 3157 2062 3227; baseline -0.009 -3"><span class='ocrx_word' id='word_1_354' title='bbox 467 3169 633 3224; x_wconf 89' lang='lat' dir='ltr'><strong>sciret</strong></span> <span class='ocrx_word' id='word_1_355' title='bbox 660 3163 819 3220; x_wconf 91' lang='lat' dir='ltr'><strong>nobis</strong></span> <span class='ocrx_word' id='word_1_356' title='bbox 838 3159 1072 3217; x_wconf 91' lang='lat' dir='ltr'><strong>relatum</strong></span> <span class='ocrx_word' id='word_1_357' title='bbox 1102 3174 1238 3225; x_wconf 89' lang='lat' dir='ltr'><strong>esse,</strong></span> <span class='ocrx_word' id='word_1_358' title='bbox 1269 3157 1433 3227; x_wconf 85' lang='lat' dir='ltr'><strong>coepit</strong></span> <span class='ocrx_word' id='word_1_359' title='bbox 1481 3158 1670 3226; x_wconf 91' lang='lat' dir='ltr'><strong>jurare</strong></span> <span class='ocrx_word' id='word_1_360' title='bbox 1725 3165 1779 3213; x_wconf 87' lang='lat' dir='ltr'><strong>et</strong></span> <span class='ocrx_word' id='word_1_361' title='bbox 1808 3157 2062 3212; x_wconf 90' lang='lat' dir='ltr'><strong>detestari</strong></span> 
     </span>
    </p>
   </div>
   <div class='ocr_carea' id='block_1_50' title="bbox 467 3245 2064 3317">
    <p class='ocr_par' dir='ltr' id='par_1_50' title="bbox 467 3245 2064 3317">
     <span class='ocr_line' id='line_1_50' title="bbox 467 3245 2064 3317; baseline -0.009 -3"><span class='ocrx_word' id='word_1_362' title='bbox 467 3253 783 3313; x_wconf 90' lang='lat' dir='ltr'><strong>nullomodo</strong></span> <span class='ocrx_word' id='word_1_363' title='bbox 839 3265 962 3305; x_wconf 91' lang='lat' dir='ltr'><strong>esse</strong></span> <span class='ocrx_word' id='word_1_364' title='bbox 1018 3263 1228 3315; x_wconf 86' lang='lat' dir='ltr'><strong>verum,</strong></span> <span class='ocrx_word' id='word_1_365' title='bbox 1259 3245 1528 3317; x_wconf 88' lang='lat' dir='ltr'><strong>recipiens</strong></span> <span class='ocrx_word' id='word_1_366' title='bbox 1583 3261 1682 3302; x_wconf 92' lang='lat' dir='ltr'><strong>nos</strong></span> <span class='ocrx_word' id='word_1_367' title='bbox 1726 3247 1920 3302; x_wconf 88' lang='lat' dir='ltr'><strong>iterum</strong></span> <span class='ocrx_word' id='word_1_368' title='bbox 1965 3245 2064 3300; x_wconf 92' lang='lat' dir='ltr'><strong>sub</strong></span> 
     </span>
    </p>
   </div>
   <div class='ocr_carea' id='block_1_51' title="bbox 469 3333 2064 3417">
    <p class='ocr_par' dir='ltr' id='par_1_51' title="bbox 469 3333 2064 3417">
     <span class='ocr_line' id='line_1_51' title="bbox 469 3333 2064 3417; baseline -0.009 -15"><span class='ocrx_word' id='word_1_369' title='bbox 469 3344 701 3417; x_wconf 68' lang='lat' dir='ltr'><strong>praefata</strong></span> <span class='ocrx_word' id='word_1_370' title='bbox 743 3339 874 3395; x_wconf 88' lang='lat' dir='ltr'><strong>ﬁde.</strong></span> <span class='ocrx_word' id='word_1_371' title='bbox 906 3336 1115 3394; x_wconf 90' lang='lat' dir='ltr'><strong>Deinde</strong></span> <span class='ocrx_word' id='word_1_372' title='bbox 1142 3337 1198 3390; x_wconf 91' lang='lat' dir='ltr'><strong>in</strong></span> <span class='ocrx_word' id='word_1_373' title='bbox 1235 3335 1481 3407; x_wconf 88' lang='lat' dir='ltr'><strong>sequenti</strong></span> <span class='ocrx_word' id='word_1_374' title='bbox 1512 3333 1601 3391; x_wconf 93' lang='lat' dir='ltr'><strong>die</strong></span> <span class='ocrx_word' id='word_1_375' title='bbox 1658 3336 1803 3392; x_wconf 90' lang='lat' dir='ltr'><strong>circa</strong></span> <span class='ocrx_word' id='word_1_376' title='bbox 1851 3343 2064 3390; x_wconf 89' lang='lat' dir='ltr'><strong>noctem</strong></span> 
     </span>
    </p>
   </div>
   <div class='ocr_carea' id='block_1_52' title="bbox 460 3424 2064 3507">
    <p class='ocr_par' dir='ltr' id='par_1_52' title="bbox 460 3424 2064 3507">
     <span class='ocr_line' id='line_1_52' title="bbox 460 3424 2064 3507; baseline -0.008 -17"><span class='ocrx_word' id='word_1_377' title='bbox 460 3431 813 3507; x_wconf 89' lang='lat' dir='ltr'><strong>pervenimus</strong></span> <span class='ocrx_word' id='word_1_378' title='bbox 846 3428 899 3482; x_wconf 90' lang='lat' dir='ltr'><strong>in</strong></span> <span class='ocrx_word' id='word_1_379' title='bbox 921 3427 1096 3482; x_wconf 92' lang='lat' dir='ltr'><strong>locum</strong></span> <span class='ocrx_word' id='word_1_380' title='bbox 1128 3425 1218 3497; x_wconf 90' lang='lat' dir='ltr'><strong>qui</strong></span> <span class='ocrx_word' id='word_1_381' title='bbox 1246 3425 1441 3480; x_wconf 85' lang='lat' dir='ltr'><strong>dicitur</strong></span> <span class='ocrx_word' id='word_1_382' title='bbox 1464 3424 1655 3497; x_wconf 84' lang='lat' dir='ltr'><strong>Binga.</strong></span> <span class='ocrx_word' id='word_1_383' title='bbox 1703 3425 1859 3478; x_wconf 86' lang='lat' dir='ltr'><strong>Mane</strong></span> <span class='ocrx_word' id='word_1_384' title='bbox 1882 3430 2064 3478; x_wconf 89' lang='lat' dir='ltr'><strong>autem</strong></span> 
     </span>
    </p>
   </div>
   <div class='ocr_carea' id='block_1_53' title="bbox 465 3509 2067 3582">
    <p class='ocr_par' dir='ltr' id='par_1_53' title="bbox 465 3509 2067 3582">
     <span class='ocr_line' id='line_1_53' title="bbox 465 3509 2067 3582; baseline -0.008 -5"><span class='ocrx_word' id='word_1_385' title='bbox 465 3523 610 3579; x_wconf 86' lang='lat' dir='ltr'><strong>facto</strong></span> <span class='ocrx_word' id='word_1_386' title='bbox 641 3519 997 3576; x_wconf 70' lang='lat' dir='ltr'><strong>circumvenit</strong></span> <span class='ocrx_word' id='word_1_387' title='bbox 1045 3530 1144 3569; x_wconf 90' lang='lat' dir='ltr'><strong>nos</strong></span> <span class='ocrx_word' id='word_1_388' title='bbox 1192 3529 1466 3569; x_wconf 88' lang='lat' dir='ltr'><strong>armorum</strong></span> <span class='ocrx_word' id='word_1_389' title='bbox 1521 3512 1769 3582; x_wconf 91' lang='lat' dir='ltr'><strong>strepitu,</strong></span> <span class='ocrx_word' id='word_1_390' title='bbox 1816 3520 1868 3567; x_wconf 87' lang='lat' dir='ltr'><strong>et</strong></span> <span class='ocrx_word' id='word_1_391' title='bbox 1914 3509 2067 3567; x_wconf 94' lang='lat' dir='ltr'><strong>omni</strong></span> 
     </span>
    </p>
   </div>
   <div class='ocr_carea' id='block_1_54' title="bbox 466 3600 2066 3684">
    <p class='ocr_par' dir='ltr' id='par_1_54' title="bbox 466 3600 2066 3684">
     <span class='ocr_line' id='line_1_54' title="bbox 466 3600 2066 3684; baseline -0.009 -17"><span class='ocrx_word' id='word_1_392' title='bbox 466 3625 674 3684; x_wconf 83' lang='lat' dir='ltr'><strong>genere</strong></span> <span class='ocrx_word' id='word_1_393' title='bbox 703 3604 939 3672; x_wconf 89' lang='lat' dir='ltr'><strong>terroris,</strong></span> <span class='ocrx_word' id='word_1_394' title='bbox 965 3603 1150 3657; x_wconf 91' lang='lat' dir='ltr'><strong>dicens</strong></span> <span class='ocrx_word' id='word_1_395' title='bbox 1177 3617 1236 3656; x_wconf 88' lang='lat' dir='ltr'><strong>se</strong></span> <span class='ocrx_word' id='word_1_396' title='bbox 1266 3617 1366 3656; x_wconf 86' lang='lat' dir='ltr'><strong>nos</strong></span> <span class='ocrx_word' id='word_1_397' title='bbox 1395 3600 1538 3655; x_wconf 91' lang='lat' dir='ltr'><strong>nolle</strong></span> <span class='ocrx_word' id='word_1_398' title='bbox 1585 3602 1784 3656; x_wconf 89' lang='lat' dir='ltr'><strong>ducere</strong></span> <span class='ocrx_word' id='word_1_399' title='bbox 1831 3600 2066 3671; x_wconf 82' lang='lat' dir='ltr'><strong>Mogun-</strong></span> 
     </span>
    </p>
   </div>
   <div class='ocr_carea' id='block_1_55' title="bbox 463 3687 2068 3766">
    <p class='ocr_par' dir='ltr' id='par_1_55' title="bbox 463 3687 2068 3766">
     <span class='ocr_line' id='line_1_55' title="bbox 463 3687 2068 3766; baseline -0.007 -13"><span class='ocrx_word' id='word_1_400' title='bbox 463 3702 617 3766; x_wconf 89' lang='lat' dir='ltr'><strong>tiam,</strong></span> <span class='ocrx_word' id='word_1_401' title='bbox 649 3695 746 3751; x_wconf 89' lang='lat' dir='ltr'><strong>sed</strong></span> <span class='ocrx_word' id='word_1_402' title='bbox 793 3693 862 3748; x_wconf 91' lang='lat' dir='ltr'><strong>ad</strong></span> <span class='ocrx_word' id='word_1_403' title='bbox 890 3699 1123 3746; x_wconf 87' lang='lat' dir='ltr'><strong>castrum</strong></span> <span class='ocrx_word' id='word_1_404' title='bbox 1152 3689 1443 3758; x_wconf 89' lang='lat' dir='ltr'><strong>quoddam.</strong></span> <span class='ocrx_word' id='word_1_405' title='bbox 1477 3688 1609 3744; x_wconf 91' lang='lat' dir='ltr'><strong>Cum</strong></span> <span class='ocrx_word' id='word_1_406' title='bbox 1648 3688 1815 3760; x_wconf 86' lang='lat' dir='ltr'><strong>igitur</strong></span> <span class='ocrx_word' id='word_1_407' title='bbox 1841 3687 2068 3758; x_wconf 89' lang='lat' dir='ltr'><strong>provol-</strong></span> 
     </span>
    </p>
   </div>
   <div class='ocr_carea' id='block_1_56' title="bbox 460 3776 2067 3850">
    <p class='ocr_par' dir='ltr' id='par_1_56' title="bbox 460 3776 2067 3850">
     <span class='ocr_line' id='line_1_56' title="bbox 460 3776 2067 3850; baseline -0.009 -7"><span class='ocrx_word' id='word_1_408' title='bbox 460 3799 717 3844; x_wconf 90' lang='lat' dir='ltr'><strong>veremur</strong></span> <span class='ocrx_word' id='word_1_409' title='bbox 747 3782 818 3838; x_wconf 90' lang='lat' dir='ltr'><strong>ad</strong></span> <span class='ocrx_word' id='word_1_410' title='bbox 849 3779 1013 3850; x_wconf 89' lang='lat' dir='ltr'><strong>pedes</strong></span> <span class='ocrx_word' id='word_1_411' title='bbox 1031 3785 1144 3833; x_wconf 90' lang='lat' dir='ltr'><strong>tam</strong></span> <span class='ocrx_word' id='word_1_412' title='bbox 1187 3792 1314 3831; x_wconf 88' lang='lat' dir='ltr'><strong>suos</strong></span> <span class='ocrx_word' id='word_1_413' title='bbox 1339 3791 1501 3846; x_wconf 85' lang='lat' dir='ltr'><strong>quam</strong></span> <span class='ocrx_word' id='word_1_414' title='bbox 1549 3776 1802 3842; x_wconf 91' lang='lat' dir='ltr'><strong>aliorum,</strong></span> <span class='ocrx_word' id='word_1_415' title='bbox 1847 3784 1919 3846; x_wconf 82' lang='lat' dir='ltr'><strong>ut,</strong></span> <span class='ocrx_word' id='word_1_416' title='bbox 1973 3792 2067 3829; x_wconf 89' lang='lat' dir='ltr'><strong>sc-</strong></span> 
     </span>
    </p>
   </div>
   <div class='ocr_carea' id='block_1_57' title="bbox 454 3863 2068 3937">
    <p class='ocr_par' dir='ltr' id='par_1_57' title="bbox 454 3863 2068 3937">
     <span class='ocr_line' id='line_1_57' title="bbox 454 3863 2068 3937; baseline -0.008 -6"><span class='ocrx_word' id='word_1_417' title='bbox 454 3874 696 3932; x_wconf 90' lang='lat' dir='ltr'><strong>cundum</strong></span> <span class='ocrx_word' id='word_1_418' title='bbox 733 3869 895 3924; x_wconf 84' lang='lat' dir='ltr'><strong>fidem</strong></span> <span class='ocrx_word' id='word_1_419' title='bbox 939 3867 1146 3933; x_wconf 87' lang='lat' dir='ltr'><strong>datam,</strong></span> <span class='ocrx_word' id='word_1_420' title='bbox 1196 3880 1297 3920; x_wconf 93' lang='lat' dir='ltr'><strong>nos</strong></span> <span class='ocrx_word' id='word_1_421' title='bbox 1335 3864 1554 3920; x_wconf 90' lang='lat' dir='ltr'><strong>duceret</strong></span> <span class='ocrx_word' id='word_1_422' title='bbox 1590 3865 1923 3937; x_wconf 81' lang='lat' dir='ltr'><strong>Moguntam,</strong></span> <span class='ocrx_word' id='word_1_423' title='bbox 1980 3863 2068 3920; x_wconf 86' lang='lat' dir='ltr'><strong>vel</strong></span> 
     </span>
    </p>
   </div>
   <div class='ocr_carea' id='block_1_58' title="bbox 451 3953 2067 4026">
    <p class='ocr_par' dir='ltr' id='par_1_58' title="bbox 451 3953 2067 4026">
     <span class='ocr_line' id='line_1_58' title="bbox 451 3953 2067 4026; baseline -0.006 -8"><span class='ocrx_word' id='word_1_424' title='bbox 451 3980 550 4020; x_wconf 91' lang='lat' dir='ltr'><strong>nos</strong></span> <span class='ocrx_word' id='word_1_425' title='bbox 597 3960 894 4016; x_wconf 89' lang='lat' dir='ltr'><strong>dimitteret</strong></span> <span class='ocrx_word' id='word_1_426' title='bbox 933 3955 1140 4011; x_wconf 92' lang='lat' dir='ltr'><strong>liberos</strong></span> <span class='ocrx_word' id='word_1_427' title='bbox 1212 3954 1384 4026; x_wconf 88' lang='lat' dir='ltr'><strong>abire,</strong></span> <span class='ocrx_word' id='word_1_428' title='bbox 1430 3953 1691 4010; x_wconf 86' lang='lat' dir='ltr'><strong>reditures</strong></span> <span class='ocrx_word' id='word_1_429' title='bbox 1736 3954 1790 4008; x_wconf 91' lang='lat' dir='ltr'><strong>in</strong></span> <span class='ocrx_word' id='word_1_430' title='bbox 1836 3953 2067 4009; x_wconf 89' lang='lat' dir='ltr'><strong>termino</strong></span> 
     </span>
    </p>
   </div>
   <div class='ocr_carea' id='block_1_59' title="bbox 455 4042 2066 4126">
    <p class='ocr_par' dir='ltr' id='par_1_59' title="bbox 455 4042 2066 4126">
     <span class='ocr_line' id='line_1_59' title="bbox 455 4042 2066 4126; baseline -0.007 -18"><span class='ocrx_word' id='word_1_431' title='bbox 455 4067 619 4126; x_wconf 93' lang='lat' dir='ltr'><strong>quem</strong></span> <span class='ocrx_word' id='word_1_432' title='bbox 661 4048 971 4120; x_wconf 89' lang='lat' dir='ltr'><strong>disponeret</strong></span> <span class='ocrx_word' id='word_1_433' title='bbox 1017 4044 1167 4099; x_wconf 86' lang='lat' dir='ltr'><strong>omni</strong></span> <span class='ocrx_word' id='word_1_434' title='bbox 1216 4042 1534 4099; x_wconf 88' lang='lat' dir='ltr'><strong>certitudine</strong></span> <span class='ocrx_word' id='word_1_435' title='bbox 1587 4042 1920 4109; x_wconf 88' lang='lat' dir='ltr'><strong>securitatis,</strong></span> <span class='ocrx_word' id='word_1_436' title='bbox 1971 4057 2066 4097; x_wconf 88' lang='lat' dir='ltr'><strong>re-</strong></span> 
     </span>
    </p>
   </div>
   <div class='ocr_carea' id='block_1_60' title="bbox 455 4129 2066 4212">
    <p class='ocr_par' dir='ltr' id='par_1_60' title="bbox 455 4129 2066 4212">
     <span class='ocr_line' id='line_1_60' title="bbox 455 4129 2066 4212; baseline -0.007 -16"><span class='ocrx_word' id='word_1_437' title='bbox 455 4153 726 4212; x_wconf 79' lang='lat' dir='ltr'><strong>sponsum</strong></span> <span class='ocrx_word' id='word_1_438' title='bbox 756 4143 836 4192; x_wconf 90' lang='lat' dir='ltr'><strong>est</strong></span> <span class='ocrx_word' id='word_1_439' title='bbox 881 4131 1040 4189; x_wconf 90' lang='lat' dir='ltr'><strong>nobis</strong></span> <span class='ocrx_word' id='word_1_440' title='bbox 1091 4130 1237 4202; x_wconf 90' lang='lat' dir='ltr'><strong>quod</strong></span> <span class='ocrx_word' id='word_1_441' title='bbox 1291 4131 1425 4185; x_wconf 89' lang='lat' dir='ltr'><strong>nihil</strong></span> <span class='ocrx_word' id='word_1_442' title='bbox 1483 4129 1628 4186; x_wconf 90' lang='lat' dir='ltr'><strong>aliud</strong></span> <span class='ocrx_word' id='word_1_443' title='bbox 1679 4130 1865 4187; x_wconf 89' lang='lat' dir='ltr'><strong>liceret</strong></span> <span class='ocrx_word' id='word_1_444' title='bbox 1904 4131 2066 4186; x_wconf 91' lang='lat' dir='ltr'><strong>nobis</strong></span> 
     </span>
    </p>
   </div>
   <div class='ocr_carea' id='block_1_61' title="bbox 456 4217 2065 4296">
    <p class='ocr_par' dir='ltr' id='par_1_61' title="bbox 456 4217 2065 4296">
     <span class='ocr_line' id='line_1_61' title="bbox 456 4217 2065 4296; baseline -0.007 -11"><span class='ocrx_word' id='word_1_445' title='bbox 456 4230 639 4284; x_wconf 87' lang='lat' dir='ltr'><strong>facere</strong></span> <span class='ocrx_word' id='word_1_446' title='bbox 669 4239 834 4296; x_wconf 91' lang='lat' dir='ltr'><strong>quam</strong></span> <span class='ocrx_word' id='word_1_447' title='bbox 865 4222 935 4278; x_wconf 89' lang='lat' dir='ltr'><strong>ad</strong></span> <span class='ocrx_word' id='word_1_448' title='bbox 965 4221 1261 4292; x_wconf 76' lang='lat' dir='ltr'><strong>praefatum</strong></span> <span class='ocrx_word' id='word_1_449' title='bbox 1291 4218 1574 4276; x_wconf 89' lang='lat' dir='ltr'><strong>castellum</strong></span> <span class='ocrx_word' id='word_1_450' title='bbox 1606 4220 1711 4276; x_wconf 91' lang='lat' dir='ltr'><strong>ire.</strong></span> <span class='ocrx_word' id='word_1_451' title='bbox 1764 4217 1908 4288; x_wconf 90' lang='lat' dir='ltr'><strong>Quid</strong></span> <span class='ocrx_word' id='word_1_452' title='bbox 1938 4218 2065 4290; x_wconf 85' lang='lat' dir='ltr'><strong>plu-</strong></span> 
     </span>
    </p>
   </div>
   <div class='ocr_carea' id='block_1_62' title="bbox 455 4308 2063 4378">
    <p class='ocr_par' dir='ltr' id='par_1_62' title="bbox 455 4308 2063 4378">
     <span class='ocr_line' id='line_1_62' title="bbox 455 4308 2063 4378; baseline -0.009 -6"><span class='ocrx_word' id='word_1_453' title='bbox 455 4333 515 4372; x_wconf 86' lang='lat' dir='ltr'><strong>ra</strong></span> <span class='ocrx_word' id='word_1_454' title='bbox 543 4318 571 4370; x_wconf 82' lang='lat'><strong>‘?</strong></span> <span class='ocrx_word' id='word_1_455' title='bbox 605 4316 804 4371; x_wconf 90' lang='lat' dir='ltr'><strong>Contra</strong></span> <span class='ocrx_word' id='word_1_456' title='bbox 831 4326 1051 4368; x_wconf 91' lang='lat' dir='ltr'><strong>omnem</strong></span> <span class='ocrx_word' id='word_1_457' title='bbox 1081 4309 1414 4366; x_wconf 89' lang='lat' dir='ltr'><strong>voluntatem</strong></span> <span class='ocrx_word' id='word_1_458' title='bbox 1439 4315 1683 4364; x_wconf 90' lang='lat' dir='ltr'><strong>nostram</strong></span> <span class='ocrx_word' id='word_1_459' title='bbox 1696 4308 1939 4378; x_wconf 88' lang='lat' dir='ltr'><strong>captivos</strong></span> <span class='ocrx_word' id='word_1_460' title='bbox 1964 4320 2063 4363; x_wconf 91' lang='lat' dir='ltr'><strong>nos</strong></span> 
     </span>
    </p>
   </div>
   <div class='ocr_carea' id='block_1_63' title="bbox 455 4396 2055 4470">
    <p class='ocr_par' dir='ltr' id='par_1_63' title="bbox 455 4396 2055 4470">
     <span class='ocr_line' id='line_1_63' title="bbox 455 4396 2055 4470; baseline -0.008 -8"><span class='ocrx_word' id='word_1_461' title='bbox 455 4405 750 4470; x_wconf 88' lang='lat' dir='ltr'><strong>duxerunt,</strong></span> <span class='ocrx_word' id='word_1_462' title='bbox 781 4400 985 4470; x_wconf 90' lang='lat' dir='ltr'><strong>ibique,</strong></span> <span class='ocrx_word' id='word_1_463' title='bbox 1027 4397 1219 4454; x_wconf 88' lang='lat' dir='ltr'><strong>retrusi</strong></span> <span class='ocrx_word' id='word_1_464' title='bbox 1260 4397 1564 4452; x_wconf 90' lang='lat' dir='ltr'><strong>arctissima</strong></span> <span class='ocrx_word' id='word_1_465' title='bbox 1615 4396 1880 4463; x_wconf 89' lang='lat' dir='ltr'><strong>custodia,</strong></span> <span class='ocrx_word' id='word_1_466' title='bbox 1943 4403 2055 4450; x_wconf 91' lang='lat' dir='ltr'><strong>tra-</strong></span> 
     </span>
    </p>
   </div>
   <div class='ocr_carea' id='block_1_64' title="bbox 457 4482 2055 4553">
    <p class='ocr_par' dir='ltr' id='par_1_64' title="bbox 457 4482 2055 4553">
     <span class='ocr_line' id='line_1_64' title="bbox 457 4482 2055 4553; baseline -0.007 -4"><span class='ocrx_word' id='word_1_467' title='bbox 457 4493 554 4550; x_wconf 93' lang='lat' dir='ltr'><strong>diti</strong></span> <span class='ocrx_word' id='word_1_468' title='bbox 611 4506 800 4548; x_wconf 91' lang='lat' dir='ltr'><strong>sumus</strong></span> <span class='ocrx_word' id='word_1_469' title='bbox 857 4486 1177 4543; x_wconf 89' lang='lat' dir='ltr'><strong>mortalibus</strong></span> <span class='ocrx_word' id='word_1_470' title='bbox 1253 4485 1454 4541; x_wconf 90' lang='lat' dir='ltr'><strong>nostris</strong></span> <span class='ocrx_word' id='word_1_471' title='bbox 1511 4484 1760 4553; x_wconf 88' lang='lat' dir='ltr'><strong>inimicis,</strong></span> <span class='ocrx_word' id='word_1_472' title='bbox 1818 4482 2055 4540; x_wconf 81' lang='lat' dir='ltr'><strong>exclusis</strong></span> 
     </span>
    </p>
   </div>
   <div class='ocr_carea' id='block_1_65' title="bbox 459 4573 2056 4645">
    <p class='ocr_par' dir='ltr' id='par_1_65' title="bbox 459 4573 2056 4645">
     <span class='ocr_line' id='line_1_65' title="bbox 459 4573 2056 4645; baseline -0.008 -7"><span class='ocrx_word' id='word_1_473' title='bbox 459 4580 718 4638; x_wconf 91' lang='lat' dir='ltr'><strong>omnibus</strong></span> <span class='ocrx_word' id='word_1_474' title='bbox 785 4576 985 4633; x_wconf 90' lang='lat' dir='ltr'><strong>nostris</strong></span> <span class='ocrx_word' id='word_1_475' title='bbox 1047 4581 1245 4645; x_wconf 75' lang='lat' dir='ltr'><strong>praeter</strong></span> <span class='ocrx_word' id='word_1_476' title='bbox 1301 4582 1404 4628; x_wconf 87' lang='lat' dir='ltr'><strong>tres</strong></span> <span class='ocrx_word' id='word_1_477' title='bbox 1467 4573 1658 4640; x_wconf 88' lang='lat' dir='ltr'><strong>laicos,</strong></span> <span class='ocrx_word' id='word_1_478' title='bbox 1739 4588 1838 4628; x_wconf 88' lang='lat' dir='ltr'><strong>nec</strong></span> <span class='ocrx_word' id='word_1_479' title='bbox 1891 4573 2056 4627; x_wconf 90' lang='lat' dir='ltr'><strong>etiam</strong></span> 
     </span>
    </p>
   </div>
   <div class='ocr_carea' id='block_1_66' title="bbox 453 4660 2057 4729">
    <p class='ocr_par' dir='ltr' id='par_1_66' title="bbox 453 4660 2057 4729">
     <span class='ocr_line' id='line_1_66' title="bbox 453 4660 2057 4729; baseline -0.007 -3"><span class='ocrx_word' id='word_1_480' title='bbox 453 4671 675 4727; x_wconf 88' lang='lat' dir='ltr'><strong>relictus</strong></span> <span class='ocrx_word' id='word_1_481' title='bbox 725 4675 809 4724; x_wconf 89' lang='lat' dir='ltr'><strong>est</strong></span> <span class='ocrx_word' id='word_1_482' title='bbox 859 4664 1018 4720; x_wconf 89' lang='lat' dir='ltr'><strong>nobis</strong></span> <span class='ocrx_word' id='word_1_483' title='bbox 1055 4663 1329 4729; x_wconf 88' lang='lat' dir='ltr'><strong>sacerdos,</strong></span> <span class='ocrx_word' id='word_1_484' title='bbox 1363 4678 1486 4716; x_wconf 91' lang='lat' dir='ltr'><strong>cum</strong></span> <span class='ocrx_word' id='word_1_485' title='bbox 1523 4661 1591 4717; x_wconf 91' lang='lat' dir='ltr'><strong>de</strong></span> <span class='ocrx_word' id='word_1_486' title='bbox 1618 4661 1729 4718; x_wconf 91' lang='lat' dir='ltr'><strong>vita</strong></span> <span class='ocrx_word' id='word_1_487' title='bbox 1756 4669 1937 4716; x_wconf 89' lang='lat' dir='ltr'><strong>nostra</strong></span> <span class='ocrx_word' id='word_1_488' title='bbox 1963 4660 2057 4715; x_wconf 90' lang='lat' dir='ltr'><strong>de-</strong></span> 
     </span>
    </p>
   </div>
   <div class='ocr_carea' id='block_1_67' title="bbox 455 4749 2055 4830">
    <p class='ocr_par' dir='ltr' id='par_1_67' title="bbox 455 4749 2055 4830">
     <span class='ocr_line' id='line_1_67' title="bbox 455 4749 2055 4830; baseline -0.008 -15"><span class='ocrx_word' id='word_1_489' title='bbox 455 4773 824 4830; x_wconf 90' lang='lat' dir='ltr'><strong>speraremus,</strong></span> <span class='ocrx_word' id='word_1_490' title='bbox 865 4769 900 4809; x_wconf 89' lang='lat' dir='ltr'><strong>a</strong></span> <span class='ocrx_word' id='word_1_491' title='bbox 929 4769 1035 4824; x_wconf 89' lang='lat' dir='ltr'><strong>quo</strong></span> <span class='ocrx_word' id='word_1_492' title='bbox 1075 4767 1356 4823; x_wconf 87' lang='lat' dir='ltr'><strong>possemus</strong></span> <span class='ocrx_word' id='word_1_493' title='bbox 1411 4765 1606 4822; x_wconf 89' lang='lat' dir='ltr'><strong>corpus</strong></span> <span class='ocrx_word' id='word_1_494' title='bbox 1651 4758 1704 4806; x_wconf 91' lang='lat' dir='ltr'><strong>et</strong></span> <span class='ocrx_word' id='word_1_495' title='bbox 1739 4749 2055 4822; x_wconf 88' lang='lat' dir='ltr'><strong>sanguinem</strong></span> 
     </span>
    </p>
   </div>
   <div class='ocr_carea' id='block_1_68' title="bbox 455 4839 2058 4915">
    <p class='ocr_par' dir='ltr' id='par_1_68' title="bbox 455 4839 2058 4915">
     <span class='ocr_line' id='line_1_68' title="bbox 455 4839 2058 4915; baseline -0.007 -11"><span class='ocrx_word' id='word_1_496' title='bbox 455 4846 676 4904; x_wconf 88' lang='lat' dir='ltr'><strong>Domini</strong></span> <span class='ocrx_word' id='word_1_497' title='bbox 707 4860 813 4915; x_wconf 88' lang='lat' dir='ltr'><strong>pro</strong></span> <span class='ocrx_word' id='word_1_498' title='bbox 844 4842 1048 4898; x_wconf 88' lang='lat' dir='ltr'><strong>viatico</strong></span> <span class='ocrx_word' id='word_1_499' title='bbox 1087 4840 1354 4910; x_wconf 86' lang='lat' dir='ltr'><strong>accipere,</strong></span> <span class='ocrx_word' id='word_1_500' title='bbox 1377 4847 1430 4894; x_wconf 91' lang='lat' dir='ltr'><strong>et</strong></span> <span class='ocrx_word' id='word_1_501' title='bbox 1460 4839 1546 4895; x_wconf 91' lang='lat' dir='ltr'><strong>cui</strong></span> <span class='ocrx_word' id='word_1_502' title='bbox 1568 4854 1850 4910; x_wconf 90' lang='lat' dir='ltr'><strong>possemus</strong></span> <span class='ocrx_word' id='word_1_503' title='bbox 1865 4853 2058 4908; x_wconf 88' lang='lat' dir='ltr'><strong>pecca-</strong></span> 
     </span>
    </p>
   </div>
   <div class='ocr_carea' id='block_1_69' title="bbox 455 4927 2057 4991">
    <p class='ocr_par' dir='ltr' id='par_1_69' title="bbox 455 4927 2057 4991">
     <span class='ocr_line' id='line_1_69' title="bbox 455 4927 2057 4991; baseline -0.005 -2"><span class='ocrx_word' id='word_1_504' title='bbox 455 4943 636 4991; x_wconf 92' lang='lat' dir='ltr'><strong>torum</strong></span> <span class='ocrx_word' id='word_1_505' title='bbox 685 4939 994 4987; x_wconf 90' lang='lat' dir='ltr'><strong>nostrorum</strong></span> <span class='ocrx_word' id='word_1_506' title='bbox 1051 4927 1445 4985; x_wconf 85' lang='lat' dir='ltr'><strong>confessionem</strong></span> <span class='ocrx_word' id='word_1_507' title='bbox 1501 4927 1700 4984; x_wconf 88' lang='lat' dir='ltr'><strong>facere.</strong></span> <span class='ocrx_word' id='word_1_508' title='bbox 1755 4927 1860 4983; x_wconf 88' lang='lat' dir='ltr'><strong>Ubi</strong></span> <span class='ocrx_word' id='word_1_509' title='bbox 1891 4928 2057 4982; x_wconf 90' lang='lat' dir='ltr'><strong>etiam</strong></span> 
     </span>
    </p>
   </div>
   <div class='ocr_carea' id='block_1_70' title="bbox 453 5017 2055 5090">
    <p class='ocr_par' dir='ltr' id='par_1_70' title="bbox 453 5017 2055 5090">
     <span class='ocr_line' id='line_1_70' title="bbox 453 5017 2055 5090; baseline -0.004 -11"><span class='ocrx_word' id='word_1_510' title='bbox 453 5022 642 5079; x_wconf 77' lang='lat' dir='ltr'><strong>afflicti</strong></span> <span class='ocrx_word' id='word_1_511' title='bbox 671 5036 858 5077; x_wconf 89' lang='lat' dir='ltr'><strong>sumus</strong></span> <span class='ocrx_word' id='word_1_512' title='bbox 888 5019 1030 5074; x_wconf 88' lang='lat' dir='ltr'><strong>fame</strong></span> <span class='ocrx_word' id='word_1_513' title='bbox 1049 5025 1103 5072; x_wconf 91' lang='lat' dir='ltr'><strong>et</strong></span> <span class='ocrx_word' id='word_1_514' title='bbox 1156 5017 1261 5084; x_wconf 89' lang='lat' dir='ltr'><strong>siti,</strong></span> <span class='ocrx_word' id='word_1_515' title='bbox 1320 5027 1374 5073; x_wconf 92' lang='lat' dir='ltr'><strong>et</strong></span> <span class='ocrx_word' id='word_1_516' title='bbox 1425 5017 1572 5072; x_wconf 91' lang='lat' dir='ltr'><strong>omni</strong></span> <span class='ocrx_word' id='word_1_517' title='bbox 1625 5030 1830 5090; x_wconf 79' lang='lat' dir='ltr'><strong>genere</strong></span> <span class='ocrx_word' id='word_1_518' title='bbox 1858 5025 2055 5072; x_wconf 88' lang='lat' dir='ltr'><strong>contu-</strong></span> 
     </span>
    </p>
   </div>
   <div class='ocr_carea' id='block_1_71' title="bbox 453 5105 2054 5179">
    <p class='ocr_par' dir='ltr' id='par_1_71' title="bbox 453 5105 2054 5179">
     <span class='ocr_line' id='line_1_71' title="bbox 453 5105 2054 5179; baseline -0.006 -11"><span class='ocrx_word' id='word_1_519' title='bbox 453 5112 633 5169; x_wconf 64' lang='lat' dir='ltr'><strong>meliae</strong></span> <span class='ocrx_word' id='word_1_520' title='bbox 662 5118 715 5166; x_wconf 89' lang='lat' dir='ltr'><strong>et</strong></span> <span class='ocrx_word' id='word_1_521' title='bbox 745 5107 978 5176; x_wconf 88' lang='lat' dir='ltr'><strong>terroris,</strong></span> <span class='ocrx_word' id='word_1_522' title='bbox 1009 5123 1182 5179; x_wconf 89' lang='lat' dir='ltr'><strong>usque</strong></span> <span class='ocrx_word' id='word_1_523' title='bbox 1211 5106 1281 5162; x_wconf 89' lang='lat' dir='ltr'><strong>ad</strong></span> <span class='ocrx_word' id='word_1_524' title='bbox 1302 5106 1478 5176; x_wconf 91' lang='lat' dir='ltr'><strong>ipsum</strong></span> <span class='ocrx_word' id='word_1_525' title='bbox 1503 5105 1791 5162; x_wconf 92' lang='lat' dir='ltr'><strong>articulum</strong></span> <span class='ocrx_word' id='word_1_526' title='bbox 1845 5105 2054 5173; x_wconf 91' lang='lat' dir='ltr'><strong>mortis,</strong></span> 
     </span>
    </p>
   </div>
   <div class='ocr_carea' id='block_1_72' title="bbox 451 5189 2059 5258">
    <p class='ocr_par' dir='ltr' id='par_1_72' title="bbox 451 5189 2059 5258">
     <span class='ocr_line' id='line_1_72' title="bbox 451 5189 2059 5258; baseline -0.006 0"><span class='ocrx_word' id='word_1_527' title='bbox 451 5189 531 5258; x_wconf 77' lang='lat' dir='ltr'><strong>ita</strong></span> <span class='ocrx_word' id='word_1_528' title='bbox 588 5208 646 5255; x_wconf 94' lang='lat' dir='ltr'><strong>ut</strong></span> <span class='ocrx_word' id='word_1_529' title='bbox 703 5196 1059 5255; x_wconf 87' lang='lat' dir='ltr'><strong>certissimum</strong></span> <span class='ocrx_word' id='word_1_530' title='bbox 1114 5195 1275 5250; x_wconf 91' lang='lat' dir='ltr'><strong>nobis</strong></span> <span class='ocrx_word' id='word_1_531' title='bbox 1331 5203 1473 5250; x_wconf 82' lang='lat' dir='ltr'><strong>esset</strong></span> <span class='ocrx_word' id='word_1_532' title='bbox 1537 5210 1639 5250; x_wconf 91' lang='lat' dir='ltr'><strong>nos</strong></span> <span class='ocrx_word' id='word_1_533' title='bbox 1692 5193 1921 5250; x_wconf 90' lang='lat' dir='ltr'><strong>ulterius</strong></span> <span class='ocrx_word' id='word_1_534' title='bbox 1951 5209 2059 5249; x_wconf 92' lang='lat' dir='ltr'><strong>non</strong></span> 
     </span>
    </p>
   </div>
   <div class='ocr_carea' id='block_1_73' title="bbox 455 5279 2058 5362">
    <p class='ocr_par' dir='ltr' id='par_1_73' title="bbox 455 5279 2058 5362">
     <span class='ocr_line' id='line_1_73' title="bbox 455 5279 2058 5362; baseline -0.007 -17"><span class='ocrx_word' id='word_1_535' title='bbox 455 5303 620 5362; x_wconf 85' lang='lat' dir='ltr'><strong>posse</strong></span> <span class='ocrx_word' id='word_1_536' title='bbox 666 5286 870 5354; x_wconf 85' lang='lat' dir='ltr'><strong>vivere,</strong></span> <span class='ocrx_word' id='word_1_537' title='bbox 931 5289 1194 5354; x_wconf 90' lang='lat' dir='ltr'><strong>quantum</strong></span> <span class='ocrx_word' id='word_1_538' title='bbox 1222 5283 1278 5336; x_wconf 87' lang='lat' dir='ltr'><strong>in</strong></span> <span class='ocrx_word' id='word_1_539' title='bbox 1306 5281 1430 5353; x_wconf 93' lang='lat' dir='ltr'><strong>ipso</strong></span> <span class='ocrx_word' id='word_1_540' title='bbox 1487 5289 1621 5351; x_wconf 87' lang='lat' dir='ltr'><strong>erat,</strong></span> <span class='ocrx_word' id='word_1_541' title='bbox 1655 5281 1764 5336; x_wconf 91' lang='lat' dir='ltr'><strong>nisi</strong></span> <span class='ocrx_word' id='word_1_542' title='bbox 1791 5279 2058 5337; x_wconf 86' lang='lat' dir='ltr'><strong>voluntati</strong></span> 
     </span>
    </p>
   </div>
   <div class='ocr_carea' id='block_1_74' title="bbox 458 5369 2058 5448">
    <p class='ocr_par' dir='ltr' id='par_1_74' title="bbox 458 5369 2058 5448">
     <span class='ocr_line' id='line_1_74' title="bbox 458 5369 2058 5448; baseline -0.007 -14"><span class='ocrx_word' id='word_1_543' title='bbox 458 5377 580 5448; x_wconf 85' lang='lat' dir='ltr'><strong>ejus</strong></span> <span class='ocrx_word' id='word_1_544' title='bbox 637 5374 1092 5432; x_wconf 89' lang='lat' dir='ltr'><strong>satisfaceremus.</strong></span> <span class='ocrx_word' id='word_1_545' title='bbox 1162 5369 1374 5427; x_wconf 85' lang='lat' dir='ltr'><strong>Interea</strong></span> <span class='ocrx_word' id='word_1_546' title='bbox 1418 5369 1732 5426; x_wconf 90' lang='lat' dir='ltr'><strong>mandatum</strong></span> <span class='ocrx_word' id='word_1_547' title='bbox 1763 5377 1847 5427; x_wconf 91' lang='lat' dir='ltr'><strong>est</strong></span> <span class='ocrx_word' id='word_1_548' title='bbox 1900 5369 2058 5425; x_wconf 89' lang='lat' dir='ltr'><strong>nobis</strong></span> 
     </span>
    </p>
   </div>
   <div class='ocr_carea' id='block_1_75' title="bbox 526 5580 1448 5664">
    <p class='ocr_par' dir='ltr' id='par_1_75' title="bbox 526 5580 1448 5664">
     <span class='ocr_line' id='line_1_75' title="bbox 526 5580 1448 5664; baseline -0.002 -20"><span class='ocrx_word' id='word_1_549' title='bbox 526 5586 673 5664; x_wconf 75' lang='lat'><strong>(143)</strong></span> <span class='ocrx_word' id='word_1_550' title='bbox 704 5586 804 5648; x_wconf 83' lang='lat' dir='ltr'><strong>Hic</strong></span> <span class='ocrx_word' id='word_1_551' title='bbox 829 5598 1066 5644; x_wconf 83' lang='lat' dir='ltr'><strong>corrosae</strong></span> <span class='ocrx_word' id='word_1_552' title='bbox 1094 5580 1448 5646; x_wconf 84' lang='lat' dir='ltr'><strong>membranae.</strong></span> 
     </span>
    </p>
   </div>
   <div class='ocr_carea' id='block_1_76' title="bbox 2094 3117 2146 3182">
    <p class='ocr_par' dir='ltr' id='par_1_76' title="bbox 2094 3117 2146 3182">
     <span class='ocr_line' id='line_1_76' title="bbox 2094 3117 2146 3182; baseline 0 0"><span class='ocrx_word' id='word_1_553' title='bbox 2094 3117 2146 3182; x_wconf 89' lang='lat' dir='ltr'>C</span> 
     </span>
    </p>
   </div>
   <div class='ocr_carea' id='block_1_77' title="bbox 2179 1832 3785 1905">
    <p class='ocr_par' dir='ltr' id='par_1_77' title="bbox 2179 1832 3785 1905">
     <span class='ocr_line' id='line_1_77' title="bbox 2179 1832 3785 1905; baseline 0 -17"><span class='ocrx_word' id='word_1_554' title='bbox 2179 1835 2282 1890; x_wconf 90' lang='lat' dir='ltr'><strong>hac</strong></span> <span class='ocrx_word' id='word_1_555' title='bbox 2311 1849 2406 1904; x_wconf 90' lang='lat' dir='ltr'><strong>spe</strong></span> <span class='ocrx_word' id='word_1_556' title='bbox 2453 1832 2714 1904; x_wconf 90' lang='lat' dir='ltr'><strong>deceptis,</strong></span> <span class='ocrx_word' id='word_1_557' title='bbox 2766 1833 2820 1887; x_wconf 92' lang='lat' dir='ltr'><strong>in</strong></span> <span class='ocrx_word' id='word_1_558' title='bbox 2849 1832 3083 1902; x_wconf 59' lang='lat' dir='ltr'><strong>praefato</strong></span> <span class='ocrx_word' id='word_1_559' title='bbox 3132 1834 3250 1890; x_wconf 86' lang='lat' dir='ltr'><strong>loco</strong></span> <span class='ocrx_word' id='word_1_560' title='bbox 3303 1833 3497 1889; x_wconf 85' lang='lat' dir='ltr'><strong>iterum</strong></span> <span class='ocrx_word' id='word_1_561' title='bbox 3534 1833 3785 1905; x_wconf 87' lang='lat' dir='ltr'><strong>producti</strong></span> 
     </span>
    </p>
   </div>
   <div class='ocr_carea' id='block_1_78' title="bbox 2179 1921 3784 1994">
    <p class='ocr_par' dir='ltr' id='par_1_78' title="bbox 2179 1921 3784 1994">
     <span class='ocr_line' id='line_1_78' title="bbox 2179 1921 3784 1994; baseline 0 -16"><span class='ocrx_word' id='word_1_562' title='bbox 2179 1939 2368 1978; x_wconf 88' lang='lat' dir='ltr'><strong>sumus</strong></span> <span class='ocrx_word' id='word_1_563' title='bbox 2438 1921 2510 1976; x_wconf 92' lang='lat' dir='ltr'><strong>ad</strong></span> <span class='ocrx_word' id='word_1_564' title='bbox 2583 1921 2990 1976; x_wconf 88' lang='lat' dir='ltr'><strong>crudelissimas</strong></span> <span class='ocrx_word' id='word_1_565' title='bbox 3039 1922 3384 1992; x_wconf 64' lang='lat' dir='ltr'><strong>questiones,</strong></span> <span class='ocrx_word' id='word_1_566' title='bbox 3436 1930 3488 1977; x_wconf 89' lang='lat' dir='ltr'><strong>et</strong></span> <span class='ocrx_word' id='word_1_567' title='bbox 3567 1923 3784 1994; x_wconf 83' lang='lat' dir='ltr'><strong>iniquas</strong></span> 
     </span>
    </p>
   </div>
   <div class='ocr_carea' id='block_1_79' title="bbox 2178 2011 3784 2082">
    <p class='ocr_par' dir='ltr' id='par_1_79' title="bbox 2178 2011 3784 2082">
     <span class='ocr_line' id='line_1_79' title="bbox 2178 2011 3784 2082; baseline -0.001 -15"><span class='ocrx_word' id='word_1_568' title='bbox 2178 2011 2510 2080; x_wconf 84' lang='lat' dir='ltr'><strong>exactiones,</strong></span> <span class='ocrx_word' id='word_1_569' title='bbox 2543 2018 2811 2081; x_wconf 72' lang='lat' dir='ltr'><strong>pmsente</strong></span> <span class='ocrx_word' id='word_1_570' title='bbox 2837 2011 3027 2066; x_wconf 88' lang='lat' dir='ltr'><strong>nuntio</strong></span> <span class='ocrx_word' id='word_1_571' title='bbox 3054 2027 3232 2082; x_wconf 59' lang='lat' dir='ltr'><strong>papa,</strong></span> <span class='ocrx_word' id='word_1_572' title='bbox 3265 2011 3358 2066; x_wconf 89' lang='lat' dir='ltr'><strong>ubi</strong></span> <span class='ocrx_word' id='word_1_573' title='bbox 3387 2011 3558 2065; x_wconf 84' lang='lat' dir='ltr'><strong>multa</strong></span> <span class='ocrx_word' id='word_1_574' title='bbox 3585 2011 3784 2068; x_wconf 88' lang='lat' dir='ltr'><strong>incon-</strong></span> 
     </span>
    </p>
   </div>
   <div class='ocr_carea' id='block_1_80' title="bbox 2179 2098 3785 2171">
    <p class='ocr_par' dir='ltr' id='par_1_80' title="bbox 2179 2098 3785 2171">
     <span class='ocr_line' id='line_1_80' title="bbox 2179 2098 3785 2171; baseline 0 -16"><span class='ocrx_word' id='word_1_575' title='bbox 2179 2099 2464 2166; x_wconf 89' lang='lat' dir='ltr'><strong>venientia,</strong></span> <span class='ocrx_word' id='word_1_576' title='bbox 2522 2115 2633 2154; x_wconf 90' lang='lat' dir='ltr'><strong>non</strong></span> <span class='ocrx_word' id='word_1_577' title='bbox 2693 2106 2802 2152; x_wconf 91' lang='lat' dir='ltr'><strong>tam</strong></span> <span class='ocrx_word' id='word_1_578' title='bbox 2860 2098 2974 2154; x_wconf 88' lang='lat' dir='ltr'><strong>zelo</strong></span> <span class='ocrx_word' id='word_1_579' title='bbox 3029 2098 3368 2154; x_wconf 88' lang='lat' dir='ltr'><strong>rectitudinis</strong></span> <span class='ocrx_word' id='word_1_580' title='bbox 3397 2115 3560 2171; x_wconf 91' lang='lat' dir='ltr'><strong>quam</strong></span> <span class='ocrx_word' id='word_1_581' title='bbox 3597 2099 3785 2156; x_wconf 77' lang='lat' dir='ltr'><strong>studio</strong></span> 
     </span>
    </p>
   </div>
   <div class='ocr_carea' id='block_1_81' title="bbox 2177 2186 3785 2253">
    <p class='ocr_par' dir='ltr' id='par_1_81' title="bbox 2177 2186 3785 2253">
     <span class='ocr_line' id='line_1_81' title="bbox 2177 2186 3785 2253; baseline 0 -10"><span class='ocrx_word' id='word_1_582' title='bbox 2177 2195 2377 2244; x_wconf 55' lang='lat' dir='ltr'><strong>nostra;</strong></span> <span class='ocrx_word' id='word_1_583' title='bbox 2405 2186 2791 2253; x_wconf 89' lang='lat' dir='ltr'><strong>damnationis,</strong></span> <span class='ocrx_word' id='word_1_584' title='bbox 2823 2195 2948 2242; x_wconf 91' lang='lat' dir='ltr'><strong>sunt</strong></span> <span class='ocrx_word' id='word_1_585' title='bbox 2991 2187 3148 2243; x_wconf 89' lang='lat' dir='ltr'><strong>nobis</strong></span> <span class='ocrx_word' id='word_1_586' title='bbox 3176 2187 3245 2243; x_wconf 90' lang='lat' dir='ltr'><strong>ab</strong></span> <span class='ocrx_word' id='word_1_587' title='bbox 3300 2187 3534 2242; x_wconf 91' lang='lat' dir='ltr'><strong>inimicis</strong></span> <span class='ocrx_word' id='word_1_588' title='bbox 3584 2188 3785 2243; x_wconf 90' lang='lat' dir='ltr'><strong>nostris</strong></span> 
     </span>
    </p>
   </div>
   <div class='ocr_carea' id='block_1_82' title="bbox 2175 2275 3786 2348">
    <p class='ocr_par' dir='ltr' id='par_1_82' title="bbox 2175 2275 3786 2348">
     <span class='ocr_line' id='line_1_82' title="bbox 2175 2275 3786 2348; baseline 0 -16"><span class='ocrx_word' id='word_1_589' title='bbox 2175 2277 2409 2347; x_wconf 85' lang='lat' dir='ltr'><strong>objecta,</strong></span> <span class='ocrx_word' id='word_1_590' title='bbox 2445 2291 2786 2348; x_wconf 73' lang='lat' dir='ltr'><strong>quaecunque</strong></span> <span class='ocrx_word' id='word_1_591' title='bbox 2822 2275 3032 2332; x_wconf 91' lang='lat' dir='ltr'><strong>scilicet</strong></span> <span class='ocrx_word' id='word_1_592' title='bbox 3059 2275 3222 2331; x_wconf 89' lang='lat' dir='ltr'><strong>saluti</strong></span> <span class='ocrx_word' id='word_1_593' title='bbox 3277 2285 3332 2331; x_wconf 93' lang='lat' dir='ltr'><strong>et</strong></span> <span class='ocrx_word' id='word_1_594' title='bbox 3360 2276 3558 2332; x_wconf 90' lang='lat' dir='ltr'><strong>honori</strong></span> <span class='ocrx_word' id='word_1_595' title='bbox 3590 2281 3786 2332; x_wconf 89' lang='lat' dir='ltr'><strong>nostro</strong></span> 
     </span>
    </p>
   </div>
   <div class='ocr_carea' id='block_1_83' title="bbox 2176 2363 3788 2437">
    <p class='ocr_par' dir='ltr' id='par_1_83' title="bbox 2176 2363 3788 2437">
     <span class='ocr_line' id='line_1_83' title="bbox 2176 2363 3788 2437; baseline -0.001 -17"><span class='ocrx_word' id='word_1_596' title='bbox 2176 2372 2462 2437; x_wconf 90' lang='lat' dir='ltr'><strong>potuerunt</strong></span> <span class='ocrx_word' id='word_1_597' title='bbox 2487 2380 2605 2420; x_wconf 90' lang='lat' dir='ltr'><strong>esse</strong></span> <span class='ocrx_word' id='word_1_598' title='bbox 2633 2363 2920 2419; x_wconf 88' lang='lat' dir='ltr'><strong>contraria.</strong></span> <span class='ocrx_word' id='word_1_599' title='bbox 2951 2366 3022 2418; x_wconf 85' lang='lat' dir='ltr'><strong>At</strong></span> <span class='ocrx_word' id='word_1_600' title='bbox 3047 2379 3178 2420; x_wconf 92' lang='lat' dir='ltr'><strong>vero</strong></span> <span class='ocrx_word' id='word_1_601' title='bbox 3225 2379 3325 2420; x_wconf 88' lang='lat' dir='ltr'><strong>nos</strong></span> <span class='ocrx_word' id='word_1_602' title='bbox 3351 2379 3476 2420; x_wconf 90' lang='lat' dir='ltr'><strong>cum</strong></span> <span class='ocrx_word' id='word_1_603' title='bbox 3531 2363 3788 2434; x_wconf 89' lang='lat' dir='ltr'><strong>postula-</strong></span> 
     </span>
    </p>
   </div>
   <div class='ocr_carea' id='block_1_84' title="bbox 2174 2451 3785 2523">
    <p class='ocr_par' dir='ltr' id='par_1_84' title="bbox 2174 2451 3785 2523">
     <span class='ocr_line' id='line_1_84' title="bbox 2174 2451 3785 2523; baseline -0.001 -14"><span class='ocrx_word' id='word_1_604' title='bbox 2174 2471 2360 2510; x_wconf 90' lang='lat' dir='ltr'><strong>remus</strong></span> <span class='ocrx_word' id='word_1_605' title='bbox 2424 2462 2483 2507; x_wconf 90' lang='grc' dir='ltr'><strong>ιιι</strong></span> <span class='ocrx_word' id='word_1_606' title='bbox 2537 2452 2729 2508; x_wconf 90' lang='lat' dir='ltr'><strong>liceret</strong></span> <span class='ocrx_word' id='word_1_607' title='bbox 2782 2451 2941 2507; x_wconf 89' lang='lat' dir='ltr'><strong>nobis</strong></span> <span class='ocrx_word' id='word_1_608' title='bbox 2977 2452 3314 2523; x_wconf 89' lang='lat' dir='ltr'><strong>respondere</strong></span> <span class='ocrx_word' id='word_1_609' title='bbox 3341 2460 3396 2508; x_wconf 88' lang='lat' dir='ltr'><strong>et</strong></span> <span class='ocrx_word' id='word_1_610' title='bbox 3417 2452 3487 2508; x_wconf 89' lang='lat' dir='ltr'><strong>de</strong></span> <span class='ocrx_word' id='word_1_611' title='bbox 3523 2453 3785 2508; x_wconf 89' lang='lat' dir='ltr'><strong>omnibus</strong></span> 
     </span>
    </p>
   </div>
   <div class='ocr_carea' id='block_1_85' title="bbox 2175 2540 3780 2614">
    <p class='ocr_par' dir='ltr' id='par_1_85' title="bbox 2175 2540 3780 2614">
     <span class='ocr_line' id='line_1_85' title="bbox 2175 2540 3780 2614; baseline -0.001 -16"><span class='ocrx_word' id='word_1_612' title='bbox 2175 2541 2421 2613; x_wconf 90' lang='lat' dir='ltr'><strong>objectis,</strong></span> <span class='ocrx_word' id='word_1_613' title='bbox 2452 2541 2620 2614; x_wconf 84' lang='lat' dir='ltr'><strong>digna</strong></span> <span class='ocrx_word' id='word_1_614' title='bbox 2649 2541 2856 2596; x_wconf 91' lang='lat' dir='ltr'><strong>ratione</strong></span> <span class='ocrx_word' id='word_1_615' title='bbox 2884 2540 3220 2609; x_wconf 82' lang='lat' dir='ltr'><strong>satisfacere,</strong></span> <span class='ocrx_word' id='word_1_616' title='bbox 3251 2540 3327 2596; x_wconf 93' lang='lat' dir='ltr'><strong>illi</strong></span> <span class='ocrx_word' id='word_1_617' title='bbox 3382 2557 3484 2612; x_wconf 90' lang='lat' dir='ltr'><strong>pro</strong></span> <span class='ocrx_word' id='word_1_618' title='bbox 3537 2541 3780 2612; x_wconf 91' lang='lat' dir='ltr'><strong>imperio</strong></span> 
     </span>
    </p>
   </div>
   <div class='ocr_carea' id='block_1_86' title="bbox 2174 2629 3780 2700">
    <p class='ocr_par' dir='ltr' id='par_1_86' title="bbox 2174 2629 3780 2700">
     <span class='ocr_line' id='line_1_86' title="bbox 2174 2629 3780 2700; baseline -0.002 -14"><span class='ocrx_word' id='word_1_619' title='bbox 2174 2638 2482 2699; x_wconf 88' lang='lat' dir='ltr'><strong>renuerunt,</strong></span> <span class='ocrx_word' id='word_1_620' title='bbox 2515 2629 2661 2700; x_wconf 91' lang='lat' dir='ltr'><strong>quod</strong></span> <span class='ocrx_word' id='word_1_621' title='bbox 2692 2629 2852 2685; x_wconf 91' lang='lat' dir='ltr'><strong>etiam</strong></span> <span class='ocrx_word' id='word_1_622' title='bbox 2883 2629 3106 2684; x_wconf 89' lang='lat' dir='ltr'><strong>barbari</strong></span> <span class='ocrx_word' id='word_1_623' title='bbox 3135 2629 3304 2686; x_wconf 87' lang='lat' dir='ltr'><strong>alicui</strong></span> <span class='ocrx_word' id='word_1_624' title='bbox 3354 2645 3515 2686; x_wconf 88' lang='lat' dir='ltr'><strong>servo</strong></span> <span class='ocrx_word' id='word_1_625' title='bbox 3545 2645 3655 2684; x_wconf 90' lang='lat' dir='ltr'><strong>non</strong></span> <span class='ocrx_word' id='word_1_626' title='bbox 3687 2629 3780 2683; x_wconf 88' lang='lat' dir='ltr'><strong>fa-</strong></span> 
     </span>
    </p>
   </div>
   <div class='ocr_carea' id='block_1_87' title="bbox 2175 2717 3784 2789">
    <p class='ocr_par' dir='ltr' id='par_1_87' title="bbox 2175 2717 3784 2789">
     <span class='ocr_line' id='line_1_87' title="bbox 2175 2717 3784 2789; baseline -0.004 -13"><span class='ocrx_word' id='word_1_627' title='bbox 2175 2728 2376 2776; x_wconf 90' lang='lat' dir='ltr'><strong>cerent.</strong></span> <span class='ocrx_word' id='word_1_628' title='bbox 2421 2719 2556 2774; x_wconf 90' lang='lat' dir='ltr'><strong>Cum</strong></span> <span class='ocrx_word' id='word_1_629' title='bbox 2612 2733 2744 2789; x_wconf 86' lang='lat' dir='ltr'><strong>ergo</strong></span> <span class='ocrx_word' id='word_1_630' title='bbox 2803 2717 3111 2772; x_wconf 91' lang='lat' dir='ltr'><strong>videremus</strong></span> <span class='ocrx_word' id='word_1_631' title='bbox 3163 2717 3324 2773; x_wconf 90' lang='lat' dir='ltr'><strong>nobis</strong></span> <span class='ocrx_word' id='word_1_632' title='bbox 3380 2717 3696 2773; x_wconf 90' lang='lat' dir='ltr'><strong>violentiam</strong></span> <span class='ocrx_word' id='word_1_633' title='bbox 3724 2725 3784 2773; x_wconf 84' lang='lat' dir='ltr'><strong>et</strong></span> 
     </span>
    </p>
   </div>
   <div class='ocr_carea' id='block_1_88' title="bbox 2172 2805 3786 2879">
    <p class='ocr_par' dir='ltr' id='par_1_88' title="bbox 2172 2805 3786 2879">
     <span class='ocr_line' id='line_1_88' title="bbox 2172 2805 3786 2879; baseline -0.001 -17"><span class='ocrx_word' id='word_1_634' title='bbox 2172 2807 2548 2879; x_wconf 70' lang='lat' dir='ltr'><strong>prmjudicium</strong></span> <span class='ocrx_word' id='word_1_635' title='bbox 2582 2805 2716 2873; x_wconf 89' lang='lat' dir='ltr'><strong>ﬁeri,</strong></span> <span class='ocrx_word' id='word_1_636' title='bbox 2751 2815 2879 2863; x_wconf 90' lang='lat' dir='ltr'><strong>tunc</strong></span> <span class='ocrx_word' id='word_1_637' title='bbox 2940 2805 3212 2877; x_wconf 89' lang='lat' dir='ltr'><strong>provoluti</strong></span> <span class='ocrx_word' id='word_1_638' title='bbox 3268 2806 3339 2861; x_wconf 89' lang='lat' dir='ltr'><strong>ad</strong></span> <span class='ocrx_word' id='word_1_639' title='bbox 3388 2806 3560 2876; x_wconf 85' lang='lat' dir='ltr'><strong>pedes</strong></span> <span class='ocrx_word' id='word_1_640' title='bbox 3588 2821 3786 2862; x_wconf 87' lang='lat' dir='ltr'><strong>eorum</strong></span> 
     </span>
    </p>
   </div>
   <div class='ocr_carea' id='block_1_89' title="bbox 2174 2895 3782 2967">
    <p class='ocr_par' dir='ltr' id='par_1_89' title="bbox 2174 2895 3782 2967">
     <span class='ocr_line' id='line_1_89' title="bbox 2174 2895 3782 2967; baseline -0.002 -15"><span class='ocrx_word' id='word_1_641' title='bbox 2174 2897 2442 2967; x_wconf 87' lang='lat' dir='ltr'><strong>coepimus</strong></span> <span class='ocrx_word' id='word_1_642' title='bbox 2469 2895 2783 2966; x_wconf 89' lang='lat' dir='ltr'><strong>suppliciter</strong></span> <span class='ocrx_word' id='word_1_643' title='bbox 2833 2895 3142 2966; x_wconf 90' lang='lat' dir='ltr'><strong>implorare,</strong></span> <span class='ocrx_word' id='word_1_644' title='bbox 3172 2911 3296 2951; x_wconf 90' lang='lat' dir='ltr'><strong>cum</strong></span> <span class='ocrx_word' id='word_1_645' title='bbox 3353 2911 3452 2964; x_wconf 91' lang='lat' dir='ltr'><strong>pro</strong></span> <span class='ocrx_word' id='word_1_646' title='bbox 3495 2895 3633 2962; x_wconf 92' lang='lat' dir='ltr'><strong>Deo,</strong></span> <span class='ocrx_word' id='word_1_647' title='bbox 3668 2904 3782 2950; x_wconf 88' lang='lat' dir='ltr'><strong>tum</strong></span> 
     </span>
    </p>
   </div>
   <div class='ocr_carea' id='block_1_90' title="bbox 2173 2982 3782 3056">
    <p class='ocr_par' dir='ltr' id='par_1_90' title="bbox 2173 2982 3782 3056">
     <span class='ocr_line' id='line_1_90' title="bbox 2173 2982 3782 3056; baseline -0.001 -16"><span class='ocrx_word' id='word_1_648' title='bbox 2173 3001 2273 3056; x_wconf 92' lang='lat' dir='ltr'><strong>pro</strong></span> <span class='ocrx_word' id='word_1_649' title='bbox 2303 2999 2403 3040; x_wconf 90' lang='lat' dir='ltr'><strong>suo</strong></span> <span class='ocrx_word' id='word_1_650' title='bbox 2433 2983 2662 3052; x_wconf 90' lang='lat' dir='ltr'><strong>honore,</strong></span> <span class='ocrx_word' id='word_1_651' title='bbox 2685 2992 2743 3038; x_wconf 89' lang='lat' dir='ltr'><strong>ut</strong></span> <span class='ocrx_word' id='word_1_652' title='bbox 2770 2983 3086 3054; x_wconf 90' lang='lat' dir='ltr'><strong>hujusmodi</strong></span> <span class='ocrx_word' id='word_1_653' title='bbox 3129 2982 3454 3055; x_wconf 55' lang='lat' dir='ltr'><strong>quaestiones</strong></span> <span class='ocrx_word' id='word_1_654' title='bbox 3506 2991 3559 3039; x_wconf 92' lang='lat' dir='ltr'><strong>et</strong></span> <span class='ocrx_word' id='word_1_655' title='bbox 3615 2983 3782 3052; x_wconf 89' lang='lat' dir='ltr'><strong>obje-</strong></span> 
     </span>
    </p>
   </div>
   <div class='ocr_carea' id='block_1_91' title="bbox 2173 3071 3779 3144">
    <p class='ocr_par' dir='ltr' id='par_1_91' title="bbox 2173 3071 3779 3144">
     <span class='ocr_line' id='line_1_91' title="bbox 2173 3071 3779 3144; baseline -0.002 -14"><span class='ocrx_word' id='word_1_656' title='bbox 2173 3075 2382 3130; x_wconf 91' lang='lat' dir='ltr'><strong>ctiones</strong></span> <span class='ocrx_word' id='word_1_657' title='bbox 2405 3071 2686 3129; x_wconf 69' lang='lat' dir='ltr'><strong>differrent</strong></span> <span class='ocrx_word' id='word_1_658' title='bbox 2715 3088 2882 3144; x_wconf 93' lang='lat' dir='ltr'><strong>usque</strong></span> <span class='ocrx_word' id='word_1_659' title='bbox 2912 3072 2981 3128; x_wconf 91' lang='lat' dir='ltr'><strong>ad</strong></span> <span class='ocrx_word' id='word_1_660' title='bbox 3011 3071 3366 3142; x_wconf 88' lang='lat' dir='ltr'><strong>apostolicam</strong></span> <span class='ocrx_word' id='word_1_661' title='bbox 3396 3071 3603 3140; x_wconf 90' lang='lat' dir='ltr'><strong>sedem,</strong></span> <span class='ocrx_word' id='word_1_662' title='bbox 3637 3088 3779 3128; x_wconf 86' lang='lat' dir='ltr'><strong>con-</strong></span> 
     </span>
    </p>
   </div>
   <div class='ocr_carea' id='block_1_92' title="bbox 2171 3160 3780 3233">
    <p class='ocr_par' dir='ltr' id='par_1_92' title="bbox 2171 3160 3780 3233">
     <span class='ocr_line' id='line_1_92' title="bbox 2171 3160 3780 3233; baseline -0.002 -13"><span class='ocrx_word' id='word_1_663' title='bbox 2171 3179 2327 3220; x_wconf 83' lang='lat' dir='ltr'><strong>cessa</strong></span> <span class='ocrx_word' id='word_1_664' title='bbox 2384 3161 2602 3217; x_wconf 88' lang='lat' dir='ltr'><strong>interim</strong></span> <span class='ocrx_word' id='word_1_665' title='bbox 2660 3160 2817 3216; x_wconf 91' lang='lat' dir='ltr'><strong>nobis</strong></span> <span class='ocrx_word' id='word_1_666' title='bbox 2875 3160 3140 3233; x_wconf 82' lang='lat' dir='ltr'><strong>dignitate</strong></span> <span class='ocrx_word' id='word_1_667' title='bbox 3195 3161 3431 3232; x_wconf 65' lang='lat' dir='ltr'><strong>propriae</strong></span> <span class='ocrx_word' id='word_1_668' title='bbox 3489 3160 3780 3227; x_wconf 86' lang='lat' dir='ltr'><strong>libertatis,</strong></span> 
     </span>
    </p>
   </div>
   <div class='ocr_carea' id='block_1_93' title="bbox 2173 3249 3785 3323">
    <p class='ocr_par' dir='ltr' id='par_1_93' title="bbox 2173 3249 3785 3323">
     <span class='ocr_line' id='line_1_93' title="bbox 2173 3249 3785 3323; baseline -0.001 -17"><span class='ocrx_word' id='word_1_669' title='bbox 2173 3267 2342 3323; x_wconf 91' lang='lat' dir='ltr'><strong>usque</strong></span> <span class='ocrx_word' id='word_1_670' title='bbox 2369 3251 2442 3305; x_wconf 91' lang='lat' dir='ltr'><strong>ad</strong></span> <span class='ocrx_word' id='word_1_671' title='bbox 2470 3250 2650 3306; x_wconf 92' lang='lat' dir='ltr'><strong>locum</strong></span> <span class='ocrx_word' id='word_1_672' title='bbox 2679 3249 2920 3320; x_wconf 71' lang='lat' dir='ltr'><strong>prmfatae</strong></span> <span class='ocrx_word' id='word_1_673' title='bbox 2947 3249 3114 3317; x_wconf 91' lang='lat' dir='ltr'><strong>sedis,</strong></span> <span class='ocrx_word' id='word_1_674' title='bbox 3146 3249 3253 3304; x_wconf 92' lang='lat' dir='ltr'><strong>sibi</strong></span> <span class='ocrx_word' id='word_1_675' title='bbox 3280 3256 3548 3320; x_wconf 64' lang='lat' dir='ltr'><strong>prasente</strong></span> <span class='ocrx_word' id='word_1_676' title='bbox 3575 3249 3785 3305; x_wconf 85' lang='lat' dir='ltr'><strong>Roma-</strong></span> 
     </span>
    </p>
   </div>
   <div class='ocr_carea' id='block_1_94' title="bbox 2173 3336 3774 3410">
    <p class='ocr_par' dir='ltr' id='par_1_94' title="bbox 2173 3336 3774 3410">
     <span class='ocr_line' id='line_1_94' title="bbox 2173 3336 3774 3410; baseline -0.001 -15"><span class='ocrx_word' id='word_1_677' title='bbox 2173 3356 2245 3396; x_wconf 92' lang='lat' dir='ltr'><strong>no</strong></span> <span class='ocrx_word' id='word_1_678' title='bbox 2265 3339 2409 3396; x_wconf 90' lang='lat' dir='ltr'><strong>clero</strong></span> <span class='ocrx_word' id='word_1_679' title='bbox 2438 3347 2491 3394; x_wconf 92' lang='lat' dir='ltr'><strong>et</strong></span> <span class='ocrx_word' id='word_1_680' title='bbox 2519 3338 2738 3410; x_wconf 83' lang='lat' dir='ltr'><strong>papulo,</strong></span> <span class='ocrx_word' id='word_1_681' title='bbox 2769 3345 2980 3393; x_wconf 91' lang='lat' dir='ltr'><strong>remoto</strong></span> <span class='ocrx_word' id='word_1_682' title='bbox 3009 3337 3135 3392; x_wconf 92' lang='lat' dir='ltr'><strong>odio</strong></span> <span class='ocrx_word' id='word_1_683' title='bbox 3164 3345 3218 3392; x_wconf 90' lang='lat' dir='ltr'><strong>et</strong></span> <span class='ocrx_word' id='word_1_684' title='bbox 3244 3336 3467 3404; x_wconf 90' lang='lat' dir='ltr'><strong>invidia,</strong></span> <span class='ocrx_word' id='word_1_685' title='bbox 3519 3343 3572 3392; x_wconf 91' lang='lat' dir='ltr'><strong>et</strong></span> <span class='ocrx_word' id='word_1_686' title='bbox 3601 3343 3774 3394; x_wconf 67' lang='lat' dir='ltr'><strong>cete-</strong></span> 
     </span>
    </p>
   </div>
   <div class='ocr_carea' id='block_1_95' title="bbox 2175 3425 3772 3500">
    <p class='ocr_par' dir='ltr' id='par_1_95' title="bbox 2175 3425 3772 3500">
     <span class='ocr_line' id='line_1_95' title="bbox 2175 3425 3772 3500; baseline -0.003 -17"><span class='ocrx_word' id='word_1_687' title='bbox 2175 3429 2249 3484; x_wconf 90' lang='lat' dir='ltr'><strong>ris</strong></span> <span class='ocrx_word' id='word_1_688' title='bbox 2280 3445 2401 3500; x_wconf 65' lang='lat' dir='ltr'><strong>qum</strong></span> <span class='ocrx_word' id='word_1_689' title='bbox 2425 3427 2645 3498; x_wconf 69' lang='lat' dir='ltr'><strong>justitiaa</strong></span> <span class='ocrx_word' id='word_1_690' title='bbox 2671 3433 2797 3482; x_wconf 89' lang='lat' dir='ltr'><strong>sunt</strong></span> <span class='ocrx_word' id='word_1_691' title='bbox 2825 3427 3117 3495; x_wconf 90' lang='lat' dir='ltr'><strong>contraria,</strong></span> <span class='ocrx_word' id='word_1_692' title='bbox 3167 3425 3356 3482; x_wconf 87' lang='lat' dir='ltr'><strong>liceret</strong></span> <span class='ocrx_word' id='word_1_693' title='bbox 3412 3425 3481 3481; x_wconf 91' lang='lat' dir='ltr'><strong>de</strong></span> <span class='ocrx_word' id='word_1_694' title='bbox 3539 3425 3772 3496; x_wconf 85' lang='lat' dir='ltr'><strong>objectis</strong></span> 
     </span>
    </p>
   </div>
   <div class='ocr_carea' id='block_1_96' title="bbox 2175 3513 3779 3589">
    <p class='ocr_par' dir='ltr' id='par_1_96' title="bbox 2175 3513 3779 3589">
     <span class='ocr_line' id='line_1_96' title="bbox 2175 3513 3779 3589; baseline -0.002 -17"><span class='ocrx_word' id='word_1_695' title='bbox 2175 3517 2261 3573; x_wconf 90' lang='lat' dir='ltr'><strong>vel</strong></span> <span class='ocrx_word' id='word_1_696' title='bbox 2289 3517 2457 3589; x_wconf 88' lang='lat' dir='ltr'><strong>digne</strong></span> <span class='ocrx_word' id='word_1_697' title='bbox 2483 3531 2740 3587; x_wconf 87' lang='lat' dir='ltr'><strong>purgare,</strong></span> <span class='ocrx_word' id='word_1_698' title='bbox 2773 3513 2860 3570; x_wconf 89' lang='lat' dir='ltr'><strong>vel</strong></span> <span class='ocrx_word' id='word_1_699' title='bbox 2890 3515 3168 3570; x_wconf 89' lang='lat' dir='ltr'><strong>humiliter</strong></span> <span class='ocrx_word' id='word_1_700' title='bbox 3205 3514 3535 3570; x_wconf 90' lang='lat' dir='ltr'><strong>satisfacere.</strong></span> <span class='ocrx_word' id='word_1_701' title='bbox 3558 3517 3626 3570; x_wconf 84' lang='lat' dir='ltr'><strong>At</strong></span> <span class='ocrx_word' id='word_1_702' title='bbox 3653 3530 3779 3571; x_wconf 88' lang='lat' dir='ltr'><strong>cum</strong></span> 
     </span>
    </p>
   </div>
   <div class='ocr_carea' id='block_1_97' title="bbox 2175 3602 3780 3676">
    <p class='ocr_par' dir='ltr' id='par_1_97' title="bbox 2175 3602 3780 3676">
     <span class='ocr_line' id='line_1_97' title="bbox 2175 3602 3780 3676; baseline -0.001 -17"><span class='ocrx_word' id='word_1_703' title='bbox 2175 3606 2231 3660; x_wconf 90' lang='lat' dir='ltr'><strong>id</strong></span> <span class='ocrx_word' id='word_1_704' title='bbox 2288 3621 2503 3676; x_wconf 90' lang='lat' dir='ltr'><strong>quoque</strong></span> <span class='ocrx_word' id='word_1_705' title='bbox 2540 3603 2702 3659; x_wconf 91' lang='lat' dir='ltr'><strong>nobis</strong></span> <span class='ocrx_word' id='word_1_706' title='bbox 2752 3605 3049 3658; x_wconf 89' lang='lat' dir='ltr'><strong>inhumane</strong></span> <span class='ocrx_word' id='word_1_707' title='bbox 3105 3602 3488 3675; x_wconf 86' lang='lat' dir='ltr'><strong>denegaretur,</strong></span> <span class='ocrx_word' id='word_1_708' title='bbox 3562 3607 3620 3658; x_wconf 84' lang='lat' dir='ltr'><strong>et</strong></span> <span class='ocrx_word' id='word_1_709' title='bbox 3678 3617 3780 3658; x_wconf 90' lang='lat' dir='ltr'><strong>nos</strong></span> 
     </span>
    </p>
   </div>
   <div class='ocr_carea' id='block_1_98' title="bbox 2175 3689 3779 3764">
    <p class='ocr_par' dir='ltr' id='par_1_98' title="bbox 2175 3689 3779 3764">
     <span class='ocr_line' id='line_1_98' title="bbox 2175 3689 3779 3764; baseline -0.002 -15"><span class='ocrx_word' id='word_1_710' title='bbox 2175 3693 2374 3750; x_wconf 91' lang='lat' dir='ltr'><strong>deinde</strong></span> <span class='ocrx_word' id='word_1_711' title='bbox 2403 3692 2538 3748; x_wconf 83' lang='lat' dir='ltr'><strong>mise</strong></span> <span class='ocrx_word' id='word_1_712' title='bbox 2570 3694 2837 3762; x_wconf 53' lang='lat'><strong>(144)&quot;...</strong></span> <span class='ocrx_word' id='word_1_713' title='bbox 2870 3707 3131 3760; x_wconf 84' lang='lat' dir='ltr'><strong>reremus,</strong></span> <span class='ocrx_word' id='word_1_714' title='bbox 3155 3692 3197 3746; x_wconf 92' lang='lat' dir='ltr'><strong>si</strong></span> <span class='ocrx_word' id='word_1_715' title='bbox 3220 3707 3324 3764; x_wconf 90' lang='lat' dir='ltr'><strong>qua</strong></span> <span class='ocrx_word' id='word_1_716' title='bbox 3345 3707 3474 3763; x_wconf 89' lang='lat' dir='ltr'><strong>spes</strong></span> <span class='ocrx_word' id='word_1_717' title='bbox 3507 3689 3632 3747; x_wconf 64' lang='lat' dir='ltr'><strong>vita:</strong></span> <span class='ocrx_word' id='word_1_718' title='bbox 3684 3697 3779 3746; x_wconf 88' lang='lat' dir='ltr'><strong>aut</strong></span> 
     </span>
    </p>
   </div>
   <div class='ocr_carea' id='block_1_99' title="bbox 2174 3780 3776 3852">
    <p class='ocr_par' dir='ltr' id='par_1_99' title="bbox 2174 3780 3776 3852">
     <span class='ocr_line' id='line_1_99' title="bbox 2174 3780 3776 3852; baseline -0.002 -14"><span class='ocrx_word' id='word_1_719' title='bbox 2174 3783 2378 3850; x_wconf 89' lang='lat' dir='ltr'><strong>salutis,</strong></span> <span class='ocrx_word' id='word_1_720' title='bbox 2408 3781 2496 3838; x_wconf 91' lang='lat' dir='ltr'><strong>vel</strong></span> <span class='ocrx_word' id='word_1_721' title='bbox 2525 3797 2646 3851; x_wconf 62' lang='lat' dir='ltr'><strong>quae</strong></span> <span class='ocrx_word' id='word_1_722' title='bbox 2677 3780 2893 3837; x_wconf 90' lang='lat' dir='ltr'><strong>tandem</strong></span> <span class='ocrx_word' id='word_1_723' title='bbox 2924 3789 3185 3837; x_wconf 89' lang='lat' dir='ltr'><strong>esset.....</strong></span> <span class='ocrx_word' id='word_1_724' title='bbox 3226 3781 3383 3852; x_wconf 91' lang='lat' dir='ltr'><strong>copia</strong></span> <span class='ocrx_word' id='word_1_725' title='bbox 3413 3780 3776 3836; x_wconf 88' lang='lat' dir='ltr'><strong>liberationis.</strong></span> 
     </span>
    </p>
   </div>
   <div class='ocr_carea' id='block_1_100' title="bbox 2176 3867 3782 3941">
    <p class='ocr_par' dir='ltr' id='par_1_100' title="bbox 2176 3867 3782 3941">
     <span class='ocr_line' id='line_1_100' title="bbox 2176 3867 3782 3941; baseline -0.001 -16"><span class='ocrx_word' id='word_1_726' title='bbox 2176 3872 2315 3926; x_wconf 92' lang='lat' dir='ltr'><strong>Tum</strong></span> <span class='ocrx_word' id='word_1_727' title='bbox 2352 3870 2512 3925; x_wconf 89' lang='lat' dir='ltr'><strong>nobis</strong></span> <span class='ocrx_word' id='word_1_728' title='bbox 2542 3885 2861 3940; x_wconf 88' lang='lat' dir='ltr'><strong>responsum</strong></span> <span class='ocrx_word' id='word_1_729' title='bbox 2891 3879 2974 3925; x_wconf 89' lang='lat' dir='ltr'><strong>est</strong></span> <span class='ocrx_word' id='word_1_730' title='bbox 3002 3869 3149 3941; x_wconf 90' lang='lat' dir='ltr'><strong>quod</strong></span> <span class='ocrx_word' id='word_1_731' title='bbox 3195 3885 3226 3924; x_wconf 89' lang='lat' dir='ltr'><strong>a</strong></span> <span class='ocrx_word' id='word_1_732' title='bbox 3254 3868 3411 3941; x_wconf 84' lang='lat' dir='ltr'><strong>gravi</strong></span> <span class='ocrx_word' id='word_1_733' title='bbox 3467 3867 3782 3940; x_wconf 83' lang='lat' dir='ltr'><strong>captivitate</strong></span> 
     </span>
    </p>
   </div>
   <div class='ocr_carea' id='block_1_101' title="bbox 2172 3947 3780 4030">
    <p class='ocr_par' dir='ltr' id='par_1_101' title="bbox 2172 3947 3780 4030">
     <span class='ocr_line' id='line_1_101' title="bbox 2172 3947 3780 4030; baseline -0.002 -15"><span class='ocrx_word' id='word_1_734' title='bbox 2172 3958 2361 4015; x_wconf 89' lang='lat' dir='ltr'><strong>ita.....</strong></span> <span class='ocrx_word' id='word_1_735' title='bbox 2392 3973 2696 4028; x_wconf 90' lang='lat' dir='ltr'><strong>possemus,</strong></span> <span class='ocrx_word' id='word_1_736' title='bbox 2727 3957 2771 4012; x_wconf 89' lang='lat' dir='ltr'><strong>si</strong></span> <span class='ocrx_word' id='word_1_737' title='bbox 2801 3973 2869 4013; x_wconf 92' lang='lat' dir='ltr'><strong>ea</strong></span> <span class='ocrx_word' id='word_1_738' title='bbox 2898 3947 3125 4029; x_wconf 84' lang='lat' dir='ltr'><strong>exsequi</strong></span> <span class='ocrx_word' id='word_1_739' title='bbox 3155 3957 3444 4026; x_wconf 87' lang='lat' dir='ltr'><strong>vellemus,</strong></span> <span class='ocrx_word' id='word_1_740' title='bbox 3459 3973 3581 4030; x_wconf 73' lang='lat' dir='ltr'><strong>quae</strong></span> <span class='ocrx_word' id='word_1_741' title='bbox 3597 3957 3780 4025; x_wconf 89' lang='lat' dir='ltr'><strong>nobis,</strong></span> 
     </span>
    </p>
   </div>
   <div class='ocr_carea' id='block_1_102' title="bbox 2173 4045 3784 4118">
    <p class='ocr_par' dir='ltr' id='par_1_102' title="bbox 2173 4045 3784 4118">
     <span class='ocr_line' id='line_1_102' title="bbox 2173 4045 3784 4118; baseline -0.001 -16"><span class='ocrx_word' id='word_1_742' title='bbox 2173 4049 2302 4105; x_wconf 89' lang='lat' dir='ltr'><strong>licet</strong></span> <span class='ocrx_word' id='word_1_743' title='bbox 2329 4047 2628 4116; x_wconf 92' lang='lat' dir='ltr'><strong>contrajus</strong></span> <span class='ocrx_word' id='word_1_744' title='bbox 2658 4053 2710 4101; x_wconf 91' lang='lat' dir='ltr'><strong>et</strong></span> <span class='ocrx_word' id='word_1_745' title='bbox 2751 4048 3014 4103; x_wconf 90' lang='lat' dir='ltr'><strong>honorem</strong></span> <span class='ocrx_word' id='word_1_746' title='bbox 3070 4054 3334 4117; x_wconf 87' lang='lat' dir='ltr'><strong>nostrum,</strong></span> <span class='ocrx_word' id='word_1_747' title='bbox 3390 4045 3784 4118; x_wconf 90' lang='lat' dir='ltr'><strong>proponeban-</strong></span> 
     </span>
    </p>
   </div>
   <div class='ocr_carea' id='block_1_103' title="bbox 2172 4134 3778 4205">
    <p class='ocr_par' dir='ltr' id='par_1_103' title="bbox 2172 4134 3778 4205">
     <span class='ocr_line' id='line_1_103' title="bbox 2172 4134 3778 4205; baseline -0.001 -13"><span class='ocrx_word' id='word_1_748' title='bbox 2172 4144 2280 4205; x_wconf 91' lang='lat' dir='ltr'><strong>tur,</strong></span> <span class='ocrx_word' id='word_1_749' title='bbox 2313 4136 2368 4189; x_wconf 91' lang='lat' dir='ltr'><strong>id</strong></span> <span class='ocrx_word' id='word_1_750' title='bbox 2395 4144 2494 4204; x_wconf 87' lang='lat' dir='ltr'><strong>est,</strong></span> <span class='ocrx_word' id='word_1_751' title='bbox 2525 4143 2581 4190; x_wconf 92' lang='lat' dir='ltr'><strong>ut</strong></span> <span class='ocrx_word' id='word_1_752' title='bbox 2609 4135 2906 4192; x_wconf 91' lang='lat' dir='ltr'><strong>secundum</strong></span> <span class='ocrx_word' id='word_1_753' title='bbox 2932 4151 3118 4192; x_wconf 89' lang='lat' dir='ltr'><strong>eorum</strong></span> <span class='ocrx_word' id='word_1_754' title='bbox 3175 4134 3512 4190; x_wconf 88' lang='lat' dir='ltr'><strong>voluntatem</strong></span> <span class='ocrx_word' id='word_1_755' title='bbox 3568 4134 3778 4190; x_wconf 73' lang='lat' dir='ltr'><strong>redde-</strong></span> 
     </span>
    </p>
   </div>
   <div class='ocr_carea' id='block_1_104' title="bbox 2171 4220 3778 4294">
    <p class='ocr_par' dir='ltr' id='par_1_104' title="bbox 2171 4220 3778 4294">
     <span class='ocr_line' id='line_1_104' title="bbox 2171 4220 3778 4294; baseline -0.003 -14"><span class='ocrx_word' id='word_1_756' title='bbox 2171 4240 2355 4280; x_wconf 87' lang='lat' dir='ltr'><strong>remus</strong></span> <span class='ocrx_word' id='word_1_757' title='bbox 2406 4223 2624 4294; x_wconf 90' lang='lat' dir='ltr'><strong>imperii</strong></span> <span class='ocrx_word' id='word_1_758' title='bbox 2663 4238 2941 4280; x_wconf 87' lang='lat' dir='ltr'><strong>coronam.</strong></span> <span class='ocrx_word' id='word_1_759' title='bbox 2974 4221 3115 4291; x_wconf 87' lang='lat' dir='ltr'><strong>Quid</strong></span> <span class='ocrx_word' id='word_1_760' title='bbox 3157 4222 3319 4292; x_wconf 91' lang='lat' dir='ltr'><strong>plura</strong></span> <span class='ocrx_word' id='word_1_761' title='bbox 3348 4223 3376 4276; x_wconf 87' lang='lat'><strong>?</strong></span> <span class='ocrx_word' id='word_1_762' title='bbox 3399 4223 3692 4294; x_wconf 88' lang='lat' dir='ltr'><strong>Postquam</strong></span> <span class='ocrx_word' id='word_1_763' title='bbox 3748 4220 3778 4275; x_wconf 64' lang='grc' dir='ltr'><strong>εἶ</strong></span> 
     </span>
    </p>
   </div>
   <div class='ocr_carea' id='block_1_105' title="bbox 2173 4309 3774 4382">
    <p class='ocr_par' dir='ltr' id='par_1_105' title="bbox 2173 4309 3774 4382">
     <span class='ocr_line' id='line_1_105' title="bbox 2173 4309 3774 4382; baseline -0.002 -14"><span class='ocrx_word' id='word_1_764' title='bbox 2173 4313 2333 4369; x_wconf 89' lang='lat' dir='ltr'><strong>nobis</strong></span> <span class='ocrx_word' id='word_1_765' title='bbox 2363 4313 2548 4368; x_wconf 90' lang='lat' dir='ltr'><strong>omnia</strong></span> <span class='ocrx_word' id='word_1_766' title='bbox 2583 4327 2683 4382; x_wconf 90' lang='lat' dir='ltr'><strong>pro</strong></span> <span class='ocrx_word' id='word_1_767' title='bbox 2714 4311 2990 4368; x_wconf 89' lang='lat' dir='ltr'><strong>voluntate</strong></span> <span class='ocrx_word' id='word_1_768' title='bbox 3021 4320 3075 4367; x_wconf 90' lang='lat' dir='ltr'><strong>et</strong></span> <span class='ocrx_word' id='word_1_769' title='bbox 3120 4309 3349 4381; x_wconf 91' lang='lat' dir='ltr'><strong>imperio</strong></span> <span class='ocrx_word' id='word_1_770' title='bbox 3408 4317 3774 4376; x_wconf 83' lang='lat' dir='ltr'><strong>extorserunt,</strong></span> 
     </span>
    </p>
   </div>
   <div class='ocr_carea' id='block_1_106' title="bbox 2173 4398 3779 4474">
    <p class='ocr_par' dir='ltr' id='par_1_106' title="bbox 2173 4398 3779 4474">
     <span class='ocr_line' id='line_1_106' title="bbox 2173 4398 3779 4474; baseline -0.002 -18"><span class='ocrx_word' id='word_1_771' title='bbox 2173 4401 2436 4456; x_wconf 90' lang='lat' dir='ltr'><strong>abeuntes</strong></span> <span class='ocrx_word' id='word_1_772' title='bbox 2465 4401 2824 4474; x_wconf 81' lang='lat' dir='ltr'><strong>Moguntiam,</strong></span> <span class='ocrx_word' id='word_1_773' title='bbox 2866 4399 2922 4454; x_wconf 91' lang='lat' dir='ltr'><strong>in</strong></span> <span class='ocrx_word' id='word_1_774' title='bbox 2978 4399 3173 4456; x_wconf 90' lang='lat' dir='ltr'><strong>eodem</strong></span> <span class='ocrx_word' id='word_1_775' title='bbox 3227 4399 3348 4455; x_wconf 90' lang='lat' dir='ltr'><strong>loco</strong></span> <span class='ocrx_word' id='word_1_776' title='bbox 3394 4414 3496 4454; x_wconf 90' lang='lat' dir='ltr'><strong>nos</strong></span> <span class='ocrx_word' id='word_1_777' title='bbox 3520 4398 3637 4454; x_wconf 90' lang='lat' dir='ltr'><strong>sine</strong></span> <span class='ocrx_word' id='word_1_778' title='bbox 3672 4399 3779 4454; x_wconf 87' lang='lat' dir='ltr'><strong>ho-</strong></span> 
     </span>
    </p>
   </div>
   <div class='ocr_carea' id='block_1_107' title="bbox 2085 4461 3774 4561">
    <p class='ocr_par' dir='ltr' id='par_1_107' title="bbox 2085 4461 3774 4561">
     <span class='ocr_line' id='line_1_107' title="bbox 2085 4461 3774 4561; baseline -0.001 -18"><span class='ocrx_word' id='word_1_779' title='bbox 2085 4461 2144 4526; x_wconf 83' lang='grc' dir='ltr'>Ῑ)</span> <span class='ocrx_word' id='word_1_780' title='bbox 2174 4504 2305 4545; x_wconf 91' lang='lat' dir='ltr'><strong>nore</strong></span> <span class='ocrx_word' id='word_1_781' title='bbox 2331 4461 2687 4561; x_wconf 56' lang='lat' dir='ltr'><strong>reliquemnt,</strong></span> <span class='ocrx_word' id='word_1_782' title='bbox 2747 4503 2871 4543; x_wconf 91' lang='lat' dir='ltr'><strong>eum</strong></span> <span class='ocrx_word' id='word_1_783' title='bbox 2925 4503 3052 4544; x_wconf 89' lang='lat' dir='ltr'><strong>ecce</strong></span> <span class='ocrx_word' id='word_1_784' title='bbox 3107 4487 3423 4542; x_wconf 90' lang='lat' dir='ltr'><strong>mandatum</strong></span> <span class='ocrx_word' id='word_1_785' title='bbox 3478 4495 3558 4542; x_wconf 85' lang='lat' dir='ltr'><strong>est</strong></span> <span class='ocrx_word' id='word_1_786' title='bbox 3616 4484 3774 4542; x_wconf 87' lang='lat' dir='ltr'><strong>nobis</strong></span> 
     </span>
    </p>
   </div>
   <div class='ocr_carea' id='block_1_108' title="bbox 2167 4574 3772 4648">
    <p class='ocr_par' dir='ltr' id='par_1_108' title="bbox 2167 4574 3772 4648">
     <span class='ocr_line' id='line_1_108' title="bbox 2167 4574 3772 4648; baseline -0.003 -14"><span class='ocrx_word' id='word_1_787' title='bbox 2167 4577 2332 4648; x_wconf 88' lang='lat' dir='ltr'><strong>quod,</strong></span> <span class='ocrx_word' id='word_1_788' title='bbox 2393 4578 2496 4632; x_wconf 89' lang='lat' dir='ltr'><strong>nisi</strong></span> <span class='ocrx_word' id='word_1_789' title='bbox 2545 4585 2804 4633; x_wconf 86' lang='lat' dir='ltr'><strong>aeternam</strong></span> <span class='ocrx_word' id='word_1_790' title='bbox 2852 4574 3220 4648; x_wconf 90' lang='lat' dir='ltr'><strong>captivitatem</strong></span> <span class='ocrx_word' id='word_1_791' title='bbox 3251 4575 3432 4630; x_wconf 89' lang='lat' dir='ltr'><strong>subire</strong></span> <span class='ocrx_word' id='word_1_792' title='bbox 3483 4574 3772 4644; x_wconf 88' lang='lat' dir='ltr'><strong>vellemus,</strong></span> 
     </span>
    </p>
   </div>
   <div class='ocr_carea' id='block_1_109' title="bbox 2166 4663 3771 4736">
    <p class='ocr_par' dir='ltr' id='par_1_109' title="bbox 2166 4663 3771 4736">
     <span class='ocr_line' id='line_1_109' title="bbox 2166 4663 3771 4736; baseline -0.001 -15"><span class='ocrx_word' id='word_1_793' title='bbox 2166 4666 2486 4736; x_wconf 88' lang='lat' dir='ltr'><strong>quantocius</strong></span> <span class='ocrx_word' id='word_1_794' title='bbox 2515 4664 2936 4721; x_wconf 89' lang='lat' dir='ltr'><strong>discederemus.</strong></span> <span class='ocrx_word' id='word_1_795' title='bbox 2971 4663 3318 4736; x_wconf 87' lang='lat' dir='ltr'><strong>QuaprOpter</strong></span> <span class='ocrx_word' id='word_1_796' title='bbox 3345 4663 3531 4720; x_wconf 90' lang='lat' dir='ltr'><strong>locum</strong></span> <span class='ocrx_word' id='word_1_797' title='bbox 3588 4664 3771 4734; x_wconf 91' lang='lat' dir='ltr'><strong>ipsum</strong></span> 
     </span>
    </p>
   </div>
   <div class='ocr_carea' id='block_1_110' title="bbox 2166 4751 3774 4824">
    <p class='ocr_par' dir='ltr' id='par_1_110' title="bbox 2166 4751 3774 4824">
     <span class='ocr_line' id='line_1_110' title="bbox 2166 4751 3774 4824; baseline -0.001 -14"><span class='ocrx_word' id='word_1_798' title='bbox 2166 4755 2513 4824; x_wconf 88' lang='lat' dir='ltr'><strong>detestantes,</strong></span> <span class='ocrx_word' id='word_1_799' title='bbox 2547 4754 2726 4809; x_wconf 90' lang='lat' dir='ltr'><strong>navim</strong></span> <span class='ocrx_word' id='word_1_800' title='bbox 2788 4751 3231 4809; x_wconf 90' lang='lat' dir='ltr'><strong>conscendimus.</strong></span> <span class='ocrx_word' id='word_1_801' title='bbox 3297 4752 3579 4809; x_wconf 90' lang='lat' dir='ltr'><strong>Coloniam</strong></span> <span class='ocrx_word' id='word_1_802' title='bbox 3626 4751 3774 4808; x_wconf 83' lang='lat' dir='ltr'><strong>festi-</strong></span> 
     </span>
    </p>
   </div>
   <div class='ocr_carea' id='block_1_111' title="bbox 2166 4840 3772 4914">
    <p class='ocr_par' dir='ltr' id='par_1_111' title="bbox 2166 4840 3772 4914">
     <span class='ocr_line' id='line_1_111' title="bbox 2166 4840 3772 4914; baseline -0.001 -16"><span class='ocrx_word' id='word_1_803' title='bbox 2166 4851 2360 4899; x_wconf 91' lang='lat' dir='ltr'><strong>nanter</strong></span> <span class='ocrx_word' id='word_1_804' title='bbox 2387 4845 2654 4911; x_wconf 90' lang='lat' dir='ltr'><strong>venimus,</strong></span> <span class='ocrx_word' id='word_1_805' title='bbox 2688 4851 2740 4898; x_wconf 93' lang='lat' dir='ltr'><strong>et</strong></span> <span class='ocrx_word' id='word_1_806' title='bbox 2777 4842 2854 4897; x_wconf 92' lang='lat' dir='ltr'><strong>sic</strong></span> <span class='ocrx_word' id='word_1_807' title='bbox 2877 4841 3114 4914; x_wconf 81' lang='lat' dir='ltr'><strong>gratuita</strong></span> <span class='ocrx_word' id='word_1_808' title='bbox 3143 4840 3513 4897; x_wconf 89' lang='lat' dir='ltr'><strong>misericordia</strong></span> <span class='ocrx_word' id='word_1_809' title='bbox 3569 4840 3772 4896; x_wconf 76' lang='lat' dir='ltr'><strong>divinae</strong></span> 
     </span>
    </p>
   </div>
   <div class='ocr_carea' id='block_1_112' title="bbox 2166 4925 3772 5002">
    <p class='ocr_par' dir='ltr' id='par_1_112' title="bbox 2166 4925 3772 5002">
     <span class='ocr_line' id='line_1_112' title="bbox 2166 4925 3772 5002; baseline -0.002 -15"><span class='ocrx_word' id='word_1_810' title='bbox 2166 4932 2468 5002; x_wconf 90' lang='lat' dir='ltr'><strong>majestatis</strong></span> <span class='ocrx_word' id='word_1_811' title='bbox 2524 4947 2558 4987; x_wconf 90' lang='lat' dir='ltr'><strong>a</strong></span> <span class='ocrx_word' id='word_1_812' title='bbox 2613 4925 2925 4988; x_wconf 86' lang='lat' dir='ltr'><strong>crudelibus</strong></span> <span class='ocrx_word' id='word_1_813' title='bbox 2983 4930 3327 4987; x_wconf 90' lang='lat' dir='ltr'><strong>inimicorum</strong></span> <span class='ocrx_word' id='word_1_814' title='bbox 3368 4929 3623 4985; x_wconf 90' lang='lat' dir='ltr'><strong>manibus</strong></span> <span class='ocrx_word' id='word_1_815' title='bbox 3677 4929 3772 4986; x_wconf 82' lang='lat' dir='ltr'><strong>vix</strong></span> 
     </span>
    </p>
   </div>
   <div class='ocr_carea' id='block_1_113' title="bbox 2169 5019 2613 5078">
    <p class='ocr_par' dir='ltr' id='par_1_113' title="bbox 2169 5019 2613 5078">
     <span class='ocr_line' id='line_1_113' title="bbox 2169 5019 2613 5078; baseline 0 -3"><span class='ocrx_word' id='word_1_816' title='bbox 2169 5019 2381 5078; x_wconf 89' lang='lat' dir='ltr'><strong>liberati</strong></span> <span class='ocrx_word' id='word_1_817' title='bbox 2411 5037 2613 5078; x_wconf 92' lang='lat' dir='ltr'><strong>sumus.</strong></span> 
     </span>
    </p>
   </div>
   <div class='ocr_carea' id='block_1_114' title="bbox 2240 5107 3772 5181">
    <p class='ocr_par' dir='ltr' id='par_1_114' title="bbox 2240 5107 3772 5181">
     <span class='ocr_line' id='line_1_114' title="bbox 2240 5107 3772 5181; baseline 0 -17"><span class='ocrx_word' id='word_1_818' title='bbox 2240 5109 2352 5166; x_wconf 89' lang='lat' dir='ltr'><strong>Sed</strong></span> <span class='ocrx_word' id='word_1_819' title='bbox 2398 5111 2511 5178; x_wconf 89' lang='lat' dir='ltr'><strong>jam</strong></span> <span class='ocrx_word' id='word_1_820' title='bbox 2568 5118 2780 5181; x_wconf 88' lang='lat' dir='ltr'><strong>tempus</strong></span> <span class='ocrx_word' id='word_1_821' title='bbox 2833 5115 2917 5166; x_wconf 88' lang='lat' dir='ltr'><strong>est</strong></span> <span class='ocrx_word' id='word_1_822' title='bbox 2947 5116 3055 5164; x_wconf 92' lang='lat' dir='ltr'><strong>tam</strong></span> <span class='ocrx_word' id='word_1_823' title='bbox 3089 5109 3266 5181; x_wconf 64' lang='lat' dir='ltr'><strong>longae</strong></span> <span class='ocrx_word' id='word_1_824' title='bbox 3295 5107 3635 5164; x_wconf 88' lang='lat' dir='ltr'><strong>miseriarum</strong></span> <span class='ocrx_word' id='word_1_825' title='bbox 3666 5120 3772 5164; x_wconf 90' lang='lat' dir='ltr'><strong>no-</strong></span> 
     </span>
    </p>
   </div>
   <div class='ocr_carea' id='block_1_115' title="bbox 2166 5197 3772 5271">
    <p class='ocr_par' dir='ltr' id='par_1_115' title="bbox 2166 5197 3772 5271">
     <span class='ocr_line' id='line_1_115' title="bbox 2166 5197 3772 5271; baseline -0.001 -16"><span class='ocrx_word' id='word_1_826' title='bbox 2166 5207 2390 5256; x_wconf 89' lang='lat' dir='ltr'><strong>strarum</strong></span> <span class='ocrx_word' id='word_1_827' title='bbox 2425 5197 2706 5271; x_wconf 73' lang='lat' dir='ltr'><strong>tragoediae</strong></span> <span class='ocrx_word' id='word_1_828' title='bbox 2757 5197 2920 5254; x_wconf 90' lang='lat' dir='ltr'><strong>ﬁnem</strong></span> <span class='ocrx_word' id='word_1_829' title='bbox 2973 5197 3258 5269; x_wconf 90' lang='lat' dir='ltr'><strong>imponere</strong></span> <span class='ocrx_word' id='word_1_830' title='bbox 3292 5216 3306 5258; x_wconf 90' lang='lat'>;</span> <span class='ocrx_word' id='word_1_831' title='bbox 3339 5212 3507 5268; x_wconf 89' lang='lat' dir='ltr'><strong>quam</strong></span> <span class='ocrx_word' id='word_1_832' title='bbox 3566 5197 3772 5253; x_wconf 87' lang='lat' dir='ltr'><strong>idcirco</strong></span> 
     </span>
    </p>
   </div>
   <div class='ocr_carea' id='block_1_116' title="bbox 2169 5285 3771 5357">
    <p class='ocr_par' dir='ltr' id='par_1_116' title="bbox 2169 5285 3771 5357">
     <span class='ocr_line' id='line_1_116' title="bbox 2169 5285 3771 5357; baseline -0.002 -13"><span class='ocrx_word' id='word_1_833' title='bbox 2169 5297 2297 5357; x_wconf 66' lang='lat' dir='ltr'><strong>tum,</strong></span> <span class='ocrx_word' id='word_1_834' title='bbox 2329 5288 2488 5344; x_wconf 89' lang='lat' dir='ltr'><strong>Pater</strong></span> <span class='ocrx_word' id='word_1_835' title='bbox 2518 5286 2910 5356; x_wconf 87' lang='lat' dir='ltr'><strong>amantissime,</strong></span> <span class='ocrx_word' id='word_1_836' title='bbox 2938 5285 3126 5357; x_wconf 92' lang='lat' dir='ltr'><strong>pietati</strong></span> <span class='ocrx_word' id='word_1_837' title='bbox 3181 5286 3380 5343; x_wconf 73' lang='lat' dir='ltr'><strong>deflere</strong></span> <span class='ocrx_word' id='word_1_838' title='bbox 3431 5285 3771 5355; x_wconf 82' lang='lat' dir='ltr'><strong>curavimus,</strong></span> 
     </span>
    </p>
   </div>
   <div class='ocr_carea' id='block_1_117' title="bbox 2167 5373 3774 5451">
    <p class='ocr_par' dir='ltr' id='par_1_117' title="bbox 2167 5373 3774 5451">
     <span class='ocr_line' id='line_1_117' title="bbox 2167 5373 3774 5451; baseline -0.001 -19"><span class='ocrx_word' id='word_1_839' title='bbox 2167 5377 2297 5451; x_wconf 89' lang='lat' dir='ltr'><strong>quia</strong></span> <span class='ocrx_word' id='word_1_840' title='bbox 2322 5374 2380 5432; x_wconf 92' lang='lat' dir='ltr'><strong>in</strong></span> <span class='ocrx_word' id='word_1_841' title='bbox 2405 5375 2527 5432; x_wconf 91' lang='lat' dir='ltr'><strong>Deo</strong></span> <span class='ocrx_word' id='word_1_842' title='bbox 2573 5384 2628 5433; x_wconf 91' lang='lat' dir='ltr'><strong>et</strong></span> <span class='ocrx_word' id='word_1_843' title='bbox 2681 5375 2737 5431; x_wconf 90' lang='lat' dir='ltr'><strong>in</strong></span> <span class='ocrx_word' id='word_1_844' title='bbox 2795 5384 2847 5433; x_wconf 90' lang='lat' dir='ltr'><strong>te</strong></span> <span class='ocrx_word' id='word_1_845' title='bbox 2899 5390 3106 5448; x_wconf 87' lang='lat' dir='ltr'><strong>magna</strong></span> <span class='ocrx_word' id='word_1_846' title='bbox 3133 5383 3187 5433; x_wconf 90' lang='lat' dir='ltr'><strong>et</strong></span> <span class='ocrx_word' id='word_1_847' title='bbox 3212 5373 3508 5447; x_wconf 88' lang='lat' dir='ltr'><strong>singularis</strong></span> <span class='ocrx_word' id='word_1_848' title='bbox 3529 5390 3660 5446; x_wconf 87' lang='lat' dir='ltr'><strong>spes</strong></span> <span class='ocrx_word' id='word_1_849' title='bbox 3685 5381 3774 5432; x_wconf 86' lang='lat' dir='ltr'><strong>est</strong></span> 
     </span>
    </p>
   </div>
   <div class='ocr_carea' id='block_1_118' title="bbox 2235 5584 3327 5662">
    <p class='ocr_par' dir='ltr' id='par_1_118' title="bbox 2235 5584 3327 5662">
     <span class='ocr_line' id='line_1_118' title="bbox 2235 5584 3327 5662; baseline -0.003 -16"><span class='ocrx_word' id='word_1_850' title='bbox 2235 5587 2387 5662; x_wconf 71' lang='grc'><strong>(144)</strong></span> <span class='ocrx_word' id='word_1_851' title='bbox 2415 5586 2518 5646; x_wconf 82' lang='lat' dir='ltr'><strong>Hic</strong></span> <span class='ocrx_word' id='word_1_852' title='bbox 2543 5584 2712 5644; x_wconf 89' lang='lat' dir='ltr'><strong>etiam</strong></span> <span class='ocrx_word' id='word_1_853' title='bbox 2736 5597 2962 5644; x_wconf 89' lang='lat' dir='ltr'><strong>corrosa</strong></span> <span class='ocrx_word' id='word_1_854' title='bbox 2988 5585 3327 5645; x_wconf 88' lang='lat' dir='ltr'><strong>membrana.</strong></span> 
     </span>
    </p>
   </div>
  </div>
