4032 6078
1054 270 1095 290 ’ν

244 320 353 377 937

245 530 409 587 Unde
451 530 598 600 quod
632 532 889 587 hactenus
944 532 1129 589 facere
1181 533 1513 603 distulimus,
1554 553 1700 594 nunc
1738 546 1850 594 toto

247 618 457 675 affectu
477 627 528 675 et
555 618 825 676 desiderio
854 621 1020 676 animi
1051 630 1221 677 totum
1263 624 1552 678 consilium
1603 634 1850 681 nostrum

246 715 362 763 tua
390 705 518 762 ﬁdei
558 708 964 777 committimus,
995 718 1046 765 et
1075 710 1343 781 quidquid
1386 712 1456 767 de
1486 721 1672 768 nostra
1727 730 1851 768 cum

253 796 561 867 apostolico
589 796 1048 862 reconciliatione,
1083 798 1347 869 quidquid
1385 800 1454 855 de
1482 816 1616 871 pace
1642 809 1697 857 et
1722 802 1851 856 uni-

247 892 357 940 tate
386 894 588 940 sancta
618 887 876 941 Romana
898 886 1177 954 Ecclesia,
1203 889 1362 944 salvo
1399 890 1605 945 honore
1646 897 1847 959 nostro,

249 973 560 1029 faciendum
588 990 710 1030 esse
736 974 1063 1044 decreveris,
1097 984 1267 1031 totum
1310 992 1412 1032 nos
1452 978 1693 1034 facturos
1735 979 1853 1036 sine

250 1061 421 1118 dubio
443 1064 557 1118 Deo
582 1063 788 1133 ubique
815 1064 1207 1133 promittimus.
1241 1066 1456 1121 Festina
1484 1083 1639 1138 ergo,
1693 1068 1854 1123 Pater

251 1151 597 1220 charissime,
630 1152 787 1207 nobis
813 1153 1116 1221 consulere,
1148 1170 1248 1209 nec
1276 1162 1329 1210 te
1365 1156 1654 1225 poeniteat,
1698 1172 1853 1226 qua-

260 1255 478 1305 snmus,
509 1240 610 1296 etsi
640 1255 749 1296 non
777 1257 878 1311 pro
909 1240 1003 1295 ﬁlii
1029 1241 1371 1310 liberatione,
1422 1244 1551 1313 quia
1598 1245 1854 1316 peccavi-

258 1344 384 1384 mus
412 1328 467 1383 in
507 1328 701 1384 calum
732 1337 784 1384 et
812 1344 992 1385 coram
1036 1338 1108 1398 te,
1156 1331 1346 1387 saltem
1390 1348 1491 1403 pro
1534 1333 1857 1389 mercenarii

266 1418 343 1473 tui
378 1416 553 1472 salute
599 1416 868 1473 laborare.
920 1419 1194 1474 Praterea
1235 1421 1614 1490 conquerimus
1667 1421 1856 1492 pietati

260 1509 371 1561 tua
407 1504 551 1574 quod
580 1503 722 1559 filius
758 1512 944 1560 noster
981 1505 1174 1562 litteris
1212 1508 1330 1562 suis
1383 1509 1608 1564 mandat
1655 1509 1858 1580 ubique

259 1594 470 1666 regalia
506 1594 691 1649 omnia
728 1602 924 1665 sponte
960 1609 1060 1650 nos
1112 1596 1437 1663 reddidisse,
1471 1598 1618 1668 quod
1648 1598 1862 1655 noverit

258 1683 517 1739 sanctitas
545 1690 636 1737 tua
663 1683 885 1739 omnino
915 1699 1103 1741 verum
1134 1699 1242 1740 non
1272 1700 1417 1741 esse.

1020 1824 1093 1881 Χ.

913 1964 1168 2005 ΕΠΙΒῺΒΙ
1176 1990 1188 2004 .

259 2047 433 2117 Rogat
464 2047 755 2117 Magonem
774 2049 842 2102 ut
869 2046 1084 2101 arbiter
1105 2061 1223 2103 esse
1237 2049 1375 2103 velit
1398 2048 1569 2103 illum
1607 2047 1764 2104 inter
1801 2052 1859 2105 et

945 2160 1174 2217 papam.

742 2240 960 2314 [SpieiL
986 2250 1022 2297 t.
1058 2241 1125 2311 ll,
1156 2259 1211 2314 p.
1239 2241 1386 2315 395.]

333 2338 646 2406 HBchus,
679 2339 776 2393 Dei
798 2338 975 2411 gratia
994 2337 1360 2393 Romanorum
1392 2339 1691 2409 imperator
1741 2341 1857 2395 Au-

261 2435 475 2500 gustus,
504 2427 750 2494 Hucom,
780 2426 1083 2481 venerabili
1115 2426 1452 2482 Cluniacensi
1483 2426 1859 2500 abbati,quid-

268 2515 399 2585 quid
430 2515 555 2571 licet
579 2523 855 2585 peccator,
887 2524 1070 2570 tamen
1096 2515 1352 2585 spiritalis
1394 2513 1554 2584 ﬁlius,
1614 2515 1861 2571 devotius

264 2611 318 2659 et
347 2603 603 2658 humilius
634 2620 735 2659 suo
767 2604 1270 2660 desiderantissimo
1300 2610 1353 2659 et
1383 2603 1578 2659 dilecto
1607 2603 1772 2660 Patri.

337 2692 448 2746 Etsi
479 2708 577 2764 per
606 2692 903 2748 familiares
941 2692 1243 2749 monachos
1294 2700 1345 2747 et
1403 2692 1599 2747 fratres
1655 2700 1862 2748 vestros

260 2780 648 2851 tribulationis,
682 2789 736 2837 et
766 2797 798 2836 a
827 2781 1027 2837 saculo
1057 2780 1315 2836 inaudita
1356 2780 1635 2836 horribilis
1690 2779 1859 2836 tradi-

264 2869 424 2925 tionis
454 2879 654 2927 nostra
683 2886 900 2926 omnem
933 2870 1180 2925 ordinem
1208 2869 1368 2926 vobis
1389 2869 1856 2940 prOpriislitteris,

267 2958 403 3013 sicut
431 2959 676 3031 contigit,
708 2958 1013 3032 signiﬁcare
1048 2966 1100 3013 et
1154 2958 1411 3014 mandare
1474 2958 1857 3029 disposuimus,

268 3053 447 3101 tamen
479 3048 762 3103 noluimus
791 3047 1198 3119 pratermittere
1228 3046 1356 3119 quin
1384 3063 1484 3117 per
1520 3048 1619 3102 bos
1648 3046 1863 3102 nuntios

1444 322 1798 380 EPISTOLIE
1854 324 2347 386 DIVERSORUM.

243 441 410 498 nobis
425 441 639 498 consilii
657 449 714 497 et
731 443 942 512 auxilii,
960 442 1144 500 salutis
1156 452 1210 501 et
1245 445 1583 503 liberationis
1610 457 1836 506 nostra.
1874 450 1930 510 A

3449 355 3550 406 938

2709 461 2809 517 XI.

2279 594 2559 637 ALPHONSI
2611 598 2772 639 REGIS
2823 600 3199 644 HISPANIABUM
3211 629 3224 643 .

1963 669 2173 727 Gratiis
2195 672 2265 728 de
2297 675 2524 758 Roberto
2542 678 2616 733 ad
2643 681 2882 758 semisse
2912 684 3075 751 artis,
3112 690 3177 740 ut
3203 688 3326 758 ejus
3343 689 3552 747 animae

2031 757 2228 831 auram
2239 751 2399 816 gerat
2418 749 2604 817 abbas,
2628 756 2872 831 etpemu
2881 749 3242 831 manauum;
3247 759 3373 828 jam
3397 761 3502 831 ipsi
3518 780 3555 818 α

2032 815 2205 871 Patre
2219 815 2565 885 concessum,
2588 815 2841 893 recipere
2860 826 2995 880 velit
3015 841 3122 881 rex
3141 815 3495 899 eprstulat.

2413 913 2626 986 [SpiciL
2657 924 2701 971 t.
2747 920 2833 987 VI,
2865 936 2923 990 p.
2955 922 3099 995 445.]

2034 1006 2257 1063 Honora
2286 1012 2583 1066 venerabili
2614 1020 2667 1068 et
2695 1016 3153 1075 excellentissimo
3185 1021 3368 1077 abbati
3421 1024 3553 1082 Clu-

1960 1095 2317 1165 niacensium,
2353 1098 2606 1155 virtutum
2636 1102 2859 1159 ﬂoribus
2911 1106 3077 1171 claro,
3135 1109 3323 1166 fomite
3370 1112 3557 1171 divino

1961 1183 2198 1251 suﬂ‘ulto,
2232 1190 2394 1257 atque
2424 1196 2630 1244 cuncta
2658 1191 2962 1247 dulcedinis
3017 1196 3276 1253 mellitluo
3323 1201 3552 1272 seniori,

1965 1289 2123 1343 quem
2145 1288 2254 1329 sua
2282 1274 2563 1347 dignitatis
2588 1276 2842 1335 clariﬁcat
2862 1283 3084 1353 gradus,
3103 1300 3204 1342 nec
3222 1303 3330 1342 non
3349 1300 3558 1347 cuncla

1964 1361 2317 1417 nobilissima
2347 1366 2759 1437 congragationi
2791 1372 3166 1439 apostolorum
3183 1375 3322 1430 Petri
3354 1386 3405 1433 et
3429 1380 3561 1434 Pau-

1965 1449 2024 1512 li,
2058 1454 2467 1507 Amaraorzsus
2496 1455 2671 1525 gratia
2700 1455 2797 1510 Dei
2827 1457 3205 1529 Hispaniarum
3261 1479 3379 1531 rex,
3438 1482 3561 1523 cum

1967 1538 2113 1594 omni
2152 1538 2439 1595 devotione
2468 1543 2667 1597 mentis
2720 1551 2771 1599 et
2817 1548 3083 1618 corporis,
3143 1566 3299 1604 suum
3356 1553 3559 1613 stillare

1969 1628 2190 1695 fascem,
2222 1644 2473 1701 veraque
2501 1632 2778 1688 charitatis
2796 1636 3117 1705 custodiam,
3146 1638 3378 1711 vitaque
3397 1650 3560 1698 ater-

1971 1732 2055 1771 na
2082 1716 2301 1786 gaudia,
2333 1726 2494 1790 atque
2524 1729 2838 1790 perpetuam
2868 1724 3279 1795 prosperitatem
3310 1737 3364 1784 et
3407 1731 3560 1786 salu-

1886 1799 1942 1861 B
1971 1813 2111 1890 tem,
2129 1820 2231 1890 nec
2254 1821 2365 1890 non
2397 1808 2662 1878 quidquid
2690 1810 2995 1881 sublimius,
3030 1830 3098 1869 ex
3129 1815 3320 1872 intimo
3370 1819 3557 1890 corde,

1967 1887 2304 1958 amplexibili
2336 1889 2649 1953 dilectione.
2680 1893 2736 1947 in
2767 1895 3001 1952 Domino
3029 1899 3158 1953 Jesu
3198 1900 3429 1957 Christo.

2038 1976 2247 2044 Quanta
2281 1986 2348 2038 te.
2378 1979 2775 2051 gloriosissime
2806 1984 2981 2053 Pater,
3005 1986 3291 2044 devotione
3312 1989 3559 2061 diligam,

1967 2065 2178 2130 melius,
2209 2074 2267 2120 ut
2296 2066 2514 2137 deputo,
2539 2069 2657 2139 ipse
2684 2072 2991 2143 cognoscis,
3023 2090 3185 2146 quam
3211 2076 3404 2147 aliquis
3459 2080 3565 2134 do-

1967 2161 2087 2208 ctor
2113 2154 2169 2207 in
2198 2156 2387 2210 charta
2416 2157 2653 2213 scribere
2691 2161 2881 2229 possit.
2923 2162 3243 2229 Robertum,
3276 2181 3437 2235 quem
3468 2184 3565 2221 su-

1967 2257 2065 2312 per
2091 2257 2282 2299 omnes
2318 2247 2611 2301 monachos
2639 2255 2796 2305 teneo
2843 2251 3280 2308 excellentiorem
3324 2263 3377 2310 et
3430 2257 3566 2312 cha-

1966 2330 2184 2398 riorem,
2218 2341 2559 2406 vestrumque
2589 2351 2657 2390 ex
2705 2336 2897 2393 intimo
2959 2340 3124 2396 corde
3178 2340 3563 2400 ﬁdelissimum

1968 2419 2318 2490 confratrem,
2357 2421 2613 2480 scientem
2642 2425 2878 2496 qualiter
2908 2435 3027 2483 tuus
3053 2445 3211 2485 amor
3246 2431 3423 2488 factus
3480 2442 3565 2489 est

1969 2507 2102 2562 mihi
2131 2508 2276 2564 velut
2303 2509 2446 2582 ignis
2480 2516 2593 2567 tota
2618 2512 2706 2569 die
2743 2521 2799 2569 et
2846 2524 3007 2572 nocte
3046 2518 3244 2573 ardens
3291 2520 3344 2575 in
3402 2524 3569 2579 corde

1970 2612 2111 2665 meo,
2143 2599 2285 2654 unde
2313 2600 2357 2654 si
2379 2600 2560 2655 omnia
2599 2602 2734 2656 mihi
2780 2602 3032 2660 dedisses
3093 2624 3214 2679 qua
3257 2609 3311 2664 in
3363 2613 3568 2669 mundo

1968 2684 2171 2741 habere
2211 2695 2383 2758 potes,
2422 2698 2555 2758 puto
2594 2689 2726 2744 nihil
2780 2707 2897 2748 esse
2960 2695 3031 2748 ad
3102 2699 3567 2766 comparationem

1969 2773 2113 2829 illius
2140 2775 2288 2843 boni,
2322 2776 2466 2846 quod
2522 2793 2691 2833 causa
2742 2780 2847 2835 mei
2904 2782 3219 2853 particulam
3245 2787 3319 2841 tui
3363 2789 3568 2860 gregis,

1971 2878 2133 2932 quem
2164 2864 2434 2934 spirituali
2473 2866 2655 2921 fovisti
2704 2883 2889 2937 manu,
2958 2871 3012 2924 in
3074 2873 3267 2927 nostris
3322 2877 3573 2946 partibus

1970 2951 2191 3007 misisti.
2228 2952 2581 3027 QuaprOpter
2615 2957 2788 3028 gratia
2846 2958 3061 3013 Domini
3114 2968 3165 3015 te
3203 2962 3568 3033 illuminante,

1970 3056 2075 3113 ego
2092 3056 2287 3096 servus
2318 3058 2594 3099 servorum
2626 3045 2747 3112 Dei,
2769 3046 2991 3102 omnino
3013 3054 3119 3103 tua
3140 3050 3416 3120 subjectus
3442 3053 3567 3124 pie-

264 3143 462 3191 γεεινεε
491 3136 827 3208 ριίειιηίιειίε
858 3136 1217 3205 sanctitatem,
1248 3144 1305 3191 ιιι
1347 3135 1671 3207 publicanus
1723 3152 1858 3206 pec-
1891 3146 1941 3210 Ο
1974 3129 2085 3192 tati.
2106 3130 2705 3202 magisacmagistuam
2720 3133 2986 3203 deprecor
3004 3138 3408 3208 paternitatem,
3434 3140 3566 3195 utin

259 3230 503 3279 catorum
558 3241 782 3279 suorum
836 3225 1131 3298 refugium,
1189 3233 1240 3279 et
1287 3224 1618 3295 naufragans
1671 3223 1860 3279 salutis

254 3320 492 3381 portum,
517 3311 1027 3368 desiderantissime
1055 3312 1346 3368 devotione
1404 3313 1849 3382 deposceremus.

256 3400 531 3471 Rogamus
561 3400 744 3472 igitur,
773 3401 1085 3456 venerande
1115 3401 1294 3469 Pater,
1329 3408 1527 3455 vestra
1557 3400 1857 3455 sanctitatis

254 3488 666 3544 memorabilem
696 3489 1044 3560 probitatem,
1080 3496 1363 3560 quatenus,
1396 3488 1579 3543 audita
1611 3496 1664 3543 et
1692 3486 1855 3543 intel-

254 3575 398 3633 lecta
425 3586 626 3633 nostra
655 3586 1010 3635 monstrttOSa
1034 3576 1333 3633 traditionis
1349 3576 1651 3633 detestabili
1687 3576 1854 3631 mise-

262 3668 362 3729 ria,
395 3666 470 3721 ita
498 3666 733 3722 charitas
763 3667 863 3724 Dei
889 3683 1009 3737 qua
1039 3666 1094 3721 in
1124 3666 1282 3722 vobis
1309 3673 1388 3721 est
1404 3665 1734 3721 accendatur
1752 3680 1854 3737 pro

254 3755 373 3811 solo
402 3756 518 3811 Deo
536 3757 606 3811 ad
626 3756 999 3812 defensionem
1018 3755 1369 3812 exsecrabilis
1400 3755 1613 3825 injuria
1635 3762 1851 3824 nostra,

255 3844 402 3915 quod
431 3844 718 3901 manifeste
750 3854 1010 3918 appareat
1039 3844 1376 3901 sanctitatem
1407 3853 1598 3900 vestra
1662 3852 1850 3916 pater-

256 3933 440 3987 nitatis
468 3933 588 3989 solo
616 3934 803 3990 divino
833 3943 1084 4006 respectu
1140 3933 1417 3990 sollicitari
1445 3950 1546 4005 pro
1597 3933 1855 3988 inauditis

253 4019 694 4077 tribulationibus
723 4022 939 4079 nostris.
994 4024 1108 4079 Nos
1164 4022 1305 4078 enim
1363 4036 1548 4078 coram
1608 4022 1850 4077 Romano

256 4108 465 4178 nuntio,
496 4110 565 4166 de
595 4126 760 4166 causa
790 4127 914 4182 qua
945 4118 1028 4165 est
1057 4110 1197 4166 inter
1239 4126 1337 4166 nos
1367 4118 1418 4165 et
1446 4125 1667 4181 papam,
1710 4124 1848 4166 con-

256 4195 379 4254 silio
417 4197 797 4271 religiosorum
826 4199 1064 4257 virorum
1094 4199 1365 4255 voluimus
1390 4197 1625 4269 pleniter
1651 4213 1845 4269 agere;

245 4301 454 4355 verum,
476 4287 603 4358 quia
646 4286 1028 4359 disposuerant
1060 4303 1160 4344 nos
1206 4286 1428 4345 omnino
1472 4286 1538 4341 de
1585 4286 1693 4342 hac
1738 4285 1847 4341 vita

243 4375 491 4445 perdere,
532 4376 682 4433 nullo
702 4377 865 4433 modo
894 4377 1188 4435 voluerunt
1219 4393 1317 4432 nos
1342 4377 1608 4447 recipere.
1643 4376 1845 4431 Iterum

1970 3218 2112 3273 bono
2141 3218 2285 3289 quod
2305 3219 2516 3288 coepisti
2548 3236 2879 3290 perseveres,
2905 3232 3179 3291 quatenus
3217 3226 3427 3298 aliquos
3457 3236 3564 3285 tua

1967 3305 2326 3361 sanctissima
2351 3306 2631 3378 religionis
2662 3309 2996 3364 domesticos
3036 3311 3249 3368 mittere
3298 3314 3563 3386 digneris,

1965 3400 2102 3447 etut
2146 3393 2294 3448 illum
2339 3403 2576 3450 nostrum
2626 3405 2675 3451 et
2733 3405 2974 3452 vestrum
3024 3398 3223 3471 locum,
3269 3418 3431 3472 quem
3473 3412 3566 3461 tuo

1963 3481 2301 3537 sanctissimo
2360 3483 2509 3539 fonte
2566 3483 2841 3556 incapisti
2901 3485 3105 3559 rigare,
3166 3491 3411 3562 repleant
3469 3500 3560 3549 tua

1964 3569 2274 3641 dulcedine,
2299 3570 2425 3627 dum
2456 3573 2512 3627 in
2540 3575 2644 3629 hoc
2675 3573 2854 3646 fragili
2886 3590 3127 3631 moveor.

2033 3660 2118 3714 Ad
2133 3660 2234 3715 hoc
2257 3660 2409 3726 scito,
2425 3661 2764 3717 sanctissime
2788 3663 2967 3731 Pater,
2986 3681 3211 3721 censum
3229 3667 3379 3739 (145)
3390 3680 3561 3740 'quem

1959 3755 2118 3818 pater
2146 3764 2297 3803 meus
2326 3748 2418 3804 illo
2444 3751 2792 3807 sanctissimo
2816 3752 2935 3809 loco
2978 3753 3321 3811 Cluniacensi
3367 3758 3561 3814 solitus

1960 3844 2079 3891 erat
2114 3835 2264 3907 dare,
2288 3853 2413 3910 ego,
2447 3847 2714 3895 annuente
2742 3841 2875 3908 Deo,
2909 3840 2964 3895 in
2995 3841 3190 3898 diebus
3242 3845 3366 3901 vita
3419 3863 3558 3904 mea

1959 3924 2277 3996 duplicabo,
2319 3933 2373 3981 et
2408 3927 2605 3981 seriem
2663 3930 2971 3985 testamenti
3028 3934 3310 4002 composui
3367 3949 3554 3990 coram

1959 4010 2205 4077 testibus,
2238 4018 2296 4064 ut
2324 4010 2674 4082 quisque,qui
2699 4013 2802 4067 hoc
2824 4013 3066 4085 regimen
3099 4024 3221 4085 post
3265 4033 3555 4073 excessum

1956 4097 2083 4152 vita
2109 4112 2241 4152 mea
2264 4105 2583 4168 accepturus
2612 4099 2714 4154 erit
2742 4101 2887 4170 quod
2920 4109 3095 4167 teneo,
3130 4105 3403 4174 quomodo
3452 4107 3555 4161 hoc

1956 4200 2202 4255 censum,
2235 4184 2379 4258 quod
2408 4185 2615 4241 sanctis
2634 4188 2896 4256 apostolis
2924 4188 3084 4245 Petro
3128 4197 3180 4245 et
3217 4192 3405 4262 Paulo,
3442 4209 3548 4250 vo-

1954 4273 2039 4329 bis
2068 4282 2120 4329 et
2147 4271 2495 4329 sanctissima
2510 4282 2701 4330 vestra
2716 4276 3128 4349 congregationi
3176 4279 3372 4351 tribuo,
3407 4298 3548 4354 qua-

1955 4366 2113 4417 tenus
2141 4361 2256 4433 ipse
2285 4361 2535 4417 similiter
2561 4363 2654 4433 qui
2683 4363 2788 4419 hoc
2816 4379 3045 4437 regnum
3076 4365 3324 4423 habuerit
3358 4369 3548 4427 debito

251 4470 425 4519 tamen
455 4465 899 4537 qualitercunque
944 4466 1150 4523 tractati
1196 4466 1386 4534 simus,
1434 4466 1690 4537 ponimus
1741 4479 1840 4520 nos
1867 4500 1921 4562 D
1955 4450 2348 4562 Ρθτδοιξειῑίυξ)
2378 4451 3020 4562 διεξιοίίξείξηοιιοοοὶξίη
3066 4463 3243 4562 ξυῖθξη
3290 4456 3545 4528 ηοωθνίῑν

248 4552 303 4607 in
332 4553 563 4610 consilio
593 4562 769 4611 vestro
799 4555 972 4611 Patris
1001 4556 1188 4624 nostri,
1214 4554 1554 4628 aliorumque
1608 4554 1837 4627 religio-

250 4656 435 4698 sorum
467 4643 734 4713 virorum,
766 4660 900 4716 quos
929 4643 998 4699 ad
1032 4645 1134 4700 hoc
1160 4644 1362 4700 habere
1420 4644 1601 4711 vultis,
1656 4643 1730 4699 ita
1784 4650 1843 4698 ut

246 4730 397 4786 salvo
429 4729 639 4787 honore
668 4739 852 4789 nostro
882 4740 1049 4789 totum
1078 4750 1240 4804 papa
1268 4733 1465 4789 faciam
1524 4732 1668 4804 quod
1723 4731 1841 4787 dis-

246 4820 565 4888 posueritis.
600 4820 679 4877 De
709 4829 908 4877 catero
938 4820 1270 4877 orationibus
1298 4821 1487 4878 vestris
1538 4837 1627 4877 me
1683 4836 1839 4877 com-

247 4906 420 4977 mitto,
453 4909 761 4965 venerande
793 4910 965 4979 Pater,
1010 4919 1063 4966 et
1088 4926 1189 4981 per
1216 4925 1314 4967 vos
1353 4916 1551 4966 sancta
1599 4925 1837 4982 congre-

243 4995 447 5066 gationi
478 5006 669 5054 vestra
699 4999 1015 5069 prasentari
1052 5015 1329 5072 rogamus,
1373 5008 1426 5056 et
1475 5014 1661 5057 eorum
1708 5015 1835 5056 ora-

242 5083 371 5140 tioni
391 5084 740 5145 devotissime
771 5088 1163 5145 commendari.

309 5582 460 5660 (liti)
488 5580 569 5645 De
600 5582 704 5645 hoc
730 5598 896 5644 censu
922 5584 1109 5662 agitur
1132 5586 1188 5643 in
1213 5581 1337 5645 Vita
1367 5584 1426 5643 ὃ.
1458 5584 1629 5662 Hug.,
1662 5599 1846 5662 supra.

532 5765 777 5826 PATIOL.
813 5764 998 5827 CLIX.

1951 4540 2224 4612 quomodo
2240 4547 2504 4611 potestate
2545 4541 2641 4595 Dei
2682 4549 2734 4596 et
2777 4542 3033 4611 precibus
3081 4543 3365 4600 beatorum
3403 4562 3542 4617 apo-

1949 4630 2207 4685 stolorum
2237 4629 2380 4685 Petri
2412 4634 2467 4684 et
2498 4629 2645 4684 Pauli
2675 4629 2793 4699 ipso
2824 4646 2993 4702 regno
3051 4641 3258 4688 careat.
3306 4634 3538 4704 Idcirco,

1948 4719 2171 4791 egregie
2201 4719 2379 4787 Pater,
2410 4726 2645 4774 vestram
2696 4718 2962 4789 deprecor
3017 4719 3429 4792 fraternitatem,
3489 4732 3549 4782 ut

1946 4803 2056 4862 hoc
2083 4822 2327 4874 censum,
2361 4806 2503 4877 quod
2560 4805 2717 4862 vobis
2772 4806 2978 4877 addidi,
3037 4815 3258 4881 propter
3314 4811 3545 4868 triticum

1953 4895 2305 4961 venundelur,
2338 4902 2391 4950 et
2420 4895 2545 4951 inde
2589 4893 2913 4965 acquiratur,
2968 4904 3027 4951 ut
3078 4897 3170 4952 illa
3207 4900 3545 4958 sanctissima

1942 4984 2297 5057 congregatio
2352 4983 2522 5039 vitam
2552 4998 2704 5038 suam
2761 4990 3065 5040 sustentare
3086 4986 3283 5042 valeat.
3315 4988 3385 5043 Et
3416 4991 3541 5060 qui-

1942 5088 2153 5144 cunque
2174 5074 2275 5129 hoc
2303 5087 2523 5129 censum
2556 5072 2721 5143 (quod
2750 5071 2984 5128 domnus
3023 5073 3292 5131 Robertus
3351 5087 3541 5135 noster

1944 5163 2170 5231 amicus,
2200 5171 2380 5219 vester
2405 5169 2583 5219 autem
2614 5161 2795 5216 animo
2844 5165 2900 5215 et
2949 5176 3179 5234 corpore
3231 5163 3533 5235 familiaris,

1942 5251 2075 5307 mihi
2103 5252 2191 5309 die
2218 5266 2282 5309 ac
2310 5258 2467 5307 nocte
2495 5249 2693 5305 addere
2723 5249 2918 5322 suasit)
2951 5250 3005 5306 in
3053 5251 3162 5309 alio
3197 5253 3317 5311 loco
3366 5255 3537 5311 mise-

1941 5340 2033 5411 rit,
2064 5340 2189 5411 nisi,
2222 5339 2359 5395 sicut
2385 5339 2756 5412 supradictum
2809 5345 2908 5408 est,
2950 5347 3003 5396 et
3042 5347 3098 5396 ut
3158 5341 3273 5414 ipse
3310 5343 3533 5413 proprio

1941 5444 2034 5489 ore
2055 5429 2214 5489 vobis
2252 5427 2478 5503 dixerit,
2534 5443 2656 5486 cum
2710 5426 2851 5485 Juda
2907 5428 3171 5489 traditore
3218 5431 3274 5488 in
3322 5430 3537 5490 inferno

3174 5750 3245 5815 30
