3956 6084
421 329 523 381 939

1464 305 1529 360 S.
1579 301 1900 357 HUGONIS
1939 298 2113 354 ABBA
2151 294 2673 352 CLUNIACENSIS.

3628 299 3742 353 9L0

416 445 680 504 sustineat
703 457 913 516 pmnas,
946 447 999 495 et
1061 452 1090 492 a
1157 433 1330 490 fronte
1351 429 1464 484 suis
1527 434 1711 516 careat
1747 424 2008 516 lucernis.
2041 422 2095 483 A
2123 419 2514 516 A-trebatensis,
2546 417 2813 516 simulque
2842 417 3094 516 instinctu
3153 418 3522 516 quorumdam.
3565 419 3737 516 print

495 513 857 605 Quapropter,
916 526 1144 600 egregie
1200 523 1382 586 Pater,
1441 515 1673 588 supplici
1729 513 2020 605 devotione

416 603 573 680 tuam
600 603 834 694 deposco
883 613 1249 679 clementiam,
1279 609 1409 664 huic
1464 603 1835 694 deprecationi
1882 617 2019 657 meae

419 693 810 784 benignoisinu
835 707 1047 773 favens,
1088 717 1251 773 quam
1290 715 1321 754 a
1352 705 1401 753 te
1451 703 1635 784 petere
1683 693 1752 748 ad
1782 707 2021 784 praesens

419 780 600 871 cupio,
633 798 833 855 vellem
864 793 1182 859 admodum,
1215 789 1258 843 si
1290 785 1467 860 gratia
1512 783 1585 839 tui
1635 789 1795 849 esset,
1854 780 2017 871 dom-

420 868 549 946 uum
580 887 879 944 Robertum
911 881 1134 939 omnino
1179 879 1234 932 in
1277 873 1475 931 nostris
1519 871 1761 941 partibus
1805 868 2014 936 adesse,

422 994 585 1052 quem
615 990 888 1031 summum
918 976 1079 1041 atque
1117 965 1502 1024 charissimum
1531 975 1630 1032 pro
1659 957 1910 1014 omnibus
1926 971 2021 1052 re-

419 1045 523 1122 bus
552 1065 751 1131 habeo,
778 1078 884 1134 qua
904 1061 973 1115 de
1002 1071 1168 1115 causa
1197 1053 1392 1110 vellem
1422 1066 1546 1106 eum
1578 1063 1788 1104 mecum
1811 1061 1928 1101 esse
1957 1045 2014 1098 in

418 1157 531 1212 vita
560 1162 613 1211 et
637 1152 689 1208 in
722 1158 922 1219 morte,
945 1146 1200 1218 quoniam
1220 1142 1362 1197 illius
1382 1137 1659 1195 suﬂ‘ulcior
1678 1135 1848 1205 (146),
1880 1134 2021 1204 ejus-

417 1261 522 1317 que
551 1239 880 1298 dulcissimis
905 1235 1086 1294 verbis
1113 1233 1332 1290 foveor.
1367 1229 1508 1283 Nam
1537 1225 1685 1317 scitis
1713 1239 1813 1317 pro
1869 1230 2016 1278 certo

417 1313 602 1390 vestro
631 1330 754 1386 usui
785 1343 905 1384 esse
935 1339 1096 1382 omne
1134 1319 1428 1379 consilium
1475 1315 1618 1387 quod
1664 1313 1843 1385 agitur
1885 1325 2017 1382 erga

417 1438 528 1492 me,
567 1420 799 1491 ideoque
828 1424 887 1471 ut
919 1429 1106 1471 curam
1135 1409 1241 1465 mei
1273 1405 1516 1462 habeatis
1543 1417 1703 1474 rogo,
1737 1409 1792 1492 ut
1820 1398 2018 1492 nullius

413 1486 576 1569 causa
592 1486 968 1577 impedimenti
998 1497 1284 1556 dimittatis
1313 1495 1445 1567 quin
1488 1493 1542 1547 in
1584 1488 1788 1547 nostris
1834 1486 2013 1560 parti-

421 1599 525 1654 bus
553 1597 778 1654 omnino
807 1607 929 1648 eum
960 1587 1149 1645 sinatis
1177 1585 1440 1641 habitare.

485 1689 567 1742 De
586 1686 833 1740 Romano
863 1686 1040 1736 autem
1072 1675 1252 1733 oﬁicio
1280 1671 1424 1744 quod
1451 1679 1541 1726 tua
1564 1666 1808 1739 jussione
1853 1678 2013 1720 acce-

417 1777 620 1848 pimus,
643 1771 823 1828 sciatis
850 1775 1090 1824 nostram
1122 1773 1324 1821 terram
1373 1759 1665 1816 admodum
1713 1753 2010 1811 desolatam
2041 1777 2094 1837 B

417 1847 579 1921 esse:
603 1861 746 1918 unde
764 1866 998 1916 vestram
1022 1855 1286 1926 deprecor
1314 1847 1715 1920 paternitatem,
1751 1851 2014 1914 quatenus

417 1952 627 2009 faciatis
655 1958 713 2004 ut
741 1949 975 2004 domnus
1002 1959 1148 2014 papa
1177 1939 1334 1996 nobis
1353 1953 1507 1992 suum
1537 1933 1715 1990 mittat
1755 1930 2013 1987 cardina-

411 2043 540 2108 lem,
571 2038 836 2095 videlicet
863 2035 1125 2090 domnum
1155 2027 1464 2094 Giraldum,
1495 2031 1553 2080 ut
1592 2039 1657 2078 ea
1710 2035 1830 2091 quae
1887 2024 2014 2108 sunt

411 2106 754 2188 emendanda
783 2121 1055 2190 emendet,
1114 2127 1167 2175 et
1221 2133 1285 2174 ea
1340 2129 1462 2187 qua:
1512 2118 1634 2168 sunt
1688 2106 2012 2180 corrigenda

411 2219 665 2292 corrigat.
698 2214 837 2272 Vale
849 2254 864 2268 .

1143 2322 1267 2378 XII.

699 2430 1029 2476 CLEMENTIE
1067 2422 1372 2469 COHITISSE
1410 2417 1723 2461 FLANDRIE.

408 2545 620 2617 Invitat
642 2540 810 2617 ίιιαηι
826 2535 898 2617 ρέί
914 2517 2010 2617 "formarit":t’ioltﬁii‘fff‘j'tt.§;§?fj

643 2590 801 2684 'q'iBa
816 2590 958 2664 titan
967 2590 1179 2661 ἔασεηεὶ
1191 2597 1425 2655 omnino
1446 2590 1860 2664 subjiciendum
1871 2599 2006 2658 pro-

479 2685 695 2741 mittit.

567 2785 884 2861 (Msariarzs,
916 2783 1181 2838 Thesaur.
1202 2775 1432 2842 Anecd.,
1455 2781 1492 2828 t.
1523 2773 1567 2840 Ι,
1600 2786 1655 2842 p.
1690 2768 1837 2837 309.)

491 2916 551 2970 In
599 2911 822 2968 nomine
866 2906 1062 2974 Patris,
1113 2909 1167 2958 et
1229 2898 1380 2964 Filii,
1431 2904 1483 2950 et
1529 2892 1762 2963 Spiritus
1805 2886 1999 2943 sancti.

411 3005 625 3062 Domno
655 3000 880 3054 Hucom
925 3000 1126 3050 sanetae
1173 2981 1549 3043 Cluniacensis
1594 2979 1854 3036 Ecclesiae
1905 2975 2008 3031 ab-

410 3095 549 3163 bati,
609 3091 933 3145 CLausN'ru
990 3075 1403 3136 Flandrensium
1457 3070 1749 3136 comitissa,
1794 3066 2006 3148 beatam

411 3199 534 3239 cum
563 3180 776 3236 dextrae
808 3173 975 3246 partis
1004 3169 1204 3226 ovibus
1234 3163 1555 3236 portionem.

476 3267 747 3340 Quoniam
778 3245 847 3319 de
877 3258 1090 3333 pietatis
1120 3261 1312 3311 vestrae
1341 3247 1664 3312 visceribus,
1708 3245 1871 3340 Pater
1891 3257 2005 3340 .re-

408 3331 668 3422 verende,
689 3331 981 3426 plurimum
1012 3357 1308 3418 praesumo,
1343 3339 1548 3394 idcirco
1597 3349 1694 3407 pro
1749 3331 2012 3428 religione

412 3453 467 3506 in
496 3446 743 3521 partibus
769 3439 972 3497 nostris
1000 3452 1100 3508 per
1127 3448 1228 3491 vos
1259 3425 1656 3521 construenda,
1674 3438 1817 3520 nunc
1868 3425 2010 3521 scri-

404 3509 696 3610 ptis,nunc
717 3526 1078 3592 internuntiis,
1116 3517 1439 3576 ﬁducialiter
1484 3515 1556 3569 ad
1585 3509 2009 3610 misericordiam

417 3597 655 3684 vestram
685 3631 928 3676 recurro.
964 3612 1188 3668 Nullum
1217 3606 1360 3662 enim
1391 3619 1529 3674 opus
1586 3599 1789 3672 gratius
1842 3597 2008 3652 Crea-

418 3713 523 3770 tori
552 3716 740 3766 nostro
772 3705 889 3761 fore
919 3699 1169 3757 existimo
1200 3709 1363 3766 quam
1392 3699 1451 3747 ut
1495 3689 1584 3744 hic
1630 3702 1851 3758 Operam
1908 3684 2010 3740 de-

411 3815 557 3868 mus,
593 3803 859 3869 quatenus
883 3790 1056 3854 locus,
1087 3783 1182 3857 qui
1207 3782 1317 3837 huc
1344 3793 1512 3869 usque
1540 3776 1703 3847 plane
1749 3780 1864 3869 erat
1918 3789 2014 3869 ec-

415 3862 588 3947 clesia
614 3862 1056 3955 malignantium,
1089 3889 1158 3928 ex
1187 3867 1405 3942 superni
1437 3871 1710 3955 respectus
1751 3862 2013 3955 immuta-

407 3979 557 4035 tione
628 3972 724 4028 ﬁat
754 3951 1018 4044 ﬁgloriosa
1064 3959 1329 4018 habitatio
1385 3957 1502 4012 Deo
1557 3951 1921 4044 servientium
1964 3957 2019 4006 et

415 4062 740 4139 regulariter
771 4039 841 4115 ac
870 4055 961 4128 pie
991 4049 1212 4108 insimul
1255 4044 1580 4139 viventium.
1636 4041 1725 4139 Et.
1761 4039 2018 4110 quoniam

417 4129 605 4212 sancta
633 4146 923 4224 prudentia
952 4149 1132 4199 vestra
1161 4136 1293 4193 mihi
1323 4132 1560 4205 scripsit,
1594 4135 1674 4199 ut,
1692 4129 1870 4224 juxta
1915 4142 2018 4184 cu-

409 4221 651 4317 jusdam-
665 4235 916 4308 superius
945 4231 1172 4297 dictum,
1203 4226 1325 4298 plus
1364 4236 1584 4317 rerum“
1616 4221 1800 4274 exitus
1857 4231 2019 4288 quam

411 4308 626 4389 initium
671 4324 1027 4388 attenderem,
1085 4329 1295 4386 vosque
1349 4308 1653 4367 discordias
1708 4320 2013 4377 procerum,

407 4435 476 4479 ac
505 4418 676 4490 ipsius
706 4411 813 4469 loci
841 4411 1066 4465 fratrum
1097 4401 1301 4469 vereri,
1335 4400 1406 4455 ad
1435 4397 1490 4452 id
1519 4396 1757 4490 primum
1786 4391 2012 4490 audaci-

2034 3132 2084 3196 C

2130 509 2329 580 cipum,
2359 523 2493 578 quos
2519 507 2588 563 ad
2617 507 2718 563 hoc
2747 521 2966 562 mecum
3019 505 3418 577 disponendum
3473 508 3738 568 alacriori

2127 596 2346 668 quidem
2379 596 2612 653 concilio
2640 595 2963 651 convocavi.
2989 594 3144 664 juxta
3175 595 3493 666 petitionem
3547 597 3738 667 ipsius

2127 685 2340 740 abbatis
2368 693 2530 754 atque
2571 683 2904 740 voluntatem
2951 684 3085 737 mihi
3128 683 3341 738 ccelitus
3378 683 3730 754 inspiratam,

2125 774 2510 829 monasterium
2578 772 2730 828 Beati
2777 771 3003 839 Bertini,
3066 772 3360 842 omniaque
3415 773 3486 828 ad
3538 774 3728 845 ipsum

2123 861 2470 934 pertinentia,
2502 869 2612 916 tam
2642 861 2880 916 exterius
2902 876 3067 930 quam
3098 860 3344 929 interius,
3376 868 3428 917 et
3457 863 3731 934 quidquid

2120 951 2191 1006 ad
2220 966 2318 1008 nos
2345 967 2410 1006 ac
2437 958 2808 1005 antecessores
2837 957 3022 1004 nostro
3069 965 3140 1004 ex
3195 950 3392 1006 eodem
3449 953 3726 1008 hactenus

2120 1039 2382 1096 attinebat
2409 1041 2525 1094 Deo
2554 1046 2607 1094 et
2661 1047 2853 1094 sancto
2917 1039 3094 1105 Petro,
3146 1038 3304 1094 vobis
3358 1054 3596 1109 quoque,
3656 1057 3730 1096 ac

2120 1129 2522 1184 successoribus
2573 1126 2764 1183 vestris
2803 1143 2901 1198 per
2955 1127 3362 1183 concessionem
3424 1127 3731 1186 dioecesani

2119 1217 2364 1289 episcopi
2418 1216 2653 1272 libenter
2733 1215 3102 1282 concedimus,
3171 1222 3225 1271 et
3281 1231 3378 1286 per
3434 1219 3731 1287 praesentis

2122 1305 2358 1376 pagimae
2409 1304 2754 1360 traditionem
2804 1304 2928 1373 jure
2951 1311 3210 1375 perpetuo
3240 1303 3530 1372 donamus,
3561 1313 3730 1377 atque

2121 1407 2220 1462 pro
2251 1393 2627 1464 redemptione
2655 1391 2850 1447 anima:
2875 1408 3034 1459 meae,
3059 1407 3122 1447 ac
3152 1407 3538 1448 successorum
3567 1411 3729 1452 meo-

2123 1496 2265 1547 rum,
2298 1496 2400 1552 pro
2427 1481 2601 1536 salute
2631 1495 2845 1551 quoque
2859 1480 3064 1536 domini
3096 1480 3203 1536 mei
3235 1480 3456 1537 Roberti
3484 1483 3725 1553 comitis,

2122 1568 2190 1625 de
2219 1569 2374 1638 cujus
2403 1569 2679 1625 voluntate
2709 1576 2870 1639 atque
2901 1584 3126 1624 assensu
3155 1585 3320 1639 super
3346 1569 3450 1625 hoc
3475 1573 3726 1643 negotio,

2122 1657 2169 1712 si
2199 1658 2336 1714 forte
2366 1658 2547 1715 divina
2578 1658 2753 1728 pietas
2781 1672 2905 1712 eum
2939 1656 3230 1724 reduxerit,
3252 1657 3548 1714 certissime
3565 1677 3725 1716 suum

2123 1745 2303 1802 locum
2332 1746 2484 1801 illum
2529 1746 2827 1801 secundum
2885 1753 3133 1802 tenorem
3188 1745 3486 1802 litterarum
3533 1749 3722 1803 domni

2120 1850 2280 1908 papae
2311 1835 2553 1906 perfecte
2575 1834 2730 1891 vobis
2749 1833 3130 1906 subjiciemus,
3163 1834 3237 1889 ita
3267 1835 3433 1890 etiam
3460 1844 3520 1892 ut
3547 1837 3724 1892 abbas

2121 1939 2153 1978 a
2181 1922 2340 1980 vobis
2370 1923 2577 1979 ibidem
2631 1922 2932 1988 ordinatus,
2978 1922 3043 1989 si,
3098 1923 3392 1978 secundum
3448 1924 3720 1997 Regulam

2118 2011 2286 2068 sancti
2316 2011 2614 2078 Benedicti,
2645 2020 2699 2066 et
2727 2026 2914 2067 sacras
2941 2011 3310 2067 institutiones
3338 2021 3535 2069 vestra
3581 2014 3719 2070 Clu-

2117 2100 2385 2156 niacensis
2413 2100 2700 2168 Ecclesiae,
2733 2115 2842 2155 non
2873 2099 3087 2167 vixerit,
3119 2098 3348 2155 liberam
3403 2101 3721 2158 facultatem

2115 2189 2452 2256 removendi,
2485 2188 2825 2258 alterumque
2855 2187 3216 2244 substituendi
3242 2187 3506 2256 habeatis,
3562 2207 3722 2260 pre-

2115 2277 2299 2334 sertim
2328 2293 2452 2333 cum
2480 2291 2588 2332 non
2645 2275 2886 2343 aliunde,
2945 2276 3047 2330 nisi
3102 2277 3171 2331 de
3192 2276 3473 2344 Cluniaco,
3533 2295 3725 2350 quem-

2117 2382 2282 2438 quam
2310 2365 2570 2437 deinceps
2592 2364 2796 2420 ibidem
2827 2364 2988 2420 liceat
3040 2380 3306 2435 praeesse.
3363 2366 3493 2421 Haec
3537 2376 3725 2425 autern

2117 2453 2304 2509 omnia
2361 2467 2620 2509 concessa
2677 2461 2729 2508 et
2788 2452 3014 2508 firmiter
3066 2453 3373 2510 collaudata
3432 2462 3558 2510 sunt
3613 2457 3722 2512 sub

2118 2541 2422 2598 testimonio
2451 2539 2832 2610 episcoporum
2890 2550 3498 2612 supramemoratorum,
3551 2544 3720 2600 Joan-

2116 2629 2199 2684 nis
2226 2629 2603 2697 Tarnavensis,
2630 2637 2683 2684 et
2711 2629 2984 2684 Lamberti
3013 2629 3415 2699 Atrebatensis,
3451 2646 3519 2688 ac
3574 2634 3719 2703 Opti-

2117 2727 2318 2773 matum
2349 2734 2613 2784 meorum,
2649 2719 2859 2774 scilicet
2887 2717 3110 2774 Roberti
3139 2719 3207 2774 de
3221 2718 3518 2789 Bethunia,
3543 2721 3724 2793 ipsius

2117 2807 2349 2863 abbatiae
2403 2807 2675 2874 advocati,
2728 2815 2892 2880 atque
2951 2807 3216 2862 Balduimi
3259 2809 3512 2878 ejusdem
3567 2811 3718 2866 villae

2117 2896 2423 2964 castellani,
2455 2911 2556 2951 nec
2583 2911 2691 2951 non
2719 2895 2948 2951 Baldrici
2979 2912 3194 2968 magnae
3241 2898 3524 2966 probitatis
3579 2900 3715 2956 viri.

2117 2985 2198 3040 Ad
2229 2993 2468 3040 vestram
2506 2998 2638 3056 ergo
2655 2983 2998 3054 prudentiam
3017 2991 3182 3057 atque
3215 2987 3560 3042 sanctitatem
3587 3005 3722 3058 spe-

2117 3083 2223 3128 ctat
2247 3073 2425 3129 locum
2455 3073 2610 3128 illum
2641 3087 2740 3146 pro
2770 3089 2959 3130 amore
2987 3072 3091 3129 Dei
3119 3090 3181 3129 ex
3214 3074 3406 3129 vestris
3449 3075 3721 3148 religiosis

2113 3162 2361 3234 personis
2391 3178 2454 3216 ac
2482 3162 2728 3218 honestis
2750 3162 2880 3216 viris
2911 3161 3104 3233 quibus
3130 3161 3418 3218 abundatis
3449 3164 3529 3220 sic
3556 3165 3717 3220 ordi-

2113 3267 2266 3319 nare,
2296 3258 2562 3322 quatenus
2593 3248 2797 3304 malitia
2827 3249 2963 3304 inibi
2993 3249 3198 3306 diutius
3223 3251 3339 3320 jam
3364 3251 3556 3307 inolita
3605 3269 3715 3324 pe-

2113 3339 2256 3394 nitus
2284 3339 2634 3410 exstirpetur,
2659 3344 2821 3410 atque
2849 3337 2905 3392 in
2933 3337 3041 3396 vita
3069 3353 3392 3411 morumque
3423 3341 3712 3397 honestate

2113 3427 2316 3483 ibidem
2347 3425 2780 3484 conversantium
2811 3441 3009 3483 nomen
3036 3426 3254 3484 Domini
3283 3442 3383 3501 per
3425 3427 3610 3486 omnia
3639 3428 3712 3485 ab

2111 3517 2364 3574 omnibus
2394 3514 2742 3590 gloriﬁcatur.
2776 3518 2976 3573 Amen.

2831 3640 2981 3697 XIII.

2478 3745 2740 3786 ROTGBIUI
2781 3745 3008 3786 COMITIS
3047 3745 3346 3788 FUXBNSIS.

2118 3853 2384 3912 Concedit
2414 3853 2642 3925 Huqom’
2673 3853 2860 3910 locum
2879 3854 3080 3910 Sancti
3103 3854 3413 3911 Saturnini
3441 3854 3716 3913 Fredela-

2258 3928 2444 3982 censis
2460 3927 2790 3982 monasticis
2805 3925 3095 3982 institutis
3115 3926 3571 3996 infamandam.

2500 4022 2818 4092 (Mauram,
2849 4023 3008 4085 ibid..
3043 4023 3148 4079 col.
3183 4024 3330 4095 311.)

2189 4122 2402 4178 Domno
2457 4122 2680 4177 Hucom
2735 4119 2921 4177 abbati
2979 4119 3344 4190 Cluniacensi,
3389 4122 3718 4180 Romanius

2117 4227 2301 4268 comes
2358 4211 2425 4266 de
2475 4211 2634 4282 Foys,
2692 4218 2744 4266 et
2796 4226 2936 4266 uxor
2989 4210 3112 4280 ejus
3162 4213 3355 4282 Aures,
3397 4219 3450 4268 et
3486 4212 3717 4269 omnino

2117 4301 2258 4356 servi
2305 4314 2405 4372 pro
2451 4313 2616 4371 posse
2657 4298 2739 4356 sui
2780 4313 2816 4356 ι
2871 4297 3150 4359 Salvatore
3199 4314 3319 4369 suo,
3378 4298 3612 4356 salutem
3661 4311 3720 4359 et

2114 4404 2274 4461 Opem
2286 4426 2302 4442 .

413 4475 497 4565 ter
521 4475 826 4577 respondeo
853 4495 1001 4570 quod
1030 4494 1083 4550 in
1113 4494 1218 4548 hoc
1263 4503 1388 4544 meo
1435 4483 1734 4558 proposito,
1793 4481 2012 4577 omnino
2040 4513 2088 4576 Β
2183 4478 2384 4577 Natum
2413 4485 2509 4577 est.
2522 4475 2700 4546 nobis,
2722 4476 2880 4533 Pater
2905 4483 2959 4532 et
3003 4475 3270 4577 magister
3312 4476 3721 4577 animarunque

413 4598 592 4664 ﬁrma,
611 4570 735 4648 imo
765 4581 1233 4649 constantissime,
1263 4579 1378 4633 Deo
1428 4570 2008 4664 team-perseverabo,

410 4703 512 4743 nec
539 4660 639 4757 pro
669 4675 1010 4737 dissensione
1039 4683 1324 4744 procerum
1355 4680 1476 4738 quae
1517 4661 1664 4718 nulla
1705 4660 1827 4728 erit,
1885 4675 2008 4758 cum

407 4755 651 4830 maxime
682 4767 833 4825 cordi
863 4767 944 4820 sit
991 4759 1266 4825 omnibus,
1316 4771 1416 4810 nec
1471 4767 1573 4822 pro
1627 4755 2012 4806 controversiis

407 4878 507 4917 seu
537 4852 1062 4916 contradictionibus
1093 4849 1337 4911 fratrum,
1370 4857 1504 4915 quas
1561 4837 1888 4896 omnimodis
1941 4836 2011 4892 ad

406 4946 637 5004 nihilum
669 4944 1000 5014 redigemus,
1037 4954 1068 4994 a
1101 4945 1207 4992 tam
1239 4941 1424 4990 sancto
1465 4945 1649 5002 opere,
1677 4936 1893 4998 tamque
1921 4925 2010 4996 pia

407 5035 726 5101 intentione,
758 5030 935 5102 quoad
977 5028 1185 5094 vixero,
1237 5036 1473 5093 unquam
1517 5015 1826 5074 declinabo.
1892 5015 2010 5086 Ego

407 5126 580 5199 igitur
611 5118 928 5186 Clementia,
962 5116 1130 5188 gratia
1172 5113 1272 5167 Dei
1321 5106 1668 5199 Flandrensis
1716 5102 2008 5172 comitissa,

403 5195 597 5270 eadem
627 5211 893 5283 potestate
931 5220 994 5259 ac
1021 5201 1317 5258 stabilitate
1362 5212 1471 5270 qua
1522 5195 1775 5283 dominus
1826 5208 2002 5283 meus,

400 5305 532 5361 dum
563 5279 748 5358 adhuc
777 5297 832 5352 in
869 5302 1017 5350 terra
1045 5305 1145 5347 sua
1175 5295 1340 5356 esset,
1374 5299 1713 5357 quaecunque
1734 5281 1871 5353 juris
1900 5279 2006 5336 mei

404 5403 530 5450 sunt
561 5390 822 5449 ordinans
851 5394 1014 5456 atque
1046 5380 1359 5450 disponens,
1382 5374 1611 5430 consilio
1624 5369 2005 5443 episcoporum

394 5495 664 5548 meorum,
689 5473 920 5533 Joannis
941 5467 1192 5528 videlicet
1220 5461 1560 5531 Morinensis,
1612 5469 1667 5517 et
1722 5457 1998 5515 Lamberti

467 5606 616 5678 (ηδ)
647 5603 806 5660 Drest
833 5596 1059 5657 verbum
1087 5587 1332 5662 aliquod.

2116 4574 2324 4639 pastor,
2339 4570 2475 4622 teste
2495 4565 2735 4621 humano
2751 4581 2953 4638 genere
2974 4565 3174 4636 passim
3195 4565 3436 4638 quotidie
3455 4567 3718 4638 obeunte,

2119 4671 2225 4710 non
2251 4670 2350 4710 nos
2376 4669 2593 4725 semper
2621 4653 2985 4725 corporaliter
3013 4655 3202 4711 vivere
3223 4670 3400 4726 posse.
3425 4655 3553 4711 Ideo
3575 4671 3718 4711 con-

2116 4743 2240 4799 silio
2267 4743 2397 4799 inito
2425 4743 2567 4799 inter
2592 4758 2692 4799 nos
2718 4743 2785 4798 ad
2815 4741 3115 4798 remedium
3145 4751 3199 4799 et
3244 4751 3558 4799 nostrorum
3616 4760 3718 4799 sa-

2117 4834 2283 4889 lutem
2313 4832 2633 4899 animarum,
2664 4831 3158 4903 remissionemque
3187 4848 3310 4904 qua:
3340 4832 3550 4905 egimus
3577 4849 3717 4904 pec-

2117 4930 2381 4991 catorum,
2445 4939 2514 4977 ex
2565 4921 2905 4989 haereditate,
2965 4936 3129 4992 quam
3189 4921 3245 4975 in
3301 4921 3718 4992 praesentiarum

2115 5011 2398 5082 possidere
2425 5011 2696 5078 videmur,
2759 5009 3082 5080 transitoria,
3123 5008 3256 5066 dare
3295 5010 3452 5066 vobis
3497 5017 3721 5080 partem

2113 5101 2233 5172 jam
2254 5100 2638 5171 disposuimus,
2667 5107 2721 5154 ut
2751 5107 3070 5172 perpetuam
3100 5114 3409 5155 mereamur
3432 5114 3555 5155 cum
3596 5099 3721 5155 Do-

2113 5189 2260 5246 mino
2291 5189 2622 5258 mercedem,
2655 5204 2760 5260 qua
2775 5195 2898 5260 post
2910 5203 3196 5260 corporum
3219 5187 3382 5244 ﬁnem
3397 5195 3714 5245 nostrorum

2111 5279 2165 5334 in
2183 5278 2390 5335 caelesti
2441 5277 2668 5335 feliciter
2720 5277 2971 5335 vivamus
3023 5277 3229 5350 requie.
3286 5276 3445 5347 Quod
3485 5292 3714 5350 quoque

2108 5368 2281 5427 vestri
2299 5366 2506 5424 ordinis
2524 5366 2738 5423 meritis
2759 5375 2810 5422 et
2831 5366 3087 5438 precibus
3102 5365 3375 5423 credimus
3422 5365 3716 5438 acquirere

2109 5455 2610 5530 superabundanter
2653 5471 2814 5529 quam
2863 5453 3101 5527 petimus
3148 5454 3350 5512 Christi
3391 5452 3716 5514 misericor-
