4032 6078
287 321 383 375 9H

289 547 389 588 vos
420 531 762 587 inducialiter
811 546 933 587 cum
966 530 1228 600 praedicta
1255 528 1545 584 donatione
1573 527 1884 584 committe-

292 636 434 675 mus.
469 620 633 675 Verbi
663 621 839 691 gratia
876 619 1107 674 Domino
1137 619 1251 673 Deo
1280 617 1522 673 Creatori
1553 632 1617 672 ac
1648 614 1887 670 Redem-

289 709 431 782 ptori
463 715 645 764 nostro
676 709 803 763 Jesu
840 707 1070 772 Christo,
1105 706 1460 780 genitricique
1487 704 1658 776 ipsius
1688 711 1890 759 sancta:

293 798 510 870 Virgini
540 797 724 851 Maria
754 803 807 850 et
851 796 1110 866 apostolis
1155 795 1356 851 sanctis
1387 792 1755 849 Cluuiacensis
1786 807 1892 846 coe-

293 887 443 943 nobii
493 887 648 941 Petro
679 893 732 940 et
777 886 963 950 Paulo,
1012 900 1113 940 nec
1163 900 1270 939 non
1317 883 1434 947 tibi,
1495 884 1673 953 Hugo,
1709 889 1891 936 sancte

293 975 523 1042 viventi,
572 973 932 1028 famosissimo
963 989 1061 1043 per
1097 972 1285 1027 orbem
1315 970 1651 1026 Cluniacensi
1683 969 1888 1034 abbati,

298 1079 407 1136 ego
435 1063 506 1118 Β.
543 1069 595 1117 et
623 1061 829 1132 conjux
859 1077 982 1116 mea
1011 1077 1108 1130 pro
1137 1058 1488 1132 acquisitione
1520 1059 1646 1114 vitae
1675 1066 1893 1114 aeterna

300 1152 679 1217 concedimus,
711 1165 838 1204 cum
861 1149 1115 1204 omnibus
1145 1148 1212 1203 ad
1243 1165 1299 1202 se
1320 1147 1737 1216 pertinentibus,
1771 1163 1892 1201 cum

300 1257 529 1298 assensu
559 1247 612 1294 et
653 1239 901 1294 ultroneo
931 1253 1196 1292 consensu
1246 1237 1462 1292 comitis
1507 1235 1783 1302 Tolosani,
1819 1236 1893 1290 lo-

302 1347 422 1385 cum
471 1327 651 1383 Sancti
681 1325 959 1394 Antonini,
995 1325 1084 1395 qui
1134 1325 1299 1396 vulgo
1331 1331 1560 1379 vocatur
1586 1323 1892 1391 Fredeleiz,

302 1427 571 1490 quatenus
600 1416 675 1470 ibi
721 1414 1005 1470 monastici
1041 1413 1277 1481 habitus,
1312 1420 1362 1468 te
1409 1420 1696 1480 statuente,
1728 1428 1896 1483 regu-

303 1507 432 1562 laris
475 1507 746 1560 inseratur
792 1503 944 1569 ordo,
1009 1503 1077 1557 ad
1126 1509 1444 1572 provectum
1490 1501 1900 1572 profectumque

304 1602 614 1652 nostrarum
644 1593 998 1662 omniumque
1041 1590 1282 1645 fidelium
1313 1589 1640 1646 animarum.

1024 1679 1179 1736 XIV.

837 1783 1073 1823 W160le
1127 1781 1347 1823 οοωτῐε
1356 1809 1367 1821 .

307 1861 580 1918 Honorem
595 1855 660 1914 de
683 1857 874 1913 Visilia
892 1857 1004 1928 ipsi
1027 1871 1351 1912 concessum
1380 1855 1567 1928 fuisse,
1582 1853 1800 1923 scribit,
1815 1867 1904 1908 ro-

521 1933 726 2001 gatque
751 1943 853 2001 pro
879 1927 1221 1983 adversariis
1244 1927 1688 1997 indulgentiam.

861 2016 1168 2082 (ΜΑιιτεΝη
1199 2015 1358 2084 ibid.)

379 2105 596 2161 Seniori
625 2120 720 2160 suo
771 2102 1121 2159 dilectissimo
1156 2103 1379 2158 domino
1409 2102 1648 2171 Huooni,
1680 2099 1905 2157 Clunia-

305 2194 455 2250 censi
511 2192 774 2249 videlicet
821 2191 1004 2247 abbati
1053 2191 1410 2260 sanctissimo,
1455 2191 1906 2259 dominorumque

305 2299 553 2338 meorum
583 2282 806 2336 fratrum
836 2280 1270 2336 Cluniacensium
1299 2279 1634 2335 sanctissimo
1665 2294 1906 2334 conven-

311 2371 408 2438 tui,
438 2385 544 2442 ego
564 2369 756 2438 cho,
775 2377 832 2424 ut
861 2369 1074 2436 dicitur,
1099 2385 1304 2437 comes,
1328 2367 1510 2424 ﬁdelia
1535 2367 1909 2423 famulamina.

379 2459 734 2515 Sanctitatem
789 2466 1027 2513 vestram
1076 2457 1214 2512 scire
1275 2457 1398 2512 volo
1456 2457 1578 2527 quia
1635 2458 1812 2512 honor
1840 2456 1911 2512 de

322 2547 534 2613 Visilia,
560 2547 647 2617 qui
677 2545 832 2602 vobis
861 2561 892 2600 a
912 2545 1400 2616 praedecessoribus
1429 2547 1566 2599 meis
1590 2545 1909 2614 jamdudum

319 2636 497 2690 fuerat
557 2635 731 2702 datus,
765 2650 908 2688 nunc
937 2649 968 2688 a
1023 2650 1130 2700 me,
1162 2650 1284 2688 cum
1349 2633 1581 2689 consilio
1622 2649 1910 2703 procerum

325 2739 566 2779 meorum
609 2721 1134 2794 prudentiorumque
1173 2721 1563 2777 canonicorum
1619 2720 1909 2777 Gratiano-

319 2812 706 2883 politauorum,
763 2826 986 2865 assensu
1017 2810 1225 2865 scilicet
1298 2809 1586 2880 Rostagni,
1633 2809 1908 2880 Wigonis,

310 2901 405 2972 qui
439 2900 664 2957 multum
692 2915 792 2970 pro
838 2899 992 2956 vobis
1022 2899 1077 2952 in
1106 2897 1215 2954 hoc
1256 2898 1476 2969 negotio
1508 2898 1908 2966 laboraverunt,

301 2989 591 3058 multaque
631 2988 700 3042 ab
764 2987 1096 3042 adversariis
1136 2987 1330 3043 vestris
1389 2987 1619 3042 adversa
1669 2987 1908 3058 perpessi

312 3085 456 3146 sunt,
498 3092 597 3132 nec
626 3091 736 3131 non
783 3084 831 3130 et
862 3075 1112 3144 aliorum,
1154 3075 1411 3132 videlicet
1448 3075 1670 3143 Adonis,
1703 3074 1908 3131 Acardi

311 3174 364 3220 et
392 3164 690 3232 Adalberti,
722 3164 813 3236 qui
842 3167 946 3219 hoc
965 3164 1168 3219 donum
1197 3172 1508 3220 constanter
1537 3165 1910 3232 laudaverunt,

314 3255 370 3309 in
423 3254 718 3326 praesentia
748 3268 962 3324 quoque
991 3253 1216 3308 fratrum
1255 3260 1568 3309 vestrorum
1599 3253 1670 3308 de
1698 3253 1921 3308 domina

315 3342 476 3401 vobis
504 3341 793 3414 perfectius
817 3349 899 3396 est
919 3341 1153 3407 debitus,
1188 3341 1473 3397 monachis
1501 3341 1701 3412 quippe
1728 3340 1920 3397 vestris

316 3433 395 3486 ibi
426 3431 642 3502 positis,
690 3430 987 3487 adversarii
1031 3430 1215 3494 vestri,
1248 3431 1338 3500 qui
1387 3429 1758 3484 fraudulenter
1783 3445 1924 3499 prae-

315 3519 482 3574 fatum
530 3519 790 3573 honorem
836 3517 940 3572 sibi
995 3525 1313 3588 rapuerant,
1345 3516 1475 3572 inde
1518 3517 1738 3588 expulsi
1764 3524 1910 3572 sunt.

321 3606 689 3676 Quamobrem
715 3606 970 3676 pietatem
1009 3613 1243 3661 vestram
1275 3605 1416 3660 votis
1444 3605 1698 3660 omnibus
1729 3621 1917 3674 exoro,

311 3704 372 3751 ut
401 3694 570 3767 patris
609 3693 717 3750 mei
747 3695 1043 3750 adversum
1092 3709 1192 3750 vos
1221 3692 1488 3749 offensam
1519 3693 1804 3750 absolvere
1831 3710 1923 3750 cu-

313 3784 464 3851 retis,
500 3783 724 3856 ejusque
743 3783 1084 3850 memoriam,
1107 3783 1245 3838 sicut
1273 3782 1379 3838 sibi
1409 3798 1528 3838 esse
1548 3783 1922 3838 necessarium

314 3872 483 3940 scitis,
535 3880 588 3928 et
616 3887 715 3927 vos
768 3871 970 3926 habere
1006 3871 1335 3942 dignemini,
1369 3879 1417 3927 et
1451 3871 1798 3928 monasteriis
1828 3887 1922 3927 ve-

317 3961 466 4029 stris,
517 3960 976 4032 quemadmodum
1025 3959 1094 4014 de
1143 3960 1343 4015 vestris
1378 3961 1658 4015 monachis
1707 3960 1921 4015 haben-

325 4047 450 4102 dam
496 4045 836 4118 percipiatis.
889 4047 992 4100 Pro
1021 4061 1110 4100 me
1166 4053 1347 4100 autem
1374 4061 1472 4102 vos
1497 4045 1787 4101 Dominum
1819 4046 1923 4100 de-

319 4133 535 4205 precari
564 4134 862 4190 admodum
892 4147 1149 4205 exposco,
1184 4140 1449 4203 quatenus
1479 4134 1548 4189 de
1571 4133 1922 4188 sublimitatis

317 4223 527 4278 honore
556 4221 690 4277 mihi
709 4222 1004 4279 commisso
1031 4221 1134 4276 sibi
1163 4221 1377 4292 placere
1406 4236 1642 4276 merear.
1682 4221 1763 4275 Illi
1793 4236 1921 4277 vero

312 4310 423 4366 duo
455 4309 653 4366 milites
700 4310 898 4366 fratres
941 4311 1217 4367 Arualdus
1241 4317 1294 4365 et
1342 4309 1532 4381 Wigo,
1563 4309 1663 4365 sub
1693 4324 1920 4380 quorum

312 4406 580 4470 potestate
627 4398 922 4470 praedictus
969 4399 1143 4454 honor
1170 4399 1420 4465 habetur,
1452 4397 1544 4470 qui
1589 4397 1748 4456 vobis
1777 4398 1907 4454 olim

1491 314 1842 370 EPISTOLE
1909 311 2400 368 DlVERSORUM.

289 444 396 498 diae
425 442 700 498 affluentia
720 442 957 514 desuper
975 441 1136 497 nobis
1155 441 1244 513 pie
1275 441 1508 511 lapsura,
1533 439 1616 494 cui
1648 439 1702 492 in
1734 437 1892 492 nobis
1921 437 1973 495 A

3488 320 3590 376 912

2075 436 2216 490 Inter
2260 451 2412 505 spem
2457 442 2766 506 metumque
2811 438 2992 508 positi,
3027 439 3155 494 dum
3205 440 3346 496 hanc
3373 442 3592 497 labilem

1998 523 2167 578 vitam
2195 525 2428 596 agimus,
2452 524 2660 579 auxilio
2690 525 2812 590 Dei,
2835 528 3187 598 consultuque
3219 546 3438 584 suorum
3462 529 3594 586 ﬁde-

1997 612 2130 667 lium
2180 613 2248 667 de
2294 612 2464 668 salute
2496 613 2690 668 animae
2735 615 2936 684 aliquid
2969 632 3066 685 pro
3097 634 3263 686 posse
3309 619 3594 690 disponere

1999 700 2270 767 volumus,
2297 702 2633 770 quatenusin
2655 702 2833 757 futuro
2867 704 3251 760 remissionem
3273 707 3594 763 delictorum

2000 797 2054 842 et
2083 789 2248 843 vitam
2278 797 2593 859 perpetuam
2644 791 2921 861 percipere
2949 808 3277 848 mereamur.
3321 797 3408 850 Est
3438 798 3596 852 nobis

1999 875 2055 930 in
2099 876 2304 945 praedio
2331 878 2550 947 proprio
2600 878 2654 931 in
2692 878 2835 944 villa,
2870 897 2994 951 quae
3046 883 3212 952 vulgo
3243 882 3440 937 dicitur
3468 887 3591 939 Ma-

2000 981 2140 1036 gnus
2171 965 2349 1032 Vicus,
2382 967 2591 1035 capella
2616 968 2866 1038 quaedam
2897 970 2950 1022 in
2983 969 3194 1026 honore
3221 972 3421 1027 Christi
3455 990 3596 1029 mar-

2005 1053 2130 1124 tyris
2188 1053 2556 1125 Christophori
2606 1064 2930 1124 constructa,
2978 1075 3138 1128 quam
3183 1069 3440 1130 procurat
3470 1064 3596 1132 qui-

2003 1143 2126 1196 dam
2149 1145 2464 1210 monachus,
2488 1144 2789 1198 Walterius
2809 1145 3001 1213 dictus,
3035 1163 3288 1202 asserens
3316 1165 3375 1204 se
3403 1159 3598 1207 vestra:

2003 1230 2354 1299 subjectionis
2401 1247 2517 1286 esse
2542 1249 2644 1302 per
2671 1234 2873 1289 omnia.
2911 1234 3068 1302 Inibi,
3102 1237 3216 1291 Deo
3245 1248 3591 1308 c00perante,

2006 1335 2103 1390 per
2132 1319 2326 1374 merita
2353 1321 2596 1389 praedicti
2619 1323 2872 1392 martyris
2894 1323 3125 1392 plurima
3155 1324 3288 1379 fiunt
3317 1327 3594 1385 miracula.

2005 1409 2124 1462 Jam
2154 1408 2228 1461 ibi
2259 1409 2692 1463 contradidimus
2713 1417 2915 1463 tantum
2939 1416 3173 1467 araturae
3203 1421 3382 1484 terra},
3433 1434 3599 1488 quau-

2008 1504 2118 1551 tum
2176 1504 2352 1567 potest
2378 1505 2500 1552 octo
2555 1497 2733 1551 bobus
2764 1499 2832 1552 ad
2879 1501 3141 1554 arandum
3171 1500 3434 1558 suﬂicere.
3464 1506 3603 1560 Dedi

2009 1585 2133 1640 huic
2161 1585 2406 1640 ecclesiae
2435 1600 2596 1640 unam
2627 1585 2856 1641 saliuam
2903 1588 3112 1656 sedem,
3146 1597 3196 1644 et
3224 1606 3388 1644 unam
3427 1594 3606 1662 patel-

2007 1669 2152 1732 lam;
2186 1685 2428 1738 uxorque
2456 1685 2579 1724 mea
2616 1686 2778 1725 unam
2813 1671 3064 1741 patellam
3096 1682 3358 1744 perpetuo
3384 1675 3522 1745 jure,
3553 1686 3608 1733 et

1929 1746 1984 1806 B
2012 1758 2262 1813 dabimus
2309 1758 2510 1829 adhuc,
2540 1759 2816 1830 nostrique
2856 1776 3224 1818 successores.
3264 1764 3384 1818 Non
3414 1780 3608 1834 parum

2009 1846 2166 1902 vobis
2209 1847 2481 1914 videatur,
2532 1847 2726 1903 damus
2757 1849 3000 1906 ecclesiae
3041 1850 3382 1906 Cluniacensi
3411 1868 3614 1910 annua-

2011 1935 2126 2003 tim,
2163 1934 2308 1990 festo
2337 1934 2504 1989 sancti
2527 1935 2775 2003 Andreae,
2808 1945 3079 1992 carratam
3102 1938 3251 2006 salis,
3285 1948 3357 2006 et,
3393 1941 3438 1994 si
3468 1943 3616 1998 Deus

2013 2039 2128 2079 rem
2184 2023 2648 2094 multiplicaverit,
2697 2025 3110 2081 emendabimus
3139 2034 3192 2082 et
3240 2044 3341 2084 nos
3370 2029 3528 2087 vobis
3557 2030 3614 2085 in

2015 2112 2192 2168 donis.
2247 2111 2479 2168 Oramus
2535 2114 2876 2169 sanctitatem
2930 2123 3166 2171 vestram
3214 2124 3271 2170 ut
3321 2119 3614 2187 praefatum

2015 2201 2194 2257 locum
2224 2201 2404 2256 velitis
2458 2201 2513 2256 in
2542 2217 2670 2258 cura
2709 2211 2892 2258 vestra
2920 2211 2973 2259 et
3026 2204 3358 2273 subjectione
3381 2222 3484 2276 pro
3513 2207 3616 2262 Dei

2017 2305 2204 2346 amore
2233 2289 2530 2360 suscipere,
2554 2299 2613 2346 ut
2639 2307 2739 2360 per
2766 2307 2864 2347 vos
2891 2308 3093 2347 nomen
3115 2294 3334 2349 Domini
3369 2294 3620 2350 laudetur

2015 2378 2237 2448 ubique.
2268 2380 2389 2433 Jam
2419 2378 2562 2433 enim
2592 2379 2647 2434 in
2690 2381 2916 2450 praefato
2944 2380 3067 2438 loco
3099 2383 3430 2438 monachilia
3451 2385 3616 2439 habi-

2020 2467 2197 2522 tacula
2243 2467 2468 2523 honeste
2495 2475 2620 2523 sunt
2664 2467 2918 2540 incoepta,
2953 2486 3076 2542 quae
3103 2470 3475 2541 perﬁcientur,
3506 2474 3621 2529 Deo

2019 2563 2310 2624 annuente,
2369 2555 2591 2610 instanti
2647 2573 2793 2612 cura.
2855 2559 3120 2614 Mittimus
3177 2560 3383 2615 litteras
3434 2569 3624 2618 nostra

2019 2652 2175 2713 parte
2189 2644 2510 2699 beatitudini
2528 2653 2744 2711 vestrae,
2763 2653 2822 2700 ut
2836 2646 3123 2703 notiﬁcetis
3133 2648 3290 2702 nobis
3307 2649 3438 2720 quid
3456 2666 3628 2720 super

2020 2732 2125 2786 hoc
2174 2732 2350 2787 velitis
2398 2733 2598 2788 facere.
2644 2734 2912 2789 Nolumus
2941 2736 3084 2792 enim
3115 2753 3288 2808 usque
3316 2738 3625 2807 pactionem

2021 2834 2092 2874 ex
2123 2821 2226 2874 hac
2251 2837 2309 2875 re
2331 2821 2532 2887 facere,
2567 2822 2742 2878 donec
2770 2823 3123 2879 rescierimus
3154 2826 3199 2880 si
3229 2841 3330 2882 nos
3360 2827 3537 2882 velitis
3567 2830 3624 2882 in

2020 2909 2122 2963 hac
2151 2908 2411 2979 petitione
2431 2910 2716 2965 exaudire.
2751 2912 2869 2967 Iloc
2899 2913 3032 2968 sciat
3060 2914 3234 2984 pietas
3262 2923 3461 2982 vestra,
3495 2932 3629 2986 quo-

2019 2996 2190 3066 niam,
2243 2998 2286 3051 si
2316 2998 2473 3052 vobis
2513 2997 2774 3069 placuerit
2819 3002 3120 3072 suscipere,
3153 3004 3359 3057 nullum
3384 3004 3496 3073 jus,
3530 3021 3631 3059 seu

1941 3101 1992 3164 α
2024 3085 2462 3155 advocationem,
2496 3103 2596 3142 nec
2624 3104 2749 3158 ego,
2783 3104 2882 3144 nec
2910 3090 3199 3159 posteritas
3230 3100 3440 3158 nostra,
3475 3092 3633 3148 volu-

2023 3189 2143 3228 mus
2171 3176 2426 3230 retinere.
2447 3174 2717 3244 Alioquin,
2739 3176 2785 3230 si
2815 3177 3120 3244 nolueritis,
3155 3179 3444 3234 consilium
3485 3195 3631 3250 quae-

2021 3278 2202 3318 remus
2232 3264 2290 3318 in
2317 3263 2436 3317 aliis
2465 3263 2622 3329 locis,
2655 3264 2758 3318 sed
2802 3264 3060 3321 libentius
3083 3267 3229 3338 apud
3255 3283 3356 3324 vos
3387 3283 3631 3326 conver-

2021 3352 2103 3406 sio
2133 3359 2275 3407 esset
2302 3351 2487 3408 uobis.
2525 3351 2713 3408 Valete
2740 3368 2975 3424 semper.

2746 3477 2898 3532 XVI.

2358 3578 2547 3621 AHBLII
2575 3581 2806 3620 ABBATIS
2836 3580 3297 3624 AURILIACRNSIS.

2098 3660 2415 3720 Commillit
2447 3663 2498 3717 ei
2527 3664 2733 3719 cellam
2773 3663 3076 3722 Cariacum
3107 3665 3557 3736 reformandam.

2391 3761 2714 3831 (Murena,
2750 3762 2906 3832 ibid.,
2941 3763 3054 3819 col.
3092 3764 3254 3826 313.)

2092 3869 2329 3924 Summae
2387 3867 2676 3936 felicitatis,
2726 3884 2791 3926 ac
2847 3870 3011 3926 totius
3064 3872 3374 3942 prudentiae
3406 3874 3628 3947 fulgore

2021 3957 2347 4025 clarissimo,
2379 3957 2512 4028 quin
2543 3958 2708 4011 etiam
2737 3959 3069 4014 venerabilis
3099 3961 3402 4032 disciplinae
3432 3964 3629 4018 studiis

2023 4044 2414 4112 eruditissimo,
2449 4044 2650 4100 domno
2687 4045 2942 4101 videlicet
2970 4048 3189 4102 Huoom
3214 4049 3338 4118 jure
3363 4050 3503 4119 juris
3531 4053 3630 4107 ab-

2020 4133 2132 4189 bati
2161 4132 2619 4199 Cluniacensium,
2651 4134 2866 4188 utinam
2891 4150 3122 4190 suorum
3145 4135 3407 4191 minimus
3435 4154 3627 4196 mona-

2020 4224 2244 4277 chorum
2275 4221 2560 4290 AuELtus,
2605 4220 2732 4277 licet
2762 4221 3036 4293 indignus,
3071 4223 3242 4279 abbas
3266 4226 3626 4283 Aureliacen-

2019 4311 2180 4378 sium,
2230 4325 2430 4366 munus
2459 4310 2776 4367 aeternitatis
2806 4311 3072 4383 optimum
3105 4328 3168 4370 ac
3198 4313 3444 4370 divinum
3473 4332 3620 4387 prae-

2017 4400 2218 4455 sidium
2254 4397 2266 4454 l

315 4487 383 4542 de
412 4503 477 4543 eo
507 4485 760 4542 resistere
804 4486 1146 4556 videbantur,
1180 4503 1324 4543 nunc
1350 4494 1531 4543 autem
1559 4486 1771 4557 plenius
1799 4487 1908 4542 im-
1936 4451 1996 4515 D
2093 4489 2228 4544 Cum
2280 4487 2584 4555 videamus,
2645 4489 2806 4544 Pater
2859 4488 3198 4557 charissime,
3248 4491 3407 4547 totius
3455 4492 3624 4551 orbis-

311 4575 575 4647 peudunt,
635 4583 688 4631 et
742 4591 801 4631 se
841 4576 1181 4647 impensuros
1261 4577 1539 4632 monachis
1591 4575 1659 4632 de
1714 4577 1911 4635 vestris

312 4665 517 4720 ibidem
573 4665 990 4721 commoraturis
1052 4664 1398 4736 pollicentur,
1454 4665 1806 4722 nihilominus
1853 4681 1912 4730 ut

313 4751 450 4823 ipsis
478 4752 696 4825 culpam
725 4752 1016 4820 dimittere,
1046 4761 1099 4808 et
1127 4753 1195 4808 de
1221 4754 1398 4824 patris
1426 4761 1479 4810 et
1504 4754 1693 4810 matris
1720 4770 1910 4812 eorum

310 4840 625 4900 meminisse
654 4841 917 4899 debeatis.
951 4841 1160 4898 Valete.

1041 4931 1160 4987 XV.

765 5033 1002 5076 wromcr
1031 5019 1464 5076 umoamartsis.

309 5107 490 5182 Oﬂert
519 5109 612 5166 illi
641 5110 849 5167 cellam
877 5108 940 5165 S.
986 5109 1368 5182 σὴν-ἰδιοβὴονὶ
1395 5109 1462 5166 de
1513 5111 1736 5182 Magno-
1751 5107 1904 5168 Vico.

690 5199 1014 5270 (Mauram,
1043 5197 1202 5268 ibat,
1233 5197 1338 5254 col.
1369 5199 1530 5267 312.)

383 5287 697 5344 Venerabili
770 5287 976 5358 abbati,
1036 5302 1100 5343 ac
1155 5286 1320 5343 totius
1373 5287 1652 5360 religionis
1713 5287 1910 5345 decore

313 5375 590 5433 adornata
622 5376 763 5432 Patri
785 5375 1008 5432 Huooni
1030 5375 1390 5444 Cluniacensi,
1404 5376 1583 5432 senior
1607 5376 1908 5433 thmcus

309 5453 720 5538 Danobriensis,
769 5473 822 5521 et
851 5465 1007 5520 Gem
1054 5465 1254 5535 conjux
1296 5465 1433 5535 ejus,
1483 5473 1644 5536 atque
1671 5466 1908 5537 ipsorum

310 5552 418 5609 duo
450 5551 568 5622 lilii,
595 5554 913 5610 BALDUINUS
941 5562 995 5610 et
1020 5554 1399 5624 Rumamus,
1433 5554 1693 5611 devotum
1725 5555 1907 5612 famu-

311 5639 500 5702 lamen
522 5650 687 5715 atque
714 5646 934 5701 aeterna
969 5641 1243 5702 felicitatis
1263 5659 1491 5722 .muuus.

2019 4596 2130 4635 sua:
2149 4576 2636 4648 redintegratiouis
2665 4577 2858 4648 gratia,
2891 4578 3140 4634 coanobia
3169 4595 3515 4652 consurgere,
3550 4583 3618 4639 de

2019 4666 2182 4724 nostri
2233 4665 2504 4738 quondam
2552 4666 2828 4721 sanctitate
2877 4666 3073 4721 famosi
3120 4669 3447 4724 contritione
3475 4686 3614 4726 con-

2017 4756 2299 4830 querimur
2327 4770 2488 4824 quam
2519 4755 2786 4809 maxime.
2817 4755 3086 4810 Caeterum
3122 4772 3240 4810 cum
3272 4757 3338 4810 ad
3369 4758 3612 4830 plenum,

2021 4845 2166 4919 quod
2194 4843 2373 4912 majus
2402 4850 2502 4910 est,
2534 4849 2775 4897 nostrum
2803 4843 3114 4898 cmnobium
3144 4859 3400 4915 reparare
3430 4850 3618 4920 nequi-

2022 4951 2160 4999 mus,
2221 4931 2414 4987 saltem
2471 4931 2762 5000 quamdam
2821 4947 2888 4986 ex
2944 4931 3146 4986 nostris
3185 4934 3460 5002 cellulam,
3495 4954 3617 5007 quae

2020 5023 2273 5079 Cariacus
2301 5020 2514 5087 dicitur,
2539 5028 2642 5075 tum
2669 5019 2860 5074 ditioni
2881 5020 3288 5091 committimus,
3312 5039 3377 5079 eo
3409 5032 3612 5082 temore

2016 5112 2223 5168 scilicet
2249 5117 2307 5165 ut
2331 5110 2446 5180 jam
2466 5107 2740 5179 praedictae
2759 5106 2969 5163 cellula
2997 5108 3196 5164 fratres
3226 5126 3292 5165 ex
3320 5112 3422 5166 tuis
3453 5129 3612 5183 regu-

2016 5201 2160 5257 lares
2189 5198 2472 5263 adhibeas,
2503 5196 2594 5267 qui
2642 5196 2715 5250 ibi
2742 5197 3003 5253 hactenus
3031 5197 3284 5254 fratribus
3314 5202 3612 5256 enormiter

2019 5288 2322 5347 viventibus
2368 5285 2540 5340 studia
2570 5284 2870 5355 disciplinae
2907 5286 3176 5357 regularis
3205 5287 3516 5357 exhibeant,
3547 5303 3613 5342 ac

2017 5377 2264 5435 ordinem
2294 5375 2435 5430 bene
2465 5373 2681 5429 vivendi
2723 5375 2974 5430 attentius
3003 5375 3316 5446 expediant,
3349 5383 3614 5447 quatenus

2020 5476 2108 5524 tua
2149 5465 2328 5539 gratia
2355 5463 2434 5517 ibi
2462 5463 2690 5518 fratrum
2732 5463 3044 5536 degentium
3075 5463 3272 5518 animae
3300 5471 3422 5532 post
3450 5463 3612 5532 hujus

2017 5555 2144 5612 vitae
2192 5550 2479 5608 terminum
2525 5549 2734 5614 futurae,
2787 5551 2966 5606 statim
3000 5564 3258 5620 prospera
3300 5557 3608 5606 mereantur

2018 5641 2290 5715 accipere.
2348 5638 2509 5708 Quod
2553 5638 2820 5715 siquidem
2874 5647 2930 5695 tu
2959 5637 3134 5708 times,
3162 5644 3219 5693 ut
3254 5645 3347 5694 aut
3376 5653 3502 5713 ego,
3526 5645 3619 5700 aut
