3956 6084
417 282 518 338 943

1524 278 1581 334 S.
1621 277 1934 336 HUGONIS
1964 278 2248 334 ABBATIS
2278 279 2594 336 CLUNIAC.

3615 288 3726 344 9“

409 405 636 480 quilibet
663 402 732 460 de
778 401 1160 474 praesentibus,
1194 416 1258 456 ac
1286 401 1354 456 de
1386 400 1580 456 futuris
1608 403 1781 458 nostri
1812 417 2001 459 coeno-
2031 405 2090 465 A
2119 403 2286 458 vitute
2315 411 2369 458 et
2397 404 2653 460 ditionem
2685 404 2739 460 in
2771 421 3013 474 munem,
3052 421 3179 462 cum
3211 409 3462 464 omnibus
3489 411 3722 468 omnino

413 496 633 550 biorum
680 491 936 548 fratribus
977 491 1046 544 de
1096 497 1184 544 tua
1231 489 1517 560 disciplina
1565 491 1735 564 (quod
1783 491 2004 564 quidem

411 584 556 639 absit
578 581 618 653 l)
685 580 1006 650 quandoque
1054 577 1258 648 aliquid
1301 577 1628 634 defraudare
1658 580 2003 646 tentaverint,

406 681 502 727 tuo
560 677 728 724 totum
757 683 858 736 per
914 665 1060 738 quod
1091 666 1158 720 ab
1216 666 1309 721 illa
1347 669 1773 738 praesumptione
1802 669 2005 739 resipi-

407 766 578 827 scant,
607 755 996 811 committimus
1041 754 1298 809 examini.
1333 754 1493 824 Quod
1520 757 1567 810 si
1599 756 1778 812 facere
1808 772 2005 811 renue—

401 848 531 914 rint,
590 845 727 899 sicut
783 849 840 898 tu
903 851 1070 898 temet
1117 843 1480 898 decrevisti...
1541 861 1606 898 ac
1661 844 1706 898 si
1737 845 2008 898 sancimus

402 932 730 1007 perenniter,
789 947 894 1000 quo
922 931 1042 998 jam
1097 930 1368 1002 praedicta
1425 932 1566 986 illius
1609 932 1762 988 cellae
1792 933 2003 998 fratres,

405 1031 495 1078 aut
523 1021 736 1092 priores
765 1019 953 1090 aliqui,
1007 1019 1318 1074 Romanum
1357 1020 1554 1075 adeant
1581 1019 1912 1090 pontificem,
1949 1028 2008 1075 ut

406 1110 552 1182 quod
582 1125 681 1180 per
710 1116 762 1163 te
791 1122 1271 1178 successoremque
1301 1116 1446 1162 tuum
1479 1107 1792 1164 eharitative
1823 1123 2008 1163 emen-

406 1200 540 1256 dare
594 1195 885 1261 voluerint,
935 1195 1058 1250 licet
1108 1195 1288 1264 inviti,
1321 1213 1421 1252 suo
1462 1196 1667 1267 judicio
1709 1197 2007 1252 emendare

412 1304 520 1344 non
552 1285 822 1342 desinant.
869 1283 1016 1339 Vale.
1051 1285 1206 1338 Vale.

1121 1399 1294 1453 XVII.

742 1503 1064 1544 THEOBALDI
1093 1502 1318 1543 GOIITIS
1347 1502 1659 1544 CAMPANI.E.

413 1579 595 1653 Oﬁ‘ert
626 1577 963 1653 Theobaldus
1003 1593 1188 1653 comes
1218 1577 1403 1653 ﬁliuni
1433 1581 1498 1633 ut
1532 1580 1693 1650 aquis
1720 1579 2003 1635 salutari-

904 1649 1001 1704 bus
1027 1650 1094 1704 Β.
1123 1649 1275 1718 Hugo
1287 1648 1506 1703 abluat.

897 1735 1112 1808 (Spieil.
1159 1743 1198 1790 t.
1250 1737 1340 1804 Vl,
1375 1738 1524 1802 “9.)

482 1858 542 1912 In
568 1853 788 1911 nomine
817 1860 1016 1907 sancta:
1053 1863 1105 1907 et
1135 1851 1433 1906 individuae
1462 1851 1757 1923 Trinitatis,
1788 1861 1841 1909 et
1871 1868 2002 1908 san-

411 1954 621 2004 ctorum
651 1941 1018 2014 apostolorum
1061 1940 1203 1996 Petri
1234 1948 1286 1996 et
1314 1941 1484 2007 Pauli,
1517 1942 1737 1996 Huaom
1771 1957 2007 1998 venera-

408 2034 505 2089 bili
536 2030 741 2098 abbati,
779 2037 833 2085 et
854 2029 1111 2085 Cluniaco
1128 2029 1459 2084 monasterio
1490 2037 1650 2100 atque
1683 2029 2004 2099 Cosseiensi,

413 2122 724 2190 domnoque
750 2119 1076 2173 Gozacnmo
1105 2117 1560 2173 reverendissimo
1583 2117 1702 2186 ejus
1731 2118 1835 2174 loci
1865 2135 2007 2187 pra:-

411 2209 610 2282 posito,
669 2222 967 2276 eorumque
1039 2205 1463 2273 successoribus,
1521 2207 1850 2260 TETBALDUS
1905 2207 2004 2262 Dei

413 2297 588 2370 gratia
644 2296 979 2350 Francorum
1031 2309 1233 2361 comes,
1267 2300 1319 2348 et
1370 2309 1506 2349 uxor
1533 2295 1650 2364 ejus
1679 2298 2002 2360 ADELAIDlS,

411 2401 536 2444 cum
565 2383 688 2438 filiis
715 2384 825 2438 suis
857 2383 909 2436 in
938 2391 1285 2454 perpetuum.

480 2473 709 2544 Quoties
733 2472 1090 2542 omnipotenti
1121 2473 1236 2528 Deo
1267 2472 1530 2528 bonorum
1561 2473 1802 2528 omnium
1834 2473 2005 2545 largi-

412 2564 514 2619 tori
543 2562 819 2634 quaedam,
854 2562 980 2617 licet
1009 2576 1204 2632 pauca,
1251 2561 1426 2617 laudis
1455 2578 1572 2617 suae
1603 2562 1792 2616 usibus
1812 2562 2007 2631 profu-

409 2660 536 2708 tura
567 2651 922 2712 conferimus,
973 2666 1071 2704 sua
1101 2649 1206 2704 sibi
1233 2649 1526 2716 reddimus,
1560 2666 1668 2705 non
1699 2659 1883 2704 nostra
1901 2650 2008 2705 lar-

412 2741 612 2813 gimur,
646 2746 911 2810 quatenus
960 2739 1076 2793 haec
1105 2744 1333 2809 agentes
1362 2738 1530 2792 simus
1577 2755 1684 2793 non
1714 2738 1780 2792 de
1810 2738 2009 2794 nostris

414 2827 734 2882 muneribus
763 2825 908 2891 elati,
941 2825 1036 2879 sed
1083 2827 1315 2894 acceptis
1341 2840 1372 2878 a
1401 2827 1516 2880 Deo
1561 2826 1876 2880 muneribus
1899 2843 2008 2882 non

414 2914 612 2987 ingrati
639 2931 650 2976 ;
686 2912 818 2966 nihil
849 2912 1064 2982 quidem
1094 2912 1271 2983 magis
1300 2913 1570 2983 ingratum
1597 2921 1694 2978 est,
1728 2921 1780 2968 et
1806 2930 1835 2968 a
1865 2915 2007 2969 Chri-

407 3003 585 3060 stiana
612 3001 816 3073 pietate
845 3007 1057 3056 constat
1103 3002 1322 3070 penitus
1353 3000 1587 3055 alienum
1629 3017 1790 3073 quam
1821 3002 1869 3057 ei
1899 3018 2006 3056 non

407 3093 601 3147 saltem
623 3092 678 3145 in
709 3088 945 3143 minimis
973 3104 1072 3158 pro
1094 3095 1242 3158 parte
1273 3087 1454 3160 aliqua
1485 3088 1810 3155 ministrare,
1840 3105 1868 3143 a
1898 3105 2004 3159 quo
2033 3117 2083 3181 α

410 3196 521 3236 non
549 3180 722 3236 solum
752 3177 1114 3249 praesentibus
1162 3177 1538 3248 temporalium
1568 3193 1746 3233 rerum
1776 3193 2004 3248 corpore

412 3285 600 3324 sumus
647 3267 822 3323 effecti
854 3266 1135 3337 sublimes,
1189 3283 1379 3322 verum
1411 3267 1710 3322 futurorum
1741 3267 2002 3322 bonorum

408 3373 513 3430 per
562 3357 734 3427 ipsius
777 3355 1142 3427 largissimam
1186 3354 1622 3411 misericordiam
1659 3356 1714 3409 in
1743 3363 2000 3412 aeternum

405 3454 654 3517 optamus
682 3444 798 3500 ﬁeri
851 3444 1118 3499 hmredes.

476 3534 718 3590 Scientes
749 3547 882 3603 ergo
916 3531 1043 3601 quia
1095 3529 1290 3585 fiducia
1320 3547 1520 3604 magna
1549 3539 1628 3586 est
1653 3532 1796 3602 apud
1827 3533 2002 3588 Deum

408 3624 754 3691 eleemosyna
811 3619 1138 3674 facientibus
1185 3634 1325 3683 eam,
1359 3635 1424 3674 eo
1479 3618 1775 3689 inspirante
1816 3625 1870 3676 et
1899 3621 1998 3676 do-

406 3718 590 3777 nante,
641 3707 850 3762 amicos
879 3706 1039 3761 nobis
1085 3706 1140 3759 in
1167 3707 1422 3775 praesenti
1454 3707 1632 3763 facere
1669 3708 1996 3780 cogitamus,

408 3814 440 3853 a
498 3795 692 3867 quibus
719 3801 842 3866 post
898 3794 1036 3848 hanc
1089 3793 1257 3848 vitam
1315 3795 1369 3848 in
1410 3799 1613 3850 aeterna
1661 3797 2000 3851 tabernacula

408 3884 574 3955 recipi
595 3898 920 3939 mereamur.
949 3881 1296 3953 Quapropter
1323 3899 1426 3955 ego
1456 3883 1764 3948 Tetbaldus,
1784 3889 1838 3940 et
1861 3900 2002 3940 uxor

411 3989 532 4030 mea
585 3971 879 4040 Adelaidis,
925 3971 1232 4048 sanctitatis
1264 3977 1320 4026 et
1347 3971 1650 4043 religionis,
1682 3990 1803 4042 qua?
1834 3991 2001 4045 penes

412 4070 664 4120 sanctum
711 4067 946 4116 vestrum
995 4059 1288 4131 collegium
1317 4061 1513 4115 nostris
1542 4061 1879 4132 temporibus
1911 4062 2000 4116 di-

408 4151 540 4208 vina
602 4149 777 4222 gratia
805 4148 1069 4220 largiente
1117 4149 1298 4218 potior
1323 4148 1698 4219 celebriorque
1754 4150 1999 4216 habetur,

412 4239 518 4294 ﬁde
547 4247 597 4294 et
618 4237 907 4293 devotione
932 4237 1183 4307 permoti,
1216 4237 1325 4292 imo
1345 4236 1444 4292 Dei
1473 4237 1824 4308 inspiratione
1850 4254 2004 4293 com-

414 4327 623 4393 moniti,
655 4325 903 4382 Odonem
949 4324 1117 4379 ﬁlium
1151 4333 1395 4380 nostrum
1437 4341 1601 4381 sacra.
1631 4327 2004 4397 regeneratio-

411 4417 497 4472 nis
525 4413 798 4486 mysteriis
843 4412 1208 4469 innovandum
1239 4429 1272 4467 a
1329 4420 1510 4467 vestra
1552 4414 1870 4484 paternitate
1901 4415 2002 4469 de-

412 4505 752 4571 stinavimus,
785 4502 906 4567 rati,
939 4517 1174 4571 superna
1189 4501 1540 4572 dispensante
1569 4502 1878 4565 clementia,
1904 4501 2006 4556 sibi

409 4609 521 4649 non
571 4591 728 4646 inane
772 4589 1010 4642 futurum
1060 4587 1428 4660 religiosiores
1477 4602 1638 4657 quam
1683 4588 1904 4642 ditiores
1949 4587 2006 4641 in

412 4680 622 4735 Christo
677 4677 934 4733 habuisse
990 4684 1260 4747 parentes,
1320 4675 1389 4730 ad
1411 4675 1565 4744 cujus
1593 4676 1789 4747 gratiae
1819 4680 1871 4730 et
1902 4675 2004 4730 de-

410 4766 670 4823 fensionis
719 4774 918 4821 nostra
969 4764 1380 4836 prOpensiorem
1427 4763 1698 4832 effectum,
1729 4763 2005 4820 efficacio-

411 4869 638 4923 remque
667 4853 993 4923 profectum,
1043 4859 1348 4907 nostrorum
1391 4852 1549 4906 etiam
1581 4852 2006 4922 redemptionem

409 4948 782 5014 peccatorum,
828 4941 884 4995 in
923 4940 1201 4996 servitium
1244 4949 1297 4996 et
1325 4939 1556 5012 gloriam
1587 4940 1802 4995 Domini
1833 4939 2007 4996 nostri

411 5031 539 5086 Jesu
593 5028 814 5096 Christi,
867 5035 1284 5100 sanctorumque
1343 5028 1718 5098 apostolorum
1767 5028 1907 5084 Petri
1955 5036 2009 5084 et

411 5117 584 5186 Pauli,
640 5123 842 5172 sanctae
899 5117 1206 5186 paternitati
1277 5123 1490 5183 vestras,
1548 5122 1603 5174 et
1679 5117 2006 5174 monasterio

409 5207 688 5274 Cluniaco,
737 5211 863 5259 voto
909 5217 975 5258 ac
1015 5204 1303 5259 traditione
1349 5205 1578 5260 solemni
1625 5207 2009 5277 perpetualiter

410 5294 759 5352 concedimus
786 5300 840 5347 et
870 5291 1139 5346 donamus
1178 5291 1466 5362 quamdam
1497 5292 1550 5347 in
1580 5301 1770 5350 nostro
1800 5294 2007 5352 allodio

412 5385 619 5452 villam,
653 5398 774 5455 qute
805 5380 1088 5436 Cossiacus
1133 5379 1349 5447 dicitur,
1378 5395 1500 5434 cum
1531 5381 1648 5452 ipso
1679 5381 1908 5451 allodio,
1940 5398 2007 5440 eo

407 5489 509 5545 per
536 5471 720 5529 omnia
749 5484 856 5541 quo
897 5483 1000 5524 nos
1047 5482 1170 5523 eam
1216 5467 1476 5523 hactenus
1501 5469 1624 5539 jure
1653 5473 1706 5524 et
1744 5477 2006 5542 potestate

412 5561 706 5629 tenuimus,
738 5557 809 5614 ab
837 5557 987 5617 omni
1005 5555 1214 5614 scilicet
1241 5553 1548 5629 aliquorum
1576 5556 1856 5614 hominum
1883 5574 2004 5616 ser-

2113 490 2181 544 ad
2225 506 2346 546 eam
2392 493 2543 561 juste
2589 493 3002 563 pertinentibus,
3050 494 3106 550 id
3136 503 3236 563 est,
3269 497 3422 552 terris
3468 499 3627 554 cultis
3660 509 3719 556 et

2113 579 2346 645 incultis,
2403 581 2595 650 pratis,
2654 582 2826 648 silvis,
2859 582 3016 654 aquis
3046 598 3413 655 aquarumque
3462 588 3712 643 excursi-

2113 667 2212 721 bus
2237 667 2659 742 circumquaque
2689 670 2756 724 de
2779 670 2902 739 jure
2943 672 3111 743 ipsius
3141 674 3428 743 potestatis
3457 678 3710 732 existen-

2113 756 2297 822 tibus;
2356 759 2525 812 servis
2575 775 2791 830 quoque
2847 767 2900 814 et
2945 761 3178 828 ancillis,
3213 763 3590 836 capitecensis,
3621 765 3714 821 vel

2112 843 2268 900 aliter
2295 861 2352 900 se
2382 847 2726 915 habentibus,
2785 849 3102 920 caeterisque
3144 851 3450 907 redditibus
3478 856 3712 918 cunctis,

2114 941 2274 1002 atque
2325 935 2806 990 consuetudinibus
2856 937 3016 1006 justis
3068 941 3122 992 et
3177 939 3499 1006 actionibus,
3555 944 3712 1000 nullo

2113 1036 2333 1091 prorsus
2379 1023 2449 1076 ad
2505 1038 2604 1078 nos
2661 1033 2910 1094 respectu
2969 1028 3422 1085 consuetudineve
3479 1038 3713 1097 retenta,

2113 1118 2204 1163 aut
2231 1110 2414 1165 debita
2443 1113 2714 1166 servitutis
2746 1113 2927 1184 aliqua
2956 1114 3216 1185 pensione
3249 1116 3367 1173 sive
3395 1120 3708 1186 exactione,

2114 1199 2278 1253 modo
2308 1199 2548 1268 quolibet
2575 1199 2906 1267 exhibenda,
2939 1210 3204 1273 quatenus
3232 1204 3505 1275 universa,
3539 1215 3648 1262 tam
3678 1225 3711 1264 a

2115 1286 2274 1342 nobis
2297 1303 2457 1356 quam
2489 1304 2520 1340 a
2565 1288 3006 1344 ministerialibus
3036 1299 3090 1345 et
3119 1293 3482 1349 servientibus
3507 1297 3712 1351 nostris

2112 1380 2166 1434 in
2197 1388 2306 1435 tota
2340 1380 2430 1435 illa
2473 1373 2836 1450 possessione,
2888 1383 3182 1452 cujuslibet
3225 1389 3593 1457 oppressionis
3620 1399 3712 1445 aut

2113 1468 2500 1540 inquietudinis
2557 1471 2767 1524 occasio
2824 1471 3003 1526 modis
3059 1472 3310 1528 omnibus
3345 1485 3708 1548 amputetur;

2114 1557 2227 1610 Deo
2258 1565 2434 1612 autem
2467 1556 2597 1611 inibi
2645 1559 2935 1614 militantes
2965 1576 3087 1614 cum
3119 1562 3266 1616 omni
3313 1579 3451 1634 pace
3479 1573 3534 1620 et
3565 1575 3714 1622 tran-

2115 1645 2356 1714 quilitate
2387 1646 2558 1700 libera
2611 1646 2826 1701 Domini
2874 1649 3134 1704 servitute
3184 1649 3456 1710 fruantur.
3504 1653 3718 1723 Quibus

2033 1753 2086 1813 Β
2117 1733 2338 1804 insuper
2377 1734 2705 1788 auxiliarem
2751 1751 2972 1790 manum
3021 1746 3259 1793 nostram
3312 1741 3618 1812 ubicunque
3667 1752 3720 1798 et

2116 1822 2378 1876 adversus
2413 1837 2764 1893 quoscunque
2811 1823 3124 1896 indigerint,
3157 1827 3245 1882 vel
3296 1829 3434 1885 ratio
3466 1832 3720 1900 postula-

2115 1910 2272 1976 verit,
2335 1918 2442 1964 tam
2493 1911 2916 1980 praesentissima
2955 1929 3121 1984 quam
3152 1915 3543 1974 humanissime
3565 1937 3720 1976 sem-

2115 2015 2215 2070 per
2248 1999 2612 2070 promittimus
2640 1999 2945 2056 affuturam.

2812 2117 3006 2172 XVIII.

2223 2219 2507 2259 RAYIUNDI
2535 2219 2844 2259 GALLQCLE
2874 2221 2943 2259 ΒΤ
2967 2221 3195 2262 HBNRICI
3217 2225 3608 2268 ροιτυωωι

2765 2309 3011 2350 COIITUI
3025 2335 3039 2348 .

2115 2381 2353 2459 Mittunt
2385 2379 2684 2459 exemplar
2700 2381 2926 2459 federis
2939 2387 3213 2459 amicitia
3238 2391 3394 2443 inter
3437 2405 3495 2446 se
3524 2390 3718 2459 inite,

2186 2458 2243 2508 et
2268 2456 2568 2524 pactorum
2598 2453 2666 2508 de
2680 2453 2988 2524 partienda
3020 2460 3372 2515 successione
3402 2465 3585 2518 soceri
3613 2453 3716 2518 sui

2186 2524 2462 2595 Alphonsi
2483 2525 2744 2580 Castellw
2773 2540 2841 2579 ac
2861 2526 3123 2596 Legionis
3152 2529 3319 2598 regis.

2539 2609 2774 2684 (Spicil.
2827 2619 2864 2665 t.
2899 2612 2996 2679 III,
3027 2631 3090 2684 p.
3129 2616 3282 2686 122.)

2187 2725 2421 2781 Domino
2469 2731 2628 2795 atque
2675 2726 3116 2782 reverentissimo
3153 2728 3498 2786 Cluniacensi
3530 2733 3722 2790 abbati

2116 2814 2620 2882 Hucostpmnique
2636 2814 2778 2868 beati
2794 2815 2931 2869 Petri
2946 2818 3721 2888 congregationthchncs

2116 2918 2302 2959 comes
2323 2903 2546 2972 ejusque
2576 2900 2747 2967 ﬁlius,
2789 2910 2840 2957 et
2865 2904 3154 2958 HENRICL‘S
3183 2921 3367 2962 comes
3395 2909 3516 2978 ejus
3553 2910 3718 2966 fami-

2115 2989 2290 3056 liaris,
2323 3005 2445 3046 cum
2477 2989 2763 3043 dilectione
2806 2990 3032 3046 salutem
3065 2992 3118 3046 in
3148 2993 3384 3050 Christo.

2184 3079 2397 3146 Sciatis,
2430 3077 2747 3132 charissime
2777 3079 2950 3147 Pater,
2976 3081 3120 3149 quod
3149 3091 3435 3156 postquam
3466 3098 3712 3146 vestrum

2110 3169 2343 3226 vidimus
2384 3167 2643 3238 legatum,
2679 3182 2777 3237 pro
2807 3167 2906 3222 Dei
2949 3169 3333 3239 omnipotentis
3362 3182 3532 3246 atque
3561 3177 3709 3233 beati

2115 3258 2251 3314 Petri
2294 3255 2524 3327 apostoli
2555 3255 2742 3310 timore
2773 3264 3088 3328 vestrisque
3131 3258 3418 3328 dignitatis
3447 3279 3711 3321 reveren-

2108 3347 2204 3412 tia,
2238 3345 2382 3416 quod
2412 3343 2571 3399 nobis
2610 3343 2910 3399 mandastis
2953 3345 3007 3399 in
3039 3361 3204 3402 manu
3234 3348 3420 3404 domni
3449 3351 3713 3410 Dalmatii

2111 3436 2278 3490 Gcret
2308 3433 2561 3488 fecimus.

2183 3523 2484 3580 Innomine
2497 3523 2690 3577 Patris
2705 3525 2764 3577 et
2777 3521 2922 3577 Filii
2933 3527 2992 3578 et
3011 3521 3271 3594 Spiritus
3288 3530 3712 3604 saneti.Pignus

2108 3611 2336 3682 integrae
2385 3608 2709 3674 dilectionis,
2776 3625 2889 3680 quo
2938 3612 3215 3681 conjuncti
3259 3623 3381 3670 sunt
3417 3617 3474 3671 in
3522 3634 3712 3677 amore

2108 3697 2444 3755 Raimundus
2473 3712 2683 3766 comes,
2712 3711 3002 3770 comesque
3032 3699 3317 3771 Henricus,
3359 3713 3410 3760 et
3439 3706 3543 3762 hoc
3565 3708 3711 3776 jura-

2108 3795 2311 3844 mento.

2179 3877 2297 3948 Ego
2327 3874 2547 3946 quidem
2573 3875 2838 3930 Henricus
2861 3875 3064 3948 absque
3093 3878 3203 3932 ulla
3234 3879 3448 3936 divortii
3478 3882 3712 3941 falsitate

2108 3966 2206 4020 tibi
2236 3964 2417 4019 comiti
2462 3963 2786 4033 Raymundo
2822 3966 3188 4020 membrorum
3241 3977 3450 4024 tuorum
3496 3974 3708 4029 sanita-

2112 4063 2239 4119 tem,
2301 4061 2517 4124 tuaeque
2573 4051 2696 4105 vitae
2772 4052 3044 4124 integram
3097 4055 3461 4126 dilectionem,
3522 4062 3710 4134 tuique

2110 4140 2343 4198 carceris
2373 4140 2596 4195 invitam
2627 4139 2763 4194 mihi
2797 4141 3174 4197 occursionem
3197 4144 3342 4213 juro.
3373 4146 3503 4203 Iuro
3543 4152 3706 4205 etiam

2111 4229 2277 4301 quod,
2307 4236 2428 4298 post
2456 4228 2660 4283 obitum
2686 4228 2834 4299 regis
2873 4229 3211 4300 Ildephonsi,
3241 4233 3340 4288 tibi
3369 4236 3519 4291 omni
3548 4239 3712 4294 modo

2111 4325 2299 4374 contra
2321 4331 2538 4372 omnem
2559 4317 2837 4371 hominem
2867 4326 3026 4388 atque
3059 4319 3343 4376 mulierem
3373 4323 3514 4380 hanc
3545 4331 3712 4382 totam

2112 4413 2313 4461 terram
2359 4405 2508 4477 regis
2555 4404 2870 4476 Ildephonsi
2915 4406 3208 4464 defendere
3247 4409 3480 4467 fideliter
3519 4421 3579 4469 ut
3607 4415 3714 4470 do-

2035 4470 2087 4530 D
2119 4495 2265 4550 mino
2295 4493 2550 4565 singulari
2604 4502 2765 4564 atque
2813 4495 3098 4566 acquirere
3154 4509 3494 4569 praeparatus
3521 4517 3712 4559 occur-

2111 4599 2246 4637 ram.
2303 4583 2430 4638 Juro
2461 4583 2622 4637 etiam
2681 4582 2722 4636 si
2755 4582 3074 4638 thesaurum
3105 4586 3276 4641 Toleti
3333 4589 3490 4657 prius
3526 4599 3574 4645 te
3606 4594 3712 4646 ha-

2112 4671 2301 4738 buero,
2351 4671 2485 4725 duas
2511 4679 2696 4740 partes
2744 4670 2842 4725 tibi
2889 4671 3054 4740 dabo,
3087 4677 3142 4728 et
3168 4674 3378 4731 tertiam
3408 4678 3540 4733 mihi
3570 4681 3706 4734 reti-

2109 4761 2252 4815 nebo
2265 4801 2277 4814 .
2317 4761 2510 4814 Amen.

2184 4849 2252 4903 Et
2281 4863 2386 4919 ego
2415 4863 2599 4901 comes
2617 4848 2970 4918 Raymundus
3001 4849 3093 4904 tibi
3117 4851 3301 4907 comiti
3330 4853 3566 4912 Henrico
3595 4865 3710 4913 tuo-

2112 4953 2230 4992 rum
2277 4935 2651 4991 membrorum
2701 4936 3005 5005 sanitatem,
3039 4947 3251 5010 tuaeque
3297 4943 3418 5000 vita:
3441 4944 3709 5018 integram

2113 5025 2478 5091 dilectionem,
2539 5024 2721 5094 tuique
2747 5027 2977 5081 carceris
3007 5027 3240 5084 invitam
3278 5031 3408 5085 mihi
3439 5036 3710 5090 occursio-

2113 5129 2238 5170 nem
2259 5113 2418 5184 juro.
2455 5113 2582 5170 Juro
2613 5113 2774 5167 etiam
2797 5115 2963 5185 quod,
2995 5125 3115 5186 post
3143 5127 3371 5174 mortem
3399 5123 3545 5193 regis
3573 5123 3714 5178 Ilde-

2114 5202 2334 5274 phonsi,
2384 5218 2472 5257 me
2503 5201 2600 5257 tibi
2631 5202 2880 5258 daturum
2923 5203 3170 5260 Toletum
3202 5210 3515 5280 terramque
3541 5219 3714 5282 totam

2113 5291 2478 5362 subjacentem
2531 5290 2603 5360 ei,
2665 5298 2940 5364 totamque
3013 5300 3227 5362 terram,
3283 5312 3446 5367 quam
3503 5299 3714 5356 obtines

2114 5380 2280 5436 modo
2331 5396 2363 5434 a
2418 5394 2506 5434 me
2560 5394 2898 5449 concessam,
2957 5381 3161 5438 habeas
3209 5384 3301 5439 tali
3331 5395 3493 5458 pacto
3548 5397 3604 5442 ut
3630 5389 3706 5443 sis

2113 5469 2241 5525 inde
2272 5483 2426 5525 meus
2455 5469 2642 5530 homo,
2673 5476 2727 5524 et
2763 5469 2832 5524 de
2861 5484 2949 5524 me
2978 5485 3098 5526 eam
3129 5471 3328 5528 habeas
3355 5473 3595 5546 domino,
3659 5486 3718 5532 et

2112 5564 2397 5632 postquam
2452 5555 2574 5613 illas
2627 5556 2728 5614 tibi
2784 5555 3009 5630 dedero,
3041 5559 3282 5618 dimittas
3335 5563 3469 5620 mihi
3523 5579 3718 5626 omnes
