  <div class='ocr_page' id='page_1' title='image "/cluster/home/n/w/nwhite01/storage/ocr_20150623/159/hvd.32044054760178/478.png"; bbox 0 0 4032 6078; ppageno 0'>
   <div class='ocr_carea' id='block_1_1' title="bbox 361 283 465 339">
    <p class='ocr_par' dir='ltr' id='par_1_1' title="bbox 361 283 465 339">
     <span class='ocr_line' id='line_1_1' title="bbox 361 283 465 339; baseline -0.019 -1"><span class='ocrx_word' id='word_1_1' title='bbox 361 283 465 339; x_wconf 70' lang='grc'><strong>915</strong></span> 
     </span>
    </p>
   </div>
   <div class='ocr_carea' id='block_1_2' title="bbox 1849 292 2157 353">
    <p class='ocr_par' dir='ltr' id='par_1_2' title="bbox 1849 292 2157 353">
     <span class='ocr_line' id='line_1_2' title="bbox 1849 292 2157 353; baseline 0.016 -6"><span class='ocrx_word' id='word_1_2' title='bbox 1849 292 2157 353; x_wconf 77' lang='lat' dir='ltr'><strong>STATUTA</strong></span> 
     </span>
    </p>
   </div>
   <div class='ocr_carea' id='block_1_3' title="bbox 3556 319 3664 373">
    <p class='ocr_par' dir='ltr' id='par_1_3' title="bbox 3556 319 3664 373">
     <span class='ocr_line' id='line_1_3' title="bbox 3556 319 3664 373; baseline 0.019 -2"><span class='ocrx_word' id='word_1_3' title='bbox 3556 319 3664 373; x_wconf 70' lang='grc'><strong>966</strong></span> 
     </span>
    </p>
   </div>
   <div class='ocr_carea' id='block_1_4' title="bbox 362 423 3662 525">
    <p class='ocr_par' dir='ltr' id='par_1_4' title="bbox 362 423 3662 525">
     <span class='ocr_line' id='line_1_4' title="bbox 362 423 3662 525; baseline 0.01 -44"><span class='ocrx_word' id='word_1_4' title='bbox 362 423 622 525; x_wconf 50' lang='lat' dir='ltr'><strong>terras‘de</strong></span> <span class='ocrx_word' id='word_1_5' title='bbox 644 425 787 525; x_wconf 45' lang='lat' dir='ltr'><strong>ileon</strong></span> <span class='ocrx_word' id='word_1_6' title='bbox 806 432 860 481; x_wconf 72' lang='lat' dir='ltr'><strong>et</strong></span> <span class='ocrx_word' id='word_1_7' title='bbox 888 426 957 525; x_wconf 62' lang='lat' dir='ltr'><strong>fle</strong></span> <span class='ocrx_word' id='word_1_8' title='bbox 986 427 1269 525; x_wconf 39' lang='lat' dir='ltr'><strong>Castalia}</strong></span> <span class='ocrx_word' id='word_1_9' title='bbox 1290 438 1354 525; x_wconf 75' lang='lat' dir='ltr'><strong>_et</strong></span> <span class='ocrx_word' id='word_1_10' title='bbox 1385 430 1437 525; x_wconf 50' lang='lat' dir='ltr'><strong>si</strong></span> <span class='ocrx_word' id='word_1_11' title='bbox 1468 431 1661 525; x_wconf 66' lang='lat' dir='ltr'><strong>aliquis</strong></span> <span class='ocrx_word' id='word_1_12' title='bbox 1690 433 1821 525; x_wconf 66' lang='lat' dir='ltr'><strong>mihi</strong></span> <span class='ocrx_word' id='word_1_13' title='bbox 1868 433 1952 525; x_wconf 66' lang='lat' dir='ltr'><strong>vel</strong></span> <span class='ocrx_word' id='word_1_14' title='bbox 1979 433 2040 496; x_wconf 84' lang='grc' dir='ltr'><strong>Α</strong></span> <span class='ocrx_word' id='word_1_15' title='bbox 2137 442 2197 498; x_wconf 89' lang='lat' dir='ltr'><strong>Si</strong></span> <span class='ocrx_word' id='word_1_16' title='bbox 2229 459 2332 517; x_wconf 82' lang='lat' dir='ltr'><strong>ego</strong></span> <span class='ocrx_word' id='word_1_17' title='bbox 2361 460 2545 501; x_wconf 90' lang='lat' dir='ltr'><strong>comes</strong></span> <span class='ocrx_word' id='word_1_18' title='bbox 2566 447 2914 519; x_wconf 79' lang='lat' dir='ltr'><strong>Raymundus</strong></span> <span class='ocrx_word' id='word_1_19' title='bbox 2968 468 3074 508; x_wconf 90' lang='lat' dir='ltr'><strong>non</strong></span> <span class='ocrx_word' id='word_1_20' title='bbox 3104 469 3329 525; x_wconf 85' lang='lat' dir='ltr'><strong>possum</strong></span> <span class='ocrx_word' id='word_1_21' title='bbox 3354 455 3449 511; x_wconf 85' lang='lat' dir='ltr'><strong>tibi</strong></span> <span class='ocrx_word' id='word_1_22' title='bbox 3477 457 3662 514; x_wconf 92' lang='lat' dir='ltr'><strong>comiti</strong></span> 
     </span>
    </p>
   </div>
   <div class='ocr_carea' id='block_1_5' title="bbox 362 511 1957 591">
    <p class='ocr_par' dir='ltr' id='par_1_5' title="bbox 362 511 1957 591">
     <span class='ocr_line' id='line_1_5' title="bbox 362 511 1957 591; baseline 0.006 -25"><span class='ocrx_word' id='word_1_23' title='bbox 362 511 460 567; x_wconf 91' lang='lat' dir='ltr'><strong>tibi</strong></span> <span class='ocrx_word' id='word_1_24' title='bbox 500 512 761 569; x_wconf 86' lang='lat' dir='ltr'><strong>obsistere</strong></span> <span class='ocrx_word' id='word_1_25' title='bbox 814 514 1069 581; x_wconf 90' lang='lat' dir='ltr'><strong>voluerit,</strong></span> <span class='ocrx_word' id='word_1_26' title='bbox 1130 523 1182 571; x_wconf 89' lang='lat' dir='ltr'><strong>et</strong></span> <span class='ocrx_word' id='word_1_27' title='bbox 1227 516 1486 586; x_wconf 90' lang='lat' dir='ltr'><strong>injuriam</strong></span> <span class='ocrx_word' id='word_1_28' title='bbox 1535 521 1695 577; x_wconf 90' lang='lat' dir='ltr'><strong>nobis</strong></span> <span class='ocrx_word' id='word_1_29' title='bbox 1752 523 1957 591; x_wconf 84' lang='lat' dir='ltr'><strong>fecerit,</strong></span> 
     </span>
    </p>
   </div>
   <div class='ocr_carea' id='block_1_6' title="bbox 360 602 1964 681">
    <p class='ocr_par' dir='ltr' id='par_1_6' title="bbox 360 602 1964 681">
     <span class='ocr_line' id='line_1_6' title="bbox 360 602 1964 681; baseline 0.006 -26"><span class='ocrx_word' id='word_1_30' title='bbox 360 617 616 675; x_wconf 84' lang='lat' dir='ltr'><strong>guerram</strong></span> <span class='ocrx_word' id='word_1_31' title='bbox 628 602 789 657; x_wconf 87' lang='lat' dir='ltr'><strong>simul</strong></span> <span class='ocrx_word' id='word_1_32' title='bbox 804 603 986 658; x_wconf 88' lang='lat' dir='ltr'><strong>incum</strong></span> <span class='ocrx_word' id='word_1_33' title='bbox 1003 604 1089 658; x_wconf 87' lang='lat' dir='ltr'><strong>vel</strong></span> <span class='ocrx_word' id='word_1_34' title='bbox 1103 620 1225 658; x_wconf 91' lang='lat' dir='ltr'><strong>eum</strong></span> <span class='ocrx_word' id='word_1_35' title='bbox 1242 607 1611 681; x_wconf 83' lang='lat' dir='ltr'><strong>unusquisque</strong></span> <span class='ocrx_word' id='word_1_36' title='bbox 1632 626 1797 679; x_wconf 88' lang='lat' dir='ltr'><strong>perse</strong></span> <span class='ocrx_word' id='word_1_37' title='bbox 1821 610 1964 665; x_wconf 91' lang='lat' dir='ltr'><strong>inea-</strong></span> 
     </span>
    </p>
   </div>
   <div class='ocr_carea' id='block_1_7' title="bbox 360 691 1961 769">
    <p class='ocr_par' dir='ltr' id='par_1_7' title="bbox 360 691 1961 769">
     <span class='ocr_line' id='line_1_7' title="bbox 360 691 1961 769; baseline 0.006 -25"><span class='ocrx_word' id='word_1_38' title='bbox 360 707 502 758; x_wconf 88' lang='lat' dir='ltr'><strong>mus,</strong></span> <span class='ocrx_word' id='word_1_39' title='bbox 534 706 815 763; x_wconf 88' lang='lat' dir='ltr'><strong>usquequo</strong></span> <span class='ocrx_word' id='word_1_40' title='bbox 846 698 1049 746; x_wconf 81' lang='lat' dir='ltr'><strong>terram</strong></span> <span class='ocrx_word' id='word_1_41' title='bbox 1079 691 1228 747; x_wconf 85' lang='lat' dir='ltr'><strong>illam</strong></span> <span class='ocrx_word' id='word_1_42' title='bbox 1286 694 1417 749; x_wconf 89' lang='lat' dir='ltr'><strong>mibi</strong></span> <span class='ocrx_word' id='word_1_43' title='bbox 1446 695 1535 752; x_wconf 89' lang='lat' dir='ltr'><strong>vel</strong></span> <span class='ocrx_word' id='word_1_44' title='bbox 1592 697 1686 751; x_wconf 91' lang='lat' dir='ltr'><strong>tibi</strong></span> <span class='ocrx_word' id='word_1_45' title='bbox 1736 697 1961 769; x_wconf 81' lang='lat' dir='ltr'><strong>paciﬁca</strong></span> 
     </span>
    </p>
   </div>
   <div class='ocr_carea' id='block_1_8' title="bbox 363 779 1959 851">
    <p class='ocr_par' dir='ltr' id='par_1_8' title="bbox 363 779 1959 851">
     <span class='ocr_line' id='line_1_8' title="bbox 363 779 1959 851; baseline 0.005 -18"><span class='ocrx_word' id='word_1_46' title='bbox 363 779 621 847; x_wconf 90' lang='lat' dir='ltr'><strong>dimittat,</strong></span> <span class='ocrx_word' id='word_1_47' title='bbox 653 786 704 835; x_wconf 91' lang='lat' dir='ltr'><strong>et</strong></span> <span class='ocrx_word' id='word_1_48' title='bbox 738 787 926 850; x_wconf 85' lang='lat' dir='ltr'><strong>postea</strong></span> <span class='ocrx_word' id='word_1_49' title='bbox 956 779 1059 835; x_wconf 92' lang='lat' dir='ltr'><strong>tibi</strong></span> <span class='ocrx_word' id='word_1_50' title='bbox 1089 795 1209 835; x_wconf 92' lang='lat' dir='ltr'><strong>eam</strong></span> <span class='ocrx_word' id='word_1_51' title='bbox 1240 783 1542 851; x_wconf 73' lang='lat' dir='ltr'><strong>praebeam.</strong></span> <span class='ocrx_word' id='word_1_52' title='bbox 1572 785 1707 841; x_wconf 83' lang='lat' dir='ltr'><strong>Juro</strong></span> <span class='ocrx_word' id='word_1_53' title='bbox 1729 785 1893 841; x_wconf 91' lang='lat' dir='ltr'><strong>etiam</strong></span> <span class='ocrx_word' id='word_1_54' title='bbox 1916 784 1959 841; x_wconf 88' lang='lat' dir='ltr'><strong>si</strong></span> 
     </span>
    </p>
   </div>
   <div class='ocr_carea' id='block_1_9' title="bbox 364 867 1960 946">
    <p class='ocr_par' dir='ltr' id='par_1_9' title="bbox 364 867 1960 946">
     <span class='ocr_line' id='line_1_9' title="bbox 364 867 1960 946; baseline 0.004 -24"><span class='ocrx_word' id='word_1_55' title='bbox 364 868 678 923; x_wconf 89' lang='lat' dir='ltr'><strong>thesaurum</strong></span> <span class='ocrx_word' id='word_1_56' title='bbox 700 867 874 923; x_wconf 88' lang='lat' dir='ltr'><strong>Toleti</strong></span> <span class='ocrx_word' id='word_1_57' title='bbox 904 867 1050 939; x_wconf 89' lang='lat' dir='ltr'><strong>prius</strong></span> <span class='ocrx_word' id='word_1_58' title='bbox 1081 876 1132 924; x_wconf 87' lang='lat' dir='ltr'><strong>te</strong></span> <span class='ocrx_word' id='word_1_59' title='bbox 1173 870 1431 939; x_wconf 82' lang='lat' dir='ltr'><strong>habuero,</strong></span> <span class='ocrx_word' id='word_1_60' title='bbox 1491 874 1707 928; x_wconf 82' lang='lat' dir='ltr'><strong>tertiam</strong></span> <span class='ocrx_word' id='word_1_61' title='bbox 1756 884 1960 946; x_wconf 90' lang='lat' dir='ltr'><strong>partem</strong></span> 
     </span>
    </p>
   </div>
   <div class='ocr_carea' id='block_1_10' title="bbox 361 955 1708 1022">
    <p class='ocr_par' dir='ltr' id='par_1_10' title="bbox 361 955 1708 1022">
     <span class='ocr_line' id='line_1_10' title="bbox 361 955 1708 1022; baseline 0.004 -11"><span class='ocrx_word' id='word_1_62' title='bbox 361 956 456 1011; x_wconf 90' lang='lat' dir='ltr'><strong>tibi</strong></span> <span class='ocrx_word' id='word_1_63' title='bbox 486 955 650 1022; x_wconf 90' lang='lat' dir='ltr'><strong>dabo,</strong></span> <span class='ocrx_word' id='word_1_64' title='bbox 684 964 735 1012; x_wconf 90' lang='lat' dir='ltr'><strong>et</strong></span> <span class='ocrx_word' id='word_1_65' title='bbox 764 956 904 1011; x_wconf 89' lang='lat' dir='ltr'><strong>duas</strong></span> <span class='ocrx_word' id='word_1_66' title='bbox 922 964 1264 1012; x_wconf 89' lang='lat' dir='ltr'><strong>remanentes</strong></span> <span class='ocrx_word' id='word_1_67' title='bbox 1296 959 1425 1015; x_wconf 89' lang='lat' dir='ltr'><strong>mihi</strong></span> <span class='ocrx_word' id='word_1_68' title='bbox 1459 962 1708 1019; x_wconf 89' lang='lat' dir='ltr'><strong>servabo.</strong></span> 
     </span>
    </p>
   </div>
   <div class='ocr_carea' id='block_1_11' title="bbox 427 1045 1961 1124">
    <p class='ocr_par' dir='ltr' id='par_1_11' title="bbox 427 1045 1961 1124">
     <span class='ocr_line' id='line_1_11' title="bbox 427 1045 1961 1124; baseline 0.008 -25"><span class='ocrx_word' id='word_1_69' title='bbox 427 1045 718 1101; x_wconf 78' lang='lat' dir='ltr'><strong>Fiduciam</strong></span> <span class='ocrx_word' id='word_1_70' title='bbox 739 1063 907 1118; x_wconf 87' lang='lat' dir='ltr'><strong>quam</strong></span> <span class='ocrx_word' id='word_1_71' title='bbox 924 1064 1106 1106; x_wconf 75' lang='lat' dir='ltr'><strong>comes</strong></span> <span class='ocrx_word' id='word_1_72' title='bbox 1127 1051 1489 1123; x_wconf 82' lang='lat' dir='ltr'><strong>Raymundus</strong></span> <span class='ocrx_word' id='word_1_73' title='bbox 1535 1054 1677 1124; x_wconf 79' lang='lat' dir='ltr'><strong>fecit</strong></span> <span class='ocrx_word' id='word_1_74' title='bbox 1712 1053 1777 1109; x_wconf 79' lang='lat' dir='ltr'><strong>in</strong></span> <span class='ocrx_word' id='word_1_75' title='bbox 1832 1070 1961 1111; x_wconf 85' lang='lat' dir='ltr'><strong>ma-</strong></span> 
     </span>
    </p>
   </div>
   <div class='ocr_carea' id='block_1_12' title="bbox 359 1134 1273 1196">
    <p class='ocr_par' dir='ltr' id='par_1_12' title="bbox 359 1134 1273 1196">
     <span class='ocr_line' id='line_1_12' title="bbox 359 1134 1273 1196; baseline 0.001 -4"><span class='ocrx_word' id='word_1_76' title='bbox 359 1151 499 1192; x_wconf 81' lang='lat' dir='ltr'><strong>num</strong></span> <span class='ocrx_word' id='word_1_77' title='bbox 528 1134 743 1192; x_wconf 82' lang='lat' dir='ltr'><strong>domini</strong></span> <span class='ocrx_word' id='word_1_78' title='bbox 764 1137 1041 1193; x_wconf 75' lang='lat' dir='ltr'><strong>Dalmatii</strong></span> <span class='ocrx_word' id='word_1_79' title='bbox 1071 1138 1234 1196; x_wconf 77' lang='lat' dir='ltr'><strong>Geret</strong></span> <span class='ocrx_word' id='word_1_80' title='bbox 1254 1160 1273 1193; x_wconf 84' lang='lat'><strong>.-</strong></span> 
     </span>
    </p>
   </div>
   <div class='ocr_carea' id='block_1_13' title="bbox 2068 528 3668 606">
    <p class='ocr_par' dir='ltr' id='par_1_13' title="bbox 2068 528 3668 606">
     <span class='ocr_line' id='line_1_13' title="bbox 2068 528 3668 606; baseline 0.01 -24"><span class='ocrx_word' id='word_1_81' title='bbox 2068 528 2299 584; x_wconf 84' lang='lat' dir='ltr'><strong>Henrico</strong></span> <span class='ocrx_word' id='word_1_82' title='bbox 2328 528 2458 585; x_wconf 89' lang='lat' dir='ltr'><strong>dare</strong></span> <span class='ocrx_word' id='word_1_83' title='bbox 2488 530 2737 586; x_wconf 86' lang='lat' dir='ltr'><strong>Toletum</strong></span> <span class='ocrx_word' id='word_1_84' title='bbox 2765 542 2823 589; x_wconf 92' lang='lat' dir='ltr'><strong>ut</strong></span> <span class='ocrx_word' id='word_1_85' title='bbox 2852 536 3096 606; x_wconf 83' lang='lat' dir='ltr'><strong>promisi,</strong></span> <span class='ocrx_word' id='word_1_86' title='bbox 3129 538 3273 595; x_wconf 89' lang='lat' dir='ltr'><strong>dabo</strong></span> <span class='ocrx_word' id='word_1_87' title='bbox 3316 539 3409 594; x_wconf 89' lang='lat' dir='ltr'><strong>tibi</strong></span> <span class='ocrx_word' id='word_1_88' title='bbox 3452 539 3668 598; x_wconf 69' lang='lat' dir='ltr'><strong>Gallos-</strong></span> 
     </span>
    </p>
   </div>
   <div class='ocr_carea' id='block_1_14' title="bbox 2068 615 3666 698">
    <p class='ocr_par' dir='ltr' id='par_1_14' title="bbox 2068 615 3666 698">
     <span class='ocr_line' id='line_1_14' title="bbox 2068 615 3666 698; baseline 0.008 -26"><span class='ocrx_word' id='word_1_89' title='bbox 2068 615 2231 686; x_wconf 88' lang='lat' dir='ltr'><strong>ciam,</strong></span> <span class='ocrx_word' id='word_1_90' title='bbox 2266 617 2356 673; x_wconf 92' lang='lat' dir='ltr'><strong>tali</strong></span> <span class='ocrx_word' id='word_1_91' title='bbox 2376 626 2535 688; x_wconf 91' lang='lat' dir='ltr'><strong>pacto</strong></span> <span class='ocrx_word' id='word_1_92' title='bbox 2565 628 2623 674; x_wconf 92' lang='lat' dir='ltr'><strong>ut</strong></span> <span class='ocrx_word' id='word_1_93' title='bbox 2648 629 2703 675; x_wconf 92' lang='lat' dir='ltr'><strong>tu</strong></span> <span class='ocrx_word' id='word_1_94' title='bbox 2731 623 2959 692; x_wconf 88' lang='lat' dir='ltr'><strong>adjuves</strong></span> <span class='ocrx_word' id='word_1_95' title='bbox 2988 626 3116 680; x_wconf 89' lang='lat' dir='ltr'><strong>mihi</strong></span> <span class='ocrx_word' id='word_1_96' title='bbox 3148 643 3444 698; x_wconf 88' lang='lat' dir='ltr'><strong>acquerere</strong></span> <span class='ocrx_word' id='word_1_97' title='bbox 3494 633 3666 685; x_wconf 89' lang='lat' dir='ltr'><strong>totam</strong></span> 
     </span>
    </p>
   </div>
   <div class='ocr_carea' id='block_1_15' title="bbox 2069 708 3668 788">
    <p class='ocr_par' dir='ltr' id='par_1_15' title="bbox 2069 708 3668 788">
     <span class='ocr_line' id='line_1_15' title="bbox 2069 708 3668 788; baseline 0.006 -24"><span class='ocrx_word' id='word_1_98' title='bbox 2069 716 2267 765; x_wconf 88' lang='lat' dir='ltr'><strong>terram</strong></span> <span class='ocrx_word' id='word_1_99' title='bbox 2297 708 2365 765; x_wconf 91' lang='lat' dir='ltr'><strong>de</strong></span> <span class='ocrx_word' id='word_1_100' title='bbox 2394 708 2537 764; x_wconf 89' lang='lat' dir='ltr'><strong>Leon</strong></span> <span class='ocrx_word' id='word_1_101' title='bbox 2570 717 2622 764; x_wconf 87' lang='lat' dir='ltr'><strong>et</strong></span> <span class='ocrx_word' id='word_1_102' title='bbox 2652 710 2719 765; x_wconf 91' lang='lat' dir='ltr'><strong>de</strong></span> <span class='ocrx_word' id='word_1_103' title='bbox 2749 710 2986 767; x_wconf 87' lang='lat' dir='ltr'><strong>Castella</strong></span> <span class='ocrx_word' id='word_1_104' title='bbox 3019 733 3032 778; x_wconf 90' lang='lat'><strong>;</strong></span> <span class='ocrx_word' id='word_1_105' title='bbox 3092 717 3147 769; x_wconf 82' lang='lat' dir='ltr'><strong>et</strong></span> <span class='ocrx_word' id='word_1_106' title='bbox 3202 723 3485 788; x_wconf 87' lang='lat' dir='ltr'><strong>postquam</strong></span> <span class='ocrx_word' id='word_1_107' title='bbox 3540 718 3668 773; x_wconf 87' lang='lat' dir='ltr'><strong>inde</strong></span> 
     </span>
    </p>
   </div>
   <div class='ocr_carea' id='block_1_16' title="bbox 2069 796 3672 876">
    <p class='ocr_par' dir='ltr' id='par_1_16' title="bbox 2069 796 3672 876">
     <span class='ocr_line' id='line_1_16' title="bbox 2069 796 3672 876; baseline 0.005 -23"><span class='ocrx_word' id='word_1_108' title='bbox 2069 798 2321 853; x_wconf 91' lang='lat' dir='ltr'><strong>dominus</strong></span> <span class='ocrx_word' id='word_1_109' title='bbox 2352 796 2573 869; x_wconf 85' lang='lat' dir='ltr'><strong>paciﬁce</strong></span> <span class='ocrx_word' id='word_1_110' title='bbox 2603 798 2775 866; x_wconf 85' lang='lat' dir='ltr'><strong>fuero,</strong></span> <span class='ocrx_word' id='word_1_111' title='bbox 2819 799 2968 856; x_wconf 90' lang='lat' dir='ltr'><strong>dabo</strong></span> <span class='ocrx_word' id='word_1_112' title='bbox 3034 801 3131 856; x_wconf 91' lang='lat' dir='ltr'><strong>tibi</strong></span> <span class='ocrx_word' id='word_1_113' title='bbox 3192 802 3535 876; x_wconf 68' lang='lat' dir='ltr'><strong>Gallaeciam,</strong></span> <span class='ocrx_word' id='word_1_114' title='bbox 3603 812 3672 861; x_wconf 88' lang='lat' dir='ltr'><strong>ut</strong></span> 
     </span>
    </p>
   </div>
   <div class='ocr_carea' id='block_1_17' title="bbox 2068 886 3667 958">
    <p class='ocr_par' dir='ltr' id='par_1_17' title="bbox 2068 886 3667 958">
     <span class='ocr_line' id='line_1_17' title="bbox 2068 886 3667 958; baseline 0.006 -17"><span class='ocrx_word' id='word_1_115' title='bbox 2068 893 2357 958; x_wconf 86' lang='lat' dir='ltr'><strong>postquam</strong></span> <span class='ocrx_word' id='word_1_116' title='bbox 2388 902 2509 941; x_wconf 91' lang='lat' dir='ltr'><strong>eam</strong></span> <span class='ocrx_word' id='word_1_117' title='bbox 2530 886 2628 941; x_wconf 88' lang='lat' dir='ltr'><strong>tibi</strong></span> <span class='ocrx_word' id='word_1_118' title='bbox 2658 887 2878 953; x_wconf 86' lang='lat' dir='ltr'><strong>dedero,</strong></span> <span class='ocrx_word' id='word_1_119' title='bbox 2912 888 3152 945; x_wconf 89' lang='lat' dir='ltr'><strong>dimittas</strong></span> <span class='ocrx_word' id='word_1_120' title='bbox 3181 892 3313 946; x_wconf 86' lang='lat' dir='ltr'><strong>mihi</strong></span> <span class='ocrx_word' id='word_1_121' title='bbox 3373 900 3542 948; x_wconf 87' lang='lat' dir='ltr'><strong>terras</strong></span> <span class='ocrx_word' id='word_1_122' title='bbox 3596 894 3667 950; x_wconf 88' lang='lat' dir='ltr'><strong>de</strong></span> 
     </span>
    </p>
   </div>
   <div class='ocr_carea' id='block_1_18' title="bbox 2068 974 3666 1053">
    <p class='ocr_par' dir='ltr' id='par_1_18' title="bbox 2068 974 3666 1053">
     <span class='ocr_line' id='line_1_18' title="bbox 2068 974 3666 1053; baseline 0.004 -24"><span class='ocrx_word' id='word_1_123' title='bbox 2068 975 2214 1030; x_wconf 88' lang='lat' dir='ltr'><strong>Leon</strong></span> <span class='ocrx_word' id='word_1_124' title='bbox 2236 974 2381 1030; x_wconf 89' lang='lat' dir='ltr'><strong>etde</strong></span> <span class='ocrx_word' id='word_1_125' title='bbox 2404 974 2656 1029; x_wconf 81' lang='lat' dir='ltr'><strong>Castalia.</strong></span> <span class='ocrx_word' id='word_1_126' title='bbox 2689 975 2876 1045; x_wconf 79' lang='lat' dir='ltr'><strong>Igitur,</strong></span> <span class='ocrx_word' id='word_1_127' title='bbox 2921 978 3039 1033; x_wconf 90' lang='lat' dir='ltr'><strong>Deo</strong></span> <span class='ocrx_word' id='word_1_128' title='bbox 3083 978 3333 1049; x_wconf 82' lang='lat' dir='ltr'><strong>jubente,</strong></span> <span class='ocrx_word' id='word_1_129' title='bbox 3385 980 3464 1036; x_wconf 92' lang='lat' dir='ltr'><strong>sic</strong></span> <span class='ocrx_word' id='word_1_130' title='bbox 3521 997 3666 1053; x_wconf 90' lang='lat' dir='ltr'><strong>quo-</strong></span> 
     </span>
    </p>
   </div>
   <div class='ocr_carea' id='block_1_19' title="bbox 2069 1062 3667 1136">
    <p class='ocr_par' dir='ltr' id='par_1_19' title="bbox 2069 1062 3667 1136">
     <span class='ocr_line' id='line_1_19' title="bbox 2069 1062 3667 1136; baseline 0.006 -17"><span class='ocrx_word' id='word_1_131' title='bbox 2069 1080 2174 1136; x_wconf 90' lang='lat' dir='ltr'><strong>que</strong></span> <span class='ocrx_word' id='word_1_132' title='bbox 2204 1070 2391 1120; x_wconf 87' lang='lat' dir='ltr'><strong>sancta</strong></span> <span class='ocrx_word' id='word_1_133' title='bbox 2419 1062 2518 1118; x_wconf 85' lang='lat' dir='ltr'><strong>Dei</strong></span> <span class='ocrx_word' id='word_1_134' title='bbox 2547 1063 2794 1119; x_wconf 88' lang='lat' dir='ltr'><strong>Ecclesia</strong></span> <span class='ocrx_word' id='word_1_135' title='bbox 2817 1065 2923 1135; x_wconf 89' lang='lat' dir='ltr'><strong>piis</strong></span> <span class='ocrx_word' id='word_1_136' title='bbox 2952 1067 3287 1125; x_wconf 84' lang='lat' dir='ltr'><strong>orationibus</strong></span> <span class='ocrx_word' id='word_1_137' title='bbox 3316 1068 3667 1129; x_wconf 86' lang='lat' dir='ltr'><strong>interveniat.</strong></span> 
     </span>
    </p>
   </div>
   <div class='ocr_carea' id='block_1_20' title="bbox 2068 1159 2257 1213">
    <p class='ocr_par' dir='ltr' id='par_1_20' title="bbox 2068 1159 2257 1213">
     <span class='ocr_line' id='line_1_20' title="bbox 2068 1159 2257 1213; baseline -0.016 -1"><span class='ocrx_word' id='word_1_138' title='bbox 2068 1159 2257 1213; x_wconf 81' lang='lat' dir='ltr'><strong>Amen.</strong></span> 
     </span>
    </p>
   </div>
   <div class='ocr_carea' id='block_1_21' title="bbox 1143 1346 2886 1515">
    <p class='ocr_par' dir='ltr' id='par_1_21' title="bbox 1143 1346 2886 1515">
     <span class='ocr_line' id='line_1_21' title="bbox 1143 1346 2886 1515; baseline -0.001 -5"><span class='ocrx_word' id='word_1_139' title='bbox 1143 1405 1742 1511; x_wconf 83' lang='lat' dir='ltr'><strong>STATUTA</strong></span> <span class='ocrx_word' id='word_1_140' title='bbox 1798 1346 2258 1515; x_wconf 78' lang='lat' dir='ltr'><strong>SANCTI</strong></span> <span class='ocrx_word' id='word_1_141' title='bbox 2321 1400 2886 1512; x_wconf 87' lang='lat' dir='ltr'><strong>HUGONIS</strong></span> 
     </span>
    </p>
   </div>
   <div class='ocr_carea' id='block_1_22' title="bbox 1589 1614 2428 1675">
    <p class='ocr_par' dir='ltr' id='par_1_22' title="bbox 1589 1614 2428 1675">
     <span class='ocr_line' id='line_1_22' title="bbox 1589 1614 2428 1675; baseline 0.001 -4"><span class='ocrx_word' id='word_1_142' title='bbox 1589 1614 1878 1675; x_wconf 78' lang='lat' dir='ltr'><strong>ABBATIS</strong></span> <span class='ocrx_word' id='word_1_143' title='bbox 1918 1615 2428 1675; x_wconf 81' lang='lat' dir='ltr'><strong>CLUNIACENSIS</strong></span> 
     </span>
    </p>
   </div>
   <div class='ocr_carea' id='block_1_23' title="bbox 909 1738 3172 1824">
    <p class='ocr_par' dir='ltr' id='par_1_23' title="bbox 909 1738 3172 1824">
     <span class='ocr_line' id='line_1_23' title="bbox 909 1738 3172 1824; baseline -0.001 -21"><span class='ocrx_word' id='word_1_144' title='bbox 909 1738 1034 1803; x_wconf 84' lang='lat' dir='ltr'><strong>Pro</strong></span> <span class='ocrx_word' id='word_1_145' title='bbox 1062 1738 1389 1823; x_wconf 79' lang='lat' dir='ltr'><strong>Alphonsp</strong></span> <span class='ocrx_word' id='word_1_146' title='bbox 1414 1758 1558 1824; x_wconf 82' lang='lat' dir='ltr'><strong>rege</strong></span> <span class='ocrx_word' id='word_1_147' title='bbox 1587 1741 2088 1824; x_wconf 74' lang='lat' dir='ltr'><strong>Hispaniarum,</strong></span> <span class='ocrx_word' id='word_1_148' title='bbox 2116 1747 2437 1823; x_wconf 73' lang='lat' dir='ltr'><strong>tanquam</strong></span> <span class='ocrx_word' id='word_1_149' title='bbox 2465 1739 2722 1822; x_wconf 77' lang='lat' dir='ltr'><strong>insigni</strong></span> <span class='ocrx_word' id='word_1_150' title='bbox 2752 1738 3172 1821; x_wconf 75' lang='lat' dir='ltr'><strong>benefactors.</strong></span> 
     </span>
    </p>
   </div>
   <div class='ocr_carea' id='block_1_24' title="bbox 423 2041 3655 2129">
    <p class='ocr_par' dir='ltr' id='par_1_24' title="bbox 423 2041 3655 2129">
     <span class='ocr_line' id='line_1_24' title="bbox 423 2041 3655 2129; baseline 0.001 -19"><span class='ocrx_word' id='word_1_151' title='bbox 423 2054 690 2110; x_wconf 85' lang='lat' dir='ltr'><strong>Omnibus</strong></span> <span class='ocrx_word' id='word_1_152' title='bbox 719 2056 976 2112; x_wconf 84' lang='lat' dir='ltr'><strong>fratribus</strong></span> <span class='ocrx_word' id='word_1_153' title='bbox 1004 2073 1066 2112; x_wconf 90' lang='lat' dir='ltr'><strong>ac</strong></span> <span class='ocrx_word' id='word_1_154' title='bbox 1094 2056 1219 2112; x_wconf 83' lang='lat' dir='ltr'><strong>ﬁliis</strong></span> <span class='ocrx_word' id='word_1_155' title='bbox 1244 2059 1443 2113; x_wconf 86' lang='lat' dir='ltr'><strong>nostris</strong></span> <span class='ocrx_word' id='word_1_156' title='bbox 1497 2058 1551 2113; x_wconf 91' lang='lat' dir='ltr'><strong>in</strong></span> <span class='ocrx_word' id='word_1_157' title='bbox 1607 2058 1952 2114; x_wconf 86' lang='lat' dir='ltr'><strong>Cluniacensi</strong></span> <span class='ocrx_word' id='word_1_158' title='bbox 1978 2041 2028 2104; x_wconf 86' lang='grc' dir='ltr'>Β</span> <span class='ocrx_word' id='word_1_159' title='bbox 2056 2066 2110 2113; x_wconf 92' lang='lat' dir='ltr'><strong>ut</strong></span> <span class='ocrx_word' id='word_1_160' title='bbox 2138 2056 2490 2129; x_wconf 65' lang='lat' dir='ltr'><strong>praebendam</strong></span> <span class='ocrx_word' id='word_1_161' title='bbox 2520 2057 2889 2128; x_wconf 85' lang='lat' dir='ltr'><strong>quotidianam</strong></span> <span class='ocrx_word' id='word_1_162' title='bbox 2918 2056 3117 2113; x_wconf 89' lang='lat' dir='ltr'><strong>habeat</strong></span> <span class='ocrx_word' id='word_1_163' title='bbox 3144 2056 3199 2111; x_wconf 90' lang='lat' dir='ltr'><strong>in</strong></span> <span class='ocrx_word' id='word_1_164' title='bbox 3240 2055 3525 2112; x_wconf 86' lang='lat' dir='ltr'><strong>refectorio</strong></span> <span class='ocrx_word' id='word_1_165' title='bbox 3583 2055 3655 2112; x_wconf 90' lang='lat' dir='ltr'><strong>ad</strong></span> 
     </span>
    </p>
   </div>
   <div class='ocr_carea' id='block_1_25' title="bbox 350 2143 1950 2211">
    <p class='ocr_par' dir='ltr' id='par_1_25' title="bbox 350 2143 1950 2211">
     <span class='ocr_line' id='line_1_25' title="bbox 350 2143 1950 2211; baseline 0.002 -11"><span class='ocrx_word' id='word_1_166' title='bbox 350 2143 601 2200; x_wconf 69' lang='lat' dir='ltr'><strong>cmnobio</strong></span> <span class='ocrx_word' id='word_1_167' title='bbox 646 2145 881 2200; x_wconf 89' lang='lat' dir='ltr'><strong>Domino</strong></span> <span class='ocrx_word' id='word_1_168' title='bbox 938 2145 993 2200; x_wconf 91' lang='lat' dir='ltr'><strong>in</strong></span> <span class='ocrx_word' id='word_1_169' title='bbox 1040 2145 1149 2202; x_wconf 85' lang='lat' dir='ltr'><strong>ﬁde</strong></span> <span class='ocrx_word' id='word_1_170' title='bbox 1198 2154 1347 2202; x_wconf 90' lang='lat' dir='ltr'><strong>recta</strong></span> <span class='ocrx_word' id='word_1_171' title='bbox 1401 2146 1784 2211; x_wconf 87' lang='lat' dir='ltr'><strong>servientibus,</strong></span> <span class='ocrx_word' id='word_1_172' title='bbox 1842 2155 1950 2203; x_wconf 83' lang='lat' dir='ltr'><strong>tam</strong></span> 
     </span>
    </p>
   </div>
   <div class='ocr_carea' id='block_1_26' title="bbox 351 2232 1946 2306">
    <p class='ocr_par' dir='ltr' id='par_1_26' title="bbox 351 2232 1946 2306">
     <span class='ocr_line' id='line_1_26' title="bbox 351 2232 1946 2306; baseline 0.003 -20"><span class='ocrx_word' id='word_1_173' title='bbox 351 2232 719 2302; x_wconf 67' lang='lat' dir='ltr'><strong>praesentibus</strong></span> <span class='ocrx_word' id='word_1_174' title='bbox 776 2248 939 2306; x_wconf 89' lang='lat' dir='ltr'><strong>quam</strong></span> <span class='ocrx_word' id='word_1_175' title='bbox 994 2234 1204 2299; x_wconf 89' lang='lat' dir='ltr'><strong>futuris,</strong></span> <span class='ocrx_word' id='word_1_176' title='bbox 1263 2234 1433 2291; x_wconf 85' lang='lat' dir='ltr'><strong>frater</strong></span> <span class='ocrx_word' id='word_1_177' title='bbox 1516 2237 1675 2291; x_wconf 71' lang='lat' dir='ltr'><strong>[luco</strong></span> <span class='ocrx_word' id='word_1_178' title='bbox 1758 2235 1946 2301; x_wconf 85' lang='lat' dir='ltr'><strong>abbas,</strong></span> 
     </span>
    </p>
   </div>
   <div class='ocr_carea' id='block_1_27' title="bbox 353 2320 1945 2396">
    <p class='ocr_par' dir='ltr' id='par_1_27' title="bbox 353 2320 1945 2396">
     <span class='ocr_line' id='line_1_27' title="bbox 353 2320 1945 2396; baseline 0.003 -22"><span class='ocrx_word' id='word_1_179' title='bbox 353 2320 597 2376; x_wconf 82' lang='lat' dir='ltr'><strong>ccelestis</strong></span> <span class='ocrx_word' id='word_1_180' title='bbox 623 2321 779 2393; x_wconf 80' lang='lat' dir='ltr'><strong>regni</strong></span> <span class='ocrx_word' id='word_1_181' title='bbox 806 2322 1030 2391; x_wconf 67' lang='lat' dir='ltr'><strong>praemia</strong></span> <span class='ocrx_word' id='word_1_182' title='bbox 1060 2330 1113 2378; x_wconf 90' lang='lat' dir='ltr'><strong>et</strong></span> <span class='ocrx_word' id='word_1_183' title='bbox 1142 2330 1358 2380; x_wconf 66' lang='lat' dir='ltr'><strong>teternae</strong></span> <span class='ocrx_word' id='word_1_184' title='bbox 1388 2322 1667 2379; x_wconf 89' lang='lat' dir='ltr'><strong>felicitatis</strong></span> <span class='ocrx_word' id='word_1_185' title='bbox 1723 2325 1945 2396; x_wconf 87' lang='lat' dir='ltr'><strong>gaudia.</strong></span> 
     </span>
    </p>
   </div>
   <div class='ocr_carea' id='block_1_28' title="bbox 421 2409 1948 2480">
    <p class='ocr_par' dir='ltr' id='par_1_28' title="bbox 421 2409 1948 2480">
     <span class='ocr_line' id='line_1_28' title="bbox 421 2409 1948 2480; baseline 0.004 -17"><span class='ocrx_word' id='word_1_186' title='bbox 421 2409 700 2477; x_wconf 87' lang='lat' dir='ltr'><strong>Convenit,</strong></span> <span class='ocrx_word' id='word_1_187' title='bbox 734 2409 1091 2480; x_wconf 86' lang='lat' dir='ltr'><strong>dilectissimi,</strong></span> <span class='ocrx_word' id='word_1_188' title='bbox 1134 2420 1190 2466; x_wconf 88' lang='lat' dir='ltr'><strong>ut</strong></span> <span class='ocrx_word' id='word_1_189' title='bbox 1224 2412 1362 2468; x_wconf 87' lang='lat' dir='ltr'><strong>sicut</strong></span> <span class='ocrx_word' id='word_1_190' title='bbox 1415 2428 1515 2468; x_wconf 89' lang='lat' dir='ltr'><strong>nos</strong></span> <span class='ocrx_word' id='word_1_191' title='bbox 1573 2413 1789 2468; x_wconf 90' lang='lat' dir='ltr'><strong>Patrum</strong></span> <span class='ocrx_word' id='word_1_192' title='bbox 1844 2428 1948 2469; x_wconf 93' lang='lat' dir='ltr'><strong>no-</strong></span> 
     </span>
    </p>
   </div>
   <div class='ocr_carea' id='block_1_29' title="bbox 348 2498 1948 2572">
    <p class='ocr_par' dir='ltr' id='par_1_29' title="bbox 348 2498 1948 2572">
     <span class='ocr_line' id='line_1_29' title="bbox 348 2498 1948 2572; baseline 0.003 -20"><span class='ocrx_word' id='word_1_193' title='bbox 348 2506 583 2552; x_wconf 88' lang='lat' dir='ltr'><strong>strorum</strong></span> <span class='ocrx_word' id='word_1_194' title='bbox 611 2498 1032 2568; x_wconf 68' lang='lat' dir='ltr'><strong>praecedentium</strong></span> <span class='ocrx_word' id='word_1_195' title='bbox 1091 2499 1347 2569; x_wconf 88' lang='lat' dir='ltr'><strong>instituta,</strong></span> <span class='ocrx_word' id='word_1_196' title='bbox 1396 2501 1495 2556; x_wconf 86' lang='lat' dir='ltr'><strong>etsi</strong></span> <span class='ocrx_word' id='word_1_197' title='bbox 1534 2517 1648 2556; x_wconf 90' lang='lat' dir='ltr'><strong>non</strong></span> <span class='ocrx_word' id='word_1_198' title='bbox 1696 2501 1769 2555; x_wconf 88' lang='lat' dir='ltr'><strong>ad</strong></span> <span class='ocrx_word' id='word_1_199' title='bbox 1824 2502 1948 2572; x_wconf 87' lang='lat' dir='ltr'><strong>ple-</strong></span> 
     </span>
    </p>
   </div>
   <div class='ocr_carea' id='block_1_30' title="bbox 345 2588 1946 2659">
    <p class='ocr_par' dir='ltr' id='par_1_30' title="bbox 345 2588 1946 2659">
     <span class='ocr_line' id='line_1_30' title="bbox 345 2588 1946 2659; baseline 0.003 -19"><span class='ocrx_word' id='word_1_200' title='bbox 345 2602 494 2649; x_wconf 86' lang='lat' dir='ltr'><strong>num,</strong></span> <span class='ocrx_word' id='word_1_201' title='bbox 526 2594 726 2653; x_wconf 87' lang='lat' dir='ltr'><strong>tamen,</strong></span> <span class='ocrx_word' id='word_1_202' title='bbox 762 2596 920 2657; x_wconf 90' lang='lat' dir='ltr'><strong>prout</strong></span> <span class='ocrx_word' id='word_1_203' title='bbox 946 2604 1253 2658; x_wconf 88' lang='lat' dir='ltr'><strong>possumus,</strong></span> <span class='ocrx_word' id='word_1_204' title='bbox 1286 2588 1516 2645; x_wconf 86' lang='lat' dir='ltr'><strong>ﬁdeliter</strong></span> <span class='ocrx_word' id='word_1_205' title='bbox 1571 2590 1946 2659; x_wconf 85' lang='lat' dir='ltr'><strong>observamus,</strong></span> 
     </span>
    </p>
   </div>
   <div class='ocr_carea' id='block_1_31' title="bbox 349 2674 1948 2747">
    <p class='ocr_par' dir='ltr' id='par_1_31' title="bbox 349 2674 1948 2747">
     <span class='ocr_line' id='line_1_31' title="bbox 349 2674 1948 2747; baseline 0.002 -18"><span class='ocrx_word' id='word_1_206' title='bbox 349 2674 423 2729; x_wconf 84' lang='lat' dir='ltr'><strong>ita</strong></span> <span class='ocrx_word' id='word_1_207' title='bbox 453 2675 616 2730; x_wconf 87' lang='lat' dir='ltr'><strong>etiam</strong></span> <span class='ocrx_word' id='word_1_208' title='bbox 645 2683 697 2731; x_wconf 90' lang='lat' dir='ltr'><strong>et</strong></span> <span class='ocrx_word' id='word_1_209' title='bbox 729 2691 829 2730; x_wconf 89' lang='lat' dir='ltr'><strong>vos</strong></span> <span class='ocrx_word' id='word_1_210' title='bbox 859 2692 924 2730; x_wconf 88' lang='lat' dir='ltr'><strong>ea</strong></span> <span class='ocrx_word' id='word_1_211' title='bbox 953 2694 1074 2747; x_wconf 78' lang='lat' dir='ltr'><strong>quae</strong></span> <span class='ocrx_word' id='word_1_212' title='bbox 1103 2693 1203 2747; x_wconf 88' lang='lat' dir='ltr'><strong>pro</strong></span> <span class='ocrx_word' id='word_1_213' title='bbox 1234 2677 1507 2733; x_wconf 89' lang='lat' dir='ltr'><strong>communi</strong></span> <span class='ocrx_word' id='word_1_214' title='bbox 1564 2677 1791 2734; x_wconf 86' lang='lat' dir='ltr'><strong>utilitate</strong></span> <span class='ocrx_word' id='word_1_215' title='bbox 1826 2677 1948 2734; x_wconf 83' lang='lat' dir='ltr'><strong>ﬁeri</strong></span> 
     </span>
    </p>
   </div>
   <div class='ocr_carea' id='block_1_32' title="bbox 348 2762 1947 2835">
    <p class='ocr_par' dir='ltr' id='par_1_32' title="bbox 348 2762 1947 2835">
     <span class='ocr_line' id='line_1_32' title="bbox 348 2762 1947 2835; baseline 0.002 -17"><span class='ocrx_word' id='word_1_216' title='bbox 348 2762 705 2829; x_wconf 87' lang='lat' dir='ltr'><strong>decernimus,</strong></span> <span class='ocrx_word' id='word_1_217' title='bbox 739 2771 792 2818; x_wconf 91' lang='lat' dir='ltr'><strong>et</strong></span> <span class='ocrx_word' id='word_1_218' title='bbox 811 2763 1005 2819; x_wconf 86' lang='lat' dir='ltr'><strong>devote</strong></span> <span class='ocrx_word' id='word_1_219' title='bbox 1034 2765 1364 2835; x_wconf 77' lang='lat' dir='ltr'><strong>suscipiatis,</strong></span> <span class='ocrx_word' id='word_1_220' title='bbox 1415 2773 1469 2821; x_wconf 89' lang='lat' dir='ltr'><strong>et</strong></span> <span class='ocrx_word' id='word_1_221' title='bbox 1495 2765 1784 2822; x_wconf 87' lang='lat' dir='ltr'><strong>salubriter</strong></span> <span class='ocrx_word' id='word_1_222' title='bbox 1810 2782 1947 2823; x_wconf 91' lang='lat' dir='ltr'><strong>con-</strong></span> 
     </span>
    </p>
   </div>
   <div class='ocr_carea' id='block_1_33' title="bbox 346 2850 1949 2923">
    <p class='ocr_par' dir='ltr' id='par_1_33' title="bbox 346 2850 1949 2923">
     <span class='ocr_line' id='line_1_33' title="bbox 346 2850 1949 2923; baseline 0.004 -18"><span class='ocrx_word' id='word_1_223' title='bbox 346 2850 593 2913; x_wconf 81' lang='lat' dir='ltr'><strong>servetis.</strong></span> <span class='ocrx_word' id='word_1_224' title='bbox 621 2860 887 2923; x_wconf 88' lang='lat' dir='ltr'><strong>quatenus</strong></span> <span class='ocrx_word' id='word_1_225' title='bbox 917 2861 969 2908; x_wconf 92' lang='lat' dir='ltr'><strong>et</strong></span> <span class='ocrx_word' id='word_1_226' title='bbox 998 2852 1153 2909; x_wconf 90' lang='lat' dir='ltr'><strong>vobis</strong></span> <span class='ocrx_word' id='word_1_227' title='bbox 1184 2854 1439 2908; x_wconf 90' lang='lat' dir='ltr'><strong>meritum</strong></span> <span class='ocrx_word' id='word_1_228' title='bbox 1488 2853 1836 2921; x_wconf 72' lang='lat' dir='ltr'><strong>obedientiee,</strong></span> <span class='ocrx_word' id='word_1_229' title='bbox 1898 2864 1949 2911; x_wconf 87' lang='lat' dir='ltr'><strong>et</strong></span> 
     </span>
    </p>
   </div>
   <div class='ocr_carea' id='block_1_34' title="bbox 347 2939 1947 3013">
    <p class='ocr_par' dir='ltr' id='par_1_34' title="bbox 347 2939 1947 3013">
     <span class='ocr_line' id='line_1_34' title="bbox 347 2939 1947 3013; baseline 0.003 -19"><span class='ocrx_word' id='word_1_230' title='bbox 347 2940 453 2995; x_wconf 91' lang='lat' dir='ltr'><strong>illis</strong></span> <span class='ocrx_word' id='word_1_231' title='bbox 482 2956 581 3011; x_wconf 90' lang='lat' dir='ltr'><strong>pro</strong></span> <span class='ocrx_word' id='word_1_232' title='bbox 615 2941 812 3010; x_wconf 88' lang='lat' dir='ltr'><strong>quibus</strong></span> <span class='ocrx_word' id='word_1_233' title='bbox 835 2939 963 2995; x_wconf 87' lang='lat' dir='ltr'><strong>talia</strong></span> <span class='ocrx_word' id='word_1_234' title='bbox 990 2941 1401 3013; x_wconf 81' lang='lat' dir='ltr'><strong>praecipiuntur,</strong></span> <span class='ocrx_word' id='word_1_235' title='bbox 1454 2943 1745 3013; x_wconf 66' lang='lat' dir='ltr'><strong>praemium</strong></span> <span class='ocrx_word' id='word_1_236' title='bbox 1796 2959 1947 2999; x_wconf 90' lang='lat' dir='ltr'><strong>sem-</strong></span> 
     </span>
    </p>
   </div>
   <div class='ocr_carea' id='block_1_35' title="bbox 344 3029 1128 3099">
    <p class='ocr_par' dir='ltr' id='par_1_35' title="bbox 344 3029 1128 3099">
     <span class='ocr_line' id='line_1_35' title="bbox 344 3029 1128 3099; baseline 0.003 -16"><span class='ocrx_word' id='word_1_237' title='bbox 344 3029 578 3099; x_wconf 83' lang='lat' dir='ltr'><strong>piternae</strong></span> <span class='ocrx_word' id='word_1_238' title='bbox 610 3029 801 3083; x_wconf 91' lang='lat' dir='ltr'><strong>salutis</strong></span> <span class='ocrx_word' id='word_1_239' title='bbox 828 3038 1128 3085; x_wconf 86' lang='lat' dir='ltr'><strong>accrescat.</strong></span> 
     </span>
    </p>
   </div>
   <div class='ocr_carea' id='block_1_36' title="bbox 415 3116 1946 3191">
    <p class='ocr_par' dir='ltr' id='par_1_36' title="bbox 415 3116 1946 3191">
     <span class='ocr_line' id='line_1_36' title="bbox 415 3116 1946 3191; baseline 0.003 -20"><span class='ocrx_word' id='word_1_240' title='bbox 415 3118 618 3172; x_wconf 91' lang='lat' dir='ltr'><strong>Notum</strong></span> <span class='ocrx_word' id='word_1_241' title='bbox 649 3116 830 3187; x_wconf 90' lang='lat' dir='ltr'><strong>itaque</strong></span> <span class='ocrx_word' id='word_1_242' title='bbox 858 3116 924 3171; x_wconf 89' lang='lat' dir='ltr'><strong>sit</strong></span> <span class='ocrx_word' id='word_1_243' title='bbox 967 3116 1286 3173; x_wconf 86' lang='lat' dir='ltr'><strong>fraternitati</strong></span> <span class='ocrx_word' id='word_1_244' title='bbox 1342 3128 1557 3187; x_wconf 65' lang='lat' dir='ltr'><strong>vestrm,</strong></span> <span class='ocrx_word' id='word_1_245' title='bbox 1614 3120 1946 3191; x_wconf 61' lang='lat' dir='ltr'><strong>pracepisse</strong></span> 
     </span>
    </p>
   </div>
   <div class='ocr_carea' id='block_1_37' title="bbox 345 3205 1944 3280">
    <p class='ocr_par' dir='ltr' id='par_1_37' title="bbox 345 3205 1944 3280">
     <span class='ocr_line' id='line_1_37' title="bbox 345 3205 1944 3280; baseline 0.003 -21"><span class='ocrx_word' id='word_1_246' title='bbox 345 3220 444 3261; x_wconf 90' lang='lat' dir='ltr'><strong>nos</strong></span> <span class='ocrx_word' id='word_1_247' title='bbox 475 3205 543 3261; x_wconf 90' lang='lat' dir='ltr'><strong>de</strong></span> <span class='ocrx_word' id='word_1_248' title='bbox 567 3206 771 3261; x_wconf 91' lang='lat' dir='ltr'><strong>domno</strong></span> <span class='ocrx_word' id='word_1_249' title='bbox 812 3205 1088 3276; x_wconf 86' lang='lat' dir='ltr'><strong>Alphonso</strong></span> <span class='ocrx_word' id='word_1_250' title='bbox 1127 3206 1507 3277; x_wconf 85' lang='lat' dir='ltr'><strong>Hispaniarum</strong></span> <span class='ocrx_word' id='word_1_251' title='bbox 1560 3225 1711 3280; x_wconf 87' lang='lat' dir='ltr'><strong>rege,</strong></span> <span class='ocrx_word' id='word_1_252' title='bbox 1758 3217 1944 3264; x_wconf 89' lang='lat' dir='ltr'><strong>nostro</strong></span> 
     </span>
    </p>
   </div>
   <div class='ocr_carea' id='block_1_38' title="bbox 345 3292 1945 3364">
    <p class='ocr_par' dir='ltr' id='par_1_38' title="bbox 345 3292 1945 3364">
     <span class='ocr_line' id='line_1_38' title="bbox 345 3292 1945 3364; baseline 0.003 -17"><span class='ocrx_word' id='word_1_253' title='bbox 345 3292 490 3348; x_wconf 82' lang='lat' dir='ltr'><strong>fideli</strong></span> <span class='ocrx_word' id='word_1_254' title='bbox 521 3293 719 3360; x_wconf 88' lang='lat' dir='ltr'><strong>amico,</strong></span> <span class='ocrx_word' id='word_1_255' title='bbox 744 3292 835 3364; x_wconf 91' lang='lat' dir='ltr'><strong>qui</strong></span> <span class='ocrx_word' id='word_1_256' title='bbox 866 3302 1010 3349; x_wconf 88' lang='lat' dir='ltr'><strong>tanta</strong></span> <span class='ocrx_word' id='word_1_257' title='bbox 1039 3310 1105 3351; x_wconf 91' lang='lat' dir='ltr'><strong>ac</strong></span> <span class='ocrx_word' id='word_1_258' title='bbox 1136 3295 1261 3350; x_wconf 89' lang='lat' dir='ltr'><strong>talia</strong></span> <span class='ocrx_word' id='word_1_259' title='bbox 1292 3296 1435 3351; x_wconf 90' lang='lat' dir='ltr'><strong>bona</strong></span> <span class='ocrx_word' id='word_1_260' title='bbox 1465 3295 1626 3351; x_wconf 88' lang='lat' dir='ltr'><strong>nobis</strong></span> <span class='ocrx_word' id='word_1_261' title='bbox 1685 3296 1830 3362; x_wconf 85' lang='lat' dir='ltr'><strong>fecit,</strong></span> <span class='ocrx_word' id='word_1_262' title='bbox 1891 3305 1945 3352; x_wconf 90' lang='lat' dir='ltr'><strong>et</strong></span> 
     </span>
    </p>
   </div>
   <div class='ocr_carea' id='block_1_39' title="bbox 2059 2142 3655 2218">
    <p class='ocr_par' dir='ltr' id='par_1_39' title="bbox 2059 2142 3655 2218">
     <span class='ocr_line' id='line_1_39' title="bbox 2059 2142 3655 2218; baseline -0.001 -18"><span class='ocrx_word' id='word_1_263' title='bbox 2059 2148 2321 2218; x_wconf 82' lang='lat' dir='ltr'><strong>majorem</strong></span> <span class='ocrx_word' id='word_1_264' title='bbox 2351 2160 2619 2211; x_wconf 89' lang='lat' dir='ltr'><strong>mensam,</strong></span> <span class='ocrx_word' id='word_1_265' title='bbox 2678 2146 2832 2216; x_wconf 88' lang='lat' dir='ltr'><strong>quasi</strong></span> <span class='ocrx_word' id='word_1_266' title='bbox 2886 2145 2934 2201; x_wconf 89' lang='lat' dir='ltr'><strong>si</strong></span> <span class='ocrx_word' id='word_1_267' title='bbox 2988 2145 3281 2201; x_wconf 86' lang='lat' dir='ltr'><strong>nobiscum</strong></span> <span class='ocrx_word' id='word_1_268' title='bbox 3336 2142 3655 2215; x_wconf 79' lang='lat' dir='ltr'><strong>epulaturus</strong></span> 
     </span>
    </p>
   </div>
   <div class='ocr_carea' id='block_1_40' title="bbox 2057 2232 3652 2307">
    <p class='ocr_par' dir='ltr' id='par_1_40' title="bbox 2057 2232 3652 2307">
     <span class='ocr_line' id='line_1_40' title="bbox 2057 2232 3652 2307; baseline -0.002 -16"><span class='ocrx_word' id='word_1_269' title='bbox 2057 2236 2292 2302; x_wconf 88' lang='lat' dir='ltr'><strong>sederet,</strong></span> <span class='ocrx_word' id='word_1_270' title='bbox 2323 2251 2444 2307; x_wconf 62' lang='lat' dir='ltr'><strong>quae</strong></span> <span class='ocrx_word' id='word_1_271' title='bbox 2473 2236 2568 2289; x_wconf 92' lang='lat' dir='ltr'><strong>uni</strong></span> <span class='ocrx_word' id='word_1_272' title='bbox 2597 2249 2901 2305; x_wconf 89' lang='lat' dir='ltr'><strong>pauperum</strong></span> <span class='ocrx_word' id='word_1_273' title='bbox 2931 2233 3133 2289; x_wconf 85' lang='lat' dir='ltr'><strong>Christi</strong></span> <span class='ocrx_word' id='word_1_274' title='bbox 3169 2248 3387 2303; x_wconf 88' lang='lat' dir='ltr'><strong>semper</strong></span> <span class='ocrx_word' id='word_1_275' title='bbox 3439 2232 3652 2288; x_wconf 86' lang='lat' dir='ltr'><strong>tribua-</strong></span> 
     </span>
    </p>
   </div>
   <div class='ocr_carea' id='block_1_41' title="bbox 2060 2320 3651 2395">
    <p class='ocr_par' dir='ltr' id='par_1_41' title="bbox 2060 2320 3651 2395">
     <span class='ocr_line' id='line_1_41' title="bbox 2060 2320 3651 2395; baseline -0.003 -15"><span class='ocrx_word' id='word_1_276' title='bbox 2060 2333 2146 2380; x_wconf 90' lang='lat' dir='ltr'><strong>tur</strong></span> <span class='ocrx_word' id='word_1_277' title='bbox 2171 2339 2272 2395; x_wconf 92' lang='lat' dir='ltr'><strong>pro</strong></span> <span class='ocrx_word' id='word_1_278' title='bbox 2302 2324 2477 2379; x_wconf 86' lang='lat' dir='ltr'><strong>salute</strong></span> <span class='ocrx_word' id='word_1_279' title='bbox 2497 2323 2693 2379; x_wconf 74' lang='lat' dir='ltr'><strong>anima:</strong></span> <span class='ocrx_word' id='word_1_280' title='bbox 2729 2323 2869 2395; x_wconf 86' lang='lat' dir='ltr'><strong>ejus,</strong></span> <span class='ocrx_word' id='word_1_281' title='bbox 2928 2329 3042 2377; x_wconf 90' lang='lat' dir='ltr'><strong>tam</strong></span> <span class='ocrx_word' id='word_1_282' title='bbox 3096 2321 3153 2376; x_wconf 93' lang='lat' dir='ltr'><strong>in</strong></span> <span class='ocrx_word' id='word_1_283' title='bbox 3209 2320 3320 2377; x_wconf 79' lang='lat' dir='ltr'><strong>vita</strong></span> <span class='ocrx_word' id='word_1_284' title='bbox 3374 2337 3537 2391; x_wconf 90' lang='lat' dir='ltr'><strong>quam</strong></span> <span class='ocrx_word' id='word_1_285' title='bbox 3594 2321 3651 2375; x_wconf 90' lang='lat' dir='ltr'><strong>in</strong></span> 
     </span>
    </p>
   </div>
   <div class='ocr_carea' id='block_1_42' title="bbox 2056 2421 2246 2469">
    <p class='ocr_par' dir='ltr' id='par_1_42' title="bbox 2056 2421 2246 2469">
     <span class='ocr_line' id='line_1_42' title="bbox 2056 2421 2246 2469; baseline 0.005 -1"><span class='ocrx_word' id='word_1_286' title='bbox 2056 2421 2246 2469; x_wconf 90' lang='lat' dir='ltr'><strong>morte.</strong></span> 
     </span>
    </p>
   </div>
   <div class='ocr_carea' id='block_1_43' title="bbox 2127 2497 3656 2572">
    <p class='ocr_par' dir='ltr' id='par_1_43' title="bbox 2127 2497 3656 2572">
     <span class='ocr_line' id='line_1_43' title="bbox 2127 2497 3656 2572; baseline -0.002 -16"><span class='ocrx_word' id='word_1_287' title='bbox 2127 2502 2265 2557; x_wconf 80' lang='lat' dir='ltr'><strong>Huic</strong></span> <span class='ocrx_word' id='word_1_288' title='bbox 2292 2516 2505 2572; x_wconf 89' lang='lat' dir='ltr'><strong>quoque</strong></span> <span class='ocrx_word' id='word_1_289' title='bbox 2527 2516 2792 2556; x_wconf 72' lang='lat' dir='ltr'><strong>mensurae</strong></span> <span class='ocrx_word' id='word_1_290' title='bbox 2820 2501 3001 2567; x_wconf 69' lang='lat' dir='ltr'><strong>bonae,</strong></span> <span class='ocrx_word' id='word_1_291' title='bbox 3043 2499 3324 2566; x_wconf 64' lang='lat' dir='ltr'><strong>conferte,</strong></span> <span class='ocrx_word' id='word_1_292' title='bbox 3381 2497 3542 2553; x_wconf 91' lang='lat' dir='ltr'><strong>simul</strong></span> <span class='ocrx_word' id='word_1_293' title='bbox 3600 2504 3656 2553; x_wconf 87' lang='lat' dir='ltr'><strong>et</strong></span> 
     </span>
    </p>
   </div>
   <div class='ocr_carea' id='block_1_44' title="bbox 2056 2586 3653 2664">
    <p class='ocr_par' dir='ltr' id='par_1_44' title="bbox 2056 2586 3653 2664">
     <span class='ocr_line' id='line_1_44' title="bbox 2056 2586 3653 2664; baseline -0.004 -18"><span class='ocrx_word' id='word_1_294' title='bbox 2056 2591 2347 2664; x_wconf 75' lang='lat' dir='ltr'><strong>coagitataa</strong></span> <span class='ocrx_word' id='word_1_295' title='bbox 2374 2587 2865 2659; x_wconf 79' lang='lat' dir='ltr'><strong>supereﬁluentiam</strong></span> <span class='ocrx_word' id='word_1_296' title='bbox 2894 2588 3098 2645; x_wconf 90' lang='lat' dir='ltr'><strong>addere</strong></span> <span class='ocrx_word' id='word_1_297' title='bbox 3126 2588 3426 2659; x_wconf 90' lang='lat' dir='ltr'><strong>cupientes,</strong></span> <span class='ocrx_word' id='word_1_298' title='bbox 3486 2586 3653 2643; x_wconf 88' lang='lat' dir='ltr'><strong>dedi-</strong></span> 
     </span>
    </p>
   </div>
   <div class='ocr_carea' id='block_1_45' title="bbox 2057 2675 3655 2746">
    <p class='ocr_par' dir='ltr' id='par_1_45' title="bbox 2057 2675 3655 2746">
     <span class='ocr_line' id='line_1_45' title="bbox 2057 2675 3655 2746; baseline -0.002 -13"><span class='ocrx_word' id='word_1_299' title='bbox 2057 2696 2176 2733; x_wconf 89' lang='lat' dir='ltr'><strong>mus</strong></span> <span class='ocrx_word' id='word_1_300' title='bbox 2196 2679 2246 2733; x_wconf 93' lang='lat' dir='ltr'><strong>ei</strong></span> <span class='ocrx_word' id='word_1_301' title='bbox 2277 2679 2335 2732; x_wconf 91' lang='lat' dir='ltr'><strong>in</strong></span> <span class='ocrx_word' id='word_1_302' title='bbox 2365 2676 2593 2733; x_wconf 89' lang='lat' dir='ltr'><strong>ecclesia</strong></span> <span class='ocrx_word' id='word_1_303' title='bbox 2632 2677 2913 2732; x_wconf 85' lang='lat' dir='ltr'><strong>beatorum</strong></span> <span class='ocrx_word' id='word_1_304' title='bbox 2970 2676 3339 2746; x_wconf 87' lang='lat' dir='ltr'><strong>apostolorum</strong></span> <span class='ocrx_word' id='word_1_305' title='bbox 3400 2675 3541 2731; x_wconf 86' lang='lat' dir='ltr'><strong>Petri</strong></span> <span class='ocrx_word' id='word_1_306' title='bbox 3598 2682 3655 2730; x_wconf 85' lang='lat' dir='ltr'><strong>et</strong></span> 
     </span>
    </p>
   </div>
   <div class='ocr_carea' id='block_1_46' title="bbox 2056 2764 3653 2836">
    <p class='ocr_par' dir='ltr' id='par_1_46' title="bbox 2056 2764 3653 2836">
     <span class='ocr_line' id='line_1_46' title="bbox 2056 2764 3653 2836; baseline -0.003 -14"><span class='ocrx_word' id='word_1_307' title='bbox 2056 2767 2204 2822; x_wconf 91' lang='lat' dir='ltr'><strong>Pauli</strong></span> <span class='ocrx_word' id='word_1_308' title='bbox 2236 2781 2397 2833; x_wconf 89' lang='lat' dir='ltr'><strong>nova,</strong></span> <span class='ocrx_word' id='word_1_309' title='bbox 2439 2780 2602 2836; x_wconf 89' lang='lat' dir='ltr'><strong>quam</strong></span> <span class='ocrx_word' id='word_1_310' title='bbox 2631 2765 2748 2835; x_wconf 82' lang='lat' dir='ltr'><strong>ipse</strong></span> <span class='ocrx_word' id='word_1_311' title='bbox 2776 2765 2845 2820; x_wconf 91' lang='lat' dir='ltr'><strong>de</strong></span> <span class='ocrx_word' id='word_1_312' title='bbox 2880 2765 3096 2836; x_wconf 81' lang='lat' dir='ltr'><strong>propria</strong></span> <span class='ocrx_word' id='word_1_313' title='bbox 3128 2764 3476 2821; x_wconf 87' lang='lat' dir='ltr'><strong>facultatibus</strong></span> <span class='ocrx_word' id='word_1_314' title='bbox 3513 2779 3653 2821; x_wconf 85' lang='lat' dir='ltr'><strong>con-</strong></span> 
     </span>
    </p>
   </div>
   <div class='ocr_carea' id='block_1_47' title="bbox 2057 2852 3654 2923">
    <p class='ocr_par' dir='ltr' id='par_1_47' title="bbox 2057 2852 3654 2923">
     <span class='ocr_line' id='line_1_47' title="bbox 2057 2852 3654 2923; baseline -0.002 -12"><span class='ocrx_word' id='word_1_315' title='bbox 2057 2856 2320 2911; x_wconf 82' lang='lat' dir='ltr'><strong>struxisse</strong></span> <span class='ocrx_word' id='word_1_316' title='bbox 2347 2853 2588 2922; x_wconf 89' lang='lat' dir='ltr'><strong>videtur,</strong></span> <span class='ocrx_word' id='word_1_317' title='bbox 2615 2870 2778 2908; x_wconf 88' lang='lat' dir='ltr'><strong>unum</strong></span> <span class='ocrx_word' id='word_1_318' title='bbox 2826 2854 2996 2908; x_wconf 88' lang='lat' dir='ltr'><strong>altare</strong></span> <span class='ocrx_word' id='word_1_319' title='bbox 3050 2853 3120 2908; x_wconf 91' lang='lat' dir='ltr'><strong>de</strong></span> <span class='ocrx_word' id='word_1_320' title='bbox 3176 2852 3486 2923; x_wconf 67' lang='lat' dir='ltr'><strong>praecipuis,</strong></span> <span class='ocrx_word' id='word_1_321' title='bbox 3546 2867 3654 2921; x_wconf 90' lang='lat' dir='ltr'><strong>quo</strong></span> 
     </span>
    </p>
   </div>
   <div class='ocr_carea' id='block_1_48' title="bbox 2054 2939 3655 3013">
    <p class='ocr_par' dir='ltr' id='par_1_48' title="bbox 2054 2939 3655 3013">
     <span class='ocr_line' id='line_1_48' title="bbox 2054 2939 3655 3013; baseline -0.001 -15"><span class='ocrx_word' id='word_1_322' title='bbox 2054 2944 2260 3000; x_wconf 81' lang='lat' dir='ltr'><strong>scilicet</strong></span> <span class='ocrx_word' id='word_1_323' title='bbox 2289 2942 2471 2998; x_wconf 90' lang='lat' dir='ltr'><strong>divina</strong></span> <span class='ocrx_word' id='word_1_324' title='bbox 2500 2949 2752 3013; x_wconf 83' lang='lat' dir='ltr'><strong>mysteria</strong></span> <span class='ocrx_word' id='word_1_325' title='bbox 2781 2940 2986 2997; x_wconf 91' lang='lat' dir='ltr'><strong>ibidem</strong></span> <span class='ocrx_word' id='word_1_326' title='bbox 3015 2940 3288 2997; x_wconf 89' lang='lat' dir='ltr'><strong>celebrata</strong></span> <span class='ocrx_word' id='word_1_327' title='bbox 3331 2940 3490 2995; x_wconf 87' lang='lat' dir='ltr'><strong>saluti</strong></span> <span class='ocrx_word' id='word_1_328' title='bbox 3537 2939 3655 3010; x_wconf 88' lang='lat' dir='ltr'><strong>ejus</strong></span> 
     </span>
    </p>
   </div>
   <div class='ocr_carea' id='block_1_49' title="bbox 2055 3028 3652 3103">
    <p class='ocr_par' dir='ltr' id='par_1_49' title="bbox 2055 3028 3652 3103">
     <span class='ocr_line' id='line_1_49' title="bbox 2055 3028 3652 3103; baseline -0.003 -15"><span class='ocrx_word' id='word_1_329' title='bbox 2055 3033 2271 3088; x_wconf 86' lang='lat' dir='ltr'><strong>valeant</strong></span> <span class='ocrx_word' id='word_1_330' title='bbox 2295 3030 2602 3103; x_wconf 69' lang='lat' dir='ltr'><strong>suffragari.</strong></span> <span class='ocrx_word' id='word_1_331' title='bbox 2642 3030 2785 3086; x_wconf 89' lang='lat' dir='ltr'><strong>Cum</strong></span> <span class='ocrx_word' id='word_1_332' title='bbox 2812 3046 2946 3085; x_wconf 87' lang='lat' dir='ltr'><strong>vero</strong></span> <span class='ocrx_word' id='word_1_333' title='bbox 2977 3029 3139 3100; x_wconf 87' lang='lat' dir='ltr'><strong>hujus</strong></span> <span class='ocrx_word' id='word_1_334' title='bbox 3168 3028 3483 3099; x_wconf 91' lang='lat' dir='ltr'><strong>temporalis</strong></span> <span class='ocrx_word' id='word_1_335' title='bbox 3525 3029 3652 3083; x_wconf 68' lang='lat' dir='ltr'><strong>vita)</strong></span> 
     </span>
    </p>
   </div>
   <div class='ocr_carea' id='block_1_50' title="bbox 2053 3114 3651 3188">
    <p class='ocr_par' dir='ltr' id='par_1_50' title="bbox 2053 3114 3651 3188">
     <span class='ocr_line' id='line_1_50' title="bbox 2053 3114 3651 3188; baseline -0.004 -13"><span class='ocrx_word' id='word_1_336' title='bbox 2053 3137 2271 3176; x_wconf 89' lang='lat' dir='ltr'><strong>cursum</strong></span> <span class='ocrx_word' id='word_1_337' title='bbox 2309 3120 2493 3175; x_wconf 91' lang='lat' dir='ltr'><strong>debito</strong></span> <span class='ocrx_word' id='word_1_338' title='bbox 2541 3119 2647 3174; x_wconf 85' lang='lat' dir='ltr'><strong>ﬁne</strong></span> <span class='ocrx_word' id='word_1_339' title='bbox 2702 3117 3076 3188; x_wconf 88' lang='lat' dir='ltr'><strong>compleverit,</strong></span> <span class='ocrx_word' id='word_1_340' title='bbox 3136 3116 3386 3186; x_wconf 84' lang='lat' dir='ltr'><strong>exceptis</strong></span> <span class='ocrx_word' id='word_1_341' title='bbox 3442 3114 3651 3183; x_wconf 76' lang='lat' dir='ltr'><strong>ciliciis,</strong></span> 
     </span>
    </p>
   </div>
   <div class='ocr_carea' id='block_1_51' title="bbox 2054 3202 3654 3277">
    <p class='ocr_par' dir='ltr' id='par_1_51' title="bbox 2054 3202 3654 3277">
     <span class='ocr_line' id='line_1_51' title="bbox 2054 3202 3654 3277; baseline -0.003 -15"><span class='ocrx_word' id='word_1_342' title='bbox 2054 3207 2254 3273; x_wconf 90' lang='lat' dir='ltr'><strong>missis,</strong></span> <span class='ocrx_word' id='word_1_343' title='bbox 2285 3216 2446 3277; x_wconf 89' lang='lat' dir='ltr'><strong>atque</strong></span> <span class='ocrx_word' id='word_1_344' title='bbox 2503 3206 2887 3277; x_wconf 83' lang='lat' dir='ltr'><strong>eleemosynis,</strong></span> <span class='ocrx_word' id='word_1_345' title='bbox 2947 3220 3069 3275; x_wconf 62' lang='lat' dir='ltr'><strong>qua</strong></span> <span class='ocrx_word' id='word_1_346' title='bbox 3133 3219 3230 3275; x_wconf 89' lang='lat' dir='ltr'><strong>pro</strong></span> <span class='ocrx_word' id='word_1_347' title='bbox 3286 3203 3381 3259; x_wconf 93' lang='lat' dir='ltr'><strong>illo</strong></span> <span class='ocrx_word' id='word_1_348' title='bbox 3436 3202 3654 3275; x_wconf 86' lang='lat' dir='ltr'><strong>agenda</strong></span> 
     </span>
    </p>
   </div>
   <div class='ocr_carea' id='block_1_52' title="bbox 2054 3290 3654 3364">
    <p class='ocr_par' dir='ltr' id='par_1_52' title="bbox 2054 3290 3654 3364">
     <span class='ocr_line' id='line_1_52' title="bbox 2054 3290 3654 3364; baseline -0.005 -13"><span class='ocrx_word' id='word_1_349' title='bbox 2054 3304 2196 3361; x_wconf 91' lang='lat' dir='ltr'><strong>sunt,</strong></span> <span class='ocrx_word' id='word_1_350' title='bbox 2232 3312 2338 3350; x_wconf 91' lang='lat' dir='ltr'><strong>uno</strong></span> <span class='ocrx_word' id='word_1_351' title='bbox 2369 3311 2511 3351; x_wconf 91' lang='lat' dir='ltr'><strong>anno</strong></span> <span class='ocrx_word' id='word_1_352' title='bbox 2540 3295 2595 3349; x_wconf 91' lang='lat' dir='ltr'><strong>in</strong></span> <span class='ocrx_word' id='word_1_353' title='bbox 2622 3293 2932 3364; x_wconf 89' lang='lat' dir='ltr'><strong>supradicto</strong></span> <span class='ocrx_word' id='word_1_354' title='bbox 2980 3292 3134 3347; x_wconf 86' lang='lat' dir='ltr'><strong>altari</strong></span> <span class='ocrx_word' id='word_1_355' title='bbox 3185 3291 3352 3346; x_wconf 89' lang='lat' dir='ltr'><strong>missa</strong></span> <span class='ocrx_word' id='word_1_356' title='bbox 3396 3290 3654 3363; x_wconf 81' lang='lat' dir='ltr'><strong>speciali-</strong></span> 
     </span>
    </p>
   </div>
   <div class='ocr_carea' id='block_1_53' title="bbox 343 3378 3653 3455">
    <p class='ocr_par' dir='ltr' id='par_1_53' title="bbox 343 3378 3653 3455">
     <span class='ocr_line' id='line_1_53' title="bbox 343 3378 3653 3455; baseline -0.001 -20"><span class='ocrx_word' id='word_1_357' title='bbox 343 3382 524 3436; x_wconf 89' lang='lat' dir='ltr'><strong>adbuc</strong></span> <span class='ocrx_word' id='word_1_358' title='bbox 552 3381 922 3437; x_wconf 89' lang='lat' dir='ltr'><strong>indesinenter</strong></span> <span class='ocrx_word' id='word_1_359' title='bbox 960 3382 1107 3448; x_wconf 86' lang='lat' dir='ltr'><strong>facit,</strong></span> <span class='ocrx_word' id='word_1_360' title='bbox 1158 3392 1216 3438; x_wconf 90' lang='lat' dir='ltr'><strong>ut</strong></span> <span class='ocrx_word' id='word_1_361' title='bbox 1264 3384 1538 3438; x_wconf 88' lang='lat' dir='ltr'><strong>neminem</strong></span> <span class='ocrx_word' id='word_1_362' title='bbox 1600 3400 1795 3455; x_wconf 90' lang='lat' dir='ltr'><strong>regum</strong></span> <span class='ocrx_word' id='word_1_363' title='bbox 1854 3384 1938 3439; x_wconf 87' lang='lat' dir='ltr'><strong>vel</strong></span> <span class='ocrx_word' id='word_1_364' title='bbox 1972 3388 2021 3451; x_wconf 74' lang='grc' dir='ltr'>ο</span> <span class='ocrx_word' id='word_1_365' title='bbox 2050 3392 2129 3439; x_wconf 89' lang='lat' dir='ltr'><strong>ter</strong></span> <span class='ocrx_word' id='word_1_366' title='bbox 2156 3384 2398 3454; x_wconf 89' lang='lat' dir='ltr'><strong>quotidie</strong></span> <span class='ocrx_word' id='word_1_367' title='bbox 2416 3399 2516 3453; x_wconf 91' lang='lat' dir='ltr'><strong>pro</strong></span> <span class='ocrx_word' id='word_1_368' title='bbox 2547 3381 2639 3437; x_wconf 89' lang='lat' dir='ltr'><strong>illo</strong></span> <span class='ocrx_word' id='word_1_369' title='bbox 2669 3389 2916 3437; x_wconf 90' lang='lat' dir='ltr'><strong>canatur.</strong></span> <span class='ocrx_word' id='word_1_370' title='bbox 2937 3379 3327 3435; x_wconf 84' lang='lat' dir='ltr'><strong>Anniversaria</strong></span> <span class='ocrx_word' id='word_1_371' title='bbox 3355 3395 3486 3435; x_wconf 90' lang='lat' dir='ltr'><strong>vero</strong></span> <span class='ocrx_word' id='word_1_372' title='bbox 3536 3378 3653 3435; x_wconf 86' lang='lat' dir='ltr'><strong>dies</strong></span> 
     </span>
    </p>
   </div>
   <div class='ocr_carea' id='block_1_54' title="bbox 340 3470 1944 3541">
    <p class='ocr_par' dir='ltr' id='par_1_54' title="bbox 340 3470 1944 3541">
     <span class='ocr_line' id='line_1_54' title="bbox 340 3470 1944 3541; baseline 0.002 -18"><span class='ocrx_word' id='word_1_373' title='bbox 340 3470 651 3541; x_wconf 91' lang='lat' dir='ltr'><strong>principum</strong></span> <span class='ocrx_word' id='word_1_374' title='bbox 673 3470 790 3525; x_wconf 90' lang='lat' dir='ltr'><strong>sive</strong></span> <span class='ocrx_word' id='word_1_375' title='bbox 820 3470 1008 3539; x_wconf 82' lang='lat' dir='ltr'><strong>priscis</strong></span> <span class='ocrx_word' id='word_1_376' title='bbox 1038 3488 1132 3526; x_wconf 91' lang='lat' dir='ltr'><strong>seu</strong></span> <span class='ocrx_word' id='word_1_377' title='bbox 1161 3472 1440 3526; x_wconf 88' lang='lat' dir='ltr'><strong>modernis</strong></span> <span class='ocrx_word' id='word_1_378' title='bbox 1479 3472 1833 3541; x_wconf 86' lang='lat' dir='ltr'><strong>temporibus,</strong></span> <span class='ocrx_word' id='word_1_379' title='bbox 1895 3473 1944 3527; x_wconf 91' lang='lat' dir='ltr'><strong>ei</strong></span> 
     </span>
    </p>
   </div>
   <div class='ocr_carea' id='block_1_55' title="bbox 343 3558 1944 3629">
    <p class='ocr_par' dir='ltr' id='par_1_55' title="bbox 343 3558 1944 3629">
     <span class='ocr_line' id='line_1_55' title="bbox 343 3558 1944 3629; baseline 0.001 -16"><span class='ocrx_word' id='word_1_380' title='bbox 343 3573 662 3628; x_wconf 89' lang='lat' dir='ltr'><strong>comparare</strong></span> <span class='ocrx_word' id='word_1_381' title='bbox 693 3558 980 3628; x_wconf 85' lang='lat' dir='ltr'><strong>possimus,</strong></span> <span class='ocrx_word' id='word_1_382' title='bbox 1007 3558 1152 3629; x_wconf 91' lang='lat' dir='ltr'><strong>quod</strong></span> <span class='ocrx_word' id='word_1_383' title='bbox 1182 3559 1391 3615; x_wconf 84' lang='lat' dir='ltr'><strong>scilicet</strong></span> <span class='ocrx_word' id='word_1_384' title='bbox 1422 3561 1476 3613; x_wconf 89' lang='lat' dir='ltr'><strong>in</strong></span> <span class='ocrx_word' id='word_1_385' title='bbox 1507 3560 1759 3615; x_wconf 90' lang='lat' dir='ltr'><strong>omnibus</strong></span> <span class='ocrx_word' id='word_1_386' title='bbox 1786 3559 1944 3616; x_wconf 89' lang='lat' dir='ltr'><strong>bonis</strong></span> 
     </span>
    </p>
   </div>
   <div class='ocr_carea' id='block_1_56' title="bbox 344 3645 1943 3717">
    <p class='ocr_par' dir='ltr' id='par_1_56' title="bbox 344 3645 1943 3717">
     <span class='ocr_line' id='line_1_56' title="bbox 344 3645 1943 3717; baseline 0.003 -18"><span class='ocrx_word' id='word_1_387' title='bbox 344 3662 463 3716; x_wconf 78' lang='lat' dir='ltr'><strong>quae</strong></span> <span class='ocrx_word' id='word_1_388' title='bbox 494 3645 725 3700; x_wconf 90' lang='lat' dir='ltr'><strong>Domino</strong></span> <span class='ocrx_word' id='word_1_389' title='bbox 757 3645 1019 3717; x_wconf 79' lang='lat' dir='ltr'><strong>largiente</strong></span> <span class='ocrx_word' id='word_1_390' title='bbox 1048 3646 1104 3700; x_wconf 90' lang='lat' dir='ltr'><strong>in</strong></span> <span class='ocrx_word' id='word_1_391' title='bbox 1134 3651 1318 3703; x_wconf 89' lang='lat' dir='ltr'><strong>nostro</strong></span> <span class='ocrx_word' id='word_1_392' title='bbox 1363 3647 1506 3712; x_wconf 90' lang='lat' dir='ltr'><strong>loco,</strong></span> <span class='ocrx_word' id='word_1_393' title='bbox 1566 3647 1652 3702; x_wconf 87' lang='lat' dir='ltr'><strong>vel</strong></span> <span class='ocrx_word' id='word_1_394' title='bbox 1706 3647 1759 3702; x_wconf 92' lang='lat' dir='ltr'><strong>in</strong></span> <span class='ocrx_word' id='word_1_395' title='bbox 1823 3648 1943 3703; x_wconf 87' lang='lat' dir='ltr'><strong>aliis</strong></span> 
     </span>
    </p>
   </div>
   <div class='ocr_carea' id='block_1_57' title="bbox 343 3732 1941 3806">
    <p class='ocr_par' dir='ltr' id='par_1_57' title="bbox 343 3732 1941 3806">
     <span class='ocr_line' id='line_1_57' title="bbox 343 3732 1941 3806; baseline 0.003 -19"><span class='ocrx_word' id='word_1_396' title='bbox 343 3741 529 3789; x_wconf 87' lang='lat' dir='ltr'><strong>nostro</strong></span> <span class='ocrx_word' id='word_1_397' title='bbox 553 3732 667 3802; x_wconf 88' lang='lat' dir='ltr'><strong>juri</strong></span> <span class='ocrx_word' id='word_1_398' title='bbox 693 3733 929 3787; x_wconf 88' lang='lat' dir='ltr'><strong>subditis</strong></span> <span class='ocrx_word' id='word_1_399' title='bbox 953 3742 1074 3789; x_wconf 86' lang='lat' dir='ltr'><strong>acta</strong></span> <span class='ocrx_word' id='word_1_400' title='bbox 1130 3734 1346 3801; x_wconf 89' lang='lat' dir='ltr'><strong>fuerint,</strong></span> <span class='ocrx_word' id='word_1_401' title='bbox 1399 3735 1694 3806; x_wconf 88' lang='lat' dir='ltr'><strong>specialem</strong></span> <span class='ocrx_word' id='word_1_402' title='bbox 1744 3736 1941 3793; x_wconf 88' lang='lat' dir='ltr'><strong>habeat</strong></span> 
     </span>
    </p>
   </div>
   <div class='ocr_carea' id='block_1_58' title="bbox 345 3822 1791 3896">
    <p class='ocr_par' dir='ltr' id='par_1_58' title="bbox 345 3822 1791 3896">
     <span class='ocr_line' id='line_1_58' title="bbox 345 3822 1791 3896; baseline 0.002 -20"><span class='ocrx_word' id='word_1_403' title='bbox 345 3822 808 3894; x_wconf 89' lang='lat' dir='ltr'><strong>participationem</strong></span> <span class='ocrx_word' id='word_1_404' title='bbox 841 3831 949 3876; x_wconf 89' lang='lat' dir='ltr'><strong>tam</strong></span> <span class='ocrx_word' id='word_1_405' title='bbox 977 3822 1031 3876; x_wconf 91' lang='lat' dir='ltr'><strong>in</strong></span> <span class='ocrx_word' id='word_1_406' title='bbox 1061 3822 1173 3877; x_wconf 86' lang='lat' dir='ltr'><strong>vita</strong></span> <span class='ocrx_word' id='word_1_407' title='bbox 1201 3840 1363 3894; x_wconf 87' lang='lat' dir='ltr'><strong>quam</strong></span> <span class='ocrx_word' id='word_1_408' title='bbox 1394 3833 1515 3896; x_wconf 79' lang='lat' dir='ltr'><strong>post</strong></span> <span class='ocrx_word' id='word_1_409' title='bbox 1541 3828 1791 3879; x_wconf 86' lang='lat' dir='ltr'><strong>mortem.</strong></span> 
     </span>
    </p>
   </div>
   <div class='ocr_carea' id='block_1_59' title="bbox 412 3910 1932 3983">
    <p class='ocr_par' dir='ltr' id='par_1_59' title="bbox 412 3910 1932 3983">
     <span class='ocr_line' id='line_1_59' title="bbox 412 3910 1932 3983; baseline 0.003 -19"><span class='ocrx_word' id='word_1_410' title='bbox 412 3912 679 3965; x_wconf 73' lang='lat' dir='ltr'><strong>Praeterea</strong></span> <span class='ocrx_word' id='word_1_411' title='bbox 700 3910 950 3965; x_wconf 88' lang='lat' dir='ltr'><strong>dedimus</strong></span> <span class='ocrx_word' id='word_1_412' title='bbox 981 3910 1029 3966; x_wconf 89' lang='lat' dir='ltr'><strong>ei</strong></span> <span class='ocrx_word' id='word_1_413' title='bbox 1060 3911 1113 3965; x_wconf 91' lang='lat' dir='ltr'><strong>in</strong></span> <span class='ocrx_word' id='word_1_414' title='bbox 1146 3912 1251 3966; x_wconf 88' lang='lat' dir='ltr'><strong>vita</strong></span> <span class='ocrx_word' id='word_1_415' title='bbox 1280 3928 1377 3966; x_wconf 89' lang='lat' dir='ltr'><strong>sua</strong></span> <span class='ocrx_word' id='word_1_416' title='bbox 1431 3930 1597 3968; x_wconf 90' lang='lat' dir='ltr'><strong>unum</strong></span> <span class='ocrx_word' id='word_1_417' title='bbox 1646 3913 1932 3983; x_wconf 87' lang='lat' dir='ltr'><strong>psalmum,</strong></span> 
     </span>
    </p>
   </div>
   <div class='ocr_carea' id='block_1_60' title="bbox 336 3996 1936 4066">
    <p class='ocr_par' dir='ltr' id='par_1_60' title="bbox 336 3996 1936 4066">
     <span class='ocr_line' id='line_1_60' title="bbox 336 3996 1936 4066; baseline 0.004 -15"><span class='ocrx_word' id='word_1_418' title='bbox 336 3996 392 4051; x_wconf 90' lang='lat' dir='ltr'><strong>id</strong></span> <span class='ocrx_word' id='word_1_419' title='bbox 423 4006 525 4062; x_wconf 86' lang='lat' dir='ltr'><strong>est,</strong></span> <span class='ocrx_word' id='word_1_420' title='bbox 560 3998 849 4053; x_wconf 72' lang='lat' dir='ltr'><strong>Exaudiat</strong></span> <span class='ocrx_word' id='word_1_421' title='bbox 882 4004 934 4054; x_wconf 78' lang='lat' dir='ltr'><strong>te</strong></span> <span class='ocrx_word' id='word_1_422' title='bbox 966 4000 1261 4066; x_wconf 82' lang='lat' dir='ltr'><strong>Dominus,</strong></span> <span class='ocrx_word' id='word_1_423' title='bbox 1293 4000 1362 4054; x_wconf 89' lang='lat' dir='ltr'><strong>ad</strong></span> <span class='ocrx_word' id='word_1_424' title='bbox 1382 4001 1570 4056; x_wconf 88' lang='lat' dir='ltr'><strong>horam</strong></span> <span class='ocrx_word' id='word_1_425' title='bbox 1588 4002 1803 4056; x_wconf 85' lang='lat' dir='ltr'><strong>tertiam</strong></span> <span class='ocrx_word' id='word_1_426' title='bbox 1822 4002 1936 4057; x_wconf 90' lang='lat' dir='ltr'><strong>sine</strong></span> 
     </span>
    </p>
   </div>
   <div class='ocr_carea' id='block_1_61' title="bbox 333 4086 1933 4159">
    <p class='ocr_par' dir='ltr' id='par_1_61' title="bbox 333 4086 1933 4159">
     <span class='ocr_line' id='line_1_61' title="bbox 333 4086 1933 4159; baseline 0.003 -19"><span class='ocrx_word' id='word_1_427' title='bbox 333 4086 742 4141; x_wconf 86' lang='lat' dir='ltr'><strong>intermissione</strong></span> <span class='ocrx_word' id='word_1_428' title='bbox 776 4086 1103 4149; x_wconf 83' lang='lat' dir='ltr'><strong>canendum.</strong></span> <span class='ocrx_word' id='word_1_429' title='bbox 1163 4096 1216 4142; x_wconf 91' lang='lat' dir='ltr'><strong>et</strong></span> <span class='ocrx_word' id='word_1_430' title='bbox 1267 4089 1337 4143; x_wconf 89' lang='lat' dir='ltr'><strong>ad</strong></span> <span class='ocrx_word' id='word_1_431' title='bbox 1392 4090 1655 4159; x_wconf 90' lang='lat' dir='ltr'><strong>majorem</strong></span> <span class='ocrx_word' id='word_1_432' title='bbox 1711 4090 1933 4145; x_wconf 79' lang='lat' dir='ltr'><strong>missam</strong></span> 
     </span>
    </p>
   </div>
   <div class='ocr_carea' id='block_1_62' title="bbox 331 4174 1935 4251">
    <p class='ocr_par' dir='ltr' id='par_1_62' title="bbox 331 4174 1935 4251">
     <span class='ocr_line' id='line_1_62' title="bbox 331 4174 1935 4251; baseline 0.003 -22"><span class='ocrx_word' id='word_1_433' title='bbox 331 4191 494 4230; x_wconf 90' lang='lat' dir='ltr'><strong>unam</strong></span> <span class='ocrx_word' id='word_1_434' title='bbox 539 4175 844 4241; x_wconf 88' lang='lat' dir='ltr'><strong>collectam,</strong></span> <span class='ocrx_word' id='word_1_435' title='bbox 903 4175 959 4229; x_wconf 89' lang='lat' dir='ltr'><strong>id</strong></span> <span class='ocrx_word' id='word_1_436' title='bbox 1008 4174 1111 4245; x_wconf 87' lang='lat' dir='ltr'><strong>est,</strong></span> <span class='ocrx_word' id='word_1_437' title='bbox 1175 4177 1523 4247; x_wconf 68' lang='lat' dir='ltr'><strong>Quaesumus,</strong></span> <span class='ocrx_word' id='word_1_438' title='bbox 1581 4180 1935 4251; x_wconf 81' lang='lat' dir='ltr'><strong>omnipotens</strong></span> 
     </span>
    </p>
   </div>
   <div class='ocr_carea' id='block_1_63' title="bbox 336 4262 1934 4341">
    <p class='ocr_par' dir='ltr' id='par_1_63' title="bbox 336 4262 1934 4341">
     <span class='ocr_line' id='line_1_63' title="bbox 336 4262 1934 4341; baseline 0.002 -23"><span class='ocrx_word' id='word_1_439' title='bbox 336 4264 497 4341; x_wconf 78' lang='lat' dir='ltr'><strong>Deus,</strong></span> <span class='ocrx_word' id='word_1_440' title='bbox 558 4263 721 4317; x_wconf 88' lang='lat' dir='ltr'><strong>simili</strong></span> <span class='ocrx_word' id='word_1_441' title='bbox 781 4262 965 4329; x_wconf 89' lang='lat' dir='ltr'><strong>modo,</strong></span> <span class='ocrx_word' id='word_1_442' title='bbox 1022 4263 1257 4336; x_wconf 91' lang='lat' dir='ltr'><strong>quandiu</strong></span> <span class='ocrx_word' id='word_1_443' title='bbox 1316 4265 1531 4320; x_wconf 83' lang='lat' dir='ltr'><strong>vixerit.</strong></span> <span class='ocrx_word' id='word_1_444' title='bbox 1583 4267 1934 4322; x_wconf 88' lang='lat' dir='ltr'><strong>Decrevimus</strong></span> 
     </span>
    </p>
   </div>
   <div class='ocr_carea' id='block_1_64' title="bbox 336 4352 1932 4425">
    <p class='ocr_par' dir='ltr' id='par_1_64' title="bbox 336 4352 1932 4425">
     <span class='ocr_line' id='line_1_64' title="bbox 336 4352 1932 4425; baseline 0.003 -20"><span class='ocrx_word' id='word_1_445' title='bbox 336 4368 553 4423; x_wconf 91' lang='lat' dir='ltr'><strong>quoque</strong></span> <span class='ocrx_word' id='word_1_446' title='bbox 577 4361 633 4406; x_wconf 93' lang='lat' dir='ltr'><strong>ut</strong></span> <span class='ocrx_word' id='word_1_447' title='bbox 660 4352 714 4406; x_wconf 87' lang='lat' dir='ltr'><strong>in</strong></span> <span class='ocrx_word' id='word_1_448' title='bbox 743 4352 833 4408; x_wconf 90' lang='lat' dir='ltr'><strong>die</strong></span> <span class='ocrx_word' id='word_1_449' title='bbox 858 4352 1041 4408; x_wconf 61' lang='lat' dir='ltr'><strong>Caenea</strong></span> <span class='ocrx_word' id='word_1_450' title='bbox 1090 4353 1310 4408; x_wconf 90' lang='lat' dir='ltr'><strong>Domini</strong></span> <span class='ocrx_word' id='word_1_451' title='bbox 1365 4353 1624 4425; x_wconf 86' lang='lat' dir='ltr'><strong>tringinta</strong></span> <span class='ocrx_word' id='word_1_452' title='bbox 1667 4370 1932 4424; x_wconf 88' lang='lat' dir='ltr'><strong>pauperes</strong></span> 
     </span>
    </p>
   </div>
   <div class='ocr_carea' id='block_1_65' title="bbox 344 4441 1931 4510">
    <p class='ocr_par' dir='ltr' id='par_1_65' title="bbox 344 4441 1931 4510">
     <span class='ocr_line' id='line_1_65' title="bbox 344 4441 1931 4510; baseline 0.003 -17"><span class='ocrx_word' id='word_1_453' title='bbox 344 4455 448 4510; x_wconf 87' lang='lat' dir='ltr'><strong>pro</strong></span> <span class='ocrx_word' id='word_1_454' title='bbox 477 4457 542 4496; x_wconf 92' lang='lat' dir='ltr'><strong>eo</strong></span> <span class='ocrx_word' id='word_1_455' title='bbox 572 4442 851 4496; x_wconf 88' lang='lat' dir='ltr'><strong>mittantur</strong></span> <span class='ocrx_word' id='word_1_456' title='bbox 888 4441 957 4495; x_wconf 87' lang='lat' dir='ltr'><strong>ad</strong></span> <span class='ocrx_word' id='word_1_457' title='bbox 1014 4441 1352 4497; x_wconf 89' lang='lat' dir='ltr'><strong>mandatum.</strong></span> <span class='ocrx_word' id='word_1_458' title='bbox 1388 4443 1458 4498; x_wconf 86' lang='lat' dir='ltr'><strong>Et</strong></span> <span class='ocrx_word' id='word_1_459' title='bbox 1484 4442 1539 4497; x_wconf 90' lang='lat' dir='ltr'><strong>in</strong></span> <span class='ocrx_word' id='word_1_460' title='bbox 1604 4442 1693 4498; x_wconf 93' lang='lat' dir='ltr'><strong>die</strong></span> <span class='ocrx_word' id='word_1_461' title='bbox 1748 4452 1931 4498; x_wconf 85' lang='lat' dir='ltr'><strong>sancto</strong></span> 
     </span>
    </p>
   </div>
   <div class='ocr_carea' id='block_1_66' title="bbox 342 4529 1930 4603">
    <p class='ocr_par' dir='ltr' id='par_1_66' title="bbox 342 4529 1930 4603">
     <span class='ocr_line' id='line_1_66' title="bbox 342 4529 1930 4603; baseline 0.003 -21"><span class='ocrx_word' id='word_1_462' title='bbox 342 4529 561 4585; x_wconf 75' lang='lat' dir='ltr'><strong>Pascha:</strong></span> <span class='ocrx_word' id='word_1_463' title='bbox 589 4538 801 4584; x_wconf 91' lang='lat' dir='ltr'><strong>centum</strong></span> <span class='ocrx_word' id='word_1_464' title='bbox 830 4529 1181 4585; x_wconf 87' lang='lat' dir='ltr'><strong>nihilominus</strong></span> <span class='ocrx_word' id='word_1_465' title='bbox 1225 4547 1496 4603; x_wconf 90' lang='lat' dir='ltr'><strong>pauperes</strong></span> <span class='ocrx_word' id='word_1_466' title='bbox 1534 4546 1568 4586; x_wconf 87' lang='lat' dir='ltr'><strong>a</strong></span> <span class='ocrx_word' id='word_1_467' title='bbox 1630 4532 1930 4588; x_wconf 88' lang='lat' dir='ltr'><strong>camerario</strong></span> 
     </span>
    </p>
   </div>
   <div class='ocr_carea' id='block_1_67' title="bbox 320 4616 1926 4690">
    <p class='ocr_par' dir='ltr' id='par_1_67' title="bbox 320 4616 1926 4690">
     <span class='ocr_line' id='line_1_67' title="bbox 320 4616 1926 4690; baseline 0.002 -18"><span class='ocrx_word' id='word_1_468' title='bbox 320 4632 430 4687; x_wconf 88' lang='lat' dir='ltr'><strong>pro</strong></span> <span class='ocrx_word' id='word_1_469' title='bbox 461 4633 524 4673; x_wconf 92' lang='lat' dir='ltr'><strong>eo</strong></span> <span class='ocrx_word' id='word_1_470' title='bbox 556 4616 883 4674; x_wconf 81' lang='lat' dir='ltr'><strong>reficiantur.</strong></span> <span class='ocrx_word' id='word_1_471' title='bbox 918 4618 985 4675; x_wconf 89' lang='lat' dir='ltr'><strong>Et</strong></span> <span class='ocrx_word' id='word_1_472' title='bbox 1012 4635 1178 4690; x_wconf 88' lang='lat' dir='ltr'><strong>super</strong></span> <span class='ocrx_word' id='word_1_473' title='bbox 1206 4620 1321 4677; x_wconf 63' lang='lat' dir='ltr'><strong>hinc</strong></span> <span class='ocrx_word' id='word_1_474' title='bbox 1377 4621 1560 4676; x_wconf 87' lang='lat' dir='ltr'><strong>omnia</strong></span> <span class='ocrx_word' id='word_1_475' title='bbox 1621 4619 1926 4689; x_wconf 87' lang='lat' dir='ltr'><strong>statuimus,</strong></span> 
     </span>
    </p>
   </div>
   <div class='ocr_carea' id='block_1_68' title="bbox 2053 3468 3652 3542">
    <p class='ocr_par' dir='ltr' id='par_1_68' title="bbox 2053 3468 3652 3542">
     <span class='ocr_line' id='line_1_68' title="bbox 2053 3468 3652 3542; baseline -0.002 -16"><span class='ocrx_word' id='word_1_476' title='bbox 2053 3473 2227 3542; x_wconf 90' lang='lat' dir='ltr'><strong>ipsius</strong></span> <span class='ocrx_word' id='word_1_477' title='bbox 2255 3472 2331 3526; x_wconf 89' lang='lat' dir='ltr'><strong>ita</strong></span> <span class='ocrx_word' id='word_1_478' title='bbox 2359 3487 2456 3541; x_wconf 85' lang='lat' dir='ltr'><strong>per</strong></span> <span class='ocrx_word' id='word_1_479' title='bbox 2492 3472 2675 3527; x_wconf 89' lang='lat' dir='ltr'><strong>omnia</strong></span> <span class='ocrx_word' id='word_1_480' title='bbox 2704 3478 2912 3541; x_wconf 80' lang='lat' dir='ltr'><strong>agatur,</strong></span> <span class='ocrx_word' id='word_1_481' title='bbox 2943 3470 3077 3524; x_wconf 91' lang='lat' dir='ltr'><strong>sicut</strong></span> <span class='ocrx_word' id='word_1_482' title='bbox 3107 3484 3205 3540; x_wconf 92' lang='lat' dir='ltr'><strong>pro</strong></span> <span class='ocrx_word' id='word_1_483' title='bbox 3247 3469 3448 3525; x_wconf 91' lang='lat' dir='ltr'><strong>domno</strong></span> <span class='ocrx_word' id='word_1_484' title='bbox 3502 3468 3652 3524; x_wconf 84' lang='lat' dir='ltr'><strong>Hen-</strong></span> 
     </span>
    </p>
   </div>
   <div class='ocr_carea' id='block_1_69' title="bbox 2050 3557 3648 3632">
    <p class='ocr_par' dir='ltr' id='par_1_69' title="bbox 2050 3557 3648 3632">
     <span class='ocr_line' id='line_1_69' title="bbox 2050 3557 3648 3632; baseline -0.002 -16"><span class='ocrx_word' id='word_1_485' title='bbox 2050 3560 2164 3616; x_wconf 91' lang='lat' dir='ltr'><strong>rico</strong></span> <span class='ocrx_word' id='word_1_486' title='bbox 2194 3561 2523 3632; x_wconf 89' lang='lat' dir='ltr'><strong>imperatore</strong></span> <span class='ocrx_word' id='word_1_487' title='bbox 2551 3562 2828 3631; x_wconf 83' lang='lat' dir='ltr'><strong>Augusto;</strong></span> <span class='ocrx_word' id='word_1_488' title='bbox 2861 3558 2932 3613; x_wconf 91' lang='lat' dir='ltr'><strong>ad</strong></span> <span class='ocrx_word' id='word_1_489' title='bbox 2979 3573 3242 3628; x_wconf 89' lang='lat' dir='ltr'><strong>vesperas</strong></span> <span class='ocrx_word' id='word_1_490' title='bbox 3295 3557 3517 3625; x_wconf 88' lang='lat' dir='ltr'><strong>scilicet,</strong></span> <span class='ocrx_word' id='word_1_491' title='bbox 3576 3557 3648 3613; x_wconf 91' lang='lat' dir='ltr'><strong>ad</strong></span> 
     </span>
    </p>
   </div>
   <div class='ocr_carea' id='block_1_70' title="bbox 2048 3645 3647 3719">
    <p class='ocr_par' dir='ltr' id='par_1_70' title="bbox 2048 3645 3647 3719">
     <span class='ocr_line' id='line_1_70' title="bbox 2048 3645 3647 3719; baseline -0.003 -14"><span class='ocrx_word' id='word_1_492' title='bbox 2048 3648 2304 3716; x_wconf 79' lang='lat' dir='ltr'><strong>ofﬁcium,</strong></span> <span class='ocrx_word' id='word_1_493' title='bbox 2372 3656 2426 3703; x_wconf 93' lang='lat' dir='ltr'><strong>et</strong></span> <span class='ocrx_word' id='word_1_494' title='bbox 2480 3648 2551 3703; x_wconf 92' lang='lat' dir='ltr'><strong>ad</strong></span> <span class='ocrx_word' id='word_1_495' title='bbox 2607 3647 2828 3703; x_wconf 88' lang='lat' dir='ltr'><strong>missam</strong></span> <span class='ocrx_word' id='word_1_496' title='bbox 2875 3647 3059 3703; x_wconf 86' lang='lat' dir='ltr'><strong>omnia</strong></span> <span class='ocrx_word' id='word_1_497' title='bbox 3111 3645 3271 3719; x_wconf 90' lang='lat' dir='ltr'><strong>signa</strong></span> <span class='ocrx_word' id='word_1_498' title='bbox 3334 3652 3647 3718; x_wconf 74' lang='lat' dir='ltr'><strong>tangantur,</strong></span> 
     </span>
    </p>
   </div>
   <div class='ocr_carea' id='block_1_71' title="bbox 2049 3733 3646 3808">
    <p class='ocr_par' dir='ltr' id='par_1_71' title="bbox 2049 3733 3646 3808">
     <span class='ocr_line' id='line_1_71' title="bbox 2049 3733 3646 3808; baseline -0.001 -16"><span class='ocrx_word' id='word_1_499' title='bbox 2049 3746 2249 3793; x_wconf 88' lang='lat' dir='ltr'><strong>tractus</strong></span> <span class='ocrx_word' id='word_1_500' title='bbox 2296 3736 2353 3791; x_wconf 90' lang='lat' dir='ltr'><strong>in</strong></span> <span class='ocrx_word' id='word_1_501' title='bbox 2408 3735 2597 3808; x_wconf 90' lang='lat' dir='ltr'><strong>cappis</strong></span> <span class='ocrx_word' id='word_1_502' title='bbox 2650 3743 2891 3805; x_wconf 88' lang='lat' dir='ltr'><strong>canatur,</strong></span> <span class='ocrx_word' id='word_1_503' title='bbox 2941 3734 3135 3791; x_wconf 87' lang='lat' dir='ltr'><strong>eadem</strong></span> <span class='ocrx_word' id='word_1_504' title='bbox 3192 3733 3359 3789; x_wconf 90' lang='lat' dir='ltr'><strong>missa</strong></span> <span class='ocrx_word' id='word_1_505' title='bbox 3405 3733 3475 3789; x_wconf 91' lang='lat' dir='ltr'><strong>ad</strong></span> <span class='ocrx_word' id='word_1_506' title='bbox 3527 3735 3646 3805; x_wconf 91' lang='lat' dir='ltr'><strong>ejus</strong></span> 
     </span>
    </p>
   </div>
   <div class='ocr_carea' id='block_1_72' title="bbox 2045 3821 3639 3895">
    <p class='ocr_par' dir='ltr' id='par_1_72' title="bbox 2045 3821 3639 3895">
     <span class='ocr_line' id='line_1_72' title="bbox 2045 3821 3639 3895; baseline -0.002 -13"><span class='ocrx_word' id='word_1_507' title='bbox 2045 3826 2212 3882; x_wconf 88' lang='lat' dir='ltr'><strong>altare</strong></span> <span class='ocrx_word' id='word_1_508' title='bbox 2254 3827 2590 3893; x_wconf 89' lang='lat' dir='ltr'><strong>decantetur,</strong></span> <span class='ocrx_word' id='word_1_509' title='bbox 2658 3824 2944 3881; x_wconf 90' lang='lat' dir='ltr'><strong>duodecim</strong></span> <span class='ocrx_word' id='word_1_510' title='bbox 2999 3838 3268 3895; x_wconf 87' lang='lat' dir='ltr'><strong>pauperes</strong></span> <span class='ocrx_word' id='word_1_511' title='bbox 3307 3821 3639 3890; x_wconf 83' lang='lat' dir='ltr'><strong>reﬁciantur,</strong></span> 
     </span>
    </p>
   </div>
   <div class='ocr_carea' id='block_1_73' title="bbox 2042 3911 3641 3986">
    <p class='ocr_par' dir='ltr' id='par_1_73' title="bbox 2042 3911 3641 3986">
     <span class='ocr_line' id='line_1_73' title="bbox 2042 3911 3641 3986; baseline -0.003 -16"><span class='ocrx_word' id='word_1_512' title='bbox 2042 3920 2251 3986; x_wconf 77' lang='lat' dir='ltr'><strong>septem</strong></span> <span class='ocrx_word' id='word_1_513' title='bbox 2287 3914 2479 3969; x_wconf 91' lang='lat' dir='ltr'><strong>diebus</strong></span> <span class='ocrx_word' id='word_1_514' title='bbox 2538 3913 2752 3982; x_wconf 90' lang='lat' dir='ltr'><strong>justitia</strong></span> <span class='ocrx_word' id='word_1_515' title='bbox 2806 3911 2982 3982; x_wconf 87' lang='lat' dir='ltr'><strong>detur,</strong></span> <span class='ocrx_word' id='word_1_516' title='bbox 3040 3919 3269 3981; x_wconf 83' lang='lat' dir='ltr'><strong>excepta</strong></span> <span class='ocrx_word' id='word_1_517' title='bbox 3319 3912 3641 3983; x_wconf 87' lang='lat' dir='ltr'><strong>quotidiana</strong></span> 
     </span>
    </p>
   </div>
   <div class='ocr_carea' id='block_1_74' title="bbox 2040 3998 3635 4075">
    <p class='ocr_par' dir='ltr' id='par_1_74' title="bbox 2040 3998 3635 4075">
     <span class='ocr_line' id='line_1_74' title="bbox 2040 3998 3635 4075; baseline -0.003 -18"><span class='ocrx_word' id='word_1_518' title='bbox 2040 4002 2359 4075; x_wconf 69' lang='lat' dir='ltr'><strong>praebenda,</strong></span> <span class='ocrx_word' id='word_1_519' title='bbox 2388 4018 2510 4073; x_wconf 68' lang='lat' dir='ltr'><strong>quae</strong></span> <span class='ocrx_word' id='word_1_520' title='bbox 2564 4001 2619 4054; x_wconf 89' lang='lat' dir='ltr'><strong>in</strong></span> <span class='ocrx_word' id='word_1_521' title='bbox 2663 4000 2860 4069; x_wconf 90' lang='lat' dir='ltr'><strong>majori</strong></span> <span class='ocrx_word' id='word_1_522' title='bbox 2917 3999 3081 4053; x_wconf 89' lang='lat' dir='ltr'><strong>missa</strong></span> <span class='ocrx_word' id='word_1_523' title='bbox 3131 4014 3345 4069; x_wconf 85' lang='lat' dir='ltr'><strong>semper</strong></span> <span class='ocrx_word' id='word_1_524' title='bbox 3399 3998 3635 4067; x_wconf 90' lang='lat' dir='ltr'><strong>ponitur,</strong></span> 
     </span>
    </p>
   </div>
   <div class='ocr_carea' id='block_1_75' title="bbox 2042 4086 3633 4157">
    <p class='ocr_par' dir='ltr' id='par_1_75' title="bbox 2042 4086 3633 4157">
     <span class='ocr_line' id='line_1_75' title="bbox 2042 4086 3633 4157; baseline -0.002 -12"><span class='ocrx_word' id='word_1_525' title='bbox 2042 4090 2325 4145; x_wconf 90' lang='lat' dir='ltr'><strong>abundans</strong></span> <span class='ocrx_word' id='word_1_526' title='bbox 2351 4089 2578 4145; x_wconf 86' lang='lat' dir='ltr'><strong>refectio</strong></span> <span class='ocrx_word' id='word_1_527' title='bbox 2609 4105 2641 4143; x_wconf 93' lang='lat' dir='ltr'><strong>a</strong></span> <span class='ocrx_word' id='word_1_528' title='bbox 2668 4088 2890 4143; x_wconf 90' lang='lat' dir='ltr'><strong>custode</strong></span> <span class='ocrx_word' id='word_1_529' title='bbox 2919 4086 3159 4142; x_wconf 70' lang='lat' dir='ltr'><strong>ecclesiae</strong></span> <span class='ocrx_word' id='word_1_530' title='bbox 3186 4086 3447 4141; x_wconf 89' lang='lat' dir='ltr'><strong>fratribus</strong></span> <span class='ocrx_word' id='word_1_531' title='bbox 3478 4103 3633 4157; x_wconf 73' lang='lat' dir='ltr'><strong>prae-</strong></span> 
     </span>
    </p>
   </div>
   <div class='ocr_carea' id='block_1_76' title="bbox 2038 4175 3633 4250">
    <p class='ocr_par' dir='ltr' id='par_1_76' title="bbox 2038 4175 3633 4250">
     <span class='ocr_line' id='line_1_76' title="bbox 2038 4175 3633 4250; baseline -0.001 -17"><span class='ocrx_word' id='word_1_532' title='bbox 2038 4186 2279 4250; x_wconf 87' lang='lat' dir='ltr'><strong>paretur.</strong></span> <span class='ocrx_word' id='word_1_533' title='bbox 2312 4179 2372 4232; x_wconf 92' lang='lat' dir='ltr'><strong>In</strong></span> <span class='ocrx_word' id='word_1_534' title='bbox 2392 4178 2477 4232; x_wconf 86' lang='lat' dir='ltr'><strong>his</strong></span> <span class='ocrx_word' id='word_1_535' title='bbox 2505 4184 2684 4232; x_wconf 91' lang='lat' dir='ltr'><strong>autem</strong></span> <span class='ocrx_word' id='word_1_536' title='bbox 2715 4175 2964 4231; x_wconf 90' lang='lat' dir='ltr'><strong>omnibus</strong></span> <span class='ocrx_word' id='word_1_537' title='bbox 2991 4191 3112 4246; x_wconf 69' lang='lat' dir='ltr'><strong>quas</strong></span> <span class='ocrx_word' id='word_1_538' title='bbox 3142 4176 3210 4230; x_wconf 93' lang='lat' dir='ltr'><strong>de</strong></span> <span class='ocrx_word' id='word_1_539' title='bbox 3241 4175 3337 4230; x_wconf 90' lang='lat' dir='ltr'><strong>illo</strong></span> <span class='ocrx_word' id='word_1_540' title='bbox 3395 4175 3483 4231; x_wconf 87' lang='lat' dir='ltr'><strong>vel</strong></span> <span class='ocrx_word' id='word_1_541' title='bbox 3533 4192 3633 4247; x_wconf 87' lang='lat' dir='ltr'><strong>pro</strong></span> 
     </span>
    </p>
   </div>
   <div class='ocr_carea' id='block_1_77' title="bbox 2037 4263 3639 4339">
    <p class='ocr_par' dir='ltr' id='par_1_77' title="bbox 2037 4263 3639 4339">
     <span class='ocr_line' id='line_1_77' title="bbox 2037 4263 3639 4339; baseline -0.001 -19"><span class='ocrx_word' id='word_1_542' title='bbox 2037 4266 2133 4322; x_wconf 89' lang='lat' dir='ltr'><strong>illo</strong></span> <span class='ocrx_word' id='word_1_543' title='bbox 2163 4267 2255 4339; x_wconf 90' lang='lat' dir='ltr'><strong>agi</strong></span> <span class='ocrx_word' id='word_1_544' title='bbox 2280 4265 2640 4335; x_wconf 89' lang='lat' dir='ltr'><strong>decrevimus,</strong></span> <span class='ocrx_word' id='word_1_545' title='bbox 2701 4264 2754 4319; x_wconf 90' lang='lat' dir='ltr'><strong>in</strong></span> <span class='ocrx_word' id='word_1_546' title='bbox 2817 4264 2921 4332; x_wconf 86' lang='lat' dir='ltr'><strong>his,</strong></span> <span class='ocrx_word' id='word_1_547' title='bbox 2979 4263 3218 4334; x_wconf 90' lang='lat' dir='ltr'><strong>inquam,</strong></span> <span class='ocrx_word' id='word_1_548' title='bbox 3278 4263 3528 4319; x_wconf 90' lang='lat' dir='ltr'><strong>omnibus</strong></span> <span class='ocrx_word' id='word_1_549' title='bbox 3582 4272 3639 4319; x_wconf 91' lang='lat' dir='ltr'><strong>et</strong></span> 
     </span>
    </p>
   </div>
   <div class='ocr_carea' id='block_1_78' title="bbox 2037 4350 3631 4426">
    <p class='ocr_par' dir='ltr' id='par_1_78' title="bbox 2037 4350 3631 4426">
     <span class='ocr_line' id='line_1_78' title="bbox 2037 4350 3631 4426; baseline -0.001 -18"><span class='ocrx_word' id='word_1_550' title='bbox 2037 4354 2281 4423; x_wconf 84' lang='lat' dir='ltr'><strong>reginam</strong></span> <span class='ocrx_word' id='word_1_551' title='bbox 2320 4355 2441 4425; x_wconf 90' lang='lat' dir='ltr'><strong>ejus</strong></span> <span class='ocrx_word' id='word_1_552' title='bbox 2468 4355 2761 4426; x_wconf 85' lang='lat' dir='ltr'><strong>conjugem</strong></span> <span class='ocrx_word' id='word_1_553' title='bbox 2790 4352 3199 4409; x_wconf 85' lang='lat' dir='ltr'><strong>devotissimam</strong></span> <span class='ocrx_word' id='word_1_554' title='bbox 3222 4350 3338 4407; x_wconf 84' lang='lat' dir='ltr'><strong>fieri</strong></span> <span class='ocrx_word' id='word_1_555' title='bbox 3380 4352 3631 4407; x_wconf 88' lang='lat' dir='ltr'><strong>volumus</strong></span> 
     </span>
    </p>
   </div>
   <div class='ocr_carea' id='block_1_79' title="bbox 2034 4439 3622 4514">
    <p class='ocr_par' dir='ltr' id='par_1_79' title="bbox 2034 4439 3622 4514">
     <span class='ocr_line' id='line_1_79' title="bbox 2034 4439 3622 4514; baseline -0.003 -16"><span class='ocrx_word' id='word_1_556' title='bbox 2034 4442 2377 4514; x_wconf 88' lang='lat' dir='ltr'><strong>participem.</strong></span> <span class='ocrx_word' id='word_1_557' title='bbox 2411 4443 2633 4512; x_wconf 84' lang='lat' dir='ltr'><strong>Insuper</strong></span> <span class='ocrx_word' id='word_1_558' title='bbox 2663 4440 2947 4497; x_wconf 90' lang='lat' dir='ltr'><strong>duodecim</strong></span> <span class='ocrx_word' id='word_1_559' title='bbox 2980 4456 3250 4512; x_wconf 86' lang='lat' dir='ltr'><strong>pauperes</strong></span> <span class='ocrx_word' id='word_1_560' title='bbox 3278 4448 3330 4496; x_wconf 90' lang='lat' dir='ltr'><strong>et</strong></span> <span class='ocrx_word' id='word_1_561' title='bbox 3357 4439 3413 4494; x_wconf 93' lang='lat' dir='ltr'><strong>in</strong></span> <span class='ocrx_word' id='word_1_562' title='bbox 3454 4440 3622 4495; x_wconf 80' lang='lat' dir='ltr'><strong>C(ena</strong></span> 
     </span>
    </p>
   </div>
   <div class='ocr_carea' id='block_1_80' title="bbox 2035 4527 3623 4599">
    <p class='ocr_par' dir='ltr' id='par_1_80' title="bbox 2035 4527 3623 4599">
     <span class='ocr_line' id='line_1_80' title="bbox 2035 4527 3623 4599; baseline -0.003 -12"><span class='ocrx_word' id='word_1_563' title='bbox 2035 4531 2252 4587; x_wconf 91' lang='lat' dir='ltr'><strong>Domini</strong></span> <span class='ocrx_word' id='word_1_564' title='bbox 2281 4531 2666 4599; x_wconf 89' lang='lat' dir='ltr'><strong>concessimus,</strong></span> <span class='ocrx_word' id='word_1_565' title='bbox 2697 4538 2751 4586; x_wconf 92' lang='lat' dir='ltr'><strong>et</strong></span> <span class='ocrx_word' id='word_1_566' title='bbox 2787 4529 2841 4584; x_wconf 89' lang='lat' dir='ltr'><strong>in</strong></span> <span class='ocrx_word' id='word_1_567' title='bbox 2870 4528 3293 4585; x_wconf 87' lang='lat' dir='ltr'><strong>anniversarium</strong></span> <span class='ocrx_word' id='word_1_568' title='bbox 3322 4529 3462 4599; x_wconf 87' lang='lat' dir='ltr'><strong>ejus,</strong></span> <span class='ocrx_word' id='word_1_569' title='bbox 3485 4527 3623 4583; x_wconf 90' lang='lat' dir='ltr'><strong>sicut</strong></span> 
     </span>
    </p>
   </div>
   <div class='ocr_carea' id='block_1_81' title="bbox 2034 4617 3104 4693">
    <p class='ocr_par' dir='ltr' id='par_1_81' title="bbox 2034 4617 3104 4693">
     <span class='ocr_line' id='line_1_81' title="bbox 2034 4617 3104 4693; baseline 0 -18"><span class='ocrx_word' id='word_1_570' title='bbox 2034 4619 2390 4693; x_wconf 89' lang='lat' dir='ltr'><strong>imperatricis</strong></span> <span class='ocrx_word' id='word_1_571' title='bbox 2414 4619 2643 4692; x_wconf 84' lang='lat' dir='ltr'><strong>Agnetis</strong></span> <span class='ocrx_word' id='word_1_572' title='bbox 2663 4617 2754 4691; x_wconf 87' lang='lat' dir='ltr'><strong>agi</strong></span> <span class='ocrx_word' id='word_1_573' title='bbox 2773 4617 3104 4675; x_wconf 86' lang='lat' dir='ltr'><strong>censuimus.</strong></span> 
     </span>
    </p>
   </div>
   <div class='ocr_carea' id='block_1_82' title="bbox 1406 4956 2552 5053">
    <p class='ocr_par' dir='ltr' id='par_1_82' title="bbox 1406 4956 2552 5053">
     <span class='ocr_line' id='line_1_82' title="bbox 1406 4956 2552 5053; baseline 0 0"><span class='ocrx_word' id='word_1_574' title='bbox 1406 4959 1941 5053; x_wconf 85' lang='lat' dir='ltr'><strong>STATUTA</strong></span> <span class='ocrx_word' id='word_1_575' title='bbox 2008 4960 2126 5052; x_wconf 71' lang='grc' dir='ltr'><strong>Ε]</strong></span> <span class='ocrx_word' id='word_1_576' title='bbox 2144 4956 2552 5053; x_wconf 75' lang='lat' dir='ltr'><strong>USDEM.</strong></span> 
     </span>
    </p>
   </div>
   <div class='ocr_carea' id='block_1_83' title="bbox 567 5184 3381 5270">
    <p class='ocr_par' dir='ltr' id='par_1_83' title="bbox 567 5184 3381 5270">
     <span class='ocr_line' id='line_1_83' title="bbox 567 5184 3381 5270; baseline 0.001 -19"><span class='ocrx_word' id='word_1_577' title='bbox 567 5187 819 5270; x_wconf 77' lang='lat' dir='ltr'><strong>Recipit</strong></span> <span class='ocrx_word' id='word_1_578' title='bbox 851 5190 1265 5255; x_wconf 79' lang='lat' dir='ltr'><strong>Lambertum</strong></span> <span class='ocrx_word' id='word_1_579' title='bbox 1293 5190 1587 5253; x_wconf 81' lang='lat' dir='ltr'><strong>abbatem</strong></span> <span class='ocrx_word' id='word_1_580' title='bbox 1616 5187 1680 5253; x_wconf 88' lang='lat' dir='ltr'><strong>S.</strong></span> <span class='ocrx_word' id='word_1_581' title='bbox 1717 5188 1969 5253; x_wconf 80' lang='lat' dir='ltr'><strong>Bertini</strong></span> <span class='ocrx_word' id='word_1_582' title='bbox 2014 5187 2216 5253; x_wconf 75' lang='lat' dir='ltr'><strong>veluti</strong></span> <span class='ocrx_word' id='word_1_583' title='bbox 2252 5187 2595 5270; x_wconf 80' lang='lat' dir='ltr'><strong>prapriam</strong></span> <span class='ocrx_word' id='word_1_584' title='bbox 2622 5184 2933 5253; x_wconf 82' lang='lat' dir='ltr'><strong>Cluniaci</strong></span> <span class='ocrx_word' id='word_1_585' title='bbox 2967 5188 3381 5255; x_wconf 76' lang='lat' dir='ltr'><strong>monachum.</strong></span> 
     </span>
    </p>
   </div>
   <div class='ocr_carea' id='block_1_84' title="bbox 1789 5356 2200 5369">
    <p class='ocr_par' dir='ltr' id='par_1_84' title="bbox 1789 5356 2200 5369">
     <span class='ocr_line' id='line_1_84' title="bbox 1789 5356 2200 5369; baseline -0.002 0"><span class='ocrx_word' id='word_1_586' title='bbox 1789 5356 2200 5369; x_wconf 61' lang='lat'><strong>—_</strong></span> 
     </span>
    </p>
   </div>
   <div class='ocr_carea' id='block_1_85' title="bbox 388 5482 1929 5556">
    <p class='ocr_par' dir='ltr' id='par_1_85' title="bbox 388 5482 1929 5556">
     <span class='ocr_line' id='line_1_85' title="bbox 388 5482 1929 5556; baseline 0 -17"><span class='ocrx_word' id='word_1_587' title='bbox 388 5483 569 5550; x_wconf 71' lang='lat' dir='ltr'><strong>lineo,</strong></span> <span class='ocrx_word' id='word_1_588' title='bbox 593 5483 777 5539; x_wconf 84' lang='lat' dir='ltr'><strong>divina</strong></span> <span class='ocrx_word' id='word_1_589' title='bbox 805 5483 984 5556; x_wconf 91' lang='lat' dir='ltr'><strong>gratia</strong></span> <span class='ocrx_word' id='word_1_590' title='bbox 1012 5483 1389 5540; x_wconf 86' lang='lat' dir='ltr'><strong>Cluniacensis</strong></span> <span class='ocrx_word' id='word_1_591' title='bbox 1444 5482 1677 5541; x_wconf 87' lang='lat' dir='ltr'><strong>coenobii</strong></span> <span class='ocrx_word' id='word_1_592' title='bbox 1736 5483 1929 5552; x_wconf 89' lang='lat' dir='ltr'><strong>abbas,</strong></span> 
     </span>
    </p>
   </div>
   <div class='ocr_carea' id='block_1_86' title="bbox 315 5571 1923 5648">
    <p class='ocr_par' dir='ltr' id='par_1_86' title="bbox 315 5571 1923 5648">
     <span class='ocr_line' id='line_1_86' title="bbox 315 5571 1923 5648; baseline 0 -17"><span class='ocrx_word' id='word_1_593' title='bbox 315 5572 532 5631; x_wconf 88' lang='lat' dir='ltr'><strong>cunctis</strong></span> <span class='ocrx_word' id='word_1_594' title='bbox 560 5571 820 5633; x_wconf 88' lang='lat' dir='ltr'><strong>fratribus</strong></span> <span class='ocrx_word' id='word_1_595' title='bbox 841 5588 908 5631; x_wconf 92' lang='lat' dir='ltr'><strong>ac</strong></span> <span class='ocrx_word' id='word_1_596' title='bbox 949 5571 1072 5632; x_wconf 85' lang='lat' dir='ltr'><strong>ﬁliis</strong></span> <span class='ocrx_word' id='word_1_597' title='bbox 1126 5573 1343 5645; x_wconf 87' lang='lat' dir='ltr'><strong>nostris,</strong></span> <span class='ocrx_word' id='word_1_598' title='bbox 1400 5580 1511 5630; x_wconf 88' lang='lat' dir='ltr'><strong>tam</strong></span> <span class='ocrx_word' id='word_1_599' title='bbox 1564 5573 1923 5648; x_wconf 74' lang='lat' dir='ltr'><strong>praesentibus</strong></span> 
     </span>
    </p>
   </div>
   <div class='ocr_carea' id='block_1_87' title="bbox 2040 5481 3639 5558">
    <p class='ocr_par' dir='ltr' id='par_1_87' title="bbox 2040 5481 3639 5558">
     <span class='ocr_line' id='line_1_87' title="bbox 2040 5481 3639 5558; baseline 0.001 -20"><span class='ocrx_word' id='word_1_600' title='bbox 2040 5500 2201 5555; x_wconf 89' lang='lat' dir='ltr'><strong>quam</strong></span> <span class='ocrx_word' id='word_1_601' title='bbox 2232 5483 2440 5551; x_wconf 88' lang='lat' dir='ltr'><strong>tuturis,</strong></span> <span class='ocrx_word' id='word_1_602' title='bbox 2472 5491 2593 5555; x_wconf 88' lang='lat' dir='ltr'><strong>post</strong></span> <span class='ocrx_word' id='word_1_603' title='bbox 2646 5491 2851 5541; x_wconf 65' lang='lat' dir='ltr'><strong>sancta:</strong></span> <span class='ocrx_word' id='word_1_604' title='bbox 2897 5482 3323 5543; x_wconf 88' lang='lat' dir='ltr'><strong>conversationis</strong></span> <span class='ocrx_word' id='word_1_605' title='bbox 3382 5481 3639 5558; x_wconf 83' lang='lat' dir='ltr'><strong>insignia,</strong></span> 
     </span>
    </p>
   </div>
   <div class='ocr_carea' id='block_1_88' title="bbox 2030 5572 2604 5651">
    <p class='ocr_par' dir='ltr' id='par_1_88' title="bbox 2030 5572 2604 5651">
     <span class='ocr_line' id='line_1_88' title="bbox 2030 5572 2604 5651; baseline -0.003 -20"><span class='ocrx_word' id='word_1_606' title='bbox 2030 5575 2202 5633; x_wconf 67' lang='lat' dir='ltr'><strong>beate</strong></span> <span class='ocrx_word' id='word_1_607' title='bbox 2228 5573 2354 5632; x_wconf 72' lang='lat' dir='ltr'><strong>vita:</strong></span> <span class='ocrx_word' id='word_1_608' title='bbox 2381 5572 2604 5651; x_wconf 84' lang='lat' dir='ltr'><strong>gaudia.</strong></span> 
     </span>
    </p>
   </div>
  </div>
