4032 6078
413 252 515 305 947

1510 240 1566 293 S.
1596 236 1908 294 IIUGONIS
1939 235 2225 289 ABBATIS
2255 230 2584 288 CLUNIAC.

3603 227 3714 279 948

474 393 699 448 Noverit
725 393 984 448 charitas‘
1017 395 1217 454 vestra,
1279 383 1612 440 dilectissimi
1675 382 1792 449 ﬁlii,
1851 380 1996 452 quod
2029 361 2084 421 Α
2110 384 2354 448 repetere
2385 375 2682 442 abbatiam,
2714 388 2778 429 ea
2801 372 3008 429 scilicet
3027 369 3320 425 intentione
3350 374 3407 421 ut
3435 365 3490 420 in
3521 372 3710 420 nostra

410 483 643 538 domnus
683 482 992 536 Lambertus
1033 477 1202 531 abbas
1255 475 1313 530 S.
1364 472 1561 527 Bertini
1610 470 1832 526 veniens
1875 473 2001 523 ante

408 570 748 642 praesentiam
787 565 1099 622 humilitatis
1155 571 1369 629 nostra),
1424 562 1565 615 inter
1619 560 1725 614 alia
1788 573 2001 629 magnae

411 677 523 715 sua
553 658 854 713 devotionis
885 670 1130 717 munera,
1164 653 1306 722 quod
1339 651 1498 706 etiam
1523 648 1869 704 commissam
1894 647 2000 702 sibi

411 747 684 818 abbatiam
745 761 856 800 non
899 743 1166 797 dubitavit
1219 741 1544 808 relinquere,
1608 737 1870 806 nobisque
1932 735 2002 790 ad

408 835 764 891 ordinandam
787 831 1000 897 offerre,
1072 837 1256 884 noster
1313 843 1528 898 quoque
1580 827 1880 880 monachus
1935 839 2001 879 ac

405 925 692 994 professus
721 921 975 976 existere.
1009 919 1143 974 Cum
1183 917 1251 972 ad
1280 932 1343 971 ea
1373 933 1494 988 quae
1523 917 1719 970 devote
1763 913 2000 984 postula-

405 1013 500 1067 bat
529 1019 726 1066 nostraa
754 1008 1050 1066 voluntatis
1079 1022 1353 1062 assensum
1384 1005 1529 1059 nullo
1561 1012 1715 1076 pacto
1758 1009 2006 1058 cerneret

404 1098 672 1167 inclinari,
705 1107 928 1172 rogatus
959 1114 990 1151 a
1019 1096 1178 1152 nobis
1219 1093 1494 1166 propriam
1551 1093 1866 1163 compulsus
1925 1097 2010 1146 est

2111 464 2437 530 obedientia,
2473 463 2709 535 quandiu
2751 461 2966 522 vixerit,
3022 460 3218 515 devote
3263 461 3596 526 permaneat,
3651 461 3714 507 et

2110 563 2165 610 ut
2193 554 2492 615 monachus
2521 561 2698 607 noster
2727 567 2789 606 ac
2823 550 3100 620 professus
3129 548 3196 602 ab
3253 543 3398 600 omni
3464 557 3705 612 congre-

2109 643 2330 716 gatione
2357 650 2566 697 ametur
2595 649 2645 695 et
2669 640 2960 695 excolatur.
2989 638 3126 693 Cum
3149 649 3277 690 vero
3299 632 3515 702 expleto
3537 630 3702 698 hujus

2112 733 2237 788 vitae
2265 731 2530 786 curriculo
2555 729 2800 783 debitum
2830 726 3034 783 cunctis
3073 721 3389 778 mortalibus
3444 717 3703 773 exsolve-

2110 822 2182 876 rit
2225 822 2409 887 ﬁnem,
2453 818 2770 873 tricenarius
2798 817 2852 869 in
2883 818 2988 870 hoc
3014 814 3132 868 loco
3169 827 3266 882 pro
3296 810 3387 863 illo
3451 805 3701 862 celebre-

2113 920 2215 978 tur,
2257 910 2481 981 ejusque
2529 905 2903 962 anuiversaria
2960 903 3077 960 dies
3124 899 3360 957 annatim
3418 893 3707 952 celebriter

2113 1007 2326 1073 agatur.

1607 1284 3080 1309 Μ

1247 1396 1928 1516 SANCTI
1992 1389 2860 1510 HUGONIS

1661 1616 2421 1714 EXHORTATIO

1047 1832 1144 1898 Ad
1177 1827 1712 1897 sanctimoniales
1742 1825 1922 1908 apud
1953 1823 2428 1890 Marciniacum
2467 1822 2612 1887 Deo
2645 1821 3037 1887 servientes.

1550 2007 1920 2079 (Bibliotheca
1952 2004 2188 2062 Cluniae
2210 2045 2248 2074 .,
2275 2020 2331 2075 p.
2366 2003 2527 2073 491.)

462 2345 802 2403 Dulcissimis
874 2345 1088 2400 ﬁliabus
1169 2342 1547 2411 sororibusque
1603 2336 1988 2394 amantissimis
2017 2321 2069 2380 Β
2097 2352 2214 2393 esse
2242 2351 2463 2402 securae,
2497 2334 2592 2390 sed
2624 2334 2713 2390 die
2743 2342 3011 2405 noctuque
3042 2345 3330 2405 suspectae,
3363 2343 3415 2388 et
3444 2335 3511 2388 de
3575 2334 3705 2389 ani-

390 2436 580 2491 smculi
613 2451 814 2506 pompa
843 2434 1034 2501 exutis,
1068 2441 1121 2488 et
1158 2431 1464 2486 Marciniaci
1511 2429 1580 2484 ad
1626 2430 1891 2482 honorem
1943 2435 1994 2480 et

391 2524 606 2579 laudem
636 2531 836 2579 sanctae
868 2530 920 2576 et
939 2521 1234 2576 individua
1263 2519 1537 2574 Trinitatis
1565 2517 1664 2571 sub
1691 2514 1992 2587 patrocinio

390 2613 454 2667 B.
498 2612 684 2666 Mariae
701 2627 917 2680 semper
940 2610 1198 2682 Virginis,
1222 2617 1274 2663 et
1295 2616 1605 2663 sanctorum
1623 2605 1992 2676 apostolorum

393 2701 536 2754 Petri
567 2708 618 2753 et
647 2700 794 2754 Pauli
817 2700 1187 2770 congregatis,
1221 2698 1389 2752 frater
1418 2697 1575 2750 Huoo
1637 2695 1806 2748 abbas
1861 2693 1994 2748 Clu-

393 2782 682 2847 niacensis,
752 2781 1003 2850 salutem,
1059 2782 1297 2854 gratiam
1355 2791 1408 2835 et
1461 2778 1894 2833 benedictionem
1943 2786 1994 2831 et

394 2885 538 2923 nunc
567 2876 620 2923 et
647 2869 701 2922 in
729 2877 1070 2939 perpetuum.

465 2958 586 3013 Non
618 2956 804 3022 lateat,
837 2972 869 3011 ο
892 2957 1037 3025 tiliae,
1071 2956 1486 3027 praecordialem
1517 2955 1833 3011 cbaritatem
1892 2971 1991 3011 ve-

393 3053 582 3113 stram,
617 3046 742 3116 quia
772 3063 836 3101 ex
864 3061 971 3116 quo
997 3045 1150 3100 illum
1185 3045 1362 3100 locum
1390 3044 1572 3101 divina
1599 3051 1906 3114 praecuncte
1943 3051 1996 3097 et

396 3143 726 3207 cooperante
776 3134 1074 3190 clementia
1139 3133 1502 3200 fundavimus,
1587 3133 1994 3189 evidentissime

389 3225 498 3293 Dei
553 3223 939 3294 omnipotentis
986 3223 1430 3296 propitiationem
1487 3223 1743 3294 piumque
1806 3238 1996 3292 respe-

395 3322 541 3368 ctum
573 3312 650 3366 ibi
681 3313 875 3368 adesse
904 3312 1172 3366 sensimus
1200 3319 1252 3366 et
1281 3311 1498 3382 experti
1526 3329 1728 3378 sumus,
1761 3311 1852 3382 qui
1897 3326 1995 3366 sua

393 3403 570 3473 gratia
599 3401 780 3456 locum
811 3402 989 3471 ipsum
1020 3409 1072 3456 et
1101 3400 1468 3470 spiritualibus
1498 3401 1767 3470 promovit
1808 3401 1993 3456 incre-

398 3490 610 3553 mentis,
645 3495 701 3544 et
732 3489 1121 3558 temporalibus
1142 3489 1416 3544 beneficiis
1438 3489 1826 3560 aliquantisper
1870 3506 1993 3544 am-

400 3578 616 3648 pliavit.
651 3578 786 3632 Cum
815 3579 960 3631 enim
1002 3577 1247 3644 primitus
1303 3578 1438 3643 Deo,
1499 3577 1638 3632 sicut
1701 3577 1992 3646 credimus,

2101 2441 2310 2480 marum
2343 2428 2648 2478 vestrarum
2679 2422 2855 2476 salute
2889 2422 3113 2477 sollicite
3164 2431 3465 2493 praeparate
3525 2423 3702 2477 thala-

2103 2530 2221 2569 mos
2251 2513 2498 2567 cordium
2531 2518 2828 2567 vestrorum
2861 2511 2927 2564 ad
2958 2511 3240 2580 amplexus
3270 2509 3454 2580 sponsi
3513 2511 3700 2583 vestri,

2101 2600 2247 2655 illius
2276 2601 2483 2656 scilicet
2512 2601 2697 2671 magni
2757 2600 2926 2670 regis,
2984 2599 3072 2654 cui
3127 2598 3290 2653 ﬁdem
3343 2598 3692 2669 promisistis,

2101 2697 2455 2761 procurantes
2497 2688 2745 2744 attentius
2800 2703 2870 2741 ne
2934 2687 3068 2759 quid
3124 2687 3176 2741 in
3231 2686 3390 2742 vobis
3463 2688 3706 2756 reperiat

2103 2779 2252 2851 quod
2284 2795 2395 2832 suae
2427 2776 2714 2846 displiceat
2744 2775 3031 2846 majestati.
3065 2775 3314 2846 Cogitate
3338 2775 3519 2844 itaque
3569 2774 3704 2847 quid

2104 2866 2337 2930 fecistis,
2371 2865 2667 2936 recogitate
2699 2864 2828 2934 quid
2849 2863 3070 2918 vovistis
3103 2880 3119 2931 ;
3151 2872 3223 2932 et,
3256 2864 3303 2918 si
3324 2863 3561 2933 aliquam
3595 2879 3697 2920 ve-

2103 2963 2270 3009 strum
2301 2955 2517 3024 propria
2547 2953 2820 3008 remordet
2851 2952 3185 3007 conscientia
3213 2952 3266 3006 in
3297 2951 3480 3023 aliquo
3510 2966 3705 3008 exces-

2103 3042 2258 3108 sisse,
2292 3041 2584 3112 cogitando
2618 3041 2884 3107 videlicet,
2909 3040 3204 3111 loquendo,
3251 3041 3547 3112 cperando,
3607 3057 3705 3096 seu

2103 3130 2350 3186 fortassis
2380 3129 2615 3184 indebite
2647 3129 2826 3184 dando
2857 3138 2948 3183 aut
3003 3129 3342 3199 accipiendo,
3406 3129 3490 3184 vel
3547 3128 3706 3184 aliud

2103 3215 2436 3287 professioni
2467 3222 2662 3269 vestra:
2711 3215 3044 3269 contrarium
3091 3214 3329 3286 agendo,
3390 3213 3576 3270 redeat
3633 3214 3708 3269 ad

2103 3320 2220 3372 cor,
2253 3310 2498 3358 recurrat
2534 3303 2601 3356 ad
2633 3303 2858 3370 fontem,
2891 3319 3095 3373 suoque
3128 3303 3289 3373 priori
3346 3302 3465 3358 vice
3521 3311 3708 3357 nostra

2103 3408 2215 3447 rem
2262 3392 2532 3446 humiliter
2585 3392 2909 3458 manifestet,
2971 3399 3024 3445 et
3052 3391 3317 3446 veraciter
3364 3391 3704 3456 conﬁteatur,

2103 3481 2305 3550 sicque,
2339 3489 2596 3551 quantum
2627 3479 2864 3534 humana
2943 3480 3203 3550 permittit
3261 3479 3548 3552 fragilitas,
3581 3495 3707 3534 cum

2103 3570 2201 3623 Dei
2235 3569 2502 3638 adjutorio
2532 3568 2599 3623 de
2627 3577 2823 3623 caetero
2853 3569 2924 3622 ab
2954 3569 3258 3637 hujusmodi
3281 3577 3493 3623 caveat.
3536 3567 3702 3635 Quid-

406 3667 710 3730 ordinante,
739 3681 934 3734 paucas
962 3664 1097 3718 inibi
1128 3664 1502 3733 posuissemus
1534 3682 1767 3733 sorores,
1799 3674 1855 3720 et
1881 3667 1992 3722 illa:
2023 3676 2070 3740 ζ]
2106 3657 2232 3726 quid
2290 3672 2423 3728 ergo
2481 3656 2631 3721 boni,
2691 3657 2954 3728 quidquid
3007 3656 3299 3724 charitalis,
3359 3656 3709 3720 humilitatis.

406 3753 684 3808 charitatis
713 3770 778 3806 ac
805 3752 1084 3823 religionis
1137 3752 1350 3807 fervore
1399 3752 1758 3824 vitiorumque
1807 3755 1999 3809 morti-

408 3840 658 3894 ficatione
714 3839 919 3908 pollere
969 3839 1276 3909 cmpissent,
1348 3839 1614 3911 benignus
1699 3841 2000 3896 animarum

410 3922 635 3979 Creator
662 3930 714 3978 et
743 3932 949 3978 amator
975 3924 1108 3978 alias
1135 3924 1394 3995 paulatim
1443 3933 1602 3995 atque
1653 3926 1788 3982 alias
1844 3927 2006 3983 unde-

412 4023 623 4078 cunque
644 4007 715 4062 ibi
745 4024 1069 4079 aggregare,
1105 4025 1376 4078 unumque
1407 4010 1549 4065 ovile
1597 4010 1902 4082 speciosum
1953 4020 2008 4067 et

414 4098 571 4168 quasi
625 4096 899 4166 quoddam
956 4097 1314 4151 candidarum
1365 4099 1739 4153 columbarum
1809 4117 2009 4172 agmen

415 4187 714 4240 instaurare
770 4185 1024 4256 dignatus
1081 4193 1186 4240 est.
1248 4187 1487 4253 Quarum
1543 4189 1826 4242 nonnullas
1895 4192 2007 4260 jam

417 4274 485 4327 de
515 4273 896 4328 tentationibus
925 4272 1084 4342 hujus
1111 4273 1292 4329 saeculi
1341 4275 1579 4344 glorioso
1636 4276 1742 4331 tine
1800 4278 2007 4345 eduxit,

422 4370 475 4417 et.
533 4363 601 4416 ad
651 4363 822 4416 beatae
882 4363 1341 4416 remunerationis
1397 4363 1596 4434 gaudia
1655 4365 1903 4435 feliciter,
1957 4375 2011 4420 ut

417 4465 716 4521 speramus,
750 4451 946 4505 evexit.
979 4451 1278 4505 Nonnullas
1305 4467 1454 4518 vero,
1507 4468 1608 4506 vos
1638 4454 1860 4520 scilicet,
1893 4472 2012 4524 qua:

417 4555 560 4593 nunc
587 4540 899 4609 superestis,
953 4541 1130 4595 adhuc
1170 4540 1450 4594 miseratus
1504 4549 1799 4610 exspectat,
1842 4542 2014 4597 donec

421 4644 534 4682 suae
563 4629 901 4697 complaceat
930 4629 1251 4699 dignationi,
1285 4635 1346 4684 ut
1376 4629 1446 4683 ab
1467 4630 1625 4699 hujus
1647 4631 1827 4684 exsilii
1860 4631 2015 4686 mise-

424 4716 584 4770 rabili
615 4733 857 4770 aerumna
880 4717 1144 4786 propitius
1175 4733 1272 4772 vos
1303 4717 1514 4786 eripiat,
1558 4727 1612 4773 et
1663 4720 1728 4772 ad
1797 4719 2011 4772 illarum

422 4803 546 4857 felix
581 4805 833 4873 perducat
861 4806 1218 4860 consortium.
1251 4805 1330 4859 Ad
1361 4822 1456 4861 vos
1487 4807 1668 4878 igitur,
1689 4823 1721 4862 o
1746 4806 1891 4873 ﬁlim,
1925 4807 2014 4864 hic

422 4892 725 4962 specialiter
755 4902 936 4948 noster
961 4910 1140 4950 sermo
1171 4895 1443 4967 dirigitur,
1460 4912 1557 4966 per
1586 4911 1744 4967 quem
1779 4903 2012 4950 vestram

423 4989 653 5051 paterno
686 4980 882 5036 affectu
937 4983 1350 5039 unanimitatem
1408 4986 1778 5052 convenimus,
1841 4985 2007 5039 obse-

420 5077 636 5124 crantes
665 5070 719 5123 in
749 5070 1000 5138 Domino,
1048 5079 1103 5126 et.
1152 5081 1375 5142 propter
1430 5074 1745 5141 Dominum,
1777 5079 1832 5126 ut
1885 5073 2012 5127 illuc

419 5157 714 5229 suspiretis,
746 5158 872 5215 illuc
926 5169 1092 5215 totam
1149 5161 1312 5214 animi
1369 5162 1722 5216 intentionem
1779 5161 2014 5215 transfe-

411 5249 560 5314 ratis,
592 5248 852 5321 quidquid
882 5250 938 5302 in
979 5250 1182 5303 smculo
1211 5249 1463 5316 cernitur,
1498 5259 1750 5321 tanquam
1782 5250 2007 5303 nihilum

417 5345 471 5392 et
500 5337 674 5405 inane,
709 5345 760 5392 et
789 5338 946 5409 quasi
977 5337 1232 5392 nebulam
1270 5347 1776 5408 pertranseeuntem
1837 5355 2008 5408 repu-

410 5433 538 5480 tate.
572 5426 640 5480 Et
671 5427 796 5496 quia
827 5442 1000 5498 neque
1030 5426 1172 5480 diem
1207 5443 1382 5498 neque
1412 5428 1621 5496 horam,
1656 5445 1762 5498 qua
1791 5428 1862 5482 ad
1907 5444 2006 5481 ve-

411 5522 576 5570 stram
623 5515 958 5572 vocationem
1016 5515 1274 5572 Domiuus
1331 5517 1530 5583 veniat,
1593 5517 1778 5584 nostis,
1837 5515 2006 5573 nolite

2110 3745 2401 3814 patientiae,
2462 3744 2813 3813 obedientiae,
2866 3753 3067 3800 sanctae
3137 3746 3587 3816 compunctionis,
3654 3753 3711 3798 et

2111 3833 2466 3890 confessionis
2491 3849 2656 3900 varie,
2691 3834 2770 3888 vel
2803 3833 2966 3888 etiam
2998 3834 3297 3903 corporalis
3317 3833 3586 3900 exercitii,
3608 3849 3711 3888 seu

2113 3931 2238 3977 ante
2269 3921 2366 3976 Dei
2397 3921 2563 3976 solius
2589 3921 2791 3987 oculos,
2825 3922 2940 3977 sive
2969 3923 3037 3976 ad
3069 3939 3166 3977 nos
3206 3922 3439 3979 invicem
3470 3922 3710 3994 egeritis,

2115 4018 2289 4065 totum
2322 4011 2479 4064 vobis
2509 4027 2574 4065 ex
2596 4021 2750 4080 parte
2781 4011 2876 4066 Dei
2927 4011 3263 4082 injungimus
3320 4011 3374 4065 in
3431 4011 3712 4065 remissio-

2118 4115 2240 4154 nem
2276 4107 2622 4169 peccatorum
2655 4108 2979 4156 vestrorum.
3032 4100 3099 4154 Et
3155 4115 3300 4155 nunc
3356 4099 3483 4170 quia
3538 4106 3714 4153 vestra

2117 4193 2304 4242 sancta
2336 4189 2506 4258 poscit
2533 4188 2748 4242 devotio
2780 4197 2854 4255 ut,
2889 4188 3142 4257 quoniam
3187 4196 3272 4242 et,
3294 4187 3468 4243 mtatis
3523 4187 3716 4259 gravi-

2121 4285 2245 4342 tate,
2306 4275 2632 4330 inﬁrmitatis
2689 4277 3052 4330 imbecillitate
3109 4277 3437 4346 impediente
3512 4292 3715 4346 corpo-

2121 4366 2286 4419 ralem
2320 4365 2658 4434 przesentiam
2703 4373 2942 4419 nostram
2997 4366 3108 4432 jam
3175 4382 3273 4420 vos
3331 4368 3544 4421 visuras
3599 4382 3716 4420 non

2119 4455 2363 4525 speratis,
2400 4453 2671 4507 tradamus
2699 4454 2853 4509 vobis
2884 4453 3102 4524 aliquod
3133 4454 3462 4520 memoriale,
3493 4455 3547 4508 in
3608 4471 3718 4524 quo

2121 4551 2171 4597 et
2202 4551 2436 4596 vestram
2466 4543 2911 4610 consolationem,
2936 4551 2988 4597 et
3017 4552 3214 4597 nostrae
3280 4544 3556 4597 memoria:
3610 4544 3718 4598 ha-

2124 4631 2294 4684 beatis
2323 4631 2858 4699 represeutationem,
2897 4639 3131 4685 vestrum
3190 4631 3555 4701 approbantes
3611 4633 3718 4684 de-

2123 4719 2403 4785 siderium,
2465 4734 2562 4788 per
2617 4729 2935 4788 praesentem
2987 4718 3272 4788 epistolam
3323 4720 3490 4788 quod
3523 4720 3721 4789 aptatis

2125 4807 2430 4876 implemus,
2477 4807 2720 4861 volentes
2773 4815 2826 4861 ut
2883 4823 3048 4876 penes
3102 4823 3200 4861 vos
3241 4816 3564 4873 reservetur,
3621 4825 3719 4862 vs—

2121 4896 2312 4964 bisque
2342 4897 2397 4949 in
2429 4896 2666 4966 quinque
2697 4895 2987 4964 praecipuis
3018 4895 3395 4949 festivitatibus
3416 4896 3469 4949 in
3484 4895 3721 4964 capitulo

2126 4985 2397 5038 recitetur.
2439 4983 2675 5053 Supplex
2709 5000 2839 5054 ergo
2878 4992 2928 5038 et
2957 4985 3128 5038 corde
3177 4992 3477 5052 prostratus
3526 4984 3722 5038 Domi-

2124 5089 2253 5127 num
2284 5073 2729 5142 omnipotentem,
2766 5074 2972 5126 Patrem
3008 5080 3060 5126 et
3088 5073 3284 5126 Filium
3342 5080 3395 5126 et
3451 5072 3714 5141 Spiritum

2115 5162 2171 5216 S.
2205 5161 2418 5226 invoco,
2451 5169 2507 5214 ut
2537 5161 2737 5216 meritis
2766 5165 2817 5215 et
2839 5161 3094 5230 precibus
3123 5161 3296 5216 beata:
3337 5160 3525 5215 Mariae
3567 5176 3722 5216 sem-

2118 5266 2215 5318 per
2245 5249 2497 5320 Virginis,
2529 5257 2582 5304 et
2611 5249 2714 5304 SS.
2749 5250 3119 5318 apostolorum
3152 5249 3289 5303 Petri
3318 5257 3370 5304 et
3427 5249 3598 5314 Pauli,
3667 5258 3724 5304 et

2117 5340 2193 5394 Η.
2231 5338 2529 5404 Benedicti,
2559 5337 2907 5408 omniumque
2929 5337 3026 5392 SS.
3061 5353 3158 5392 vos
3189 5337 3496 5401 benedicat,
3528 5346 3581 5391 et
3647 5338 3720 5391 ab

2112 5427 2366 5482 omnibus
2391 5427 2631 5496 peccatis
2662 5442 3009 5498 quaecunque
3045 5425 3097 5480 in
3151 5427 3330 5480 anima
3387 5431 3441 5480 et
3493 5439 3720 5498 corpore

2119 5514 2468 5575 commisistis
2497 5515 2767 5580 absolvat,
2801 5515 2853 5569 in
2884 5523 3069 5572 sancto
3101 5513 3391 5574 conﬁrmet
3418 5513 3720 5588 proposito,
