4032 6078
351 203 454 257 949

1692 201 2290 262 COMMONITORIUM
2298 247 2309 259 .

3519 223 3522 226 ’
3560 211 3661 263 950

349 328 407 382 et
433 327 503 380 ad
534 325 756 380 beatum
779 325 939 380 ﬁnem
969 323 1225 394 deducat,
1258 326 1350 382 ubi
1380 327 1660 398 recipiatis
1690 328 1761 384 de
1789 344 1954 384 manu
1981 331 2038 393 Α
2070 328 2266 386 tionem
2297 329 2453 386 vobis
2491 330 2681 403 largiri
2711 330 2990 401 dignetur.
3031 332 3229 387 Amen.
3265 331 3467 387 Omnes
3495 330 3658 387 etiam

350 413 520 485 ipsius
577 415 724 484 quod
758 415 944 469 oculus
992 430 1102 470 non
1151 415 1304 484 vidit,
1363 431 1463 472 nec
1516 416 1664 472 auris
1722 418 1944 487 audivit,

350 519 452 559 nec
488 503 539 557 in
573 519 666 558 cor
694 503 927 558 hominis
974 504 1235 570 ascendit,
1268 521 1387 576 quae
1441 506 1774 576 praeparavit
1803 509 1950 562 Deus

351 591 706 663 diligentibus
745 607 827 645 se.
897 592 1003 647 Sed
1033 601 1087 646 et
1140 594 1246 648 hoc
1300 593 1544 661 ejusdem
1585 594 1680 649 Dei
1711 596 1950 663 petimus

348 679 694 736 clementiam
747 687 805 734 ut
851 680 1062 750 quoties
1108 682 1224 736 haec
1279 681 1433 736 vobis
1461 682 1776 737 recitabitur
1821 683 1947 753 epi-

347 770 489 824 stola
516 767 884 840 plenissimam
915 768 1311 824 benedictionis
1340 771 1594 841 gratiam,
1629 779 1681 826 et
1717 771 1946 826 absolu-

2056 418 2147 490 qui
2165 434 2260 475 vos
2279 418 2572 474 secundum
2603 419 2897 475 Dominum
2915 419 3225 488 dilexerint,
3248 428 3300 476 et
3319 419 3652 490 adjuverint,

2060 516 2400 578 vestramque
2453 509 2875 563 sustentaverint
2936 509 3374 578 teneritudinem,
3436 509 3656 578 adjuvet

2057 594 2193 664 ipse,
2217 603 2269 650 et
2299 611 2398 649 sua
2427 596 2596 666 gratia
2627 596 2824 666 dignos
2843 595 3056 651 efﬁciat.
3089 600 3288 653 Amen.
3325 600 3444 652 Jam
3486 613 3654 664 nunc,

2057 699 2264 753 quaeso,
2295 699 2326 738 o
2365 683 2513 751 ﬁliae,
2545 693 2875 740 mementote
2899 685 3005 741 mei
3035 686 3361 757 peccatoris,
3390 693 3444 742 et
3468 685 3574 755 hic,
3599 689 3659 740 et

2055 780 2178 828 ante
2200 772 2513 828 Dominum.
2534 776 2726 830 Amen.

1274 1121 1844 1217 SANCTI
1974 1121 2688 1220 HUGONIS

1486 1328 2478 1426 COMMONITORIUM

848 1555 953 1622 Ad
985 1572 1413 1625 successores
1443 1576 1608 1626 suos
1636 1576 1756 1642 pro
1786 1559 2424 1626 sanctimonialibus
2453 1560 3126 1630 Marciniacensibus.

1889 1693 2082 1768 (Ιὺίιί.)

405 1947 657 2017 Quandiu
711 1948 1088 2007 misericordia
1132 1951 1328 2007 Christi
1371 1951 1636 2020 annuerit,
1695 1960 1754 2008 ut
1802 1953 1926 2022 ejus
1954 1955 2007 2015 B
2039 1963 2098 2009 ut
2135 1953 2480 2024 praemissum
2513 1960 2612 2024 est,
2646 1954 2750 2010 viri
2780 1961 3098 2025 peccatores
3114 1953 3639 2026 fuerantconsecuti,

338 2037 683 2106 obsequium,
715 2039 911 2111 religio
941 2048 994 2094 et
1023 2040 1317 2110 disciplina
1338 2039 1600 2112 regularis
1630 2041 1685 2094 in
1713 2042 1928 2097 contes-

329 2124 482 2180 sione
515 2126 618 2181 SS.
651 2126 720 2180 sit
748 2129 1137 2198 apostolorum,
1195 2137 1248 2183 et
1294 2128 1348 2182 in
1400 2130 1738 2185 monasterio
1796 2130 1929 2184 Clu-

327 2213 506 2280 niaco,
540 2215 609 2268 ad
643 2229 832 2270 omnes
859 2216 948 2286 qui
981 2217 1227 2286 ejusdem
1258 2216 1361 2272 loci
1385 2225 1618 2272 rectores
1641 2225 1694 2272 et
1720 2218 1927 2290 guber-

327 2309 544 2356 natores
571 2319 690 2357 esse
721 2304 1035 2369 meruerint,
1068 2304 1330 2374 scriptum
1379 2310 1463 2360 est
1492 2307 1595 2360 hoc
1621 2305 1926 2362 commoni-

325 2390 522 2444 torium
554 2391 738 2446 domni
771 2393 1014 2464 Hugonis
1045 2393 1280 2462 abbatis,
1341 2394 1487 2463 quod
1541 2395 1659 2464 ipse
1708 2395 1925 2466 quidem

324 2487 570 2534 extrema
617 2496 714 2534 sua
772 2482 994 2536 omnino
1035 2481 1355 2552 suspicatus,
1416 2482 1491 2536 ita
1547 2482 1659 2537 ﬁeri
1704 2484 1926 2538 fratrum

323 2567 663 2636 collaudante
693 2569 952 2640 suffragio
981 2571 1220 2625 decrevit
1249 2579 1302 2625 et
1331 2570 1577 2626 instituit.

395 2655 441 2711 Ο
463 2655 692 2725 domini,
720 2674 751 2712 ο
786 2659 990 2726 Patres,
1025 2675 1166 2728 quos
1197 2659 1465 2714 Dominus
1521 2660 1613 2714 ille
1667 2659 1922 2729 caelestis,

325 2751 379 2799 et
409 2744 644 2800 caelestis
676 2746 831 2800 Pater
857 2747 1024 2818 elegit
1060 2755 1112 2800 et
1139 2749 1417 2817 promovit
1440 2755 1742 2820 utgregem
1763 2764 1923 2803 suum

322 2847 547 2903 pascere
577 2833 842 2902 debeatis,
866 2835 1293 2891 misericorditer
1307 2852 1519 2908 quaeso,
1553 2844 1606 2890 et
1629 2837 1925 2908 diligentur

321 2921 508 2976 audite
540 2922 694 2993 quod
723 2922 776 2976 in
804 2923 916 2977 istis
947 2923 1138 2979 litteris
1168 2925 1582 2980 commendatur
1609 2925 1813 2980 notitia:
1869 2931 1924 2980 et

323 3009 605 3064 memorie
633 3019 844 3079 vestrae,
877 3020 933 3066 ut
976 3011 1031 3065 in
1059 3012 1323 3066 memoria
1358 3021 1560 3068 aeterna
1607 3028 1731 3068 cum
1756 3013 1922 3082 justis

320 3098 658 3164 mereamini,
709 3108 764 3154 et
817 3100 874 3154 in
917 3099 1009 3156 illo
1063 3099 1149 3155 die
1202 3101 1273 3155 ab
1324 3101 1603 3156 auditione
1640 3101 1784 3156 mala
1812 3116 1918 3158 non

322 3185 532 3242 timere.
585 3186 846 3257 Quamvis
899 3189 1049 3245 enim
1105 3204 1214 3245 non
1271 3189 1624 3246 mediocriter
1666 3197 1923 3259 peccator

2037 2041 2256 2098 feminae
2286 2059 2502 2115 quoque
2535 2043 2872 2114 peccatrices
2908 2042 3027 2112 ipso
3048 2050 3267 2123 auctore
3317 2059 3416 2114 per
3471 2059 3639 2115 opera

2039 2130 2432 2186 mediocritatis
2468 2139 2667 2187 nostrae
2714 2138 3194 2201 consequerentur,
3251 2130 3470 2203 illisque
3505 2147 3644 2203 spe-'

2037 2217 2250 2274 cialiter
2277 2217 2654 2290 delegavimus
2679 2217 2858 2275 locum
2891 2218 3043 2273 illum
3060 2218 3637 2291 Marciniacum,quem

2036 2307 2093 2361 in
2122 2308 2326 2362 honore
2355 2316 2556 2362 sanctae
2604 2316 2658 2363 et
2685 2306 2984 2363 individua;
3031 2306 3306 2362 Trinitatis
3348 2307 3638 2364 {undantes

2036 2393 2446 2460 aediﬁcavimus,
2474 2411 2582 2450 non
2615 2395 2686 2451 de
2707 2395 2908 2450 nostris
2927 2394 3256 2466 sumptibus,
3294 2411 3395 2451 nec
3412 2396 3483 2451 de
3529 2411 3635 2452 no-

2036 2483 2157 2538 stris
2184 2482 2535 2538 facultatibus
2566 2482 2656 2552 qui
2679 2482 2880 2537 Christi
2905 2499 3170 2554 pauperes
3196 2483 3328 2538 nihil
3358 2483 3634 2556 proprium

2033 2571 2344 2638 habuimus,
2384 2572 2483 2626 sed
2505 2572 2574 2626 de
2602 2571 2707 2627 hoc
2727 2578 2934 2626 tantum
2955 2571 3102 2642 quod
3144 2571 3313 2643 ipsius
3362 2572 3635 2645 largitudo

2033 2659 2260 2731 dignata
2302 2667 2383 2714 est
2437 2659 2720 2729 impertiri.
2753 2660 2822 2714 Et
2848 2673 2991 2716 nunc
3036 2659 3164 2729 quia
3191 2659 3246 2714 in
3279 2661 3383 2716 hoc
3428 2662 3634 2717 mundo

2033 2763 2098 2802 ea
2127 2754 2208 2801 est
2235 2746 2476 2802 omnium
2508 2747 2822 2803 vicissitudo
2861 2755 2919 2802 ut
2946 2747 3164 2816 quidam
3195 2748 3475 2802 hominum
3529 2749 3636 2804 sint

2031 2840 2342 2904 nascentes,
2395 2835 2621 2906 quidam
2679 2835 2949 2904 viventes,
2984 2835 3209 2906 quidam
3256 2835 3311 2890 in
3339 2836 3629 2907 sepulcris,

2030 2924 2332 2979 secundum
2359 2923 2503 2996 quod
2517 2939 2672 2980 sacra
2701 2924 2977 2995 Scriptura
2998 2923 3258 2996 loquitur,
3277 2924 3628 2981 dormientes.

2029 3012 2150 3084 Ego
2180 3028 2309 3068 vero
2339 3020 2599 3084 quantum
2619 3011 2852 3081 videtur,
2903 3011 3198 3067 nativitatis
3245 3020 3300 3067 et
3330 3012 3452 3068 vitae
3483 3021 3629 3068 tem-

2028 3115 2164 3172 pora
2193 3099 2313 3170 jam
2333 3101 2543 3172 peregi,
2575 3103 2630 3156 et
2683 3099 2754 3154 ad
2783 3099 3022 3155 ultimam
3053 3106 3261 3155 sortem
3291 3100 3506 3169 deveni,
3557 3102 3630 3156 ad

2025 3188 2198 3256 illam,
2263 3187 2508 3259 inquam,
2565 3194 2786 3256 sortem,
2847 3202 3011 3257 quam
3083 3187 3265 3242 nullus
3321 3186 3629 3244 mortalium

318 3274 534 3341 fuerim,
568 3285 620 3332 et
649 3276 911 3348 indignus
933 3286 990 3332 ut
1019 3278 1105 3334 vel
1136 3279 1313 3334 solum
1352 3279 1634 3350 parvitatis
1661 3294 1796 3333 meae
1812 3293 1915 3335 vo-
1947 3308 1997 3370 Ο
2027 3274 2428 3347 quantumlibet
2482 3274 2550 3330 sit
2605 3290 2788 3343 sanus,
2848 3274 3244 3370 quantumlibet
3292 3275 3384 3370 sit.
3408 3285 3627 3347 potens,

317 3363 570 3418 cabulum
628 3365 682 3419 in
731 3367 1004 3422 audientia
1047 3374 1230 3423 vestra
1276 3368 1549 3438 recitetur,
1607 3375 1790 3422 tamen
1847 3367 1916 3421 de

313 3452 570 3522 opinione
626 3453 847 3524 pietatis
922 3463 1116 3512 vestrae
1170 3455 1506 3528 praesumpsi,
1547 3463 1606 3511 ut
1659 3455 1913 3510 auderem

315 3540 578 3597 mandare
632 3543 789 3598 vobis
819 3553 872 3598 et
917 3544 1186 3614 scribere,
1219 3545 1363 3617 quod
1395 3553 1448 3600 et
1478 3544 1636 3600 vobis
1665 3544 1782 3599 Deo
1810 3557 1914 3599 vo-

318 3627 458 3684 lente
480 3645 589 3686 non
619 3631 721 3686 erit
749 3632 957 3700 inutile,
991 3633 1036 3687 si
1067 3633 1182 3705 ipse
1237 3633 1450 3689 dederit
1482 3641 1538 3687 ut
1568 3631 1787 3703 loquela
1804 3631 1910 3686 bu-

317 3717 558 3773 militatis
589 3736 724 3776 mea;
753 3720 938 3776 brevis
958 3730 1012 3777 et
1033 3721 1247 3777 modica
1265 3721 1640 3793 dignationem
1666 3727 1911 3776 vestram

318 3814 614 3861 mereatur.
646 3809 822 3880 Igitur
838 3823 1172 3880 quanquam,
1205 3818 1262 3864 ut
1289 3809 1629 3880 praemissum
1663 3815 1762 3876 est,
1818 3807 1910 3863 in-

317 3892 514 3963 dignus
537 3895 752 3962 fuerim,
781 3905 835 3952 et
864 3913 974 3953 non
1000 3898 1147 3953 aliud
1178 3913 1340 3967 quam
1380 3912 1598 3952 omnem
1645 3897 1909 3953 extremi-

317 3988 480 4036 tatem
538 3986 848 4054 meruerim,
910 3995 1091 4042 tamen
1118 3987 1263 4040 Deus
1293 3993 1383 4040 aut
1411 3985 1599 4054 voluit,
1653 3992 1745 4039 aut
1788 4001 1908 4056 per-

313 4070 457 4124 misit
503 4080 560 4126 ut
607 4089 804 4128 nomen
877 4083 929 4129 et
985 4073 1218 4129 cilicium
1294 4073 1499 4144 praelati
1556 4081 1698 4128 esset
1746 4089 1912 4143 super

312 4157 586 4214 hominem
618 4162 951 4231 hujusmodi.
989 4163 1056 4217 Et
1085 4163 1176 4217 ille
1235 4162 1323 4232 qui
1355 4162 1409 4215 in
1447 4161 1592 4215 hunc
1649 4162 1908 4216 mundum

310 4244 453 4298 venit
486 4245 657 4317 magis
679 4262 776 4316 pro
791 4248 1169 4316 peccatoribus
1197 4263 1357 4317 quam
1389 4262 1486 4318 pro
1511 4247 1694 4317 justis,
1744 4248 1908 4303 modo

311 4347 524 4402 quoque
540 4333 844 4389 miriﬁcavit
875 4335 1302 4391 misericordiam
1333 4351 1508 4404 suam,
1548 4343 1602 4390 ut
1631 4335 1689 4390 in
1717 4335 1909 4390 diebus

311 4421 510 4475 nostris
529 4430 847 4491 peccatores
877 4425 980 4491 sui,
1013 4424 1204 4495 suique
1249 4425 1572 4494 pmnitentes
1620 4423 1688 4478 de
1733 4424 1906 4479 tantis

311 4515 362 4562 et
413 4518 520 4564 tam
553 4511 782 4567 diversis
828 4512 1147 4584 regionibus
1177 4512 1244 4567 ad
1291 4513 1604 4569 coenobium
1635 4513 1732 4568 SS.
1765 4527 1904 4584 apo-

312 4597 570 4653 stolorum
604 4601 964 4667 conﬂuerent,
1014 4601 1241 4673 ipsaque
1297 4601 1544 4657 Ecclesia
1604 4601 1905 4672 apostolico

312 4686 517 4741 nomini
559 4696 611 4743 et
634 4690 823 4745 honori
854 4689 908 4744 in
939 4663 1169 4745 Christo'
1209 4690 1389 4746 dicata
1442 4663 1736 4746 crescendo
1770 4706 1904 4760 pro-
1931 4663 1983 4724 D

312 4775 579 4846 cessisset,
613 4786 666 4832 et
696 4777 916 4832 fratrum
950 4778 1311 4842 multitudine,
1363 4787 1417 4833 et
1472 4795 1658 4834 rerum
1691 4787 1903 4851 tempo-

312 4863 503 4919 ralium
533 4866 900 4936 compendiis.
930 4867 1036 4923 Sed
1067 4867 1134 4934 si,
1164 4874 1220 4920 ut
1238 4867 1438 4923 dictum
1470 4875 1578 4936 est,
1590 4876 1906 4938 peccatores

310 4968 416 5007 non
445 4954 622 5008 solum
653 4955 797 5025 apud
829 4971 946 5022 nos,
981 4955 1079 5010 sed
1111 4954 1273 5010 etiam
1321 4955 1377 5009 in
1407 4955 1528 5010 aliis
1579 4955 1712 5011 locis
1757 4956 1906 5012 inve-

311 5041 458 5096 niunt
513 5057 621 5111 quo
679 5045 750 5097 ad
807 5043 1100 5098 salvandas
1156 5043 1365 5098 animas
1420 5061 1540 5098 suas
1604 5045 1906 5116 confugere

310 5137 624 5199 potuerunt,
685 5130 952 5186 inﬁrmior
1007 5147 1188 5199 sexus,
1249 5141 1299 5187 et
1353 5132 1534 5203 siqua
1559 5131 1762 5188 femina
1797 5132 1909 5187 vita

311 5219 556 5273 saeculari
586 5219 971 5276 abrenuntiata
1008 5221 1124 5276 Deo
1155 5221 1366 5276 servire
1414 5221 1602 5290 voluit,
1644 5235 1753 5276 non
1807 5219 1910 5276 sibi

313 5315 674 5378 opportunum
699 5309 879 5365 locum
913 5309 982 5363 ad
1013 5311 1117 5364 hoc
1170 5308 1324 5364 facile
1367 5308 1672 5365 inveniunt.
1725 5309 1910 5366 Visum

314 5403 397 5451 est
437 5396 597 5451 nobis
652 5398 766 5452 Deo
808 5411 919 5451 non
965 5395 1273 5467 displicere,
1329 5397 1439 5451 imo
1495 5397 1614 5466 ejus
1651 5393 1912 5452 voluntati

314 5485 559 5557 obedire,
608 5483 654 5540 si
686 5483 1146 5561 opportunitatem
1200 5485 1303 5540 sibi
1375 5485 1671 5554 serviendi,
1725 5501 1909 5562 quam,

2026 3364 2260 3419 evadere
2281 3370 2474 3434 potest.
2510 3363 2575 3418 Et
2604 3364 2675 3418 de
2706 3365 2907 3418 caetero
2938 3361 2986 3417 si
3017 3379 3138 3433 quae
3179 3361 3386 3419 Christi
3414 3379 3628 3436 paupe-

2023 3467 2109 3506 res
2138 3450 2346 3506 ibidem
2376 3451 2443 3506 de
2492 3466 2596 3522 qua
2617 3450 2798 3523 agitur
2827 3450 3043 3506 fuerunt
3060 3458 3430 3524 congregatae,
3460 3452 3624 3524 quid-

2023 3539 2151 3610 quid
2182 3539 2261 3595 eis
2281 3541 2545 3607 evenerit,
2583 3555 2919 3612 quaecunque
2957 3539 3254 3595 necessitas
3308 3540 3624 3611 temporalis

2021 3628 2100 3684 eis
2118 3627 2438 3697 incubuerit,
2498 3644 2607 3684 non
2635 3635 2974 3699 exspectant,
3033 3635 3092 3683 ut
3126 3627 3229 3683 sibi
3279 3629 3396 3698 jam
3441 3629 3624 3686 veniat

2019 3717 2266 3773 solatium
2295 3717 2618 3774 visitationis
2647 3726 2866 3784 nostrae,
2900 3717 2988 3772 vel
3020 3717 3307 3774 libertatis.
3346 3709 3620 3789 Quantum

2019 3807 2078 3862 in
2107 3822 2195 3862 me
2216 3823 2340 3863 esse
2385 3805 2578 3878 potuit,
2607 3815 2836 3877 paterna
2889 3805 3216 3875 sollicitudo,
3277 3815 3330 3863 et
3374 3806 3620 3864 benevo-

2019 3894 2184 3950 lentia
2232 3900 2462 3965 paterna
2519 3895 2596 3950 eis
2624 3910 2732 3949 non
2764 3893 2956 3950 defuit.
3016 3893 3176 3951 Nunc
3213 3902 3422 3963 autem,
3457 3896 3620 3966 juxta

2017 3982 2150 4037 illud
2181 3983 2460 4054 prophetae
2477 3982 2730 4038 Ieremia:
2762 3999 2776 4035 :
2810 3981 3042 4052 Pupillae
3078 3983 3235 4037 facta:
3259 3991 3385 4038 sunt
3413 3984 3622 4055 absque

1967 4071 1970 4074 ’
2017 4075 2190 4141 patre,
2249 4069 2354 4124 nisi
2402 4069 2576 4138 vobis,
2607 4069 2814 4125 domini
2862 4069 2988 4136 mei,
3039 4084 3176 4140 quos
3228 4070 3318 4126 hic
3371 4070 3612 4141 appello,

2016 4160 2162 4214 Deus
2191 4157 2533 4228 inspiraverit
2557 4173 2658 4228 pro
2705 4157 2873 4228 ipsius
2902 4173 3114 4226 amore,
3147 4157 3338 4214 vicarii
3365 4174 3486 4216 esse
3523 4160 3616 4214 di-

2014 4246 2256 4318 gnemini
2277 4245 2452 4317 patris
2509 4253 2562 4301 et
2619 4245 2984 4318 procuratoris
3038 4246 3246 4302 amissi.
3278 4248 3430 4320 Ergo
3486 4249 3613 4319 qui-

2014 4350 2228 4405 cunque
2251 4334 2395 4405 estis,
2422 4334 2514 4406 qui
2563 4335 2784 4392 nomine
2813 4343 2866 4391 et
2895 4334 3070 4391 ofﬁcio
3109 4336 3244 4390 mihi
3302 4337 3610 4406 succeditis,

2013 4433 2208 4480 vestrae
2238 4424 2625 4480 misericordiae
2657 4424 2830 4481 vicem
2862 4431 3101 4479 nostram
3131 4425 3477 4494 commendo,
3511 4442 3614 4482 ve-

2012 4522 2136 4569 strae
2167 4512 2563 4569 misericordiae
2591 4528 2691 4584 pro
2721 4513 2839 4569 vice
2875 4519 3060 4568 nostra
3112 4513 3379 4584 supplico,
3433 4522 3492 4569 ut
3546 4514 3613 4570 de

2012 4601 2242 4673 praefato
2271 4602 2393 4657 loco
2417 4602 2560 4672 quod
2590 4616 2694 4673 ego
2722 4616 2821 4673 pro
2851 4616 3010 4670 posse
3065 4609 3250 4656 nostro
3281 4601 3515 4658 facerem
3565 4605 3614 4659 si

2013 4706 2382 4760 superassem,
2422 4705 2522 4746 vos
2559 4688 2723 4745 modo
2746 4689 2976 4758 faciatis,
3009 4688 3101 4760 qui
3139 4690 3322 4745 facere
3359 4691 3608 4761 potestis.

2014 4779 2250 4847 Placeat,
2278 4794 2484 4850 quaeso,
2519 4777 2838 4833 beatitudini
2869 4784 3088 4845 vestrae,
3112 4785 3170 4832 ut
3198 4777 3344 4848 quod
3365 4779 3611 4838 Christus

2013 4866 2182 4923 voluit
2209 4883 2307 4937 per
2333 4874 2678 4938 peccatorem
2707 4882 2865 4922 suum
2914 4865 3096 4938 aliquo
3147 4867 3310 4922 modo
3353 4868 3606 4940 plantari,

2011 4970 2110 5025 per
2137 4956 2533 5028 successionem
2591 4959 2828 5010 vestram
2886 4954 3084 5010 debeat
3138 4955 3324 5028 rigari,
3373 4966 3432 5013 ut
3460 4959 3609 5016 Deus

2013 5059 2228 5114 quoque
2279 5044 2673 5100 incrementum
2729 5043 2948 5112 tribuat,
2997 5051 3050 5099 et
3106 5044 3262 5100 vobis
3315 5045 3495 5103 valeat
3535 5050 3607 5103 ad

2014 5132 2569 5203 recompensationem
2631 5131 2823 5188 salutis
2869 5139 3108 5189 aeterna).
3171 5134 3348 5192 Primo
3421 5137 3493 5190 sit
3541 5153 3609 5192 ea

2016 5235 2182 5275 causa
2199 5221 2537 5292 principalis,
2563 5237 2726 5291 quam
2744 5229 2797 5278 et
2813 5221 2934 5292 ipse
2953 5221 3218 5278 Dominus
3238 5223 3291 5277 in
3311 5223 3610 5296 Evangelia

2018 5309 2297 5380 pracipuc
2328 5311 2672 5366 commendat
2693 5310 2763 5366 de
2793 5327 2964 5383 regno
3021 5311 3120 5366 Dei
3149 5320 3203 5366 et
3227 5312 3441 5381 justitia
3469 5312 3609 5381 ejus,

2019 5405 2078 5453 ut
2135 5415 2254 5469 qua:
2310 5398 2449 5454 ultro
2474 5399 2672 5471 jugum
2723 5399 2922 5456 Christi
2976 5407 3351 5470 susceperunt,
3421 5416 3609 5456 earum

2021 5501 2234 5561 quoque
2262 5488 2372 5546 vita
2399 5487 2466 5543 sit
2495 5488 2779 5561 religiosa,
2838 5489 2880 5544 si
2931 5487 3202 5557 ordinata,
3243 5496 3296 5544 et
3333 5505 3608 5564 nunquam
