4032 6078
429 190 524 243 951

1526 187 1582 246 S.
1623 189 1938 246 HUGONIS
1977 189 2259 245 ABBATIS
2298 188 2613 245 CLUNIAC.

3617 191 3742 244 952

426 312 633 382 absque
662 325 729 365 ea
753 311 1064 382 disciplina,
1115 330 1234 386 quae
1289 329 1395 367 non
1434 313 1611 368 solum
1658 312 1889 383 feminis,
1922 315 2019 368 sed
2047 314 2104 374 Α
2130 314 2386 370 Ecclesiae
2417 322 2639 377 nostrae,
2672 321 2865 369 etcum
2893 321 3019 369 voto
3044 320 3098 367 et
3150 325 3418 367 consensu
3476 309 3737 365 omnium

430 400 593 455 etiam
622 399 757 455 viris
787 401 1013 455 multum
1034 409 1115 456 est
1143 400 1473 457 necessaria.
1511 402 1577 455 Et
1605 401 1755 457 locus
1781 418 1847 458 ea
1874 418 2024 458 sem-

430 504 536 560 per
580 496 900 558 permaneat
956 490 1263 545 conditione
1305 506 1412 561 qua
1441 505 1540 545 nos
1598 505 1720 544 eum
1750 490 2026 545 inchoavi-

439 592 579 645 mus,
615 584 667 631 et
684 576 973 641 tenuimus,
1007 586 1063 631 ut
1092 577 1145 631 in
1176 578 1295 649 ipso
1344 594 1614 649 nunquam
1672 578 1743 634 ad
1780 579 2023 634 habitum

432 663 730 719 sanctitatis
782 664 1005 733 puerilis
1061 673 1191 720 tetas
1234 666 1541 735 recipiatur,
1599 683 1697 722 nec
1725 666 1833 722 alia
1860 682 2023 739 quam

431 752 486 807 in
517 767 623 823 qua
649 752 824 821 possit
852 752 1067 823 probari
1096 754 1315 824 spiritus
1344 754 1388 808 si
1409 770 1476 808 ex
1508 756 1622 810 Deo
1652 755 1740 823 sit,
1772 760 1826 809 et
1853 755 2025 811 sinon

428 840 586 908 ultra,
616 847 795 896 tamen
826 841 1069 909 omnino,
1104 842 1187 897 vel
1223 858 1394 913 usque
1432 843 1504 897 ad
1533 860 1601 897 xx
1657 859 1855 898 annum
1909 845 2025 914 jam

428 927 763 997 pervenerit.
798 926 954 997 Quod
982 929 1025 982 si
1056 945 1164 999 qua
1192 937 1274 983 est
1293 930 1467 984 aetatis
1500 930 1825 999 laseivioris,
1858 933 2026 987 ethoc

423 1015 493 1070 ad
533 1024 738 1072 certum
801 1016 972 1071 fuerit
1026 1021 1386 1087 compertum,
1427 1034 1495 1073 ne
1524 1018 1649 1074 huic
1700 1019 2024 1073 feminarum

428 1104 666 1176 collegio
699 1105 897 1159 debeat
925 1105 1239 1174 coadunari,
1271 1122 1338 1160 ex
1363 1114 1519 1176 parte
1547 1106 1647 1160 Dei
1677 1107 2022 1178 omnipoten-

427 1192 541 1261 tis,;
576 1208 641 1248 ex
689 1201 842 1263 parte
862 1192 1213 1263 beatissimae,
1248 1202 1302 1249 et
1330 1194 1661 1249 intemeratae
1695 1195 1929 1267 Virginis
1972 1204 2026 1251 et

423 1280 525 1335 Dei
558 1280 837 1352 genitricis
874 1281 1073 1348 Mariaz,
1134 1289 1187 1336 et
1215 1298 1284 1335 ex
1313 1289 1466 1352 parte
1496 1283 1594 1338 SS.
1646 1284 2024 1352 apostolorum

423 1370 564 1424 Petri
594 1376 647 1423 et
678 1369 848 1437 Pauli,
881 1369 1327 1437 contradicimus,
1359 1370 1750 1437 interdicimus,
1803 1381 1855 1426 et
1884 1388 2021 1427 ana-

422 1457 863 1512 thematizamus.
898 1458 962 1511 Et
992 1457 1099 1513 hoc
1127 1457 1404 1513 decretum
1456 1467 1508 1513 et
1553 1469 1903 1531 praeceptum,
1962 1464 2021 1515 ut

419 1559 486 1599 eo
534 1544 799 1614 majorem
829 1544 1242 1600 aestimationem
1276 1553 1330 1601 et
1358 1545 1698 1601 stabilitatem
1757 1547 2017 1615 obtineat,

422 1630 822 1701 conﬁrmamus,
855 1633 1276 1689 corroboramus
1317 1649 1442 1691 cum
1481 1634 1798 1691 auctoritate
1854 1635 2016 1691 totius
2041 1642 2094 1703 Β

2137 403 2366 458 fratrum
2416 410 2741 466 nostrorum,
2792 410 2845 457 et
2902 401 2955 456 in
3006 400 3215 455 Christo
3257 398 3729 454 commilitonum.

2132 493 2262 548 Jesu
2319 491 2482 560 bone,
2539 491 2664 545 Jesu
2688 489 3123 554 clementissime,
3172 487 3265 559 qui
3320 486 3545 541 Mariam
3574 486 3735 539 illam

2132 580 2487 650 peccatricem
2516 586 2641 649 post
2686 578 2876 633 sordes
2925 586 2979 633 et
3022 577 3434 647 inquinamenta
3483 574 3735 645 corporis

2132 668 2205 723 ita
2235 668 2528 734 honorasti,
2563 667 2635 721 ita
2662 665 3002 738 glorificasti,
3033 674 3089 720 ut
3117 665 3171 719 in
3203 663 3597 720 resurrectione
3633 671 3735 716 tua

2133 758 2254 827 ipsa
2284 755 2651 826 apostolorum
2676 754 2921 825 apostola
2948 769 3064 809 esse
3092 760 3402 821 mereretur,
3455 756 3513 807 et
3548 750 3736 821 prima.

2136 845 2284 900 testis
2312 844 2431 899 fieri
2461 843 2867 899 resurrectionis
2900 851 3025 905 tuae,
3068 850 3118 896 tu
3141 840 3357 911 largire,
3413 848 3467 894 tu
3525 854 3730 905 annue,

2133 942 2332 988 utcum
2366 932 2560 988 eadem
2586 932 2755 986 Maria
2776 931 2942 986 inillo
2969 931 3057 986 die
3087 938 3294 1001 partem
3332 936 3385 984 et
3411 928 3734 984 societatem

2133 1022 2353 1086 habeat,
2380 1021 2696 1091 quicunque
2727 1020 2841 1074 istis
2870 1018 3261 1089 peccatricibus
3300 1018 3508 1088 tuisque
3551 1032 3728 1087 spon—

2135 1109 2305 1166 taneis
2347 1108 2678 1182 pauperibus
2731 1106 2979 1162 solatium
3042 1112 3096 1163 et
3136 1107 3465 1177 adjutorium
3523 1106 3578 1159 in
3632 1113 3732 1161 tuo

2133 1199 2355 1254 nomine
2385 1197 2732 1267 praerogabit.
2765 1198 2835 1252 Et
2861 1196 2906 1251 si
2944 1195 3064 1265 quis
3092 1195 3172 1251 eis
3217 1194 3514 1250 contrarius
3540 1192 3731 1264 aliquo

2132 1287 2301 1343 modo
2331 1286 2616 1349 exstiterit,
2666 1294 2719 1340 et
2747 1302 2813 1340 ne
2869 1285 2923 1339 in
2970 1283 3355 1355 tranquillitate
3394 1283 3488 1338 tibi
3519 1281 3732 1338 servire

2132 1376 2339 1448 possint
2385 1374 2714 1446 impedierit,
2754 1374 2799 1427 si
2833 1389 2940 1427 non
2996 1372 3320 1443 resipiscens
3362 1370 3734 1427 satisfactione

2132 1466 2294 1536 digna
2326 1462 2642 1532 correxerit,
2677 1470 2726 1517 te
2756 1462 3005 1525 ultorem,
3040 1469 3090 1516 te
3119 1461 3391 1517 vindicem
3419 1458 3733 1530 experiatur

2129 1553 2184 1608 in
2204 1555 2308 1609 hoc
2332 1552 2550 1621 saeculo,
2583 1558 2637 1607 et
2664 1551 2720 1606 in
2750 1551 2953 1605 futuro.

1913 1839 2229 1848 —_—..w

1032 1959 1737 2056 IMPRECATIO
1797 1962 1907 2053 B.
1992 1958 2508 2054 HUGONIS
2569 1957 3098 2057 ABBATIS.

489 2296 835 2353 Charissimis
891 2296 1385 2369 amantissimisque
1468 2296 1747 2364 fratribus,
1798 2304 1850 2353 et
1892 2296 2017 2352 ﬁliis

426 2385 748 2456 ﬁliabusque
777 2385 1139 2455 praesentibus
1171 2390 1227 2441 et
1255 2385 1589 2450 absentibus,
1648 2385 1815 2440 frater
1857 2387 2016 2440 Huco

423 2478 681 2544 peccator
728 2473 918 2543 abbas,
953 2473 1009 2527 in
1051 2474 1283 2530 Domino
1311 2475 1438 2529 Jesu
1467 2474 1855 2546 sempiternum
1887 2489 2020 2546 gau-

427 2562 600 2617 dium.

497 2649 848 2705 Dilectissimi
919 2649 1015 2703 filii
1056 2658 1108 2705 et
1173 2651 1336 2708 amici
1393 2650 1522 2715 mei,
1572 2658 1683 2706 tam
1729 2660 2024 2724 praesentes

428 2752 590 2807 quam
634 2736 815 2801 futuri,
877 2746 1073 2792 vestrae
1128 2737 1467 2795 innotescere
1498 2740 1743 2795 cbaritati
1799 2741 2024 2812 dignum

420 2823 690 2890 duximus,
748 2825 891 2894 quod
924 2825 1197 2897 benignus
1242 2827 1405 2896 Deus,
1465 2828 1555 2900 qui
1586 2836 1741 2884 vocat
1769 2846 1888 2898 quae
1918 2844 2026 2884 non

422 2916 549 2967 sunt
579 2919 832 2982 tanquam
882 2928 947 2967 ea
977 2929 1096 2983 quae
1119 2922 1263 2981 sunt,
1296 2931 1383 2969 me
1413 2917 1710 2984 quemdam
1768 2925 2025 2986 peccato-

422 3016 556 3067 rem,
616 3016 795 3068 reum,
850 3001 1146 3073 multisque
1177 3002 1571 3059 lubricitatibus
1618 3004 1915 3077 obligatum
1972 3005 2027 3059 in

418 3089 700 3158 juventute
733 3104 873 3154 mea,
908 3105 1072 3158 quam
1104 3107 1274 3161 prava
1327 3092 1722 3162 expendebam,
1782 3093 1899 3149 sola
1932 3109 2031 3148 sua

424 3177 803 3233 misericordia
847 3177 1097 3249 dignatus
1155 3178 1252 3234 fuit
1304 3180 1548 3236 saeculari
1602 3189 1753 3237 veste
1808 3197 2027 3239 exuere,

426 3274 732 3335 sanctasque
783 3266 1074 3337 religionis
1143 3268 1332 3323 habitu
1390 3269 1634 3337 induere,
1696 3278 1857 3341 atque
1897 3270 2034 3324 intra

428 3352 591 3425 hujus
629 3353 731 3409 loci
785 3370 1013 3426 gregem
1044 3371 1368 3428 aggregare,
1421 3358 1517 3412 ubi
1555 3365 1682 3413 tunc
1738 3368 1916 3429 patres
1972 3374 2037 3414 ac

437 3442 637 3495 fratres
667 3443 836 3497 nostri
870 3443 1163 3512 meipsum,
1196 3445 1325 3501 licet
1350 3445 1654 3517 indignum,
1688 3446 1811 3502 licet
1856 3446 2035 3502 irreli-

430 3529 585 3601 giose
609 3536 770 3600 atque
800 3530 1004 3586 lascive
1035 3532 1329 3601 viventem,
1356 3534 1482 3589 licet
1510 3536 1672 3589 etiam
1704 3536 1837 3588 satis
1868 3535 2039 3590 recla-

432 3625 694 3681 mantem,
731 3618 857 3672 huic
886 3618 1038 3683 ovili,
1076 3621 1192 3675 Deo
1223 3621 1301 3675 ita
1356 3622 1694 3692 disponente,
1743 3623 2036 3692 opilionem

437 3704 741 3773 elegerunt,
774 3706 1019 3774 hancque
1069 3707 1282 3762 tandem
1342 3709 1722 3780 gravissimam
1771 3712 2040 3766 sarcinam

439 3790 582 3846 collo
610 3805 733 3846 meo
756 3791 1149 3863 imposuerunt.
1184 3796 1588 3865 Verumtamen,
1621 3798 1759 3853 sicut
1786 3799 1843 3853 in
1895 3815 2043 3869 pra:-

444 3879 741 3933 sentiarum
795 3880 1026 3950 videtur,
1075 3883 1417 3954 omnipotens
1471 3885 1616 3940 Deus
1682 3902 1789 3942 non
1846 3887 2044 3943 nostris

450 3968 681 4035 meritis,
736 3970 830 4025 sed
886 3987 982 4025 sua
1034 3972 1296 4027 immensa
1348 3974 1652 4043 clementia,
1698 3976 1860 4031 istum
1918 3977 2049 4032 satis

451 4055 875 4129 circumquaque
930 4060 1217 4131 ampliavit
1271 4062 1472 4129 locum,
1532 4071 1585 4118 et
1638 4071 1742 4118 tam
1795 4064 2047 4139 fratribus

449 4161 611 4217 quam
634 4148 1068 4217 possessionibus
1098 4150 1314 4205 ditavit.
1379 4151 1494 4206 Nec
1522 4151 1696 4207 solum
1728 4152 1783 4206 in
1812 4152 1917 4209 hac
1946 4170 2049 4209 no-

449 4241 559 4289 stra
582 4234 828 4305 regione,
860 4252 1049 4291 verum
1080 4237 1244 4292 etiam
1275 4238 1329 4292 in
1357 4239 1531 4306 Italia,
1573 4239 1628 4293 in
1681 4241 2048 4312 Lotharingia,

452 4321 509 4375 in
565 4322 781 4393 Anglia,
832 4324 1189 4393 Normannia,
1236 4327 1464 4391 francia,
1527 4328 1842 4400 Aquitania,
1901 4331 2052 4385 Gua-

456 4409 663 4479 sconia,
715 4412 1002 4468 Provincia
1051 4421 1211 4484 atque
1240 4414 1504 4484 Hispania
1551 4416 1743 4487 ipsum
1789 4417 2050 4474 dilatavit.

451 4497 628 4566 Unde,
684 4499 781 4553 ﬁlii
839 4501 1165 4570 charissimi,
1223 4510 1427 4573 quanto
1456 4504 1635 4574 major
1685 4505 1930 4561 locorum
1950 4507 2054 4562 fra-

457 4594 714 4658 trumque
769 4589 1000 4644 habetur
1054 4606 1334 4659 numerus,
1387 4599 1534 4648 tanto
1591 4593 1721 4648 mihi
1792 4597 2057 4664 peccatori

460 4690 559 4745 pro
587 4690 770 4730 eorum
803 4677 1118 4733 excessibus
1136 4679 1492 4750 gravissimus
1520 4689 1725 4736 tremor
1778 4682 2057 4750 incutitur,

465 4762 567 4816 nisi
601 4779 797 4835 magna
828 4767 926 4821 Dei
971 4768 1165 4836 pietas,
1200 4771 1398 4823 animae
1453 4785 1610 4833 meae.
1655 4770 1845 4825 vestris
1890 4771 2060 4827 inter-

465 4848 811 4907 venientibus
867 4856 1226 4928 eleemosynis
1272 4864 1326 4912 et
1344 4858 1617 4927 precibus,
1665 4860 1915 4915 misereri
1973 4860 2058 4913 di-

463 4946 685 5009 gnetur.
717 4940 883 5010 Cujus
913 4958 1145 5014 namque
1173 4959 1372 5011 sermo,
1402 4955 1659 5017 quantum
1708 4963 1830 5003 reus
1858 4955 2060 5015 tenear,

468 5026 748 5097 explicare
793 5030 1006 5101 sufficit,
1054 5033 1145 5103 qui
1196 5049 1319 5089 cum
1375 5041 1456 5090 tot
1512 5035 1780 5107 tantisque
1827 5036 2062 5107 propriis

463 5115 782 5172 constrictus
809 5119 1037 5175 existam
1070 5122 1298 5189 delictis,
1328 5123 1399 5178 de
1428 5128 1699 5179 tantorum
1723 5125 1854 5179 mihi
1906 5140 2062 5180 com-

469 5204 759 5261 missorum
783 5208 1131 5281 negligentiis
1161 5212 1215 5264 in
1235 5220 1526 5282 conspectu
1554 5214 1769 5268 Domini
1801 5213 2061 5269 rationem

471 5295 779 5352 redditurus
807 5314 928 5352 sum
957 5299 986 5351 εἰ
1022 5297 1130 5353 Alii
1185 5299 1328 5353 enim
1366 5315 1556 5355 eorum
1587 5284 1847 5372 praeventi
1869 5312 2061 5367 morte,

468 5382 680 5455 absque
708 5385 1070 5455 confessione,
1131 5394 1183 5441 et
1237 5388 1476 5458 corporis
1524 5389 1908 5462 sanguinisque
1951 5392 2064 5445 Do-

469 5470 601 5528 mini
652 5474 1024 5545 perceptione,
1088 5475 1181 5531 alii
1221 5491 1375 5545 vero,
1430 5492 1661 5549 quorum
1691 5479 2066 5552 negligentias

2126 2295 2285 2351 valde
2316 2295 2581 2351 timendas
2610 2310 2714 2367 ego
2747 2309 3101 2367 cognoscens,
3134 2297 3426 2351 emendare
3458 2294 3599 2350 sicut
3627 2294 3728 2349 di-

2134 2401 2300 2455 gnum
2358 2392 2503 2439 esset
2556 2383 2824 2455 neglexi;
2857 2383 3085 2454 quidam
3162 2392 3340 2439 autem
3411 2383 3736 2454 praecipitiis

2134 2474 2334 2538 obruti,
2368 2472 2613 2528 nonnulli
2641 2473 2800 2527 etiam
2824 2472 2978 2542 aquis
3029 2471 3145 2527 sive
3202 2472 3420 2544 ignibus
3457 2471 3732 2538 suﬂ'ocati,

2133 2570 2223 2616 aut
2256 2561 2669 2634 quampluribus
2713 2561 2836 2615 aliis
2882 2560 3144 2631 periculis
3190 2560 3369 2616 subito
3422 2561 3733 2631 intercepti,

2133 2651 2203 2704 de
2235 2651 2337 2703 hac
2358 2648 2573 2704 miseria
2598 2650 2840 2704 exierunt
2869 2649 3000 2703 vita.
3036 2649 3101 2702 Et
3130 2648 3255 2719 quia
3282 2656 3389 2702 tam
3412 2647 3541 2704 istos
3569 2664 3736 2719 quam

2134 2738 2295 2793 etiam
2328 2745 2552 2793 caeteros
2587 2737 2762 2792 adhuc
2789 2738 3132 2807 superstites,
3165 2745 3255 2792 aut
3289 2738 3402 2808 jam
3426 2738 3734 2803 defunctos,

2137 2841 2243 2880 non
2294 2826 2429 2879 sicut
2483 2826 2784 2881 debuissem
2835 2826 3063 2893 correxi,
3122 2842 3327 2898 eosque
3380 2827 3432 2880 in
3489 2825 3739 2897 plurimis

2140 2913 2421 2969 remissius
2477 2914 2662 2980 habui,
2731 2914 3134 2969 admonendum
3193 2914 3357 2970 timeo
3387 2930 3454 2967 ne
3484 2914 3619 2981 ipsis
3668 2914 3738 2968 ad

2140 3010 2403 3056 aeternum
2454 3001 2738 3072 praemium
2822 3001 2915 3056 fiat
2979 3002 3445 3073 impedimentum,
3497 3002 3741 3071 mihique

2142 3090 2383 3145 fortassis
2441 3090 2507 3145 ad
2558 3097 2817 3145 aeternam
2850 3091 3080 3163 gloriam
3114 3094 3392 3161 reputatur
3417 3090 3732 3145 adversum.

2143 3180 2201 3233 In
2258 3178 2454 3250 quibus
2510 3178 2763 3233 omnibus
2793 3179 2938 3233 Deus
2962 3179 3121 3234 nobis
3150 3179 3420 3249 prOpitius
3447 3195 3508 3234 ac
3538 3178 3745 3233 miseri-

2143 3283 2267 3322 cors
2297 3266 2484 3322 adesse
2513 3267 2785 3339 dignetur,
2818 3283 3021 3337 vosque
3040 3282 3140 3338 pro
3169 3268 3363 3322 animae
3393 3283 3526 3322 meae
3554 3283 3743 3322 reme-

2146 3356 2237 3410 dio
2268 3356 2654 3426 deprecaturos
2682 3355 2803 3426 pius
2831 3356 3106 3424 exaudiat,
3137 3363 3191 3409 et
3221 3363 3331 3409 tam
3379 3355 3537 3410 vobis
3581 3371 3742 3426 quam

2146 3442 2394 3499 omnibus
2428 3442 2744 3497 Christianis
2799 3444 2907 3497 mei
2963 3443 3278 3498 memoriam
3335 3442 3637 3515 agentibus,
3688 3442 3741 3496 in

2150 3530 2337 3602 magni
2361 3531 2552 3599 judicii
2584 3531 2673 3585 die
2702 3530 3059 3586 indeﬁcientis
3087 3531 3363 3586 mercedis
3414 3547 3745 3600 recompen-

2152 3627 2228 3674 set
2260 3620 2561 3691 praemium.
2593 3621 2654 3673 In
2693 3619 2795 3674 hac
2820 3620 3073 3690 equidem
3106 3627 3214 3674 tam
3237 3620 3391 3691 gravi
3411 3619 3743 3687 obedientia,

2144 3710 2256 3778 jam
2290 3709 2575 3781 sexaginta
2630 3724 2894 3763 annorum
2923 3722 3147 3763 cursum
3174 3714 3232 3763 et
3256 3708 3457 3778 aliquid
3487 3709 3742 3778 amplius,

2151 3798 2367 3865 vestris,
2412 3805 2472 3851 ut
2525 3797 2694 3852 credo
2750 3795 2997 3851 suffultus
3049 3796 3402 3862 orationibus,
3477 3805 3750 3868 utcunque

2154 3885 2394 3956 explevi.
2426 3885 2581 3954 Quod
2609 3884 2652 3939 si
2681 3885 2817 3940 forte
2833 3885 3119 3957 aliquoties
3132 3885 3379 3955 corporis
3408 3883 3745 3951 infirmitate,

2155 3973 2271 4027 sive
2301 3973 2408 4028 alio
2438 3972 2675 4045 quolibet
2710 3972 2951 4028 laboravi
2975 3972 3343 4038 incommodo,
3382 3980 3577 4028 vestras
3622 3972 3751 4027 mihi

2156 4075 2265 4116 non
2321 4061 2606 4116 defuerunt
2630 4060 2926 4126 orationes,
2958 4069 3261 4132 vestraeque
3290 4061 3360 4115 ad
3389 4062 3561 4116 Deum
3602 4061 3749 4131 peti-

2161 4150 2353 4204 tiones.
2393 4151 2640 4205 Vestram
2670 4149 2904 4219 denique
2931 4164 3062 4221 erga
3092 4165 3176 4202 me
3205 4147 3428 4218 bonam,
3486 4157 3541 4204 et
3577 4148 3750 4204 devo-

2157 4244 2267 4291 tam
2297 4238 2636 4301 charitatem,
2669 4253 2960 4307 veramque
2985 4236 3374 4302 obedientiam,
3425 4253 3577 4293 meus
3604 4253 3753 4292 enar-

2159 4341 2276 4380 rare
2350 4341 2532 4380 sermo
2578 4340 2688 4380 non
2741 4324 2954 4381 sufﬁcit.
3002 4324 3365 4395 Quapropter,
3406 4334 3565 4397 prout
3612 4326 3755 4380 Deus

2162 4414 2638 4480 administraverit,
2672 4429 2769 4469 vos
2811 4414 3043 4486 diligere
3098 4414 3296 4482 studui,
3354 4430 3455 4469 vos
3514 4414 3755 4469 modeste

2162 4503 2410 4570 tractavi,
2461 4518 2558 4557 vos
2587 4503 2727 4557 sicut
2756 4504 2949 4558 charos
2975 4503 3265 4572 amplexus
3317 4518 3438 4557 sum
3497 4500 3658 4558 filios.
3697 4502 3756 4557 ln

2166 4608 2275 4663 qua
2332 4591 2579 4646 videlicet
2634 4591 2973 4663 indulgentia
3029 4591 3073 4644 si
3100 4590 3485 4661 quidpeccavi,
3516 4591 3760 4662 ignoscat

2167 4680 2297 4733 mihi
2330 4680 2505 4734 Deus.
2545 4680 2612 4734 Et
2640 4696 2803 4747 nunc,
2835 4679 2952 4747 ﬁlii,
3004 4679 3244 4749 quandiu
3299 4678 3352 4732 in
3403 4679 3503 4734 hac
3560 4678 3759 4733 caduca

2168 4769 2278 4822 vita
2308 4769 2499 4838 partim
2532 4784 2631 4838 pro
2659 4769 2812 4824 vobis
2853 4767 3127 4835 omnibus,
3161 4783 3258 4839 pro
3288 4766 3484 4821 nostris
3532 4766 3761 4838 propriis

2170 4856 2593 4911 necessitatibus
2668 4855 2974 4927 agonizavi,
3023 4856 3243 4925 jamque
3290 4856 3341 4909 in
3399 4855 3588 4911 diebus
3634 4856 3761 4911 meis

2093 4929 2144 4988 D
2178 4946 2431 5014 processi,
2463 4945 2637 5000 exitus
2688 4945 2794 5000 mei
2825 4945 3079 5016 ignorans
3102 4944 3411 5012 articulum,
3470 4944 3756 5014 quamdam

2173 5033 2302 5087 mihi
2321 5033 2463 5104 elegi
2494 5032 3044 5098 obedientiunculam,
3078 5034 3298 5088 nomine
3347 5032 3673 5095 Beniacum,
3702 5040 3758 5088 ut

2171 5137 2294 5177 cum
2326 5121 2447 5176 finis
2466 5137 2654 5176 cursus
2675 5121 2780 5176 mei
2804 5122 3064 5184 evenerit.
3096 5136 3161 5175 ex
3194 5120 3309 5192 ipsa
3337 5120 3389 5175 in
3423 5124 3755 5192 perpetuum,

2167 5211 2329 5279 juxta
2385 5210 2643 5281 temporis
2698 5210 3183 5280 opportunitatem,
3268 5218 3456 5265 cuncta
3514 5224 3635 5281 qum
3708 5209 3759 5264 in

2171 5299 2295 5354 cibo
2351 5299 2436 5354 vel
2490 5308 2617 5368 potu
2649 5298 2845 5352 fuerint
2868 5299 3195 5365 necessaria,
3218 5298 3271 5353 in
3301 5298 3392 5354 die
3410 5297 3756 5354 anniversarii

2173 5388 2279 5442 mei
2311 5388 2565 5443 fratribus
2585 5388 2639 5442 in
2659 5394 2946 5454 conventu,
2986 5402 3084 5442 seu
3115 5387 3169 5440 in
3206 5387 3374 5443 domo
3422 5385 3757 5443 infirmorum

2172 5476 2530 5545 morantibus,
2563 5475 2666 5532 mei
2689 5474 2992 5549 peccatoris
3022 5473 3342 5529 memmium
3387 5474 3737 5532 recalentibus
