4032 6078
282 297 385 349 953

1486 299 1535 354 Ν
1539 300 1837 356 ARRATIO
1878 300 1977 356 AD
2020 303 2357 359 FRATRES.

3474 302 3577 356 954

285 418 504 474 abunde
532 418 994 475 administrentur.
1045 419 1219 490 Quam
1249 421 1455 478 scilicet
1484 422 1876 492 obedientiam,
1906 426 1963 487 A
1991 432 2078 481 cet
2104 425 2254 480 enim
2282 442 2449 496 usque
2480 426 2549 483 ad
2577 434 2759 483 nostra
2809 430 3061 498 tempora
3090 425 3413 482 feminarum
3444 440 3584 481 con-

289 506 423 561 satis
474 522 769 577 pauperem
825 524 1073 580 peneque
1128 510 1479 579 destructam,
1530 512 1744 568 cuidam
1772 513 1883 570 ﬁlio

288 603 473 651 nostro
522 596 723 651 domno
770 596 1010 669 Segnino
1060 596 1457 655 reformandam
1487 603 1879 658 commisimus.

287 682 389 739 Hic
444 699 574 740 vero
631 700 751 739 eam
807 684 1203 757 aliquantulum
1258 704 1381 743 cum
1425 691 1661 762 quodam
1712 690 1881 747 fratre

288 772 598 842 Fulcherio,
646 789 808 844 quem
846 774 949 829 sibi
979 775 1049 830 ad
1077 774 1185 832 hoc
1208 791 1667 845 concesseramus,
1699 778 1879 834 aedifi-

285 860 450 928 cavit,
481 861 667 934 ibique
696 862 878 918 vineas
907 867 961 919 et
990 864 1243 933 terrulas,
1274 875 1435 936 prout
1460 868 1654 937 potuit,
1685 869 1878 938 acqui-

280 965 405 1007 rere
421 950 648 1007 studuit.
668 950 783 1021 Qua
790 952 911 1022 jam
928 953 1146 1008 tandem
1163 954 1428 1021 restituta,
1448 963 1501 1010 et
1516 964 1626 1011 tam
1638 957 1878 1013 exterius

287 1054 451 1110 quam
497 1038 725 1095 interius
772 1048 1056 1109 restructa,
1093 1041 1352 1113 deinceps
1379 1044 1450 1098 ad
1479 1058 1753 1100 cameram
1781 1061 1875 1102 re-

285 1127 599 1199 spondebit.
661 1128 776 1184 Nos
816 1144 947 1200 ergo
996 1129 1249 1186 volumus
1302 1146 1370 1189 ac
1425 1132 1767 1205 praecipimus
1820 1143 1878 1191 ut

285 1217 593 1289 quicunque
638 1217 784 1273 hanc
829 1217 1065 1273 tennerit
1093 1217 1485 1291 obedientiam,
1515 1220 1570 1275 in
1597 1221 1687 1278 die
1713 1222 1875 1278 anni-

285 1304 529 1371 versarii,
609 1304 747 1360 sicut
805 1306 921 1375 jam
1007 1305 1266 1373 diximus,
1332 1315 1593 1379 perpetua
1655 1310 1875 1381 plenam

281 1392 571 1449 conventui
599 1392 852 1449 exsolvat
879 1393 1250 1451 refectionem.
1274 1396 1502 1453 Cnidam
1530 1399 1691 1454 etiam
1723 1401 1874 1456 fratri

278 1490 482 1549 nostro,
513 1482 716 1539 domno
745 1482 1001 1539 videlicet
1028 1484 1189 1540 Petro
1220 1484 1493 1555 Glocensi,
1526 1487 1616 1559 qui
1644 1504 1749 1558 pro
1779 1490 1872 1545 hn-

275 1571 367 1641 jus
392 1570 499 1627 loci
545 1570 775 1627 utilitate
801 1570 1093 1641 plurimum
1139 1572 1425 1645 laboravit,
1461 1576 1563 1631 hoc
1595 1575 1649 1629 in
1680 1576 1874 1633 eadem

279 1658 590 1715 obedientia
635 1660 1026 1728 concessimus,
1072 1668 1129 1715 ut
1177 1661 1231 1716 in
1279 1663 1367 1718 die
1391 1663 1741 1720 anniversarii
1790 1665 1873 1721 sui

1990 515 2237 585 gregatio
2283 514 2504 571 minime
2549 516 2841 572 haberetur
2866 514 2923 570 in
2970 514 3131 585 hujus
3158 514 3263 571 loci
3292 513 3582 583 consortio,

1986 602 2118 657 istas
2166 611 2345 658 tamen
2375 604 2527 673 prius
2573 605 2795 677 quidem
2826 619 2933 660 non
2976 604 3194 672 multas,
3241 610 3424 673 postea
3454 618 3583 659 vero

1988 692 2129 746 adeo
2172 691 2567 762 multiplicatus,
2601 694 2801 749 nostris
2829 692 3026 748 diebus
3057 692 3127 747 ad
3156 706 3329 747 sacrae
3358 690 3580 761 religio-

1987 778 2071 833 nis
2118 780 2362 835 habitum
2408 781 2767 853 suscepimus,
2821 781 3115 853 locumque
3144 778 3579 840 aadiﬁcavimus;

1985 883 2212 938 quarum
2269 869 2575 940 quicunque
2630 870 2878 925 misertus
2933 868 3111 934 fuerit,
3180 867 3494 921 misereatur
3530 865 3581 921 ei

1984 956 2153 1025 Deus,
2185 957 2273 1013 hic
2293 965 2344 1013 et
2373 958 2427 1012 in
2459 959 2660 1014 futuro.
2692 960 2878 1029 Ipsum
2900 958 3064 1013 etiam
3087 956 3347 1011 domuum
3377 953 3583 1009 scilicet

1985 1044 2237 1100 abbatem
2284 1063 2385 1116 per
2412 1047 2661 1102 eumdem
2692 1047 2889 1113 Deum,
2933 1052 2986 1101 et
3013 1044 3303 1100 Dominum
3336 1050 3577 1098 nostrum

1982 1134 2209 1203 supplex
2253 1134 2532 1205 deprecor,
2584 1150 2810 1206 gemens
2852 1148 3196 1200 commoneo,
3246 1141 3305 1187 ut
3333 1147 3449 1199 vos,
3485 1130 3579 1202 qui

1982 1221 2115 1275 mihi
2164 1222 2590 1294 snpervixeritis,
2644 1223 2900 1296 benigne,
2948 1232 3195 1294 paterna,
3264 1219 3581 1276 cbaritative

1983 1317 2235 1382 tractare,
2284 1316 2337 1367 et
2365 1311 2594 1383 diligere
2641 1312 2916 1383 dignetur,
2948 1326 3054 1367 vos
3099 1317 3279 1365 autem
3307 1324 3496 1364 omnes
3526 1306 3580 1361 in

1981 1399 2190 1454 Christo
2244 1399 2339 1454 filii
2369 1400 2476 1455 mei
2528 1399 2766 1470 ﬁliaeque
2816 1408 2924 1454 tam
2964 1407 3255 1469 praesentes
3293 1411 3459 1469 quam
3486 1394 3579 1451 ab-

1980 1495 2179 1554 s'ntes,
2229 1487 2539 1560 quicunque
2585 1487 2780 1544 nostris
2828 1487 3167 1556 temporibus
3204 1487 3275 1540 ad
3318 1486 3460 1539 hunc
3487 1500 3579 1538 sa-

1982 1590 2134 1630 crum
2195 1576 2444 1632 ordinem
2510 1576 2809 1643 venientes,
2869 1592 2968 1647 pro
3034 1582 3334 1631 vestrarum
3408 1571 3581 1627 salute

1980 1664 2308 1726 animarum,
2354 1665 2489 1720 mihi
2538 1666 2901 1737 qualicunque
2956 1662 3229 1736 peccatori
3270 1676 3371 1717 vos
3435 1660 3581 1731 ipsos

279 1748 526 1821 plenaria
554 1748 606 1803 in
652 1748 907 1804 omnibus
948 1748 1340 1807 administratio
1370 1767 1443 1808 ex
1470 1752 1587 1824 ipsa
1614 1753 1875 1811 fratribus
1902 1752 2300 1835 Btradidistis,
2358 1763 2653 1825 nostroque
2710 1754 2930 1809 arbitrio
2976 1767 3210 1823 corpora
3259 1758 3312 1806 et
3369 1748 3580 1805 animas

278 1844 631 1908 preparetnr,
684 1837 828 1892 unde
857 1853 891 1892 a
934 1838 1171 1908 posteris
1218 1840 1414 1895 nostris
1450 1840 1711 1897 fratribus
1741 1858 1872 1914 pre-

275 1924 427 1982 cario
481 1924 847 1995 deposcimus,
907 1941 977 1981 ne
1029 1925 1236 1981 ibidem
1284 1929 1482 1997 saepius
1520 1930 1867 2001 bospitando,

277 2013 458 2070 aliave
504 2020 760 2068 consueta
790 2014 1007 2069 servitia
1053 2014 1253 2071 exinde
1278 2016 1624 2087 requirendo,
1651 2019 1874 2075 locellus

279 2101 375 2158 ille
401 2101 735 2158 devastetur.
768 2101 927 2170 Quod
948 2102 1091 2158 enim
1111 2119 1306 2173 parum
1336 2112 1437 2173 est,
1456 2114 1516 2160 nt
1542 2107 1713 2180 vulgo
1741 2109 1872 2163 dici-

281 2198 384 2255 tur,
434 2190 506 2245 de
553 2205 723 2261 parvo
771 2190 940 2247 dolet.
989 2191 1150 2259 Quod
1196 2192 1243 2247 si
1275 2193 1431 2248 fratri
1457 2210 1543 2249 res
1568 2212 1682 2251 suas
1708 2212 1873 2267 super

276 2278 383 2334 hoc
433 2277 846 2343 abundaverint,
892 2280 1171 2335 charitatis
1197 2280 1377 2338 officia
1417 2272 1732 2354 impendere
1760 2300 1870 2342 non

280 2374 509 2423 recuset.
569 2366 731 2422 Aliud
786 2367 948 2422 etiam
974 2369 1089 2439 jam
1147 2369 1278 2425 olim
1320 2371 1782 2441 ordinaveramus,
1815 2382 1872 2428 ut

281 2455 488 2511 scilicet
528 2455 599 2512 de
626 2455 939 2511 obedientia
967 2457 1026 2513 S.
1072 2458 1351 2529 Hippolyti
1379 2460 1603 2516 refectio
1645 2460 1871 2517 fratrum

278 2543 566 2600 conventni
595 2544 649 2598 in
697 2544 955 2600 cathedra
985 2545 1042 2601 S.
1076 2545 1237 2613 Petri,
1272 2546 1372 2619 qui
1402 2547 1503 2602 fuit
1528 2548 1646 2603 dies
1671 2565 1871 2606 conse-

279 2632 536 2688 crationis
582 2640 797 2699 nostra},
848 2632 1086 2702 quandiu
1131 2634 1389 2699 viverem,
1421 2636 1696 2691 annuatim
1721 2654 1870 2708 prse-

276 2719 508 2789 beretnr,
543 2720 641 2776 sed
672 2728 794 2793 post
835 2721 1123 2777 decessum
1153 2723 1527 2779 anniversario
1554 2734 1736 2781 nostro
1766 2727 1870 2781 de-

288 2816 583 2879 putaretur.
651 2811 1034 2866 Verumtamen
1090 2810 1218 2881 quia
1272 2811 1342 2867 de
1398 2813 1500 2868 hoc
1548 2813 1663 2881 jam
1711 2813 1871 2869 aliter

279 2897 663 2967 disposuimus,
694 2898 949 2953 volumus
981 2906 1039 2952 ut
1069 2897 1122 2953 in
1148 2899 1338 2954 eadem
1370 2900 1460 2955 die
1487 2902 1738 2956 cathedra
1766 2902 1871 2958 sci-

282 2986 407 3041 licet
453 2986 511 3039 B.
561 2985 724 3051 Petri,
755 3000 976 3057 semper
1020 2987 1140 3042 haec
1166 2987 1562 3045 administratio
1611 2989 1868 3045 fratribus

280 3073 552 3129 offeratur.
611 3074 752 3128 Dom
784 3091 912 3129 num
960 3083 1136 3130 autem
1184 3075 1439 3131 abbatem
1493 3093 1866 3134 successorem

1982 1849 2191 1897 vestras
2219 1843 2596 1914 supposuistis,
2619 1842 2869 1899 absolvat
2895 1857 2994 1898 vos
3023 1849 3075 1896 et
3104 1856 3204 1896 nos
3229 1838 3580 1909 omnipotens

1984 1929 2131 1987 Deus
2161 1931 2231 1986 ab
2261 1932 2513 1987 omnibus
2560 1932 2818 2003 peccatis,
2850 1929 3157 2002 praeteritis,
3191 1926 3574 1996 praesentibus,

1981 2028 2035 2075 et
2064 2021 2274 2075 futuris.
2304 2020 2562 2075 Absolvat
2593 2036 2707 2084 vos,
2752 2020 2991 2090 inquam,
3024 2017 3369 2087 omnipotens
3395 2015 3576 2082 Pater,

1980 2109 2326 2179 omnipotens
2355 2108 2543 2177 Filius,
2580 2108 2924 2179 omnipotens
2950 2106 3180 2178 Spiritus
3205 2112 3445 2170 sanctus,
3477 2102 3577 2157 tri-

1981 2214 2087 2251 nus
2117 2205 2171 2252 et
2197 2213 2336 2251 unus
2365 2197 2525 2251 Deus.
2558 2196 2732 2264 Quem
2762 2211 2867 2268 ego
2896 2194 3174 2259 conﬁteor,
3207 2200 3262 2248 et
3290 2190 3577 2247 confessus

1979 2300 2120 2349 sum,
2173 2284 2370 2339 trinum
2408 2284 2782 2354 personaliter,
2836 2299 3004 2338 unum
3048 2280 3381 2347 naturaliter,
3412 2286 3575 2349 atque

1985 2372 2371 2444 potentialiter.
2405 2371 2501 2427 Cui
2530 2371 2883 2442 omnipotenti
2922 2372 3060 2437 Deo,
3090 2384 3195 2441 ego
3219 2384 3344 2425 reus
3371 2374 3424 2423 et
3451 2383 3575 2439 pec-

1979 2470 2154 2530 cator,
2187 2460 2451 2516 conﬁteor
2479 2476 2565 2515 me
2595 2459 2754 2513 nimis
2779 2467 2832 2514 et
2875 2458 3037 2514 nimis
3063 2474 3315 2529 peccasse
3342 2456 3400 2512 in
3427 2455 3577 2527 cogi-

1979 2551 2200 2614 tatione,
2230 2548 2520 2611 locutione.
2551 2556 2606 2603 et
2621 2563 2806 2618 opere.
2832 2548 2950 2602 Mea
2979 2547 3167 2618 culpa.
3197 2545 3377 2616 Ipsius
3406 2544 3572 2600 mise-

1977 2637 2228 2693 ricordia:
2257 2651 2355 2691 vos
2379 2636 2728 2700 commendo,
2761 2651 2992 2706 eumque
3019 2651 3164 2707 genu
3195 2646 3351 2691 tenus
3381 2633 3573 2688 invoco

1978 2736 2036 2781 ut
2078 2741 2175 2781 vos
2206 2724 2510 2792 benedicat,
2560 2739 2763 2794 vosque
2798 2723 3017 2779 dextera
3064 2739 3162 2778 sua
3192 2730 3467 2794 protegat,
3518 2729 3574 2776 et

1976 2815 2181 2869 meritis
2210 2829 2275 2869 ac
2302 2813 2554 2883 precibus
2581 2812 2907 2868 beatissima
2928 2812 3024 2867 Dei
3053 2812 3332 2884 genitricis
3361 2809 3571 2877 Marias,

1975 2903 2260 2958 beatorum
2308 2903 2675 2971 apostolorum
2719 2901 3066 2956 dominorum
3096 2908 3405 2956 nostrorum
3436 2895 3583 2953 Petri

1975 3000 2029 3046 et
2058 2990 2228 3057 Pauli,
2260 2989 2456 3061 quibus
2484 2989 2692 3061 ligandi
2723 2997 2884 3059 atque
2910 2989 3154 3045 solvendi
3177 2988 3278 3058 jus
3304 2986 3571 3058 permisit,

1976 3080 2333 3149 omniumque
2363 3086 2667 3134 sanctorum
2713 3094 2935 3132 suorum
2966 3076 3446 3133 intercessionibus
3477 3089 3577 3129 vos

274 3169 539 3229 nostrum,
572 3163 781 3218 Patrem
810 3177 875 3217 ac
911 3163 1189 3218 dominum
1257 3182 1457 3231 meum,
1488 3183 1650 3236 quem
1680 3167 1859 3222 divina
1894 3139 1943 3201 Ο
1972 3175 2027 3222 et
2055 3183 2157 3222 nos
2186 3139 2263 3221 ad
2286 3167 2449 3221 vitam
2483 3166 2741 3235 perducat
2782 3174 3059 3220 aeternam.
3094 3165 3195 3220 Ubi
3225 3164 3445 3218 tandem
3476 3177 3577 3216 nos

276 3250 648 3307 misericordia
677 3267 745 3306 ex
776 3251 884 3307 alto
914 3268 1035 3306 cum
1063 3268 1231 3323 grege
1256 3254 1358 3307 sibi
1378 3255 1585 3309 credito
1616 3256 1796 3311 visitet
1812 3263 1864 3309 et

273 3347 543 3412 protegat,
573 3355 798 3411 gemens
824 3339 1112 3410 deprecor,
1132 3341 1518 3413 humiliterque
1548 3343 1600 3397 in
1632 3344 1767 3411 Deo,
1799 3359 1863 3398 ac

277 3444 376 3498 per
404 3430 597 3496 Deum,
640 3435 694 3482 et
719 3436 937 3499 propter
967 3429 1140 3485 Deum
1169 3429 1420 3498 obsecro,
1453 3436 1718 3501 quatenus
1744 3431 1866 3485 illas

278 3516 373 3571 Dei
425 3516 650 3571 famulas
693 3516 967 3571 mundana
1014 3532 1216 3586 pompa
1259 3527 1473 3580 exutas,
1519 3534 1619 3589 pro
1649 3535 1864 3574 suarum

274 3604 448 3660 salute
476 3605 804 3670 animarum,
836 3605 903 3659 ad
943 3605 1039 3659 Dei
1071 3605 1258 3660 laudes
1288 3607 1595 3664 Marciniaci
1627 3624 1864 3679 congre-

272 3700 450 3765 gatas,
492 3693 607 3762 ipse
638 3693 843 3761 fovere,
896 3693 1167 3763 amplecti,
1216 3703 1533 3764 sustentare,
1575 3697 1868 3768 locumque

278 3797 433 3852 psum
477 3797 601 3837 cum
631 3781 778 3837 omni
806 3781 1070 3837 charitate
1120 3782 1416 3841 informare
1440 3786 1731 3859 dignetur.
1773 3787 1867 3843 Li-

1970 3256 2038 3310 de
2086 3256 2259 3322 vobis,
2303 3270 2505 3323 vosque
2553 3253 2619 3306 de
2649 3252 2808 3307 nobis
2854 3253 3093 3324 gaudere
3140 3252 3195 3305 in
3241 3258 3567 3322 perpetuum

1970 3359 2293 3408 mereamur,
2344 3345 2470 3413 Ipso
2501 3348 2794 3412 praestante
2841 3340 2927 3410 qui
2979 3340 3032 3394 in
3080 3339 3342 3395 Trinitate
3392 3339 3572 3408 perfe-

1972 3441 2061 3488 cta
2106 3432 2242 3488 vivit
2272 3438 2326 3485 et
2352 3430 2620 3503 gloriatur
2648 3430 2816 3496 Deus,
2868 3444 2963 3499 per
2990 3428 3198 3483 inﬁnita
3245 3428 3572 3483 saeculorum

1974 3520 2200 3576 saecula.
2258 3520 2384 3575 Haec
2413 3526 2596 3574 autem
2647 3517 2871 3573 scednla
2917 3516 3138 3572 domino
3172 3515 3354 3571 futuro
3384 3515 3569 3570 abbati

1975 3624 2160 3665 coram
2210 3614 2486 3663 conventu
2535 3606 2808 3672 recitatur,
2861 3612 3152 3676 postquam
3195 3605 3308 3660 Deo
3337 3605 3572 3673 volente,

1977 3696 2163 3752 sedem
2194 3694 2548 3767 regimenque
2577 3710 2701 3750 cum
2729 3709 2869 3766 pace
2894 3693 3215 3765 susceperit.

713 4095 886 4170 Quid
933 4095 1167 4161 beatus
1197 4097 1392 4178 Hugo
1422 4097 1803 4163 narraverit
1836 4096 1903 4162 in
1953 4096 2247 4180 capitulo
2284 4094 2518 4176 vigilia
2557 4091 2804 4159 Natalis
2834 4092 3128 4156 Domini.

1193 4230 1319 4303 (Ea:
1347 4233 1518 4288 Petro
1561 4231 1888 4300 Venerabili,
1938 4231 2041 4287 lib.
2076 4245 2092 4286 ι
2123 4230 2340 4298 Mirac.,
2373 4245 2502 4301 cap.
2538 4228 2654 4297 l5.)

344 4513 458 4569 llos
487 4521 567 4569 est
595 4513 839 4583 ejusdem
886 4515 1199 4571 monasterii
1229 4515 1635 4586 (Cluniacensis)
1666 4514 1863 4571 nativi-
1900 4516 1954 4579 D
1975 4522 2192 4571 aeternae.
2239 4513 2472 4570 vicinus.
2511 4512 2616 4582 Qui
2656 4513 2769 4583 jam
2801 4512 3034 4568 instante
3062 4512 3185 4582 ipsa
3214 4510 3576 4581 solemnitate,

274 4609 443 4657 tatem
488 4602 791 4658 Salvatoris
847 4605 1062 4660 caeteris
1109 4604 1556 4660 solemnitatibus
1601 4604 1873 4677 singulari

275 4688 471 4745 affectu
516 4692 586 4745 de
612 4691 791 4748 votius
820 4708 1004 4764 agere,
1037 4701 1091 4748 et
1118 4702 1371 4749 cantuum
1402 4694 1666 4763 melodiis,
1689 4693 1873 4749 lectio-

277 4793 407 4832 num
455 4779 876 4850 prolixitatibns,
927 4796 1209 4837 cereornm
1256 4781 1637 4854 multiplicium
1682 4796 1872 4838 accen-

279 4866 544 4933 sionibns,
596 4876 671 4937 et,
729 4871 876 4941 quod
908 4870 1071 4943 longe
1118 4871 1461 4942 praestantius
1506 4878 1605 4934 est.
1656 4868 1877 4940 speciali

280 4955 591 5026 devotione,
641 4958 916 5031 multaque
963 4957 1322 5030 lacrymarum
1370 4959 1706 5030 profusione,
1755 4974 1875 5014 cum

282 5044 546 5116 angelicis
562 5045 841 5116 spiritibus
860 5046 1112 5102 alacriter
1132 5049 1510 5103 solemnizare.
1535 5049 1651 5111 Qua
1672 5056 1880 5118 tempo-

281 5133 362 5187 ris
417 5134 760 5191 revolutione
825 5136 1103 5205 redeunte,
1164 5137 1355 5192 fratres
1409 5152 1561 5191 more
1615 5136 1775 5192 solito
1820 5152 1878 5191 se

284 5235 499 5293 suaque
528 5223 711 5278 omnia
736 5232 1080 5294 paraverunt,
1112 5232 1164 5279 et
1192 5225 1445 5280 ecclesias
1468 5225 1711 5280 ornando
1740 5225 1877 5279 alia-

285 5326 391 5381 que
439 5312 762 5368 monasterii
811 5313 930 5368 loca
971 5313 1147 5383 aptius
1195 5315 1592 5384 componendo,
1643 5313 1786 5367 intus
1829 5321 1883 5367 et

287 5404 441 5454 extra
490 5400 665 5457 festivi
696 5416 965 5474 apparere
1013 5401 1349 5473 satagebant.
1384 5403 1677 5473 Supererat
1706 5402 1882 5458 adhuc

291 5488 481 5545 beatus
509 5489 599 5545 ille
654 5506 717 5545 ac
749 5491 1077 5546 venerabilis
1116 5500 1272 5561 pater
1299 5491 1478 5563 fingo,
1510 5489 1700 5545 ultimo
1731 5490 1882 5547 senio

292 5578 453 5634 morti
481 5579 701 5653 quidem
733 5596 1033 5654 corporeae,
1064 5581 1157 5638 sed
1187 5589 1241 5637 et
1271 5580 1396 5636 vitae
1426 5588 1547 5654 post
1575 5587 1629 5637 et
1653 5586 1881 5635 mortem

1984 4604 2281 4674 capitulum
2329 4603 2421 4657 ubi
2467 4602 2663 4657 fratres
2700 4608 3067 4657 convenerant
3111 4601 3411 4669 in;ressus,
3461 4602 3578 4656 haec

1983 4693 2052 4747 ad
2099 4706 2288 4747 omnes
2317 4691 2543 4763 protulit
2591 4691 2794 4746 verba:
2829 4690 3123 4756 Noveritis,
3153 4689 3367 4757 fratres,
3397 4690 3580 4746 Jesnm

1984 4779 2279 4849 benignum
2327 4780 2654 4834 salvatorem
2704 4786 2942 4833 nostrum
2989 4793 3104 4833 suae
3152 4777 3448 4833 nativitatis
3476 4794 3576 4835 ve-

1984 4876 2212 4938 strasque
2242 4867 2580 4923 liberationis
2630 4866 2910 4922 solemniis
2937 4865 3196 4922 interesse
3225 4867 3585 4937 disposuisse,

1984 4964 2291 5026 vestraeque
2321 4956 2633 5011 devotionis
2684 4954 3005 5026 obsequium
3037 4953 3206 5010 multo
3229 4970 3352 5012 cum
3383 4958 3583 5029 gaudio

1986 5044 2283 5117 praestolari
2348 5047 2413 5099 At
2440 5051 2629 5100 contra
2657 5044 2841 5101 sciatis
2889 5059 3123 5115 nequam
3154 5047 3358 5101 hostem
3388 5054 3580 5102 vestra:

1989 5133 2225 5190 felicitati
2274 5133 2605 5189 invidentem
2658 5134 2933 5199 laborare,
2965 5140 3230 5205 quatenus
3259 5134 3469 5205 aliquas
3496 5143 3582 5190 te-

1987 5223 2283 5278 nebrarum
2313 5237 2533 5277 suarum
2563 5222 2789 5277 nebulas
2817 5227 2989 5288 tanto,
3019 5222 3061 5277 si
3090 5222 3279 5295 pos¢it,
3310 5223 3582 5294 splendori

1988 5312 2346 5377 intermiceat,
2407 5318 2679 5383 tantaeque
2750 5311 3057 5367 festivitatis
3106 5312 3335 5385 gloriam
3393 5311 3585 5365 saltem

1989 5400 2526 5473 quantulumcunque
2580 5400 2883 5455 imminuat.
2926 5401 3113 5455 Frater
3140 5400 3283 5456 enim
3313 5398 3431 5468 (ait)
3461 5397 3588 5469 qui-

1995 5491 2141 5558 dam,
2200 5504 2260 5545 se
2288 5489 2479 5559 utique
2536 5490 2672 5544 dans
2719 5488 2975 5561 intelligi,
3033 5488 3138 5543 hac
3163 5487 3283 5559 ipsa
3313 5489 3473 5541 nocte
3502 5484 3588 5541 vi-

1994 5579 2073 5635 dit
2126 5578 2295 5652 ipsius
2339 5576 2730 5637 misericordie
2783 5585 3039 5648 matrem,
3098 5584 3415 5650 perpetuam
3468 5572 3577 5650 [αι.
