3956 6084
481 279 586 333 955

1673 277 1730 332 S.
1763 275 1959 332 HUGO
1980 275 2202 332 ABBAS
2232 277 2548 335 CLUNIAC.

3681 285 3786 336 956

479 402 768 475 perpetuo]
817 403 1121 474 Virginem,
1154 401 1345 458 Filium
1395 417 1554 473 quem
1601 401 1853 472 praesenti
1907 409 2067 457 nocte
2092 401 2150 462 A
2179 402 2486 471 phantasiis
2516 403 2689 458 solitis
2717 419 2810 459 eos
2858 420 2914 460 se
2943 421 3105 475 posse
3143 404 3442 476 inquietare
3472 404 3786 470 conﬁdens,

475 491 690 564 genuit,
741 491 1051 546 dulcissimo
1081 492 1293 562 gremio
1335 492 1632 558 continere,
1665 491 1820 560 eique
1848 497 2070 545 sancto-

478 595 596 633 rum
628 580 944 651 angelorum
968 578 1385 648 multitudinem,
1417 596 1538 633 cum
1570 579 1836 632 immenso
1866 579 2070 634 lumine

477 677 670 721 astare.
733 667 1037 721 Laetabatur
1092 676 1270 722 autem
1302 667 1448 722 idem
1501 669 1645 721 Deus
1691 682 1844 737 puer,
1879 674 1930 720 et
1957 667 2068 720 im-

477 771 664 810 menso
722 754 926 825 gaudio
984 755 1316 824 exsultabat,
1377 764 1534 826 atque
1591 755 1772 810 cordis
1826 754 2068 809 laetitiam

473 851 630 912 gestu
681 843 901 914 gloriosi
933 845 1193 914 corporis,
1227 853 1278 899 et
1323 845 1556 915 ipsarum
1587 844 1786 914 plausu
1811 859 2065 897 manuum

473 929 888 987 demonstrabat.
938 933 1007 986 Et
1047 948 1342 987 conversus
1390 933 1457 988 ad
1498 933 1743 998 Matrem,
1795 932 1972 987 aiebat
1997 932 2067 987 ad

477 1017 665 1074 illam:
703 1043 724 1067 α
769 1021 975 1084 Cernis,
1015 1021 1203 1089 Mater,
1233 1029 1447 1078 noctem
1481 1037 1601 1091 qua
1628 1021 1896 1089 imminet,
1929 1037 2066 1076 meae

478 1108 772 1163 nativitatis
815 1107 1028 1180 gaudiis
1070 1110 1462 1178 illustrandam,
1507 1110 1563 1162 in
1593 1125 1699 1179 qua
1729 1117 1781 1164 et
1823 1111 2063 1180 prephe-

473 1203 649 1252 tarum
679 1198 898 1252 oracula
929 1205 982 1252 et
1005 1199 1320 1269 angelorum
1342 1200 1614 1269 praeconia
1643 1199 2061 1265 renovabuntur,

471 1293 525 1341 et
553 1301 676 1340 meo
702 1285 770 1341 de
800 1293 853 1341 te
882 1295 1068 1341 exortu
1099 1287 1277 1342 omnia
1305 1287 1466 1341 simul
1496 1287 1731 1342 coelestia
1762 1294 1924 1358 atque
1958 1295 2063 1342 ter-

468 1374 662 1429 restria
681 1375 1004 1429 laetabuntur
1021 1377 1049 1428 ‘?
1075 1375 1177 1431 Ubi
1209 1385 1287 1430 est
1315 1392 1457 1430 nunc
1476 1376 1648 1430 hostis
1675 1375 1914 1430 damnati
1946 1391 2063 1446 per-

471 1461 716 1530 ﬁdia,ubi
736 1462 852 1531 ejus
867 1468 1235 1534 potestas,qua
1253 1471 1378 1518 ante
1391 1465 1492 1520 hoc
1507 1464 1788 1535 singulare
1805 1464 2061 1535 gaudium

465 1549 668 1603 mundo
694 1549 1111 1606 dominabatur?
1139 1575 1160 1600 η
1197 1551 1316 1620 Quo
1336 1551 1424 1606 ille
1447 1551 1737 1622 impudens
1765 1552 1971 1618 audito,
1996 1551 2064 1606 de

461 1636 690 1692 latibulo
711 1653 808 1691 suo
830 1654 1082 1710 egressus
1101 1656 1131 1694 a
1153 1640 1314 1711 longe
1335 1656 1392 1694 se
1412 1640 1803 1710 praesentabat,
1827 1649 1880 1695 et
1910 1641 2064 1712 igno-

463 1725 693 1780 minioso
743 1727 1072 1796 deturpatus,
1126 1745 1247 1783 cum
1279 1729 1448 1783 multo
1498 1729 1718 1800 planctu
1747 1737 1908 1799 atque
1937 1731 2058 1800 eju-
2084 1762 2139 1823 B

459 1813 591 1882 latu,
623 1821 680 1868 ut
708 1815 1082 1871 admitteretur
1117 1817 1334 1871 orabat.
1373 1816 1529 1884 Quod
1561 1834 1626 1872 eo
1660 1825 1787 1874 voto
1817 1819 2054 1885 dicebat,

462 1910 519 1956 ut
578 1909 738 1956 tantm
794 1904 1052 1959 claritatis
1115 1905 1319 1976 gaudia
1379 1906 1576 1976 quibus
1607 1906 1904 1977 invidebat,
1962 1923 2058 1962 suo

463 2005 615 2046 more
646 1991 730 2048 vel
758 1992 811 2047 in
842 1993 1023 2064 aliquo
1054 1994 1338 2050 obfuscare
1365 1995 1587 2050 valeret.
1626 2019 1647 2044 ει
1695 1995 1759 2050 Et
1785 1996 1850 2062 si,
1882 1996 1976 2062 ait,
2003 1995 2058 2050 in

462 2078 612 2134 nulla
629 2081 872 2136 ecclesiae
883 2090 1039 2151 parte
1056 2083 1334 2151 admittor,
1352 2084 1407 2136 in
1427 2083 1608 2155 aliquo
1621 2083 1810 2139 saltem
1828 2085 2060 2156 reliqua-

463 2183 582 2222 rum
610 2167 944 2224 oﬂicinarum
979 2171 1096 2226 loco
1145 2171 1437 2242 suscipiar.
1469 2202 1539 2212 —
1568 2173 1739 2236 Vade,
1772 2173 1864 2237 ait,
1898 2173 2060 2227 Filius

461 2256 716 2328 Virginis,
753 2258 1001 2322 furcifer,
1033 2268 1087 2314 et
1128 2275 1195 2314 ne
1227 2268 1278 2315 te
1309 2275 1429 2314 mea
1459 2261 1694 2331 potentia
1724 2261 2057 2330 prejudice-

459 2350 570 2398 tum
591 2345 918 2414 lamenteris,
942 2355 1090 2402 tenta
1122 2349 1268 2418 quod
1294 2349 1518 2418 poteris.
1566 2372 1587 2396 ιι
1622 2352 1687 2403 At
1716 2349 1805 2404 ille
1832 2351 2055 2413 solutus,

459 2448 645 2487 arcum
677 2433 897 2503 capituli
928 2435 1101 2505 petiit,
1135 2445 1183 2490 et
1229 2437 1437 2508 ingredi
1467 2445 1694 2493 conatus
1723 2454 1827 2492 non
1860 2439 2054 2508 potuit.

460 2521 520 2574 In
553 2525 754 2576 tantum
789 2539 1026 2594 namque
1055 2533 1108 2579 et
1137 2539 1196 2579 se
1223 2525 1510 2592 tumidum,
1545 2534 1600 2581 et
1634 2525 1853 2596 capituli
1885 2526 2059 2582 intro-

459 2608 596 2663 itum
618 2619 908 2682 angustum
934 2611 1166 2680 invenit,
1198 2618 1257 2667 ut
1285 2613 1586 2668 nullatenus
1607 2614 1808 2669 intrare
1828 2616 2054 2668 valeret.

470 2698 611 2752 Vere
658 2707 862 2754 vetusta
911 2702 1183 2770 superbiae
1220 2710 1370 2772 peste
1399 2703 1633 2767 intlatus,
1665 2720 1763 2773 per
1793 2703 2057 2758 humilem

465 2785 674 2840 aditum
731 2788 960 2843 transire
987 2805 1093 2844 non
1142 2799 1376 2859 poserat,
1407 2792 1528 2860 quia
1576 2807 1679 2846 non
1709 2791 1852 2846 idem
1883 2791 2058 2846 aditus

460 2874 751 2943 superbum
809 2883 1047 2930 erectum
1103 2885 1154 2932 et
1210 2878 1462 2932 humilem
1517 2879 1662 2948 capit
1715 2880 2050 2934 inclinatum.

459 2961 592 3017 Inde
638 2962 706 3016 ad
738 2963 959 3018 fratrum
1002 2964 1378 3021 dormitorium
1405 2983 1656 3038 gressum
1683 2969 1971 3035 convertit,
2003 2977 2053 3023 et

2180 489 2404 546 introire
2462 493 2702 547 tentavit.
2763 493 2872 549 Sed
2929 495 3119 549 eadem
3159 493 3526 566 grossitudine
3583 509 3677 547 sua
3707 494 3780 548 ab

2179 579 2316 634 ostio
2363 580 2610 649 repulsus
2654 581 2892 636 recessit.
2939 582 3278 636 Postremum
3329 582 3399 636 ad
3429 582 3787 636 refectorium

2176 667 2408 721 nocendi
2439 684 2594 737 spem
2644 669 2888 734 contulit,
2921 669 2996 724 ibi
3023 677 3253 739 prepter
3283 670 3619 741 aliquantam
3649 686 3782 724 cor-

2175 769 2367 824 porum
2396 771 2604 822 curam,
2656 757 2919 826 majorem
2972 759 3275 828 suspicatus
3304 759 3570 812 mentium
3615 759 3784 813 incu-

2176 842 2334 899 riam.
2385 843 2462 898 lbi
2493 844 2654 898 etiam
2709 848 2788 899 tot
2831 845 3018 900 obices
3063 846 3378 901 divinorum
3423 861 3491 900 ex
3548 846 3784 901 lectione

2172 931 2482 997 verborum,
2515 940 2592 987 tot
2620 932 2798 987 trabes
2828 949 2896 988 ex
2927 933 3307 990 devotionibus
3335 934 3666 999 auditorum,
3705 943 3783 990 tot

2172 1019 2433 1093 repagula
2487 1020 2710 1076 offendit
2738 1038 2806 1076 ex
2849 1022 3110 1077 cbaritate
3157 1022 3259 1077 sibi
3304 1023 3674 1090 servientium,
3725 1032 3784 1076 ut

2171 1108 2321 1163 nullo
2352 1110 2517 1165 modo
2566 1110 2678 1165 ulta
2705 1111 2997 1181 procedere
3045 1112 3381 1181 praevalens,
3428 1119 3571 1166 retro
3600 1125 3779 1184 coge-

2171 1206 2322 1252 retur
2350 1198 2548 1254 redire.
2582 1199 2671 1254 Sic
2701 1215 2913 1271 quoque
2934 1200 3006 1256 ab
3036 1199 3288 1255 omnibus
3311 1200 3620 1255 monasterii
3652 1198 3778 1256 otii-

2171 1287 2310 1341 cinis
2338 1287 2595 1357 rejectus,
2647 1303 2678 1342 a
2707 1296 3000 1357 conspectu
3044 1288 3280 1358 piissimi
3310 1288 3696 1359 Redemptoris
3727 1297 3779 1344 et

2170 1375 2423 1446 gloriosa:
2477 1374 2716 1447 Virginis
2770 1375 2971 1443 Matris,
3016 1390 3140 1431 cum
3171 1392 3239 1431 ea
3291 1392 3398 1446 qua
3453 1376 3658 1448 dignus
3695 1385 3780 1431 est

2170 1462 2508 1530 confusione,
2540 1465 2764 1535 pestifer
2796 1464 2887 1519 ille
2917 1464 3162 1519 recessit.
3203 1463 3356 1519 Cauti
3387 1464 3553 1535 igitur
3577 1470 3774 1530 estote,

2169 1559 2225 1606 et
2253 1553 2546 1606 immensas
2561 1553 2768 1623 gratias
2799 1552 3157 1622 omnipotenti
3175 1568 3237 1608 ac
3258 1552 3772 1608 misericordissimo

2171 1639 2436 1696 Salvatori
2465 1643 2632 1713 agite,
2665 1641 2756 1713 qui
2785 1648 2838 1696 et
2878 1641 3270 1711 nequissimum
3311 1641 3522 1697 hostem
3551 1658 3586 1696 a
3616 1642 3774 1697 vobis

2169 1729 2390 1799 expulit,
2459 1738 2513 1784 et
2564 1730 2683 1800 ipse
2738 1729 3022 1785 nobiscum
3080 1730 3181 1802 [αι.
3213 1729 3513 1802 vobiscum]
3578 1731 3773 1785 festum

2165 1834 2319 1872 suum
2348 1818 2718 1874 celebraturus
2750 1821 3041 1877 remansit.
3078 1820 3210 1874 Haec
3236 1834 3268 1872 a
3297 1827 3486 1875 sancto
3518 1819 3638 1874 viro
3671 1820 3778 1873 fra-

2170 1906 2346 1960 tribus
2375 1907 2537 1974 dicta,
2571 1907 2876 1962 furentium
2909 1908 3170 1963 adversus
3197 1908 3378 1962 locum
3407 1907 3592 1977 ipsum
3623 1907 3775 1962 mali-

2165 2009 2394 2066 gnorum
2441 1995 2722 2064 spirituum
2775 1996 3069 2051 ostendunt
3111 1995 3427 2066 nequitiam,
3455 2012 3522 2050 ac
3551 1995 3774 2050 Domini

2163 2083 2416 2138 eumdem
2437 2084 2769 2156 protegentis
2788 2084 3155 2139 clementiam.
3183 2083 3284 2152 Qui
3313 2099 3547 2155 nequam
3579 2086 3774 2139 hostes

2167 2171 2414 2240 quamvis
2455 2172 2720 2227 universis
2767 2172 3098 2244 generaliter
3124 2172 3524 2236 insidiarentur,
3557 2173 3774 2228 naviter

2166 2268 2348 2315 tamen
2377 2262 2654 2316 conversis
2683 2261 2917 2330 amplius
2946 2261 3131 2315 infesti
3162 2260 3454 2315 instabant.
3488 2259 3763 2315 Dolebant

2163 2349 2378 2418 quidem
2437 2357 2820 2404 veteranorum
2887 2347 3222 2419 profectibus
3277 2349 3607 2414 invidentes,
3673 2349 3767 2404 sed

2167 2438 2400 2492 tironum
2426 2436 2782 2506 superaddita
2808 2437 3187 2506 conversione,
3219 2437 3370 2508 quasi
3403 2437 3606 2492 recenti
3639 2454 3769 2492 sus-

2163 2534 2322 2596 cepto
2352 2524 2596 2591 vulnere,
2647 2525 2822 2581 acrius
2851 2526 3300 2596 indignabantur.
3331 2527 3399 2580 Et
3428 2527 3581 2580 velut
3613 2526 3769 2597 longi

2169 2615 2425 2683 temporis
2455 2614 2855 2685 desperatione.
2881 2614 3075 2683 prioris
3094 2615 3296 2682 praeda:
3326 2614 3511 2682 spolia
3538 2623 3762 2684 postpo-

2163 2710 2371 2770 nentes,
2403 2713 2588 2757 contra
2635 2717 2702 2757 ea
2729 2719 2852 2775 quae
2877 2701 2947 2757 ab
2978 2702 3151 2757 oculis
3193 2702 3566 2772 rapiebantur,
3600 2703 3767 2774 longe

2163 2791 2533 2845 vehementius
2578 2791 3031 2846 accendebantur.
3065 2791 3200 2845 Hinc
3227 2791 3488 2845 adversus
3519 2791 3757 2846 novitios

2166 2879 2312 2933 bella
2338 2879 2517 2934 valida
2563 2879 3002 2944 commovebant,
3035 2878 3159 2934 hinc
3188 2886 3648 2934 tentamentorum
3683 2879 3760 2933 di-

2164 2968 2336 3021 versis
2366 2967 2486 3022 telis
2514 2969 2729 3036 armati,
2771 2968 2894 3022 totis
2924 2967 3004 3022 eis
3032 2968 3314 3022 conatibus
3343 2967 3693 3022 insistebant.

1555 3253 2356 3357 DONATIONES
2436 3255 2674 3356 PI/E

1073 3445 1668 3502 CLUNIACENSIBUS
1699 3445 1934 3501 FACTAS
1965 3445 2093 3500 SUB
2125 3445 2468 3500 REGIMINE
2499 3445 2752 3502 SANCTI
2783 3447 3120 3505 HUGONIS.

1239 3793 1260 3845 Ι

463 3872 670 3928 Charta
688 3875 868 3931 Pontii
879 3877 1022 3932 comi
1030 3879 1100 3933 tis
1112 3879 1412 3935 deabbalia
1426 3881 1774 3937 Moisincemi
1790 3879 2056 3936 Cluniaco

1086 3951 1459 4020 subjicienda.

993 4037 1172 4103 (Circa
1215 4055 1303 4092 an.
1341 4041 1522 4109 1060.)

674 4121 852 4194 (Gali.
889 4123 1024 4180 Chr.
1081 4143 1228 4192 nov.,
1275 4129 1522 4182 lustrum.
1569 4130 1610 4195 I,
1645 4145 1700 4198 p.
1732 4128 1842 4200 37.]

527 4209 787 4277 Quamvis
836 4214 1141 4283 apostolica
1192 4217 1537 4286 pronuntient
1581 4218 1742 4272 verba
1772 4218 1915 4287 quod
1947 4233 2051 4272 non

455 4296 523 4352 sit
571 4298 670 4352 nisi
703 4315 734 4352 a
765 4302 878 4355 Deo
926 4311 1188 4374 potestas,
1238 4305 1418 4374 aliqua
1458 4313 1638 4360 tamen
1685 4307 1757 4360 de
1805 4306 2052 4376 reprobis

454 4402 634 4441 sermo
680 4389 898 4443 divinus
945 4407 1045 4459 per
1071 4393 1384 4462 prophetam
1419 4393 1642 4464 indicat,
1675 4394 1860 4448 dicens
1895 4411 1904 4446 :
1940 4395 2052 4466 Ipsi

455 4482 859 4546 regnaverunt,
888 4479 984 4533 sed
1000 4495 1113 4535 non
1133 4496 1206 4535 ex
1221 4499 1233 4541 ;
1249 4496 1339 4536 me
1368 4483 1653 4553 principes
1672 4484 2047 4552 exstiterunt,

453 4566 509 4618 et
540 4580 654 4619 non
686 4567 936 4636 cognovi.
971 4567 1180 4622 Idcirco
1235 4570 1449 4624 Pontius
1477 4571 1759 4626 Tolosanze
1788 4572 1935 4625 urbis
1962 4589 2050 4627 co-

452 4668 592 4719 mes,
626 4669 691 4707 ne
720 4655 773 4708 in
808 4671 1036 4710 numero
1069 4656 1211 4710 male
1243 4658 1582 4728 regnantium
1615 4674 1647 4712 a
1673 4659 1818 4727 justo
1847 4660 2049 4716 arbitro

453 4741 567 4794 Deo
593 4741 839 4797 districte
861 4743 1012 4812 quasi
1036 4761 1142 4799 non
1158 4745 1226 4799 ab
1249 4762 1312 4801 eo
1335 4747 1548 4817 agnitus
1571 4748 1869 4817 dijudicer;
1907 4765 2050 4804 com-

455 4829 602 4882 muni
625 4845 688 4885 ac
712 4832 914 4886 salubri
935 4835 1162 4890 consilio
1184 4835 1372 4890 uxoris
1391 4851 1525 4891 mea:
1543 4837 1862 4892 Adalmodis
1882 4841 2050 4893 comi-

457 4914 616 4980 tissaz,
643 4933 704 4971 ac
725 4918 1040 4990 principatu
1064 4924 1198 4978 mihi
1224 4924 1580 4992 subditorum,
1605 4927 1933 4982 venerabilis
1952 4929 2052 4982 sci-

456 5001 582 5057 licet
604 5003 868 5059 Bernardi
890 5009 964 5063 Ca
977 5012 1237 5066 turcensis
1253 5013 1516 5082 episcopt,
1532 5029 1741 5068 necnon
1763 5016 2050 5072 Gausberti

2081 3785 2129 3848 C
2161 3781 2589 3854 diligentiusque
2619 3784 2968 3840 custodiatur.
3002 3783 3348 3856 Quapropter
3377 3785 3500 3840 volo
3528 3794 3588 3838 ut
3616 3802 3685 3840 cu
3699 3801 3765 3838 n-

2163 3871 2265 3926 ctis
2292 3871 2427 3926 meis
2473 3872 2876 3927 successoribus
2923 3880 3178 3943 patescat,
3213 3874 3361 3943 quod
3395 3889 3505 3944 ego
3534 3889 3767 3943 praeno-

2163 3960 2424 4016 minatam
2475 3960 2750 4015 abbatiam
2780 3962 2838 4016 S.
2901 3961 3038 4016 Petri
3095 3961 3468 4017 Moisiacensis
3525 3961 3767 4016 cosnobii

2163 4049 2518 4119 omnipotenti
2549 4049 2684 4115 Deo,
2717 4057 2770 4104 et
2799 4049 2999 4104 sanctis
3029 4049 3287 4120 apostolis
3318 4051 3472 4104 Petro
3502 4059 3556 4105 et
3589 4050 3765 4104 Paulo

2162 4137 2396 4205 dimitto,
2430 4152 2641 4191 necnon
2656 4145 2708 4191 et
2736 4135 2936 4192 seniori
2966 4137 3284 4192 charissima
3313 4138 3518 4192 domno
3544 4137 3766 4209 Hugoni

2160 4224 2343 4279 abbati
2399 4224 2693 4288 Cluniensi,
2753 4225 2866 4280 sive
2921 4226 3126 4280 cunctis
3181 4225 3596 4279 successoribus
3651 4226 3766 4279 suis

2159 4314 2213 4367 in
2262 4315 2381 4368 loco
2413 4312 2758 4368 Cluniacensi
2801 4313 3012 4378 futuris,
3065 4315 3360 4369 secundum
3395 4312 3664 4384 Regulam
3704 4313 3763 4368 S.

2159 4401 2427 4457 Benedicti
2487 4401 2844 4456 ordinandam
2901 4401 2956 4455 in
2987 4410 3311 4471 perpetuum
3371 4403 3527 4456 trado
3578 4417 3765 4457 coram

2161 4490 2405 4545 testibus.
2457 4489 2513 4544 Si
2545 4489 2664 4558 quis
2713 4497 2893 4544 autem
2925 4499 3207 4560 parentum
3251 4491 3332 4544 vel
3365 4505 3750 4545 successorum

2158 4594 2422 4638 meorum,
2457 4585 2546 4632 aut
2577 4577 2881 4650 quicunque
2913 4579 3190 4632 hominum
3217 4586 3340 4648 post
3363 4578 3525 4632 tinem
3556 4595 3761 4645 meum,

2158 4664 2276 4720 sive
2317 4673 2436 4736 post
2484 4666 2788 4721 discessum
2836 4666 3122 4721 Gauzberti
3164 4667 3429 4736 principis
3459 4666 3625 4735 illius,
3662 4668 3757 4738 qui

2160 4754 2425 4809 secundus
2467 4770 2497 4808 a
2529 4771 2615 4810 me
2644 4755 2699 4808 in
2745 4753 2967 4809 abbatia
2992 4755 3086 4809 illa
3115 4771 3257 4809 nunc
3284 4770 3403 4810 esse
3433 4755 3673 4824 videtur,
3709 4765 3762 4810 et

2161 4841 2336 4896 abbas
2382 4847 2631 4908 vocatur,
2686 4845 2822 4898 hanc
2870 4859 3047 4898 meam
3079 4843 3383 4899 cessionem
3415 4843 3764 4913 disrumpere

2161 4945 2488 5002 quocunque
2548 4932 2712 4986 modo
2771 4931 3148 5000 adtentaverit,
3194 4931 3338 5002 quod
3390 4931 3506 4986 ﬁeri
3537 4933 3764 4986 omnino

2161 5020 2260 5074 sub
2299 5019 2658 5075 obtestatione
2692 5019 2885 5089 judicii
2921 5019 3017 5075 Dei
3059 5021 3340 5089 prohibeo,
3373 5021 3767 5092 omnipotentis

459 5090 671 5191 abbatis
702 5095 981 5196 nominati,
1017 5099 1280 5196 Willelmi
1311 5117 1543 5172 quoque,
1577 5118 1642 5158 ac
1675 5103 1922 5160 Fulconis
1955 5106 2050 5160 fra-
2080 5138 2132 5196 D
2161 5107 2261 5164 Dei
2291 5107 2482 5162 virtute
2513 5109 2955 5174 examinandum,
2989 5117 3041 5164 et
3071 5125 3228 5178 papae
3254 5090 3762 5173 Romanognecnon

458 5179 555 5233 tris
583 5180 701 5249 ejus
730 5183 973 5238 consultu
1005 5186 1218 5241 decrevi
1249 5197 1305 5243 ut
1331 5190 1556 5244 abbatia
1587 5191 1642 5246 S.
1678 5193 1814 5247 Petri
1845 5195 2053 5249 Moisia-

458 5269 634 5324 censis
689 5271 944 5340 cacnobii,
1003 5287 1161 5343 quam
1211 5292 1316 5348 ego
1373 5280 1648 5347 hactenus,
1697 5291 1745 5336 et
1805 5292 2052 5351 parentes

457 5359 583 5423 mei,
615 5376 712 5414 seu
759 5361 1195 5430 praedecessores
1248 5365 1351 5420 mei
1380 5368 1607 5423 comites
1653 5371 1928 5439 Tolosani,
1979 5373 2049 5428 de

455 5447 711 5503 manibus
757 5464 942 5521 regum
990 5451 1315 5507 Francorum
1364 5455 1460 5509 visi
1493 5471 1678 5512 sumus
1718 5458 1772 5512 in
1805 5459 1904 5514 tori
1929 5461 2050 5530 jure

458 5538 655 5602 habere
684 5545 738 5595 et
764 5538 1062 5614 possidere,
1095 5539 1358 5618 deinceps
1389 5543 1443 5597 in
1475 5544 1573 5599 Dei
1603 5547 1822 5606 servitio
1852 5549 2048 5609 rectius

2164 5203 2219 5252 et
2275 5197 2603 5251 Francorum
2636 5198 2755 5269 regi
2797 5198 2869 5252 ad
2917 5214 3148 5268 quorum
3190 5197 3470 5253 tuitionem
3503 5198 3766 5268 przet'atus

2161 5285 2314 5340 locus
2361 5285 2650 5341 Moisiacus
2696 5286 2947 5356 pertinet,
2997 5287 3430 5358 distringendum
3492 5288 3760 5358 relinquo.

2161 5373 2280 5445 Ego
2313 5390 2439 5428 vero
2467 5374 2607 5429 hanc
2639 5375 3043 5445 inscriptionem
3074 5375 3337 5430 cessionis
3367 5376 3419 5429 in
3451 5391 3614 5430 manu
3641 5377 3758 5445 jam

2159 5462 2292 5518 dicti
2336 5462 2552 5519 abbatis
2606 5463 2795 5519 domni
2826 5464 3090 5534 llugonis,
3150 5463 3398 5520 adstante
3439 5465 3588 5520 omni
3619 5481 3762 5520 con-

2158 5559 2324 5608 ventu
2354 5553 2594 5628 ejusdem
2627 5553 2960 5623 monasterii,
2991 5552 3078 5609 cui
3129 5557 3348 5626 prmest,
3378 5569 3500 5611 mea
3529 5553 3762 5611 electio-
