4032 6078
255 267 360 321 957

1067 272 1522 330 DIVERSORUM
1550 275 2005 334 DONATIONES
2038 280 2164 334 PDE
2201 279 2336 337 PRO
2371 280 2688 337 CLUNIAG.

3448 291 3551 343 958

257 399 425 457 ne,et
461 393 839 463 pramominati
885 397 1147 452 Bernardi
1201 397 1549 453 Caturcensis
1606 399 1851 470 episcopi
1879 402 1938 464 Α
1966 402 2187 458 venerit.
2212 405 2291 460 Eo
2330 411 2517 461 tenore
2546 413 2606 460 ut
2634 406 2772 463 hanc
2795 406 3142 463 donationem
3212 419 3265 465 et
3316 410 3556 466 traditio-

257 480 324 534 ad
355 481 509 550 cujus
537 481 813 537 dioecesim
841 485 1034 540 attinet
1064 486 1219 542 locus
1267 486 1368 541 iste
1423 488 1855 544 consecratione.

255 569 550 625 Durannus
580 571 751 625 abbas
779 580 833 627 et
853 575 1153 629 monachus
1184 574 1555 630 Cluniacensis
1585 574 1639 630 in
1668 576 1757 632 die
1771 593 1860 632 so-

249 656 552 714 lemnitatis
581 666 897 714 sanctorum
929 662 1232 732 principum
1291 663 1668 732 apostolorum
1716 665 1857 720 Petri

249 754 303 802 et
331 747 506 815 Pauli,
541 763 726 816 manu,
761 762 882 818 ore,
915 749 1079 805 corde
1127 751 1393 807 conﬁrmo
1450 762 1616 822 atque
1670 767 1856 810 corro-

255 835 412 891 bore.

315 923 631 979 Bernardus
662 925 962 997 episcopus
987 925 1335 982 Caturcensis
1365 926 1630 985 ﬁrmavit.

311 1013 632 1068 Adalmodis
661 1015 971 1070 comitissas
1001 1015 1272 1074 firmavit.

315 1101 675 1157 Gauzbertus
704 1102 849 1157 abba
881 1103 1141 1160 ﬁrmavit.

315 1190 639 1245 Willelmus
669 1200 1038 1264 cognomento
1061 1193 1531 1250 Miscens-malum
1573 1195 1842 1252 ﬁrmavit.

316 1278 480 1334 Fuleo
503 1280 675 1335 frater
703 1281 822 1350 ejus
841 1279 1210 1338 conﬁrmavit.

314 1369 512 1422 Datum
541 1369 642 1423 sub
673 1367 760 1424 die
782 1384 845 1423 ιιι
877 1369 1156 1426 Kalendas
1198 1371 1364 1442 Junii,
1403 1389 1460 1428 ιιι
1495 1373 1648 1442 feria,
1710 1374 1844 1428 Plii-

243 1455 398 1528 lippo
427 1471 561 1528 rege
592 1457 944 1513 Francorum.

245 1633 561 1710 Adcmaru:
594 1636 1376 1710 vicecomcsﬂLemoviccnsi:
1421 1644 1477 1696 et
1531 1639 1843 1710 Ilumbcrga

307 1707 428 1774 eius
452 1722 601 1762 uxor
629 1706 848 1762 donant
876 1709 1160 1766 abbatiam
1191 1711 1389 1768 Sancti
1420 1711 1711 1767 Martiali:
1731 1706 1839 1768 Hu-

303 1777 436 1849 gom’
459 1776 649 1836 abbati
681 1778 1068 1837 Cluniacensi.

830 1894 1006 1964 (Anno
1029 1894 1215 1968 ioca.)

481 1999 698 2074 [ΒΑιιη.
726 1999 994 2069 Misccll.,
1029 1999 1124 2056 ed.
1163 2001 1329 2071 Luc.,
1360 2003 1402 2071 Ι,
1434 2003 1578 2074 123.]

309 2114 574 2170 Noverint
597 2129 790 2170 omnes
817 2124 1020 2171 sanctae
1053 2116 1250 2171 matris
1299 2118 1570 2174 Ecclesiae
1617 2117 1713 2173 ﬁlii
1771 2134 1837 2174 ac

242 2201 468 2270 ﬁdeles,
502 2206 613 2257 tam
645 2204 930 2272 praesentis
955 2219 1117 2275 quam
1152 2203 1320 2260 futuri
1351 2206 1636 2277 temporis,
1685 2207 1838 2278 quod

233 2307 340 2362 ego
353 2291 667 2346 Ademarus
685 2290 999 2347 vicecomes
1015 2293 1434 2349 Lemovicencis
1452 2296 1598 2350 dono
1611 2297 1835 2369 Hugoni

238 2377 429 2434 abbati
460 2378 831 2435 Cluniacensis
859 2381 1174 2437 monasterii
1205 2383 1568 2455 omnibusque
1615 2401 1838 2441 succes-

234 2467 448 2522 scribus
465 2467 584 2537 ejus
611 2467 904 2523 abbatibus
934 2469 1026 2539 qui
1055 2469 1204 2526 idem
1262 2472 1654 2528 monasterium
1706 2474 1838 2528 Clu-

237 2555 498 2611 niacense
547 2556 881 2627 regulariter
937 2558 1326 2628 gubernabunt
1381 2561 1527 2617 dono
1565 2569 1620 2618 et
1685 2563 1838 2618 trado

229 2644 511 2699 abbatiam
542 2644 723 2700 Sancti
775 2645 1030 2700 Martialis
1079 2648 1486 2704 Lemovicensis
1547 2666 1671 2706 cum
1709 2667 1836 2709 con-

229 2748 388 2788 sensu
414 2742 470 2788 et
498 2733 823 2788 auctoritate
870 2734 1064 2789 domni
1112 2736 1262 2790 Iterii
1319 2738 1565 2807 ejusdem
1604 2739 1838 2796 civitatis

235 2821 479 2892 episcOpi
508 2821 1024 2893 canonicorumque
1052 2825 1172 2894 ejus
1200 2841 1418 2881 necnon
1475 2835 1527 2883 et
1581 2829 1837 2900 conjugis

233 2926 372 2966 mea:
402 2910 693 2983 Umbergaa
739 2910 1082 2983 ﬁliorumque
1111 2929 1360 2968 meorum
1409 2925 1462 2970 et
1517 2916 1834 2986 optimatum

231 2999 306 3054 ob
339 2998 746 3071 indulgentiam
777 3008 1124 3070 peccatorum
1152 3010 1452 3058 nostrorum
1478 3011 1530 3058 et
1554 3013 1834 3075 parentum

1963 507 2086 546 nem
2134 508 2328 548 omnes
2384 510 2723 551 successores
2771 497 2878 552 mei
2935 498 3256 554 conﬁrment
3315 507 3370 554 et
3418 501 3556 554 hanc

1962 584 2166 635 cartam
2196 582 2418 638 laudent
2446 591 2498 638 et
2523 584 2879 656 auctorizent,
2912 594 2965 641 et
3021 587 3137 642 haec
3176 587 3389 642 traditio
3450 604 3553 643 no-

1960 676 2090 735 stra,
2125 678 2182 724 ut
2211 671 2422 725 stabilis
2450 672 2834 728 etinconvulsa
2877 680 3214 744 permaneat,
3261 675 3555 746 apostolica

1960 759 2274 814 auctoritate
2297 759 2556 815 ﬁrmetur.
2589 760 2743 829 Quod
2773 762 2817 815 si
2875 778 2978 834 ego
3035 771 3135 818 aut
3179 779 3553 820 successorum

1959 861 2205 901 meorum
2258 847 2452 919 aliquis
2506 850 2642 903 hanc
2697 849 3040 906 traditionem
3105 852 3410 923 infringere
3465 859 3558 907 aut

1957 935 2329 992 contradicere
2361 935 2618 1005 voluerit,
2641 938 2777 992 iram
2805 939 2904 994 Dei
2935 940 3319 1010 omnipotentis
3348 947 3401 995 et
3428 954 3556 995 ana-

1959 1023 2138 1079 thema
2166 1033 2486 1094 perpetuum
2520 1025 2776 1093 incurrat,
2809 1035 2861 1082 et
2890 1027 3146 1098 prwfatus
3173 1029 3334 1100 Hugo
3385 1028 3556 1083 abbas

1957 1116 2009 1163 et
2036 1125 2376 1165 successores
2398 1110 2518 1179 ejus
2570 1111 2714 1180 apud
2770 1112 3016 1182 ejusdem
3069 1113 3299 1169 civitatis
3335 1113 3556 1184 episco-

1955 1215 2086 1268 pum
2117 1205 2171 1253 et
2199 1214 2386 1254 omnes
2415 1199 2746 1255 Christianos
2774 1209 2826 1256 et
2855 1202 3124 1272 precipue
3153 1203 3304 1273 apud
3335 1209 3557 1274 aposto-

1956 1287 2115 1343 licam
2145 1288 2333 1344 sedem
2360 1288 2557 1343 habeat
2574 1297 2894 1359 potestatem
2923 1291 3279 1346 reclamandi.

2025 1376 2187 1433 Facta
2216 1385 2303 1432 est
2329 1385 2510 1432 autem
2539 1379 2660 1433 haec
2691 1379 2915 1434 traditio
2947 1379 3006 1433 in
3030 1379 3164 1434 urbe
3205 1379 3397 1435 eadem
3449 1381 3556 1434 Le-

1955 1465 2255 1521 movicensi
2286 1481 2430 1521 anno
2461 1466 2854 1521 Incarnationis
2903 1467 3202 1523 Dominieae
3260 1469 3417 1535 1062,
3465 1467 3555 1522 in-

1951 1555 2188 1611 dictione
2245 1571 2334 1621 xv,
2387 1563 2657 1625 regnante
2710 1555 2958 1626 Philippo
3005 1556 3342 1611 Francorum
3392 1571 3546 1626 rege,

1952 1658 2094 1698 anno
2138 1659 2196 1698 ιι.
2251 1643 2420 1714 Cujus
2451 1643 2755 1698 traditionis
2786 1644 3191 1700 conﬁrmatores
3257 1651 3314 1700 et
3367 1644 3551 1699 consi-

1866 1751 1919 1811 Β
1947 1743 2201 1806 gnatores
2231 1741 2282 1788 et
2315 1740 2489 1788 testes
2520 1733 2595 1786 hii
2625 1740 2785 1788 sunt:

2019 1823 2078 1876 In
2101 1821 2290 1892 primis
2309 1821 2509 1878 Iterius
2535 1822 2824 1894 episcopus
2851 1821 3114 1894 signavit.

2018 1912 2320 1967 Ademarus
2350 1911 2659 1968 vicecomes
2689 1910 2927 1983 signavit
2971 1927 3094 1966 cum
3146 1918 3371 1984 quatuor
3426 1909 3555 1965 ﬁliis

1946 2001 2086 2068 suis,
2115 2007 2167 2056 et
2192 2014 2334 2056 uxor
2356 1999 2474 2069 ejus
2496 1999 2791 2072 Umberga.

2691 2108 2786 2162 Ill.

1943 2197 2522 2267 EracliusfepiscOpu:
2542 2199 2599 2250 et
2635 2195 2959 2267 chardu:
3005 2210 3208 2267 comc:_
3229 2196 3544 2267 anonastcf

2016 2268 2167 2321 rium
2186 2263 2353 2322 Beati
2377 2263 2578 2322 Felici:
2595 2271 2650 2321 et
2683 2266 2892 2322 Sancti
2919 2267 3126 2322 Licerii
3179 2263 3545 2322 Cluniacensi

2014 2339 2357 2393 monasterio
2385 2338 2732 2394 concedunt.

2554 2448 2734 2515 (Anno
2766 2444 2946 2516 1064.)

2188 2533 2408 2606 [ΒΑιιιῑ.
2442 2535 2694 2603 Μίεσειι.,
2727 2535 2820 2590 ed.
2853 2536 3001 2602 Luc.,
3034 2535 3128 2602 III,
3170 2535 3282 2604 48.]

2015 2650 2137 2722 Ego
2170 2651 2465 2717 Euenus,
2511 2649 2609 2704 Dei
2652 2649 2827 2722 gratia
2893 2649 3234 2721 Bigorrensis
3289 2646 3548 2704 Ecclesia:

1945 2737 2258 2809 episcopus,
2292 2742 2346 2793 et
2370 2739 2706 2792 Bsnmnnus
2755 2739 3088 2811 Bigorrensis
3144 2753 3347 2803 comes,
3405 2735 3552 2791 desi-

1945 2828 2201 2882 deramus
2233 2835 2288 2881 et
2318 2841 2580 2898 rogamus
2612 2842 2802 2882 omnes
2831 2827 3032 2882 Christi
3049 2825 3236 2881 ﬁdeles
3259 2833 3368 2879 tam
3394 2825 3553 2878 futu-

1944 2931 2032 2970 ros
2062 2931 2222 2986 quam
2244 2922 2540 2984 praesentes
2569 2923 2627 2970 ut
2654 2915 2759 2969 sint
2807 2923 2974 2970 testes
3040 2923 3097 2970 et
3147 2914 3388 2970 fautores
3444 2927 3550 2968 nc-

1942 3004 2074 3077 gotii
2105 3005 2250 3074 quod
2280 3003 2333 3058 in
2364 3004 2771 3073 prmsentiarum
2801 3003 2995 3058 dicturi
3026 3019 3238 3060 sumus.

233 3094 564 3157 nostrorum,
597 3094 656 3144 et
685 3089 920 3144 maxime
941 3105 1130 3144 eorum
1163 3107 1284 3161 quae
1305 3091 1373 3146 de
1394 3091 1586 3147 eadem
1614 3094 1839 3149 abbatia
1867 3100 1915 3163 C,
2016 3095 2092 3147 Ex
2127 3093 2444 3147 haereditate
2475 3096 2765 3163 parentum
2798 3099 3111 3147 nostrorum
3135 3090 3451 3145 devolutum
3469 3095 3552 3142 est

232 3177 644 3246 contraximus,
684 3179 1084 3234 consentientes
1132 3181 1431 3237 monachos
1487 3181 1687 3236 ibidem
1739 3183 1842 3238 de-

234 3273 425 3336 gentes
454 3281 560 3321 non
589 3267 897 3320 secundum
923 3268 1169 3338 regulam
1201 3269 1371 3324 sancti
1405 3271 1686 3325 Benedicti
1747 3271 1841 3324 vi-

238 3369 387 3419 vere,
419 3356 473 3408 et
545 3353 844 3408 animarum
889 3355 1136 3428 regimen
1186 3357 1494 3413 Simoniace
1549 3358 1847 3414 ementibus

236 3441 534 3496 abbatibus
563 3443 887 3498 vendentes.
920 3443 1095 3511 Quam
1123 3446 1374 3499 haeresim
1403 3462 1526 3500 cum
1558 3448 1628 3500 ab
1687 3447 1843 3502 initio

236 3531 508 3586 nascentis
537 3530 808 3586 Ecclesiae
836 3532 1036 3586 beatus
1069 3533 1252 3586 Petrus
1281 3535 1647 3604 apostolorum
1678 3536 1835 3606 prin-

236 3635 366 3689 ceps
395 3620 448 3672 in
487 3619 609 3688 ipso
659 3636 758 3676 suo
815 3621 992 3690 capite
1031 3621 1378 3691 exstinxerit,
1434 3640 1608 3692 nuper
1661 3632 1843 3679 tamen

235 3715 453 3763 sanctus
492 3710 601 3764 Leo
622 3724 768 3779 papa
801 3715 853 3764 et
883 3725 1070 3763 omnes
1099 3710 1360 3779 deinceps
1416 3711 1532 3782 ejus
1559 3727 1844 3768 successo-

239 3812 331 3852 res
362 3806 622 3868 perpetuo
675 3799 1020 3853 anathemate
1072 3797 1516 3862 damnaverunt;
1576 3801 1846 3871 paenitens

240 3884 412 3956 igitur
445 3885 838 3954 praeteritorum
871 3903 1192 3941 excessuum
1238 3903 1504 3955 meorum,
1563 3898 1617 3944 et
1672 3888 1845 3943 conﬁ-

243 3973 383 4027 dens
414 3974 657 4042 ejusdem
690 3974 912 4029 abbatis
954 3991 1337 4030 successorum
1395 3978 1513 4046 ejus
1579 3977 1848 4032 industria

241 4061 494 4117 eamdem
545 4062 826 4118 abbatiam
875 4063 1059 4118 Sancti
1107 4063 1364 4119 Martialis
1413 4065 1482 4119 ad
1538 4067 1846 4138 regularem

242 4150 507 4206 tramitem
571 4166 730 4222 posse
775 4151 982 4219 reduci,
1033 4159 1089 4207 et
1143 4153 1524 4210 detestabilem
1593 4155 1849 4210 liaaresim

242 4238 631 4308 Simoniacam,
670 4240 786 4294 Deo
819 4240 1130 4310 abjuvante,
1169 4242 1414 4297 funditus
1453 4243 1674 4314 expelli,
1707 4244 1850 4298 dono

252 4334 305 4382 et
338 4327 491 4382 trado
521 4327 834 4398 pmdictam
861 4328 1137 4383 abbatiam
1160 4331 1848 4403 praedictollugoniabbati

1949 3182 2020 3235 ad
2051 3181 2446 3252 possessionem
2479 3185 2722 3236 nostram
2757 3181 3148 3235 monasterium
3173 3178 3225 3231 in
3256 3177 3444 3232 territo
3464 3175 3550 3230 rio

1952 3268 2262 3340 Bigorrensi
2291 3269 2471 3334 situm,
2505 3268 2646 3338 quod
2677 3275 2760 3322 est
2805 3275 3163 3323 constructum
3237 3266 3290 3320 in
3347 3265 3553 3319 honore

1954 3357 2099 3410 beati
2128 3357 2325 3412 Felicis
2346 3356 2604 3427 martyris
2625 3359 2678 3410 et
2702 3355 2844 3410 beati
2876 3355 3068 3410 Licerii
3128 3352 3452 3409 confessoris
3502 3358 3556 3407 et

1951 3444 2214 3516 episcOpi.
2249 3447 2310 3498 In
2339 3446 2442 3499 hoc
2469 3461 2540 3500 ex
2567 3445 2740 3498 multo
2763 3451 3004 3513 tempore
3050 3441 3398 3513 congregatio
3457 3440 3556 3494 fuit

1952 3536 2363 3590 monachorum.
2409 3533 2518 3589 Sed
2548 3549 2648 3603 pro
2679 3532 2912 3604 peccatis
2937 3531 3134 3586 nostris
3163 3547 3262 3600 per
3288 3528 3553 3584 incuriam

1953 3632 2195 3678 nostram
2213 3629 2267 3677 et
2289 3622 2516 3677 aliarum
2549 3637 2907 3692 personarum
2956 3619 3023 3674 ad
3081 3634 3309 3688 quarum
3367 3633 3552 3673 curam

1953 3719 2006 3766 et
2042 3711 2456 3781 dispositionem
2487 3709 2631 3765 idem
2684 3708 3069 3765 monasterium
3128 3705 3382 3779 pertinuit
3438 3720 3551 3759 non

1954 3800 2027 3854 ita
2057 3799 2271 3855 valebat
2299 3799 2374 3854 ibi
2407 3797 2673 3870 regularis
2703 3797 2993 3870 disciplina
3009 3805 3061 3852 et
3077 3796 3210 3852 ordo
3228 3794 3551 3851 monasticus

1953 3897 2011 3942 ut
2040 3891 2131 3942 vel
2155 3890 2268 3944 Deo
2301 3889 2538 3959 placeret
2564 3888 2648 3945 vel
2680 3888 2836 3942 nobis
2872 3888 2937 3942 ad
2971 3887 3205 3941 salutem
3247 3886 3556 3940 animarum

1951 3985 2254 4031 nostrarum
2281 3976 2587 4048 expediret.
2621 3977 2810 4030 Visum
2843 3984 2926 4030 est
2954 3991 3088 4047 ergo
3119 3974 3277 4028 nobis
3299 3988 3550 4042 quaerere

1954 4064 2240 4121 consilium
2295 4072 2349 4120 et
2403 4064 2669 4119 auxilium
2727 4063 2911 4119 domni
2960 4063 3206 4134 Hugonis
3259 4059 3556 4115 reverendi

1956 4152 2172 4207 abbatis
2193 4161 2245 4208 et
2273 4153 2520 4224 regentis
2549 4151 2684 4206 illud
2705 4151 3064 4207 reverendum
3094 4147 3386 4218 collegium
3430 4161 3558 4201 mo-

1957 4241 2249 4296 nachorum
2280 4240 2538 4296 Cluniaco
2570 4245 3056 4312 congregatorum,
3091 4254 3191 4308 per
3245 4235 3404 4304 hujus
3447 4233 3553 4290 loci

1957 4330 2185 4384 abbates
2227 4346 2349 4385 cum
2401 4329 2665 4401 pleraque
2718 4328 3048 4384 monasteria
3104 4332 3398 4381 restaurata
3447 4324 3554 4377 sint

240 4415 604 4486 omnibusque
640 4418 1055 4473 successoribus
1085 4420 1201 4488 ejus
1235 4419 1520 4474 abbatibus
1577 4421 1848 4490 regulari-
1876 4453 1930 4514 Β
1959 4427 2011 4474 et
2040 4419 2342 4483 meliorata.
2374 4435 2474 4488 per
2501 4418 2834 4481 charitatem,
2870 4433 3010 4488 quae,
3037 4424 3092 4470 ut
3122 4413 3410 4514 Apostolus
3448 4412 3550 4514 ξιίιν

244 4507 328 4558 ter
359 4505 671 4559 viventibus
693 4505 950 4576 deinceps
1008 4516 1267 4578 perpetuo
1326 4509 1742 4578 possidendam,
1802 4520 1856 4565 et

241 4591 472 4648 abhates
503 4609 643 4662 quos
675 4593 851 4648 eidem
883 4594 1002 4649 loco
1036 4602 1144 4648 tam
1174 4595 1289 4663 ipse
1307 4613 1466 4666 quam
1497 4613 1855 4653 successores

245 4680 370 4751 ejus
400 4681 765 4751 praefecerint,
799 4683 863 4750 si,
894 4683 1039 4753 quod
1067 4684 1224 4749 absit,
1261 4702 1356 4756 pro
1393 4686 1536 4740 mala
1554 4702 1855 4741 conversa-

248 4772 396 4825 tione
423 4770 741 4825 removendi
789 4772 1014 4840 fuerint,
1058 4775 1175 4844 ipse
1232 4783 1283 4828 et
1326 4789 1676 4830 successores
1734 4776 1857 4845 ejus

245 4859 614 4914 submoveant
670 4875 787 4926 eos,
841 4869 894 4915 et
948 4862 1203 4915 meliores
1258 4862 1582 4917 substituant
1650 4864 1856 4935 absque

244 4947 674 5003 contradictione
741 4949 905 5003 ullius
935 4950 1203 5018 hominis,
1225 4950 1354 5004 nihil
1385 4951 1437 5003 in
1468 4953 1660 5006 eadem
1690 4953 1858 5006 abba-

244 5036 324 5090 tia
362 5052 540 5106 neque
574 5051 681 5108 ego
699 5053 880 5109 neque
910 5053 1256 5093 successores
1295 5040 1399 5093 mei
1427 5042 1729 5109 retinendo,
1759 5058 1858 5094 ex-

243 5124 414 5194 ceptis
437 5124 520 5178 his
547 5126 984 5194 consuetudinis,
1016 5142 1079 5179 cc
1156 5126 1347 5180 solidis
1401 5129 1470 5182 ad
1525 5129 1859 5184 vindemiam

244 5212 613 5283 colligendam
653 5213 707 5267 in
735 5215 1030 5269 festivitate
1050 5216 1218 5269 sancti
1251 5217 1437 5270 Aredii
1481 5217 1773 5272 reddendis
1809 5226 1860 5273 et

245 5302 528 5373 Sagmario
558 5301 614 5356 in
644 5305 858 5358 hostem
890 5304 1208 5374 praestando
1265 5319 1389 5360 cum
1446 5306 1650 5362 famulo
1697 5321 1708 5360 :
1769 5308 1860 5380 qui

244 5391 558 5461 sagmarius
578 5392 730 5446 hoste
773 5400 1047 5448 transacta
1095 5395 1426 5450 monasterio
1483 5396 1756 5465 reddatur,
1807 5405 1860 5451 et

243 5494 353 5534 uno
379 5487 602 5550 recepto
632 5481 843 5536 comitis
881 5481 1214 5537 Pictavensis
1249 5499 1346 5553 per
1369 5483 1670 5552 jussionem
1705 5486 1856 5541 vice-

245 5568 485 5637 comitis,
517 5576 573 5624 et
593 5568 808 5638 justitia
832 5570 990 5645 panis
1019 5578 1075 5626 et
1102 5571 1237 5640 vini,
1270 5587 1392 5627 cum
1422 5572 1476 5626 in
1506 5573 1645 5631 hanc
1659 5572 1852 5634 villam

1965 4508 2146 4562 omnia
2174 4516 2410 4578 superat,
2435 4506 2813 4562 alfeetavimus
2842 4522 2942 4560 nos
2971 4520 3187 4576 quoque
3217 4501 3393 4556 simile
3448 4500 3555 4555 be-

1966 4597 2214 4652 neﬁcium
2273 4613 2462 4653 eorum
2519 4597 2815 4650 sanctitatis
2886 4594 3150 4650 obtinere.
3230 4591 3399 4658 Hujus
3479 4587 3556 4643 rei

1963 4686 2133 4757 gratia
2164 4701 2262 4756 pro
2291 4687 2470 4740 salute
2491 4685 2790 4740 animarum
2822 4690 3117 4738 nostrarum
3165 4689 3216 4734 et
3271 4685 3558 4748 parentum

1963 4782 2272 4830 nostrorum
2296 4774 2524 4829 facimus
2555 4774 2724 4843 ipsius
2777 4770 3023 4842 prindicti
3083 4766 3399 4823 monasterii
3454 4773 3563 4820 tra-

1961 4863 2221 4919 ditionem
2253 4862 2579 4930 etg'omnium
2609 4878 2791 4916 rerum
2822 4860 2888 4914 ad
2943 4862 3048 4914 hoc
3104 4857 3343 4930 quolibet
3398 4856 3562 4911 modo

1964 4951 2346 5021 pertinentium
2379 4951 2614 5005 Domino
2646 4951 2757 5005 Deo
2788 4958 2840 5003 et
2869 4948 3070 5004 sanctis
3127 4947 3244 5016 ejus
3301 4943 3562 5015 apostolis

1968 5039 2134 5094 Petro
2163 5048 2220 5094 et
2249 5039 2413 5094 Paulo
2435 5041 2501 5094 ad
2533 5040 2709 5094 locum
2767 5041 2923 5108 cujus
2979 5053 3142 5107 supra
3204 5035 3557 5090 meminimus

1967 5129 2303 5196 Cluniacum,
2336 5145 2401 5184 eo
2442 5137 2624 5184 tenore
2673 5137 2730 5182 ut
2777 5127 3148 5183 Cluniacensis
3200 5122 3560 5196 congregatio

1966 5224 2230 5286 perpetuo
2256 5217 2377 5285 jure
2407 5217 2540 5271 illud
2588 5217 2786 5272 habeat
2842 5224 2893 5271 et
2939 5215 3244 5286 possideat,
3291 5222 3346 5268 et
3400 5212 3562 5280 hujus

1968 5306 2412 5378 congregationis
2442 5305 2636 5370 abbas,
2667 5305 2920 5361 videlicet
2949 5303 3336 5365 Cluniacensis,
3362 5315 3562 5355 secun—

1969 5395 2042 5451 do
2072 5395 2191 5451 loco
2219 5403 2342 5466 post
2370 5411 2428 5450 se
2461 5395 2757 5450 committat
2783 5395 2869 5450 cui
2901 5395 3032 5450 velit
3061 5401 3114 5448 et
3136 5390 3410 5464 quomodo
3427 5387 3565 5443 velit

1967 5500 2156 5540 curam
2189 5483 2524 5551 monasterii,
2556 5492 2608 5539 et
2638 5485 2743 5541 hoc
2771 5499 2990 5554 semper
3018 5481 3111 5536 ﬁat
3135 5481 3257 5534 sine
3312 5476 3550 5533 omnium

1969 5573 2271 5632 martalium
2300 5573 2750 5634 contradictione.
2788 5573 3052 5630 Volumus
3075 5583 3294 5646 quoque
3323 5574 3381 5622 ut
3399 5565 3544 5624 libe-
