4032 6078
533 275 636 328 9'59

1790 286 1846 342 S.
1882 287 2079 343 HUGO
2109 287 2323 343 ABBAS
2354 290 2667 347 CLUNIAC.

3731 303 3839 358 960

533 417 655 455 rum
685 402 752 456 sit
779 411 828 458 et
860 404 1167 461 absolutum
1193 408 1261 462 ab
1313 409 1459 463 omni
1513 411 1733 466 servitio
1787 420 1842 467 et
1895 414 2128 482 posteris
2155 411 2210 471 A
2239 413 2385 469 dicta
2412 416 2628 471 abbatis
2658 418 2711 473 in
2740 419 3132 479 dominicatura
3164 441 3326 496 quam
3357 427 3431 482 ibi
3460 429 3735 485 habemus
3789 437 3838 484 et

537 491 744 546 nostris
773 500 824 546 et
863 493 1084 549 cuilibet
1103 496 1353 551 saeculari
1408 498 1494 553 vel
1550 500 1928 556 ecclesiasticas
1971 511 2130 572 pote-

537 579 690 634 stati.
733 581 797 634 Et
826 582 930 636 hoc
979 582 1019 635 si
1055 585 1405 640 manifestum
1464 597 1515 641 et
1572 587 1927 644 indubitatum
1985 595 2130 662 quod

536 674 718 720 nostra
747 677 826 722 est
856 669 1102 725 voluntas
1132 679 1181 725 et
1213 681 1395 728 nostra
1425 676 1612 744 petitio
1658 685 1714 730 ut
1769 680 1884 733 hare
1939 681 2130 736 eadem

539 762 718 808 nostra
751 756 963 812 traditio
994 775 1092 828 per
1121 760 1420 817 Romanum
1469 765 1776 835 pontiﬁcem
1834 768 2129 825 conﬁrme-

539 848 639 907 tur,
674 852 735 897 ut
762 845 1067 918 quicunque
1084 865 1205 903 eam
1236 851 1446 907 violare
1473 862 1524 907 et
1551 854 1846 927 infringere
1895 867 2128 928 tempta-

535 932 690 996 verit,
724 933 857 988 sciat
886 951 942 989 se
974 952 1072 1005 per
1099 938 1218 1007 ejus
1249 941 1629 996 auctoritatem
1687 948 2129 1003 excommunica-

533 1026 642 1073 tum
675 1028 726 1075 et
747 1036 778 1075 a
807 1033 992 1079 sancta
1025 1025 1118 1080 Dei
1152 1036 1460 1098 separatum
1498 1031 1764 1087 Ecclesia.

609 1109 738 1164 Haec
772 1119 952 1165 autem
985 1113 1171 1168 charta
1201 1116 1403 1185 scripta
1428 1127 1508 1172 est
1538 1119 1589 1172 in
1650 1119 1767 1190 ipso
1825 1123 2130 1193 Bigerrensi

533 1204 708 1252 castro
737 1207 788 1253 et
819 1200 941 1254 data
973 1217 1028 1255 χι
1074 1202 1196 1259 Kal.
1249 1205 1589 1277 Decembris,
1639 1226 1777 1266 anno
1833 1213 2129 1270 Dominicaa

539 1287 934 1343 lncarnationis
964 1290 1260 1347 millesimo
1307 1296 1644 1366 sexagesimo
1699 1309 1915 1370 quarto,
1974 1303 2129 1373 regni

543 1373 774 1446 Philippi
835 1377 982 1448 regis
1037 1379 1360 1437 Francorum
1417 1393 1624 1454 quarto,
1685 1387 1976 1445 indictione
2039 1407 2130 1446 se-

537 1462 738 1516 cunda.

605 1550 828 1621 Signum
847 1553 1032 1609 domni
1061 1558 1261 1614 Eraclii
1293 1561 1637 1631 Bigerrensis
1667 1566 1929 1636 episcopi.

606 1637 830 1710 Signum
863 1642 1046 1698 domui
1078 1646 1332 1701 Bernardi
1358 1649 1696 1721 Bigerrensis
1741 1656 1977 1721 comitis,
2040 1658 2132 1729 qui

526 1726 666 1782 hanc
695 1728 940 1784 chartam
971 1733 1253 1790 dederunt.

602 1816 828 1887 Signum
862 1818 1044 1875 domni
1083 1823 1337 1894 Stephani
1369 1827 1725 1885 Oloronensis
1756 1833 2011 1905 episcopi.

603 1904 832 1976 Signum
866 1907 1050 1962 domni
1081 1912 1325 1968 Durandi
1347 1917 1598 1972 Tolosani
1631 1920 1893 1991 episcopi.

599 1991 827 2064 Signum
861 1995 1114 2068 Gregorii
1146 2002 1488 2059 Lacurrensis
1516 2007 1780 2078 episcOpi.

609 2080 837 2149 Signum
872 2085 1014 2139 Petri
1042 2092 1354 2146 Aturrensis
1386 2094 1650 2165 episcopi.

602 2169 834 2240 Signum
888 2173 1072 2229 domni
1159 2178 1416 2235 Bernardi
1503 2184 1980 2241 Dormaniacensis
2030 2203 2128 2244 co-

533 2257 694 2313 mitis.

1272 2358 1360 2413 IV.

525 2465 566 2514 Α
580 2463 779 2521 [modis
795 2469 1084 2553 comitissa
1107 2475 1163 2526 et
1181 2473 1335 2553 [ilius
1356 2474 1663 2553 nbbatiani
1680 2477 1883 2535 Sancti
1927 2482 2130 2553 zEgidii

863 2543 918 2593 et
944 2541 1047 2595 sibi
1068 2545 1427 2612 pertinentia
1456 2548 1794 2604 concedunt.

1121 2667 1299 2733 (Anno
1334 2671 1515 2740 1066.)

929 2767 1160 2839 [ΒΑιυΖ.
1204 2773 1437 2828 Miscell.
1473 2777 1570 2844 Ill,
1606 2778 1719 2851 48.]

595 2869 765 2922 Deum
799 2871 1010 2926 Patrem
1041 2876 1468 2945 omnipotentem
1492 2881 1655 2936 totius
1685 2891 1944 2940 creaturae
1967 2903 2124 2943 crea-

525 2963 700 3011 torem
729 2957 956 3030 ejusque
991 2961 1340 3033 Unigenitum
1375 2968 1662 3023 Dominum
1728 2981 1975 3028 nostrum
2031 2977 2127 3031 Je-

525 3059 650 3098 sum
680 3045 968 3113 Christum,
991 3065 1088 3119 per
1115 3068 1275 3122 quem
1325 3057 1522 3122 omnia,
1581 3066 1632 3112 et
1679 3059 1937 3129 Spiritum
1994 3079 2127 3117 san-

521 3139 666 3188 ctum
707 3133 1071 3193 viviﬁcantem
1102 3141 1171 3193 ab
1231 3149 1458 3213 utroque
1495 3149 1901 3216 procedentem,
1961 3169 2126 3206 unum

523 3221 697 3277 Deum
758 3225 980 3280 credere
1043 3245 1299 3300 magnum
1357 3240 1455 3298 est,
1505 3237 1715 3305 eperari
1765 3246 1941 3294 autem
1982 3241 2128 3311 quod

521 3310 766 3382 praecipit
798 3329 908 3368 non
941 3315 1244 3384 minimum,
1268 3319 1447 3389 ipsum
1462 3339 1596 3379 vero
1627 3340 1883 3394 spernere
1914 3310 2129 3397 pericu-

519 3397 712 3454 losum.
751 3400 1237 3474 Quaproptereum
1298 3408 1530 3465 ﬁdeliter
1585 3413 1824 3477 credere,
1885 3418 2129 3485 perfecte

517 3487 767 3559 diligere,
805 3489 1088 3548 humiliter
1145 3496 1375 3551 obedire
1433 3506 1511 3552 est
1567 3501 1818 3556 omnibus
1868 3521 2111 3560 necesse.

520 3575 803 3646 Praecipue
836 3587 1015 3634 tamen
1045 3581 1153 3635 illis
1192 3586 1442 3639 convenit
1468 3587 1607 3641 istud
1641 3605 1775 3658 quos
1803 3592 1945 3646 sacri
1995 3593 2125 3652 lavit

519 3665 664 3717 unda
723 3665 978 3732 ﬂuminis,
1036 3670 1272 3724 redemit
1327 3674 1471 3727 unda
1526 3678 1824 3747 sanguinis,
1876 3682 2126 3750 perunxit

517 3749 700 3819 liquor
729 3753 1046 3809 chrismatis.
1080 3759 1160 3810 Ad
1189 3761 1290 3813 hoc
1318 3761 1460 3815 enim
1493 3761 1616 3818 facti
1656 3782 1841 3820 sumus
1878 3749 1952 3822 fut
2012 3771 2122 3826 Deo

521 3834 757 3892 fideliter
786 3843 1090 3899 servientes
1122 3847 1458 3902 semincmus
1500 3859 1714 3908 terrena
1745 3863 1800 3909 ut
1857 3865 2122 3912 metamus

519 3926 781 3994 cmlestia,
802 3929 1089 4000 Scriptura
1107 3935 1318 3991 dicente
1342 3954 1352 3990 :
1384 3940 1741 4012 Quwcunque
1753 3947 2119 4003 seminaverit

519 4013 846 4083 homo,hwc
867 4024 924 4074 et
943 4026 1136 4077 metet.
1171 4022 1413 4092 Qualiter
1457 4036 1634 4082 autem
1695 4032 1838 4086 Deus
1893 4033 2118 4096 inveniri

511 4104 686 4172 possit
716 4104 830 4174 ipse
860 4107 913 4160 in
950 4110 1244 4181 Evangelio
1263 4113 1337 4167 ait
1363 4117 1534 4171 :Date
1557 4119 1990 4192 eicemosynam,
2061 4129 2119 4180 et

511 4205 637 4246 ecce
668 4196 881 4250 munda
899 4201 1246 4255 sunlomnia
1287 4203 1451 4258 vobis.
1474 4204 1682 4272 Quibus
1718 4209 1878 4277 plane
1932 4211 2118 4266 verbis

512 4282 815 4334 ostenditur
834 4284 962 4352 quia
991 4286 1125 4340 nihit
1147 4305 1211 4342 eo
1235 4290 1476 4346 miserius
1503 4310 1663 4362 quem
1687 4296 1886 4365 iniqua
1923 4301 2115 4370 acqui-

511 4367 732 4422 sitioues
762 4370 1088 4442 deprimunt,
1121 4393 1278 4446 quem
1298 4377 1620 4448 locupletem
1663 4383 1881 4440 fraudes
1929 4396 1980 4442 et
2006 4367 2115 4443 Τε-

2237 519 2364 558 usus
2401 513 2452 558 et
2495 506 2728 562 usaticos
2784 509 3124 582 retineamus,
3181 525 3406 586 excepto
3453 519 3577 588 quia
3652 535 3835 589 neque

2237 592 2492 648 abbatem
2523 612 2621 649 nec
2644 600 2938 655 monachos
2962 605 3183 671 posthac
3214 604 3595 677 distringemus
3644 623 3834 677 neque

2237 682 2735 754 dehonestabimus,
2771 689 2867 742 sed
2897 698 3132 759 potestas
3163 701 3210 746 et
3240 693 3501 748 districtio
3532 703 3583 749 et.
3609 697 3829 750 ordina-

2235 767 2307 825 lio
2337 770 2592 827 abbatum
2623 784 2674 829 et
2706 777 3090 833 monachorum
3121 781 3302 838 Sancti
3326 784 3526 854 Egidii
3557 792 3606 839 et
3637 801 3828 839 eorum

2235 875 2355 928 quae
2385 862 2528 915 soliti
2557 872 2679 918 sunt
2713 873 2895 921 tenere
2925 867 2980 922 in
3009 869 3192 925 domui
3224 872 3467 943 Hugonis
3498 872 3713 928 abbatis
3774 883 3827 928 et

2232 962 2598 1004 successorum
2630 952 2748 1020 ejus
2771 963 3035 1023 potestate
3067 958 3346 1026 consistat,
3379 969 3644 1030 quatenus
3698 961 3826 1031 ipse

2233 1045 2283 1091 et
2303 1054 2645 1094 successores
2673 1042 2789 1111 ejus
2812 1045 2989 1097 locum
3018 1046 3347 1115 praedictum
3373 1056 3424 1101 et
3455 1049 3639 1103 omnia
3696 1048 3822 1104 loca

2234 1126 2553 1195 pertinentia
2582 1145 2682 1199 pro
2730 1146 2888 1200 posse
2933 1149 3030 1188 suo
3087 1143 3140 1189 et
3193 1135 3470 1192 voluntate
3520 1137 3827 1192 secundum

2233 1214 2499 1286 Regulam
2530 1218 2702 1272 sancti
2759 1221 3035 1276 Benedicti
3095 1223 3413 1293 regulariter
3466 1226 3717 1280 ordinent
3780 1237 3831 1280 et

2235 1311 2455 1358 teneant
2485 1305 2538 1359 in
2567 1315 2850 1364 mternum.
2912 1311 2978 1366 Ut
3035 1327 3169 1367 vero
3219 1314 3385 1368 nostri
3428 1323 3830 1385 parentumque

2235 1401 2546 1447 nostrorum
2577 1400 2839 1452 memoria
2870 1394 3131 1455 Cluniaco
3184 1402 3494 1472 perenniter
3538 1403 3824 1468 habeatur,

2235 1482 2339 1536 hoc
2369 1482 2422 1535 in
2439 1483 2582 1540 dono
2595 1485 2825 1542 abbatize
2845 1489 3125 1558 praedictas
3139 1490 3483 1544 solummodo
3521 1491 3824 1547 retinemus

2237 1578 2292 1625 ut
2322 1587 2665 1630 successores
2694 1577 2941 1646 praedicti
2969 1576 3180 1632 abbatis
3202 1595 3232 1632 a
3260 1579 3420 1633 nobis
3451 1579 3537 1634 vel
3570 1596 3827 1635 asucces-

2236 1661 2448 1716 soribus
2477 1664 2670 1717 nostris
2698 1665 2898 1720 donum
2930 1667 3202 1734 praedicta
3224 1667 3459 1722 abbatis:
3475 1668 3683 1741 absque
3716 1668 3825 1724 ullo

2154 1766 2207 1824 Β
2241 1749 2391 1804 lucro
2423 1759 2473 1805 et
2498 1753 2669 1821 pretio
2688 1754 2970 1823 accipiant.
3005 1754 3164 1822 Quod
3223 1756 3266 1809 si
3314 1772 3665 1812 successores
3728 1773 3828 1812 no-

2238 1838 2336 1892 stri
2366 1841 2773 1896 successoribus
2802 1844 2987 1898 domni
3018 1844 3228 1899 abbatis
3256 1846 3498 1914 praedicti
3549 1846 3824 1917 expedite,

2237 1932 2295 1980 ut
2325 1926 2579 1996 diximus,
2612 1930 2740 1984 dare
2769 1931 3060 1997 noluerint,
3092 1933 3227 1986 nihil
3250 1933 3533 1988 abbatibus
3577 1934 3824 2002 obsistat,

2238 2015 2340 2069 sed
2370 2015 2543 2071 locum
2567 2027 2616 2072 et
2657 2021 2843 2074 omnia
2874 2038 2993 2091 qua-3
3022 2021 3370 2091 praediximus
3423 2022 3558 2091 ipsis
3613 2023 3668 2076 in
3724 2023 3824 2078 Dei

2234 2105 2450 2160 servitio
2481 2107 2882 2174 possidentibus
2912 2111 3114 2164 donum
3139 2118 3382 2165 nostrum
3413 2112 3684 2182 integram
3730 2113 3824 2164 in-

2236 2192 2604 2264 violatumque
2636 2198 2940 2266 perenniter
2968 2207 3201 2252 maneat.
3263 2200 3378 2253 Hoc
3428 2208 3610 2254 autem
3661 2199 3829 2254 omni-

2233 2279 2334 2334 bus
2361 2291 2551 2337 notum
2579 2283 2646 2337 sit
2675 2285 2853 2340 locum
2884 2286 3204 2356 praedictum
3253 2296 3304 2341 et
3360 2288 3626 2342 abbatiam
3685 2304 3831 2358 prae-
3857 2310 3860 2312 ·

2235 2369 2431 2424 dictam
2479 2371 2715 2426 alodium
2767 2390 2885 2429 esse
2932 2375 3098 2430 sancti
3167 2376 3328 2441 Petri,
3387 2392 3623 2448 quaeque
3682 2377 3828 2432 dono

2235 2457 2417 2512 domni
2450 2475 2605 2529 papae
2637 2463 2858 2517 Romani
2894 2472 3160 2532 tenemus,
3193 2481 3419 2535 quaeque
3447 2464 3625 2519 denuo
3684 2481 3823 2534 prae-

2235 2546 2379 2600 dicto
2410 2549 2589 2602 abbati
2609 2551 2823 2622 llugoni
2844 2561 2895 2605 et
2925 2552 3045 2620 ejus
3073 2553 3467 2608 successoribus
3487 2553 3637 2607 salva
3686 2551 3829 2607 ﬁde-

2237 2634 2384 2690 litate
2412 2637 2669 2692 Romanaa
2725 2640 2976 2695 Ecclesiae
3023 2649 3077 2695 et
3131 2641 3318 2696 domni
3372 2658 3531 2710 papae
3569 2641 3830 2696 tradimus

2236 2726 2543 2794 perenniter
2575 2727 2879 2782 habendam
2911 2734 2963 2783 et
2981 2730 3310 2801 regulariter
3330 2730 3718 2798 ordinandam,
3754 2730 3827 2784 ita

2238 2821 2414 2868 tamen
2448 2820 2504 2869 ut
2533 2831 2727 2870 census
2754 2835 2787 2870 x
2818 2818 3114 2873 solidorum
3144 2818 3359 2872 debitus
3379 2818 3636 2873 omnibus
3665 2820 3827 2873 annis

2237 2904 2493 2958 Romana:
2525 2905 2779 2960 Ecclesiae
2809 2908 3179 2976 persolvatur.

2307 3019 2460 3072 Facta
2484 3027 2560 3073 est
2582 3029 2760 3074 autem
2811 3021 2926 3075 haec
2968 3021 3189 3077 donatio
3250 3038 3392 3076 anno
3450 3026 3586 3077 1066
3630 3023 3830 3077 Domi-

2161 3116 2209 3178 C
2238 3105 2374 3160 uicae
2406 3109 2814 3175 lncarnationis,
2872 3118 3065 3166 octavo
3122 3129 3154 3165 x
3204 3111 3327 3166 Kal.
3377 3112 3618 3167 Januarii
3663 3113 3829 3182 juxta

2239 3197 2570 3251 Nemausum
2605 3200 2872 3254 civitatein
2918 3217 3072 3256 secus
3120 3201 3402 3256 ecclesiam
3446 3202 3628 3257 Sancti
3682 3202 3825 3255 Bau-

2237 3286 2370 3350 dilii,
2396 3297 2657 3358 regnante
2677 3289 2924 3360 Philippo
2966 3307 3096 3362 rege
3118 3290 3465 3359 Francorum,
3516 3289 3827 3345 videntibus

2237 3381 2395 3444 atque
2423 3376 2766 3432 laudantibus
2793 3379 3086 3448 episc0pis,
3113 3379 3315 3434 scilicet
3372 3378 3579 3433 domno
3635 3378 3828 3432 Raim-

2233 3463 2397 3519 baldo
2427 3467 2724 3520 Arelatensi
2755 3468 3158 3538 archiepiscopo
3189 3477 3352 3537 atque
3402 3469 3657 3524 Romanae
3714 3467 3826 3522 Ec-

2232 3555 2410 3609 clesia:
2465 3556 2693 3621 vicario,
2745 3564 2795 3611 et
2845 3557 3044 3612 domno
3092 3557 3351 3611 Durando
3398 3557 3690 3623 Tolosano,
3770 3565 3824 3610 et

2233 3647 2462 3716 llngone
2494 3645 2820 3713 Uzeticensi,
2854 3645 3213 3716 etRostagno
3267 3645 3643 3708 Avinionensi,
3697 3645 3821 3699 Ber-

2233 3743 2427 3789 tranno
2449 3734 2845 3804 Magalonensi,
2863 3733 3152 3787 abbatibus
3172 3734 3450 3787 Bernardo
3471 3732 3821 3800 Massiliensi,

2233 3823 2502 3879 Frotardo
2556 3823 2909 3886 Tomeriensi,
2970 3823 3248 3876 Bernardo
3311 3820 3595 3883 Vabrensi,
3663 3822 3821 3876 Petro

2229 3913 2432 3968 clerico
2455 3913 2712 3966 Romanae
2743 3911 3000 3965 Ecclesia?
3019 3911 3372 3978 subdiacono,
3396 3909 3825 3964 Nemosensibus

2229 4001 2436 4056 clericis
2467 4001 2756 4056 Salomone
2789 4008 2841 4053 et
2900 4001 3212 4065 Bertranno,
3291 3999 3548 4052 militibus
3637 3999 3822 4052 Pontio

2229 4091 2448 4146 Gcraldi
2473 4089 2819 4144 Gerundensi
2853 4087 3189 4154 vicecomite,
3212 4087 3541 4141 Tridmundo
3601 4087 3822 4140 Elisiar-

2229 4181 2306 4245 ni,
2336 4179 2619 4233 Willelmo
2667 4187 2717 4231 et
2776 4177 3054 4231 Emenone
3111 4175 3268 4230 fratre
3317 4177 3437 4246 ejus
3475 4176 3540 4230 de
3578 4176 3812 4242 Sabran,

2230 4272 2383 4324 Petro
2404 4266 2736 4338 Aquiniensi,
2785 4267 3056 4337 Rostagno
3092 4265 3159 4318 de
3222 4265 3501 4318 Poskeriis
3547 4272 3599 4318 et
3646 4266 3818 4345 fratre

2225 4358 2350 4427 ejus
2383 4357 2642 4423 Rainone,
2676 4354 2982 4410 Rainoardo
3015 4355 3080 4408 de
3117 4353 3382 4420 1Medenis,
3415 4353 3710 4408 Bertranno
3751 4354 3818 4408 de

510 4454 654 4523 pina:
687 4457 903 4514 faciunt.
940 4462 1005 4515 Et
1027 4442 1274 4534 quoniam
1309 4442 1592 4522 illae-nobis
1619 4472 1923 4528 ambiendze
1981 4442 2106 4530 sunt
2138 4473 2188 4532 D
2223 4447 2475 4516 Cameria
2505 4454 2554 4498 θί
2593 4446 2752 4534 1"?”9
2778 4444 2943 4534 5W9
2970 4444 3110 4534 eius’
3143 4447 3198 4498 et
3225 4443 3450 4534 βυξρηθ
3480 4442 3552 4534 de,
3576 4443 3814 4534 K353“?

507 4542 709 4599 divitia:
741 4563 862 4615 quae
891 4565 990 4603 nos
1021 4566 1216 4607 ornare
1245 4564 1470 4623 possunt
1499 4565 1552 4612 et
1583 4561 1807 4628 munire,
1839 4579 1870 4616 a
1902 4565 2107 4619 mundo

511 4630 909 4702 disterminare,
939 4638 1144 4694 animas
1191 4651 1406 4698 nostras
1461 4646 1631 4702 ditare
1685 4657 1849 4719 atque
1904 4654 2108 4707 nobili-

514 4728 648 4788 tare,
680 4723 803 4780 ideo
835 4726 887 4780 in
920 4727 1020 4781 Dei
1053 4731 1268 4785 nomine
1299 4748 1403 4803 ego
1434 4735 1678 4790 Almodis
1704 4746 1836 4792 nutu
1871 4740 1967 4794 Dei
2023 4757 2108 4796 co-

511 4816 738 4880 mitissa,
772 4825 823 4871 et
854 4817 996 4871 filius
1026 4834 1177 4873 meus
1207 4820 1541 4876 ltaimundus
1569 4840 1753 4880 comes
1786 4827 2108 4884 Rutenensis

509 4910 564 4956 et
592 4905 938 4959 Nemosensis
967 4906 1518 4979 Narbonensiumque
1547 4913 1947 4982 nobilissimus,
2009 4934 2108 4986 pro

508 4990 692 5046 domni
743 4993 910 5048 Pontii
969 4994 1180 5050 comitis
1228 4999 1486 5068 remedio,
1546 5009 1597 5055 et
1644 5019 1743 5073 pro
1791 5005 2109 5061 remissione

505 5089 856 5149 peccatorum
887 5087 1200 5139 nostrorum
1232 5094 1390 5156 atque
1413 5096 1696 5157 parentum
1742 5091 1990 5147 vivorum
2048 5112 2110 5150 ac

499 5167 900 5238 defunctorum,
931 5179 1092 5240 atque
1123 5172 1298 5229 salute
1326 5174 1562 5231 ﬁdelium
1595 5187 1911 5235 nostrorum
1969 5183 2101 5252 opti-

497 5266 725 5322 matum,
757 5258 1032 5314 abbatiam
1065 5261 1248 5316 Sancti
1293 5263 1490 5334 Egitlii
1521 5274 1574 5320 et
1630 5267 1831 5333 locum,
1892 5271 2101 5325 omnia-

503 5363 606 5417 que
638 5347 740 5402 sibi
771 5349 1096 5417 pertinentia
1129 5350 1242 5405 Deo
1265 5360 1318 5406 et
1349 5353 1548 5410 domno
1580 5356 1797 5428 Hugoni
1851 5361 2102 5429 praesenti

509 5435 698 5491 abbati
729 5436 1001 5491 Cluniensi
1029 5445 1083 5491 et
1111 5438 1230 5507 ejus
1271 5444 1680 5499 successoribus
1723 5447 1988 5503 tradimus
2048 5454 2101 5505 et

491 5523 761 5580 donamus
789 5533 950 5598 atque
979 5527 1344 5598 concedimus,
1379 5529 1456 5586 ita
1485 5525 1662 5590 tamen
1721 5542 1777 5590 ut
1823 5536 1877 5592 in
1935 5554 2085 5610 pra:-

2217 4535 2363 4606 guis,
2388 4543 2439 4589 et
2471 4533 2690 4604 Segario
2731 4533 3054 4597 Salomonis,
3115 4547 3177 4586 ac
3231 4532 3506 4587 Willelmo
3546 4532 3812 4597 Belliroti,

2218 4625 2482 4678 Umberlo
2541 4622 2848 4688 Gauzberti,
2882 4621 3126 4690 insuper
3172 4621 3387 4676 volente
3441 4629 3492 4675 et
3547 4621 3810 4676 laudante

2216 4711 2384 4766 nobili
2408 4711 2572 4765 Adala
2601 4711 3042 4766 Sustanlionense
3075 4709 3367 4777 comitissa,
3402 4718 3451 4766 et
3468 4709 3587 4764 aliis
3611 4727 3811 4784 quam.-

2217 4799 2465 4872 plurimis
2493 4798 2650 4854 bonis
2679 4799 2992 4854 hominibus
3024 4799 3137 4853 Deo
3159 4799 3415 4870 cognitis.

2288 4920 2344 4974 Si
2374 4920 2494 4989 quis
2527 4937 2650 4976 vero
2681 4920 2966 4990 cujuslibet
2995 4919 3202 4974 ordinis
3220 4937 3314 4974 seu
3344 4920 3628 4992 dignitatis
3679 4936 3809 4976 con-

2221 5019 2301 5064 tra
2332 5010 2469 5064 hanc
2487 5008 2837 5063 donationem
2884 5008 3093 5065 venerit
3148 5009 3217 5064 ad
3275 5008 3693 5080 inrumpendum
3724 5008 3811 5064 vel

2217 5102 2285 5154 ad
2317 5099 2722 5170 inquietandum
2770 5107 2860 5153 aut
2917 5097 3359 5166 contradicendo,
3417 5097 3809 5167 omnipotentis

2211 5189 2310 5244 Dei
2342 5188 2479 5242 iram
2503 5187 2793 5244 terribilem
2820 5196 2981 5257 atque
3027 5186 3363 5242 tremendam
3405 5186 3661 5255 incurrat,
3722 5193 3808 5239 at-

2210 5290 2315 5345 que
2341 5289 2458 5327 cum
2489 5273 2625 5328 Juda
2657 5272 3025 5343 perﬁdissimo
3052 5272 3312 5327 traditore
3342 5280 3395 5325 et
3425 5286 3546 5326 cum
3596 5271 3808 5324 Dathan

2210 5363 2482 5417 etAbiron
2515 5362 2569 5415 in
2627 5361 2840 5417 inferno
2897 5359 3150 5415 inferiori
3197 5360 3484 5426 crucietur,
3543 5357 3803 5414 omnibus

2211 5450 2432 5521 insuper
2455 5451 2632 5520 poenis
2662 5449 2951 5520 quibusilli
2981 5449 3290 5505 cruciantur
3327 5447 3422 5518 qui
3451 5447 3713 5503 recedunt
3759 5463 3792 5501 a

2197 5541 2315 5598 Deo
2344 5539 2640 5611 puniantur
2675 5547 2729 5594 et
2752 5538 2827 5593 illi
2857 5545 2910 5594 et
2939 5553 3130 5595 eorum
3159 5536 3509 5594 consentanei
3530 5535 3624 5611 qui
3682 5535 3812 5593 huic
