4032 6078
245 288 341 342 961

1061 283 1517 344 DIVERSOBUM
1557 286 2003 345 DONATIONES
2043 289 2185 345 ΡΙ,Ᾰῦ
2223 291 2358 348 PRO
2400 292 2716 350 CLUNIAC.

3435 309 3537 362 962

247 411 532 466 donationi
563 412 814 468 resistere
845 412 1130 479 voluerint,
1183 413 1286 468 nisi
1333 413 1662 486 resipuerint
1691 423 1745 470 et
1776 414 1846 470 ad
1875 415 1930 474 A
1959 414 2028 469 de
2075 415 2231 470 vinea
2276 416 2668 488 indominicali,
2717 429 2772 475 et
2820 421 3162 477 medietatem
3217 425 3368 481 silvae
3424 443 3543 497 quae

252 500 692 556 emendationem
723 501 989 556 venerint.

324 589 557 661 Signum
607 591 823 646 domnae
871 591 1116 647 Almodis
1162 591 1483 662 comitissae,
1533 600 1587 648 et
1633 592 1846 666 signum

251 679 437 734 domni
485 679 771 732 Raimundi
802 679 1016 734 comitis
1047 680 1139 734 ﬁlii
1171 681 1303 750 ejus,
1357 681 1449 753 qui
1497 683 1636 736 hanc
1681 683 1844 737 char-

251 775 358 822 tam
389 766 696 822 donationis
727 767 966 823 scribere
1000 769 1270 838 jussimus
1318 778 1371 824 et
1419 778 1585 826 testes
1631 769 1848 826 firmare

249 858 579 929 rogavimus.

323 947 380 1002 S.
423 947 681 1018 Rostagni
713 947 780 1000 de
811 947 1079 1002 Poskeris.

325 1036 383 1090 S.
425 1034 704 1090 Adalberti
737 1035 986 1091 Guitardi
1017 1036 1495 1092 Barchinonensis.

322 1124 379 1180 S.
422 1124 730 1196 Berengerii
762 1124 829 1179 de
858 1124 1194 1180 Barbarano.

321 1215 380 1269 8.
424 1213 635 1267 Elisiari
664 1213 938 1268 Dalmatii.

320 1301 377 1357 S.
417 1303 643 1357 Joannis
675 1301 1042 1358 Gerundensis
1072 1302 1381 1372 Capiscolii.

319 1391 376 1447 S.
418 1391 677 1446 Bernardi
709 1391 977 1461 capellani
1009 1391 1188 1447 Sancti
1218 1392 1436 1464 zEgidii.

321 1482 376 1537 S.
417 1480 670 1535 Rainardi
699 1481 894 1535 Amati.

316 1572 372 1628 S.
416 1569 593 1626 Pontii
622 1570 689 1624 de
718 1571 948 1625 Nozeto.

315 1661 373 1715 S.
405 1658 690 1714 Fredelani
721 1657 1031 1713 Raimundi.

316 1748 630 1803 Bernardus
659 1747 958 1802 monachus
986 1745 1280 1801 Auxiensis
1309 1746 1526 1816 scripsit
1547 1747 1725 1817 jussus
1753 1745 1842 1800 die
1868 1766 1922 1825 Β

242 1853 494 1907 annoque
524 1852 633 1909 quo
664 1852 852 1906 supra.

316 1927 516 1980 Datum
546 1941 645 1996 per
673 1941 866 1979 manus
895 1924 1114 1980 Henrici
1146 1924 1393 1979 monachi
1417 1923 1482 1978 ad
1506 1923 1679 1979 vicem
1710 1939 1839 1980 can-

242 2014 475 2070 cellarii.

1006 2103 1068 2156 V.

246 2195 485 2250 Littera:
517 2193 784 2249 Aimerici
813 2193 1153 2248 Auseiorum
1193 2192 1417 2246 comitis
1461 2195 1518 2246 et
1561 2191 1839 2246 Bernardi

315 2267 438 2335 ejus
467 2267 669 2334 fratris
717 2263 964 2335 ﬁliorum
1029 2263 1291 2329 Villelmi,
1325 2262 1524 2333 quibus
1569 2261 1708 2335 dant
1759 2259 1829 2335 S.

315 2332 536 2406 Hugoni
578 2334 767 2390 abbati
799 2332 1163 2406 Cluniacensi
1201 2332 1611 2388 monasterium
1639 2332 1837 2387 Sancti

311 2404 555 2463 Orientii
582 2404 983 2464 ordinandum.

851 2502 1028 2570 (Anno
1059 2501 1240 2571 1068.)

562 2594 732 2666 [GalL
765 2591 885 2648 chr.
920 2591 962 2657 Ι,
995 2604 1120 2646 nov.
1153 2592 1336 2658 lnstr.,
1369 2588 1516 2660 171.]

316 2683 574 2738 Noverint
621 2697 811 2736 omnes
859 2679 1005 2751 quod
1053 2693 1157 2749 ego
1205 2677 1508 2733 Aimericus
1553 2677 1838 2731 Auscensis

244 2787 445 2840 comes,
477 2780 530 2825 et
559 2770 721 2825 frater
759 2784 910 2823 meus
940 2767 1250 2821 Bernardus
1298 2782 1397 2835 pro
1444 2766 1684 2835 peccatis
1731 2779 1835 2820 no-

243 2860 369 2914 stris
390 2869 442 2916 et
468 2857 726 2913 Willelmi
749 2856 917 2927 patris
939 2855 1138 2926 nostri,
1159 2855 1426 2909 donamus
1448 2855 1560 2909 Deo
1583 2862 1631 2908 et
1653 2861 1838 2908 sancto

243 2949 404 3003 Petro
433 2946 764 3003 Cluniacensi
793 2946 845 2999 in
876 2959 1045 2998 manu
1078 2944 1282 2998 domini
1313 2943 1560 3015 Hugonis
1603 2942 1833 3008 abbatis,

245 3045 300 3091 et
328 3037 438 3090 suis
483 3034 882 3091 successoribus
931 3033 1289 3088 ordinandum
1340 3040 1391 3086 et
1437 3031 1834 3101 disponendum

246 3123 631 3180 monasterium
664 3125 720 3179 8.
756 3122 1001 3189 Orientii,
1025 3128 1077 3175 et
1105 3120 1366 3190 quidquid
1388 3119 1550 3174 modo
1575 3119 1833 3189 possidet,
1864 3114 1914 3177 C

243 3230 307 3268 ac
334 3214 388 3266 in
422 3214 654 3266 futurum
685 3210 1006 3282 possidebit,
1036 3217 1147 3266 etc.
1186 3211 1300 3263 Hoc
1334 3209 1535 3263 donum
1586 3208 1714 3262 fecit
1759 3207 1837 3261 si-

245 3303 356 3356 mul
405 3301 734 3356 Raimondus
778 3298 1078 3354 avunculus
1125 3314 1316 3363 meus,
1365 3305 1475 3352 etc.
1542 3297 1737 3350 Actum
1785 3294 1840 3348 in

246 3388 483 3446 claustro
515 3389 580 3444 8.
619 3387 849 3443 Orientii
904 3387 960 3440 in
1018 3385 1308 3456 praesentia
1354 3383 1540 3439 domni
1595 3382 1842 3454 Hugonis

245 3478 467 3532 abbatis
499 3475 889 3544 Cluniacensis,
925 3483 978 3529 et
1007 3475 1257 3529 aliorum.
1291 3473 1348 3528 S.
1383 3472 1564 3527 domni
1597 3471 1844 3542 Hugonis

244 3567 479 3622 abbatis.
532 3566 589 3621 S.
625 3564 809 3619 domni
858 3563 1101 3618 Durandi
1149 3561 1410 3616 Tolosani
1455 3559 1723 3630 episcopi.
1771 3560 1832 3614 S.

247 3656 432 3710 domni
480 3653 746 3709 Willelmi
788 3651 1035 3723 episcOpi
1087 3651 1490 3706 Convenarum.
1552 3650 1609 3704 S.
1659 3649 1843 3704 domni

243 3743 535 3800 Raimundi
565 3741 810 3812 episcopi
842 3739 1206 3794 Lacturensis.
1255 3738 1317 3792 S.
1357 3737 1540 3791 domni
1670 3737 1845 3792 abba-

247 3833 314 3887 tis
341 3831 397 3886 S.
432 3831 611 3886 Genii.
645 3832 701 3886 S.
735 3829 921 3884 domni
953 3827 1222 3882 Willelmi
1254 3825 1482 3881 abbatis.
1518 3827 1574 3880 S.
1599 3827 1841 3892 Martini,

248 3922 321 3975 fr.
370 3920 695 3973 Malleavus.
764 3919 968 3972 Actum
1008 3914 1320 3970 Alexandro
1368 3929 1544 3984 papa,
1597 3914 1848 3985 Philippo

249 4009 577 4062 Francorum
619 4022 768 4078 rege,
805 4021 990 4071 anno,
1041 4009 1106 4061 ut
1158 4009 1325 4075 puto,
1361 4006 1518 4071 1068,
1551 4003 1613 4057 in
1642 4004 1848 4074 synodo

244 4097 524 4153 Auscensi
555 4097 653 4152 hoc
684 4111 837 4151 anno
864 4094 1077 4150 habita.

1004 4218 1094 4274 VI.

244 4320 507 4393 Diploma
521 4335 624 4392 pro
640 4318 878 4374 ecclesia
894 4318 1092 4373 Sancti
1105 4316 1389 4373 Michaelis
1406 4315 1471 4372 de
1495 4315 1850 4380 Monte-Alta.

845 4406 1025 4477 (Anno
1068 4406 1254 4475 1069.)

467 4496 813 4568 [Chronique
847 4494 1082 4560 d‘Auch,
1117 4498 1208 4548 111°
1239 4501 1402 4565 part.,
1433 4510 1486 4566 p.
1521 4494 1632 4567 68.]

320 4603 379 4657 1n
435 4602 654 4658 nomine
695 4601 792 4656 Dei
841 4600 1038 4654 summi
1089 4600 1510 4669 omnipotentis,
1563 4603 1739 4659 Patris
1793 4613 1847 4661 et

250 4691 372 4746 Filii
420 4698 473 4745 et
520 4690 752 4759 Spiritus
795 4689 989 4754 sancti,
1023 4703 1127 4759 ego
1157 4689 1507 4756 Wilhelmus,
1538 4691 1681 4747 ﬁlius
1711 4695 1844 4749 Ber-

252 4778 408 4834 nardi
455 4786 508 4834 et
554 4777 995 4848 archiepiscopus
1023 4777 1352 4844 Auxiorum,
1403 4787 1457 4834 et
1501 4779 1692 4836 fratres
1739 4783 1847 4839 mei

249 4867 621 4937 Raymundus,
656 4875 707 4921 et
737 4866 914 4933 Oddo,
966 4873 1019 4920 et
1067 4863 1340 4937 Otgerius,
1382 4876 1434 4922 et
1477 4867 1752 4938 Giraldus,
1795 4879 1848 4927 et

255 4956 582 5010 Bertrandus
611 4971 710 5026 pro
741 4955 980 5024 peccatis
1011 4955 1206 5010 nostris
1234 4959 1287 5010 et
1316 4965 1598 5026 parentum
1629 4968 1845 5014 nostro-

251 5060 372 5098 rum
403 5045 670 5098 donamus
698 5044 814 5098 Deo
844 5043 1076 5098 Domino
1107 5051 1159 5098 et
1186 5045 1386 5100 sanctis
1427 5047 1685 5116 apostolis
1731 5048 1850 5118 ejus

252 5132 415 5187 Petro
447 5141 498 5188 et
528 5132 694 5186 Paulo
743 5131 812 5186 ad
861 5132 1039 5187 locum
1083 5132 1434 5202 Cluniacum,
1485 5135 1570 5189 cui
1618 5135 1850 5191 domnus

251 5221 412 5292 Hugo
461 5220 631 5274 abbas
680 5236 922 5292 praeesse
950 5219 1181 5289 videtur,
1214 5221 1497 5276 ecclesiam
1529 5223 1712 5279 Sancti
1743 5225 1848 5278 Mi-

255 5308 458 5364 chaelis
487 5309 554 5364 de
583 5309 946 5378 Monte-Alto,
979 5325 1100 5364 cum
1131 5310 1564 5380 appendentibus
1611 5311 1850 5385 quinque

251 5396 498 5454 ecclesiis
528 5405 582 5452 et
610 5397 808 5465 vineis,
837 5397 1068 5468 campis,
1101 5405 1156 5454 et
1185 5398 1394 5470 absque
1421 5399 1508 5454 his
1536 5416 1656 5472 quae
1699 5410 1852 5472 pater

250 5501 408 5542 meus
435 5486 510 5540 ibi
541 5485 692 5541 dedit
721 5485 777 5541 in
807 5487 915 5542 vita
943 5504 1058 5555 sua,
1092 5487 1344 5544 dedimus
1387 5503 1488 5545 nos
1530 5505 1694 5543 unum
1723 5505 1848 5545 mo-

253 5573 534 5635 lendinum
565 5573 620 5630 in
645 5575 804 5634 alveo
833 5578 1016 5634 Archo
1045 5576 1262 5634 nomine
1283 5584 1335 5634 et
1353 5577 1544 5635 decem
1571 5577 1851 5635 denaratas

1954 510 2177 558 vocatur
2195 504 2380 576 Nigra:
2413 507 2594 574 Vallis,
2610 517 2664 562 et
2681 517 2858 564 mater
2872 519 3050 566 nostra
3073 511 3320 568 similiter
3338 516 3543 570 medie-

1954 596 2114 645 tatem
2143 593 2384 649 ecclesiae
2405 611 2526 664 quae
2547 604 2626 650 est
2647 597 2700 650 in
2722 598 2850 652 villa
2871 615 2992 670 quae
3009 608 3234 655 vocatur
3254 601 3463 672 Ulmus,
3488 612 3544 659 et

1955 678 2376 736 dominationem
2409 683 2631 738 alterius
2661 686 2898 740 ecclesias
2928 686 2981 740 in
3013 687 3143 741 villa
3172 706 3293 760 quae
3323 700 3544 746 vocatur

1955 765 2215 828 Cazeras;
2251 771 2333 823 hae
2365 770 2486 826 dua:
2515 780 2638 826 sunt
2667 774 2724 825 in
2754 773 3046 828 Leomania
3071 791 3082 828 :
3116 775 3258 832 unde
3289 792 3545 850 rogamus

1953 869 2052 923 per
2079 855 2501 926 omnipotentem
2532 861 2703 914 Deum
2733 877 2922 916 omnes
2960 872 3256 932 prtesentes
3284 874 3336 919 et
3363 881 3546 921 succe-

1953 943 2160 1010 dentes,
2193 951 2250 996 ut
2280 946 2382 999 hoc
2410 947 2611 1001 donum
2643 949 2968 1018 collaudent,
2993 959 3046 1005 et
3074 951 3342 1023 integrum
3373 954 3548 1010 illiba-

1953 1037 2066 1084 tum
2098 1031 2423 1101 custodiant,
2457 1042 2510 1087 et
2540 1036 2767 1105 gratiam
2813 1038 2911 1092 Dei
2953 1039 3258 1110 acquirant,
3285 1048 3339 1095 et
3367 1041 3424 1095 in
3453 1058 3549 1097 so-

1952 1121 2144 1173 cietate
2175 1120 2607 1176 Cluniacensium
2658 1125 2902 1192 fratrum,
2935 1143 3094 1195 quam
3124 1144 3224 1196 pro
3255 1129 3358 1186 hoc
3404 1129 3549 1187 dono

1953 1208 2306 1275 suscepimus,
2355 1211 2643 1281 participes
2687 1212 2842 1267 ﬁant.
2883 1215 2938 1269 Si
2965 1216 3084 1284 quis
3111 1225 3288 1270 autem
3319 1218 3420 1272 hoc
3449 1234 3545 1275 ca-

1953 1293 2220 1350 lumniare
2268 1297 2353 1352 vel
2403 1307 2673 1355 temerare
2712 1304 3140 1373 praesumpserit,
3172 1306 3315 1376 quod
3346 1309 3552 1378 appetit

1953 1399 2059 1437 non
2092 1384 2361 1453 perficiat,
2398 1386 2619 1456 insuper
2647 1390 2784 1442 iram
2815 1391 2914 1445 Dei
2945 1392 3328 1462 omnipotentis
3364 1396 3549 1450 incur-

1952 1479 2052 1538 rat,
2084 1481 2137 1526 et
2167 1489 2288 1526 cum
2321 1474 2533 1529 Dathan
2567 1483 2618 1530 et
2652 1477 2863 1531 Abiron
2888 1479 3180 1549 absorptus
3211 1483 3459 1539 intereat.

2025 1560 2183 1614 Facta
2214 1569 2292 1615 est
2325 1563 2442 1617 haec
2482 1564 2667 1618 charta
2715 1581 2902 1620 mense
2956 1567 3287 1634 Decembris,
3320 1570 3374 1624 in
3398 1589 3548 1642 pra:-

1952 1647 2125 1702 sentia
2167 1649 2352 1704 domni
2386 1643 2635 1722 Hugbnis
2675 1653 2889 1707 abbatis
2935 1654 3324 1723 Cluniacensis,
3349 1668 3402 1713 et
3431 1661 3551 1714 Du-

1954 1737 2108 1790 ranni
2137 1737 2393 1792 Tolosani
2421 1740 2683 1809 episc0pi,
2716 1750 2768 1795 et
2798 1742 3078 1797 Wilhelmi
3125 1744 3370 1815 episcopi
3403 1747 3548 1804 Con-

1955 1840 2245 1892 venarum,
2304 1834 2356 1880 et
2411 1826 2713 1898 Raymundi
2770 1830 2984 1884 abbatis
3041 1832 3225 1887 Sancti
3283 1835 3548 1905 Lupercul

1949 1913 2220 1968 Helizona?
2250 1915 2505 1984 civitatis,
2540 1927 2592 1971 et
2624 1917 2852 1971 aliorum
2885 1919 3266 1989 plurimorum,
3291 1925 3550 1993 apostoli-

1948 2016 2073 2055 cam
2133 2002 2318 2056 sedem
2369 2003 2570 2058 domno
2627 2005 2937 2061 Alexandro
2985 2023 3200 2063 summo
3267 2011 3546 2081 pontiﬁce,

1947 2089 2200 2159 Philippo
2251 2106 2378 2162 rege
2423 2091 2779 2161 Francorum,
2811 2095 3178 2166 gubernante;
3213 2113 3278 2152 eo
3307 2098 3547 2170 desuper

1946 2186 2231 2249 regnante,
2259 2179 2414 2247 cujus
2452 2195 2680 2250 regnum
2722 2191 2774 2235 et
2820 2182 3108 2253 imperium
3137 2186 3251 2240 sine
3278 2185 3384 2243 ﬁne
3412 2203 3546 2257 per-

1945 2275 2127 2320 manet
2158 2267 2212 2320 in
2242 2267 2442 2320 smeula
2473 2269 2818 2324 saeculorum.

2018 2354 2075 2408 S.
2109 2355 2392 2410 Wilhelmi
2423 2356 2819 2426 archiepiscopi
2847 2364 2900 2413 et
2930 2359 3150 2416 fratrum
3183 2361 3230 2430 ej
3243 2379 3327 2418 us.

2017 2442 2074 2498 S.
2107 2443 2326 2498 Arnaldi
2359 2444 2491 2513 Lupi
2523 2451 2574 2498 et
2606 2446 2832 2500 fratrum
2863 2448 3000 2517 ejus.

2017 2530 2074 2585 S.
2111 2532 2414 2601 Raymundi
2445 2532 2513 2587 de
2540 2531 2778 2604 Algipoi.

2017 2619 2074 2674 S.
2110 2619 2343 2674 Floriani
2372 2629 2426 2675 et
2455 2620 2683 2675 fratrum
2714 2621 2850 2690 ejus.

2017 2707 2074 2762 8.
2105 2708 2329 2762 Arualdi
2359 2709 2427 2762 de
2455 2711 2704 2780 Argano.

2017 2795 2083 2849 S.
2115 2796 2371 2850 Bernardi
2402 2795 2758 2852 Guermundi.

2687 2922 2800 2976 VII.

1946 3011 2188 3071 Donatio
2219 3017 2468 3072 ecclesia:
2496 3017 2550 3072 S.
2590 3017 2775 3073 Marica
2816 3018 2882 3073 de
2924 3019 3262 3077 Arombodio
3303 3023 3540 3082 Clunia-

2467 3089 2621 3142 censi
2650 3093 3013 3146 monasterio.

2551 3179 2729 3242 (Anno
2761 3179 2946 3247 1070.)

2003 3260 2346 3333 [Chronique
2375 3262 2442 3316 de
2474 3261 2695 3332 l’b‘glise
2723 3262 2817 3316 (ΓΔ
2831 3265 2958 3334 uch,
2995 3271 3141 3335 part.
3173 3276 3258 3335 11°,
3293 3285 3349 3340 p.
3383 3270 3497 3343 55.]

2021 3365 2220 3420 Notum
2252 3367 2318 3420 sit
2349 3366 2597 3421 omnibus
2625 3375 2732 3420 tam
2764 3370 3119 3438 praesentibus
3151 3389 3309 3443 quam
3356 3374 3550 3431 futuris

1951 3454 2142 3508 amicis
2173 3461 2226 3508 et
2256 3454 2562 3508 domesticis
2610 3456 2826 3523 nostris,
2875 3457 3020 3526 quod
3066 3474 3172 3530 ego
3221 3462 3548 3531 Bernardus,

1951 3540 2097 3596 filius
2125 3541 2403 3596 Guillelmi
2437 3550 2488 3595 et
2517 3542 2779 3598 Brachitae
2809 3545 2991 3598 uxoris
3029 3547 3146 3616 ejus
3176 3563 3272 3618 pro
3304 3551 3547 3607 remedio

1953 3630 2150 3684 animae
2179 3645 2314 3684 meae
2363 3638 2416 3685 et
2462 3639 2744 3700 parentum
2778 3648 3058 3703 meorum,
3108 3651 3210 3705 per
3257 3639 3548 3694 consilium

1953 3719 2138 3772 uxoris
2163 3733 2298 3772 meae
2325 3719 2601 3774 Anselinte
2647 3723 2700 3774 et
2749 3720 2914 3788 patris
2959 3723 3073 3790 ejus
3122 3723 3367 3780 Oddonis
3395 3728 3548 3783 vice-

1955 3807 2169 3863 comitis
2198 3807 2520 3875 Leomania),
2545 3815 2597 3862 et
2627 3808 2892 3864 Bernardi
2921 3811 3130 3866 comitis
3150 3815 3465 3871 Armeniaci
3495 3821 3552 3872 et

1953 3895 2204 3951 monachi
2235 3895 2606 3951 Cluniacensis
2629 3936 2644 3961 ,
2693 3908 3058 3969 cognomento
3106 3901 3550 3974 Tumaquelletii,

1956 3993 2009 4040 et
2053 3985 2285 4039 aliorum
2333 3984 2630 4038 amicorum
2662 3994 2990 4053 nostrorum,
3022 3988 3287 4044 donamus
3316 3993 3452 4058 Deo,
3490 3993 3558 4047 S.

1957 4073 2150 4127 Joanni
2182 4072 2248 4125 de
2278 4071 2333 4125 S.
2368 4072 2569 4136 Monte,
2601 4080 2652 4126 et
2681 4071 2902 4128 domino
2932 4075 3147 4144 Hugoni
3190 4077 3369 4132 abbati
3415 4079 3550 4134 Clu-

1957 4157 2216 4226 niacensi,
2249 4166 2302 4213 et
2333 4158 2613 4214 monachis
2641 4159 2841 4213 ibidem
2873 4161 2986 4216 Deo
3017 4162 3213 4218 devote
3255 4167 3548 4222 servienti-

1961 4248 2060 4302 bus
2090 4246 2370 4302 ecclesiam
2394 4246 2452 4302 8.
2479 4247 2661 4301 Mariaa
2692 4247 2757 4302 de
2787 4249 3128 4306 Arombodio
3160 4267 3287 4307 cum
3317 4255 3426 4308 suis
3456 4269 3551 4327 ap-

1961 4334 2244 4408 pendiciis,
2276 4342 2379 4390 etc.
2411 4335 2478 4389 Et
2507 4335 2554 4389 si
2583 4335 2704 4405 quis
2733 4335 2870 4390 illud
2897 4337 3198 4410 infregerit,
3231 4355 3263 4396 a
3294 4342 3408 4398 Deo
3436 4360 3552 4398 ma-

1873 4459 1927 4521 D
1960 4425 2184 4480 ledictus
2231 4422 2354 4490 erit,
2404 4423 2508 4478 nisi
2555 4424 2940 4493 emendaverit,
2986 4433 3039 4481 et
3080 4426 3288 4484 bonum
3321 4430 3378 4485 8.
3411 4431 3555 4488 Petri

1956 4513 2230 4568 soluturus
2260 4512 2347 4566 sit.
2381 4513 2506 4568 Post
2534 4521 2765 4568 mortem
2801 4512 2968 4584 igitur
2998 4515 3288 4571 Sanxionis
3320 4521 3552 4592 presby-

1955 4602 2051 4657 teri
2081 4601 2346 4656 donamus
2386 4600 2546 4655 aliam
2585 4600 2872 4657 ecclesiam
2906 4602 2973 4656 de
3006 4602 3062 4657 S.
3096 4604 3328 4661 Martino
3353 4607 3423 4662 de
3453 4611 3552 4665 Ri-

1952 4707 2060 4746 can
2091 4707 2111 4740 :
2138 4690 2241 4744 hoc
2271 4697 2369 4756 est,
2403 4688 2540 4743 duas
2569 4697 2771 4758 partes,
2824 4698 2877 4744 et
2926 4691 3254 4746 senioratum
3288 4701 3461 4762 terrai,
3493 4706 3553 4752 ut

1950 4777 2085 4832 inibi
2117 4777 2202 4831 die
2232 4782 2502 4846 noctuque
2523 4778 2658 4845 Deo,
2682 4794 2712 4831 a
2734 4777 3014 4832 monachis
3043 4787 3096 4834 et
3124 4779 3246 4835 aliis
3265 4783 3551 4840 catholicis

1952 4865 2232 4920 serviatur.
2267 4865 2324 4920 Si
2355 4865 2474 4934 quis
2503 4865 2612 4921 hoc
2640 4865 2837 4920 donum
2865 4866 3273 4924 calumniaverit
3304 4871 3386 4926 vel
3417 4888 3548 4928 con-

1953 4954 2253 5021 tradixerit,
2303 4953 2408 5007 nisi
2457 4953 2797 5023 paenituerit,
2847 4968 2970 5009 cum
3016 4955 3154 5010 Juda
3193 4959 3453 5016 lscarioth
3496 4971 3550 5018 et

1955 5043 2074 5099 aliis
2103 5042 2372 5098 damnatis
2396 5043 2742 5113 demergatur
2769 5042 2824 5096 in
2848 5043 3179 5112 profundum
3208 5046 3423 5105 inferni.
3531 5029 3536 5032 I

2026 5132 2187 5187 Facta
2216 5139 2296 5187 est
2323 5130 2446 5186 hac
2473 5131 2679 5185 cartula
2707 5146 2899 5187 mense
2929 5132 3168 5204 Octobri,
3201 5133 3299 5190 fer.
3334 5153 3387 5205 v,
3418 5137 3548 5194 luna

1955 5238 2086 5291 xxx,
2118 5220 2323 5292 scripta
2349 5220 2567 5291 publice
2593 5220 2735 5290 apud
2754 5217 2818 5274 S.
2843 5221 3099 5290 Montem,
3133 5232 3394 5296 regnante
3423 5227 3546 5280 Phi-

1954 5309 2104 5383 lippo
2131 5325 2282 5383 rege,
2315 5317 2368 5365 et
2399 5307 2709 5376 Guillelmo,
2732 5308 2867 5366 duce
2885 5311 3204 5381 Aquitania,
3227 5311 3549 5370 dominante

1955 5399 2292 5471 provinciam
2322 5398 2629 5465 Vasconiaa,
2655 5403 2710 5453 et
2730 5398 3030 5454 Auscitana
3059 5399 3252 5454 civitas
3281 5415 3315 5454 a
3343 5400 3548 5457 domno

1958 5487 2248 5544 Guillelmo
2301 5485 2713 5558 archiepiscopo
2752 5495 2879 5544 tunc
2914 5487 3381 5558 patrocinabatur.
3436 5489 3553 5547 Hoc

1956 5584 2136 5635 autem
2170 5577 2370 5634 factum
2401 5585 2479 5632 est
2506 5576 2565 5632 in
2576 5576 2865 5648 praesentia
2883 5575 3071 5633 domni
3093 5575 3363 5634 Guidonis
3381 5577 3557 5639 Picta-
