4032 6078
509 296 609 350 963

1686 296 1747 351 S.
1789 297 1984 354 HUGO
2021 297 2239 355 ABBAS
2295 302 2614 362 CLUNIAC.

3686 325 3794 378 964

495 416 698 472 viensis
746 417 962 473 comitis
1006 415 1270 487 totiusque
1317 415 1668 486 Guasconiae,
1720 419 1809 488 qui
1856 423 2083 491 propria
2113 426 2172 488 Α
2203 427 2395 496 naldo,
2448 430 2537 500 qui
2581 438 2824 501 paternae
2864 434 2986 505 jure
3034 436 3332 494 haereditati
3396 454 3797 502 successerunt.

495 521 658 559 manu
708 504 908 560 bonum
952 521 1109 559 suum
1157 504 1342 559 tribuit
1375 521 1388 557 :
1425 505 1677 560 similiter
1705 507 1763 561 in
1795 510 2083 579 praesentia

492 593 680 646 domui
712 591 968 647 Bernardi
997 592 1399 663 Tumapaillerii
1443 595 1694 650 avunculi
1740 597 1866 663 mei,
1901 605 1951 652 et
1998 600 2070 654 D.

493 679 709 734 Arualdi
738 679 1064 752 Aggiuensis
1093 680 1352 750 episcopi,
1385 680 1617 751 denique
1665 684 1966 753 Raymundi
2011 685 2080 741 de

490 765 650 822 Albio
671 767 1079 823 Condomiensis
1108 768 1342 823 abbatis.
1366 769 1556 825 Testes
1580 778 1633 826 et
1653 771 1902 829 visitores
1922 775 2082 844 hujus

494 854 571 908 rei
601 863 719 910 sunt
749 855 803 909 bi
838 871 852 908 :

563 941 721 997 Oddo
751 943 1065 999 vicecomes
1096 943 1531 1015 Leomaniensis,

563 1029 876 1086 Gaillardus
905 1032 972 1086 de
1001 1031 1196 1087 Villera
1215 1075 1232 1100 ,

557 1118 902 1174 Bernhardus
931 1120 998 1175 de
1026 1120 1321 1177 Gailhardo
1339 1164 1354 1189 ,

558 1206 719 1262 Oddo
751 1208 817 1262 de
845 1209 1161 1264 Pondeuaso
1177 1251 1191 1276 ,

555 1293 714 1351 Oddo
761 1296 829 1351 de
876 1296 1234 1366 Pardellano,
1275 1306 1330 1354 et
1378 1297 1470 1354 alii
1522 1299 1919 1371 quamplurimi
1948 1314 2080 1370 pro-

491 1397 640 1438 ceres
649 1424 662 1437 .

553 1471 782 1543 Signum
814 1471 988 1527 Fortis
1017 1473 1232 1528 comitis
1262 1475 1605 1545 Augisiensis
1639 1473 2010 1547 [Ausciensis}.

553 1559 611 1614 S.
635 1558 856 1614 Gcraldi
877 1560 1106 1629 comitis,
1125 1565 1179 1617 et
1199 1562 1423 1617 Arualdi
1443 1563 1702 1620 Bernardi
1734 1565 1915 1619 fratris
1942 1565 2076 1634 ejus.

1202 1659 1351 1714 VIII.

482 1739 803 1796 Bernartius
847 1744 904 1796 et
946 1758 1096 1798 uxor
1134 1745 1546 1799 monasterium
1581 1745 1783 1800 Sancti
1828 1745 2068 1800 Joannis

551 1811 824 1883 Baptista:
858 1812 931 1883 ad
958 1814 1230 1870 Sanctum
1261 1816 1500 1872 Montem
1535 1821 1794 1872 vocatum
1828 1817 2068 1872 Clunia-

547 1881 805 1938 censibus
834 1882 1000 1938 dant.

1063 1973 1246 2042 (Anno
1277 1974 1486 2044 107...)

731 2059 946 2133 [ΒΑιυΖ.
978 2061 1245 2127 Mi:celt.,
1279 2062 1368 2117 ed.
1398 2064 1550 2132 Luc.,
1582 2063 1677 2131 III,
1711 2061 1824 2132 44.]

548 2167 750 2222 Notum
781 2167 852 2221 sit
879 2166 1130 2222 omnibus
1158 2168 1470 2223 hominibus
1510 2169 1655 2239 quod
1702 2183 1806 2239 ego
1837 2168 2076 2224 Bernar-

475 2257 577 2310 dus
615 2270 803 2310 comes
833 2263 885 2310 et
913 2270 1052 2310 uxor
1081 2271 1203 2310 mea
1233 2257 1617 2328 Ermengardis
1665 2264 1718 2310 et
1764 2255 1858 2310 ﬁlii
1909 2255 2076 2311 nostri

476 2343 748 2398 Arualdus
789 2347 954 2415 atque
985 2343 1249 2399 Geraldus
1296 2345 1560 2400 donamus
1607 2345 1844 2399 Domino
1873 2345 1990 2400 Deo
2021 2349 2079 2400 et

474 2433 674 2486 sanctis
700 2431 819 2500 ejus
849 2432 1114 2502 apostolis
1142 2434 1298 2488 Petro
1328 2441 1381 2488 et
1409 2434 1575 2488 Paulo
1621 2434 1691 2488 ad
1735 2433 1913 2488 locum
1945 2432 2076 2486 Clu-

475 2519 730 2588 niacum,
783 2520 871 2574 cui
920 2520 1153 2576 domnus
1198 2522 1342 2577 abba
1385 2522 1546 2594 Hugo
1593 2521 1770 2593 magis
1815 2520 2081 2591 prodesse

473 2623 633 2679 quam
662 2622 902 2678 prmesse
932 2608 1163 2675 videtur,
1195 2608 1469 2680 quoddam
1517 2609 1900 2663 monasterium
1940 2607 2079 2677 juris

477 2695 648 2749 nostri
693 2696 763 2748 ad
811 2703 1058 2750 sanctum
1117 2696 1378 2750 Joannem
1427 2696 1720 2766 Baptistam
1775 2697 1831 2750 in
1876 2695 2078 2751 Sancto

485 2782 666 2835 Monte
695 2790 948 2836 vocatum
978 2797 1099 2836 cum
1130 2784 1383 2837 omnibus
1413 2783 1487 2837 ibi
1515 2784 1909 2853 pertinentibus
1938 2799 2080 2838 nunc

481 2875 536 2922 et
565 2883 905 2939 quacunque
935 2869 1010 2923 ibi
1057 2871 1113 2923 in
1159 2878 1483 2941 perpetuum
1511 2871 1876 2941 pertinebunt,
1907 2880 1964 2926 ut
1995 2871 2082 2926 fa-

482 2955 632 3009 ciant
667 2963 908 3011 rectores
937 2957 1183 3026 ejusdem
1213 2957 1319 3014 loci
1351 2958 1615 3028 quidquid
1663 2959 1847 3014 facere
1891 2959 2085 3015 volue-

470 3043 581 3098 rint
625 3043 822 3099 amodo
851 3051 904 3099 et
938 3059 1112 3115 usque
1159 3045 1215 3100 in
1261 3047 1521 3102 saeculum
1566 3046 1747 3102 saeculi
1793 3046 1909 3102 sine
1952 3047 2062 3102 ulla

463 3131 924 3188 contradictione.
972 3133 1029 3188 Si
1077 3134 1199 3204 quis
1250 3150 1400 3203 vero,
1433 3135 1580 3205 quod
1608 3134 1765 3202 absit,
1798 3136 1939 3190 hanc
1966 3149 2072 3190 uo-
2103 3124 2152 3188 C

466 3227 635 3274 stram
685 3219 1036 3276 donationem
1082 3222 1454 3278 contradicere
1501 3223 1590 3277 vel
1635 3222 1844 3277 irritam
1891 3223 2079 3279 facere

468 3307 716 3377 voluerit,
757 3308 905 3378 quod
931 3308 1226 3381 infringere
1255 3311 1404 3380 cupit
1451 3327 1561 3367 non
1588 3311 1846 3380 vindicet,
1878 3312 1979 3366 sed
2009 3311 2079 3366 sit

465 3412 626 3467 super
672 3411 795 3451 eum
839 3397 919 3452 ira
965 3398 1064 3452 Dei
1104 3398 1498 3468 omnipotentis
1547 3407 1601 3456 et
1647 3400 1793 3455 beati
1841 3400 2066 3455 Joannis

463 3482 720 3553 Baptistae
779 3491 833 3538 et
873 3493 1184 3541 sanctorum
1227 3487 1597 3556 apostolorum
1628 3488 1770 3542 Petri
1801 3495 1856 3543 et
1882 3486 2069 3548 Pauli;

464 3572 801 3642 veniamque
832 3588 994 3642 super
1021 3588 1148 3628 eum
1171 3589 1366 3629 omnes
1412 3574 1830 3630 maledictiones
1859 3574 2072 3629 Veteris

467 3665 522 3713 et
549 3659 690 3715 Novi
729 3659 1076 3728 Testamenti,
1110 3661 1213 3714 nisi
1254 3662 1545 3732 resipuerit
1592 3667 1646 3716 et
1693 3663 1763 3717 ad
1809 3661 2070 3718 emenda-

466 3744 674 3800 tionem
705 3747 941 3801 venerit.
981 3748 1050 3802 Ut
1078 3755 1260 3803 autem
1305 3749 1425 3804 haec
1473 3750 1663 3805 charta
1698 3749 1863 3805 ﬁrma
1909 3757 2069 3820 atque

463 3831 668 3887 stabilis
710 3842 1053 3903 permaneat,
1085 3851 1252 3890 manu
1280 3836 1507 3908 propria
1537 3837 1774 3906 ﬁrmavi,
1809 3838 2068 3894 testibus~

466 3936 574 3992 que
603 3919 930 3976 ﬁrmandam
959 3923 1188 3978 tradidi.

537 4008 768 4081 Signum
795 4009 988 4065 domui
1017 4011 1280 4067 Bernardi
1309 4013 1541 4084 comitis,
1576 4013 1666 4086 qui
1700 4015 1839 4072 hanc
1886 4014 2062 4072 dona-

465 4097 676 4154 tionem
708 4097 858 4155 fecit.

528 4186 588 4242 S.
618 4185 851 4243 ﬁliorum
881 4189 1008 4258 ejus
1043 4188 1267 4245 Arualdi
1294 4197 1457 4262 atque
1485 4191 1727 4250 Geraldi.

530 4274 588 4330 S.
622 4274 1009 4349 Ermengardis
1037 4279 1359 4336 comitissaa.

1201 4408 1224 4462 Ι
1283 4445 1300 4464 .

659 4490 876 4549 Notitta
904 4493 971 4551 de
999 4408 1345 4553 monastiio
1379 4495 1589 4555 Sancti
1617 4499 1846 4556 Montis.

1041 4584 1228 4652 (Auno
1281 4585 1468 4658 1073.)

651 4666 889 4741 [Bannz.,
927 4671 1180 4742 Miscelt.,
1212 4672 1347 4730 edit.
1388 4675 1561 4744 Luc.,
1594 4677 1702 4742 ΙΙΙ,
1735 4676 1859 4748 43.]

523 4773 850 4843 Gnunnns,
883 4776 982 4831 Dei
1011 4777 1188 4849 gratia
1217 4778 1489 4836 Ostiensis
1529 4781 1834 4853 episcopus,
1866 4782 2050 4839 cardi-

453 4861 599 4916 nalis
628 4871 682 4917 et
709 4863 1026 4934 apostolicae
1055 4866 1200 4922 sedis
1228 4867 1458 4940 legatus,
1490 4870 1743 4927 omnibus
1772 4871 2052 4929 catholicae

452 4947 714 5005 Ecclesiae
742 4950 868 5006 filiis
896 4963 1218 5025 perpetuam
1246 4956 1303 5010 in
1334 4957 1567 5014 Domino
1596 4958 1849 5016 salutem.

525 5037 661 5093 Cum
705 5055 773 5096 ex
816 5051 1087 5115 praecepto
1118 5045 1323 5101 domini
1350 5061 1511 5118 papae
1538 5046 1837 5104 Alexandri
1870 5051 1919 5104 II
1947 5066 2052 5122 per

459 5125 787 5182 Gasconiam
835 5128 938 5185 iter
986 5137 1234 5204 agentes,
1266 5134 1325 5187 in
1350 5133 1642 5206 Hispanias
1680 5137 2046 5208 tenderemus,

455 5214 510 5269 in
551 5217 878 5274 monasterio
927 5219 1110 5276 Sancti
1154 5222 1354 5277 Montis
1396 5223 1652 5296 hospitati
1709 5242 1911 5283 sumus.
1955 5228 2050 5283 Est

448 5312 628 5361 autem
693 5305 920 5363 Sanctus
968 5310 1122 5365 Mons
1181 5311 1567 5368 monasterium
1630 5315 1915 5384 pertinens
1979 5315 2050 5373 ad

447 5391 804 5451 Cluuiacense
842 5397 1183 5468 coenobium,
1223 5408 1586 5458 constructum
1645 5417 1680 5458 a
1747 5404 2046 5461 venerabili

444 5481 716 5540 Bernardo
741 5484 940 5541 comite
985 5495 1038 5543 et
1083 5486 1342 5560 religiosa
1371 5491 1601 5563 conjuge
1639 5491 1759 5562 ejus
1803 5493 2040 5549 Ermen-

445 5570 624 5641 garda
649 5578 705 5628 et
730 5569 845 5630 ﬁlio
883 5573 1005 5646 ejus
1035 5574 1283 5635 Gerardo
1322 5584 1379 5634 et
1418 5578 1589 5635 altero
1635 5579 1756 5650 ejus
1795 5579 1908 5640 ﬁlio
1937 5585 2046 5640 Ar-

2205 516 2427 570 Praefati
2475 534 2704 589 namque
2751 537 2934 578 comes
2978 532 3030 580 et
3067 526 3343 584 comitissa
3385 531 3618 587 caelestis
3665 535 3797 589 vita:

2201 604 2546 661 dulcedinem
2589 609 2928 678 adamantes,
2962 615 3298 671 transitorias
3344 626 3800 692 contempserunt

2199 691 2432 762 divitias,
2467 702 2519 750 et
2561 696 2618 749 in
2659 700 2985 756 monasterio
3019 703 3378 772 Cluniacensi,
3407 708 3492 762 cui
3524 691 3799 766 reveren-

2197 781 2452 837 dissimus
2479 783 2638 856 Hugo
2667 785 2841 842 abbas
2871 797 2996 844 tunc
3017 801 3262 861 praeerat,
3285 803 3485 851 sancta?
3513 797 3798 870 religionis

2197 868 2445 924 habitum
2492 883 2860 942 susceperunt,
2891 877 3228 934 aediﬁcantes
3257 883 3574 952 praedictum
3608 868 3795 942 Sancti

2194 958 2391 1012 Montis
2454 963 2842 1017 monasterium
2908 965 2963 1020 in
3028 969 3289 1024 honorem
3355 973 3521 1028 sancti
3569 975 3799 1030 Joannis

2192 1045 2466 1114 Baptistae,
2499 1065 2595 1118 pro
2637 1051 3012 1123 redemptione
3055 1066 3400 1126 peccatorum
3444 1079 3660 1118 suorum
3701 1065 3795 1120 vel

2193 1135 2435 1190 remedio
2481 1138 2787 1194 animarum
2835 1148 3127 1211 parentum
3165 1162 3404 1216 suorum,
3451 1158 3559 1205 tam
3576 1152 3667 1222 qui
3711 1154 3789 1208 de

2192 1222 2393 1278 saeculo
2449 1227 2700 1294 praesenti
2765 1228 3126 1299 decesserant,
3159 1250 3320 1304 quam
3361 1246 3414 1292 et
3461 1254 3651 1294 eorum
3691 1242 3789 1312 qui

2189 1311 2365 1366 adhuc
2393 1316 2689 1369 successuri
2737 1326 2908 1372 erant.
2952 1320 3190 1376 Primum
3222 1324 3389 1396 igitur
3417 1311 3788 1397 prmnomina-

2190 1405 2276 1452 tus
2304 1398 2470 1470 locus,
2505 1409 2688 1472 utpote
2719 1404 2975 1462 Cluniaco
3004 1407 3244 1479 legitime
3289 1412 3524 1469 donatus
3573 1423 3626 1470 et
3671 1425 3786 1472 tra-

2191 1486 2354 1552 ditus,
2405 1488 2548 1544 beati
2599 1491 2743 1546 Petri
2791 1495 3013 1550 novella
3062 1499 3332 1566 possessio
3376 1510 3512 1570 erat,
3563 1513 3616 1558 et
3665 1521 3786 1574 nos,

2189 1574 2320 1665 licet
2357 1576 2586 1649 indigni,
2618 1580 2859 1647 ejusdem
2906 1584 3174 1656 principis
3216 1590 3581 1658 apostolorum
3629 1592 3788 1665 lega-

2188 1663 2333 1720 tione
2363 1664 2746 1737 fungebamur.
2787 1669 2982 1742 Rogati
3033 1689 3220 1730 sumus
3265 1676 3336 1730 ab
3383 1679 3629 1748 ejusdem
3681 1663 3791 1737 loci

2100 1778 2153 1840 Β
2189 1753 2370 1822 priore
2395 1753 2705 1813 Adliemaro
2733 1765 2787 1812 et
2809 1759 3028 1829 reliquis
3058 1762 3318 1819 fratribus
3360 1773 3420 1820 ut
3463 1767 3606 1822 beati
3639 1768 3792 1826 Petri

2184 1840 2409 1896 tutelam
2441 1851 2496 1898 et
2523 1844 2896 1901 defensionem
2939 1850 3192 1905 omnibus
3221 1855 3532 1910 monasterii
3564 1872 3790 1928 posses-

2185 1929 2428 1986 sionibus
2496 1932 2914 2004 imponeremus.
2971 1936 3214 2005 Quorum
3261 1942 3512 2012 precibus
3559 1946 3788 2016 acquie-

2185 2027 2417 2085 sceutes,
2461 2022 2644 2076 omnia
2692 2023 2768 2079 ad
2812 2024 2958 2080 idem
3007 2029 3390 2107 monasterium
3438 2031 3562 2088 loca
3605 2036 3790 2103 perti-

2187 2107 2388 2175 nentia,
2419 2109 2696 2178 ecclesias,
2730 2112 2957 2182 praedia,
2989 2114 3170 2185 villas,
3202 2133 3325 2172 cum
3353 2120 3607 2176 omnibus
3644 2123 3792 2192 jnste

2186 2197 2464 2268 acquisitis
2532 2198 2614 2253 vel
2680 2201 3058 2270 acquirendis,
3108 2205 3430 2262 auctoritate
3485 2211 3791 2279 apostolica

2186 2285 2334 2340 beati
2397 2286 2540 2342 Petri
2596 2288 2823 2344 tuitione
2880 2291 3092 2348 munire
3148 2295 3470 2363 statuimus,
3527 2305 3586 2352 ut
3640 2300 3793 2356 nulla

2185 2371 2448 2446 deinceps
2509 2391 2746 2446 persona
2809 2377 2899 2433 vel
2963 2380 3331 2438 ecclesiastica
3377 2383 3463 2439 vel
3505 2385 3790 2442 saecularis

2184 2471 2346 2527 rebus
2387 2471 2650 2542 prmlibati
2674 2473 2780 2530 loci
2809 2475 3126 2532 violentiam
3155 2486 3248 2534 aut
3280 2487 3539 2536 torturam
3583 2482 3788 2538 inferre

2188 2568 2478 2630 praesumat
2549 2569 2640 2616 aut
2713 2562 2927 2634 iniquas
2997 2567 3418 2624 consuetudines
3503 2569 3791 2641 imponere

2189 2647 2404 2703 audeat.
2454 2649 2713 2704 Praeterea
2759 2651 3154 2708 salvamentum
3202 2656 3347 2727 quod
3388 2657 3536 2712 infra
3583 2659 3788 2714 limites

2189 2733 2504 2788 constitutos
2550 2734 2619 2787 ad
2667 2736 3014 2792 securitatem
3045 2754 3239 2794 eorum
3284 2748 3338 2795 et
3385 2743 3789 2800 immunitatem

2190 2821 2280 2890 qui
2308 2822 2612 2877 inhabitant
2631 2823 2716 2879 vel
2748 2824 2818 2878 ad
2844 2824 2898 2878 id
2928 2826 3296 2900 confugerint,
3319 2829 3420 2885 sub
3441 2831 3621 2888 hanno
3642 2833 3789 2890 beati

2190 2911 2331 2966 Petri
2379 2910 2659 2966 ﬁrmamus
2721 2920 2775 2967 et
2837 2914 3284 2988 corroboramus,
3353 2926 3412 2974 ut
3477 2921 3790 2993 quicunque

2193 3005 2393 3054 temere
2440 3008 2495 3054 et
2536 3000 2797 3056 audacter
2838 3002 3094 3061 terminos
3133 3005 3287 3073 illos,
3341 3007 3392 3062 id
3439 3017 3522 3063 est
3570 3026 3786 3083 cruces,

2189 3086 2487 3159 infringere
2527 3095 2617 3143 aut
2659 3088 2864 3146 violare
2898 3094 3304 3164 praesumpserit
3357 3101 3447 3151 aut
3495 3097 3785 3169 invadere,

2187 3174 2329 3230 beati
2379 3177 2523 3232 Petri
2571 3177 2737 3232 banni
2780 3195 2934 3235 reum
2982 3188 3035 3235 et
3075 3183 3397 3238 auctoritate
3455 3187 3783 3257 apostolica,

2185 3260 2289 3316 nisi
2347 3261 2664 3331 resipuerit,
2729 3265 3256 3320 excommunicatum
3311 3283 3371 3322 se
3435 3281 3784 3340 cognoscat:

2184 3348 2405 3420 insuper
2432 3349 2474 3403 si
2506 3349 2639 3422 quid
2685 3350 2851 3406 banni
2895 3352 3108 3422 intulit,
3140 3353 3279 3410 infra
3307 3355 3614 3426 quindecim
3663 3359 3786 3416 dies

2182 3437 2343 3506 plene
2371 3437 2614 3493 restituat
2637 3441 2691 3494 et
2710 3445 3020 3511 componat,
3047 3449 3154 3496 tum
3187 3442 3351 3498 etiam
3381 3445 3784 3504 satisfactiones

2182 3533 2235 3580 et
2264 3525 2412 3597 leges
2452 3544 2588 3598 quas
2631 3527 3018 3584 ecclesiasticae
3065 3531 3399 3602 precipiunt
3444 3535 3784 3605 sanctiones,

2181 3613 2240 3668 id
2269 3622 2350 3668 est
2377 3623 2689 3686 nongentos
2717 3616 2925 3673 solidos
2955 3619 3251 3688 persolvat.
3298 3619 3620 3693 Quicunque
3649 3640 3783 3681 vero

2178 3700 2232 3755 in
2248 3703 2494 3772 prmdicti
2517 3705 2842 3760 monasterii
2859 3707 3169 3762 coemeterio
3190 3709 3408 3780 sepeliri
3433 3726 3492 3766 se
3523 3711 3778 3780 fecerint,

2179 3797 2232 3844 et
2263 3791 2331 3845 de
2358 3793 2601 3861 peccatis
2641 3793 2754 3848 suis
2793 3810 2983 3864 puram
3033 3795 3430 3854 confessionem
3460 3799 3578 3856 Deo
3608 3801 3780 3857 obtu-

2178 3879 2356 3947 lerint,
2399 3896 2700 3952 veramque
2745 3883 3116 3953 ptrnitentiam
3165 3887 3499 3957 susceperint
3544 3895 3597 3943 et
3639 3905 3780 3960 ege-

2175 3967 2300 4036 rint,
2331 3983 2427 4023 eos
2471 3970 2773 4039 apostolica
2819 3973 3133 4029 auctoritate
3179 3974 3512 4031 absolvimus
3555 3984 3610 4032 et
3657 3977 3778 4034 fra-

2176 4063 2451 4111 ternarum
2494 4057 2798 4114 orationum
2843 4067 3006 4133 atque
3035 4063 3502 4135 elecmosynarum
3545 4066 3777 4136 partici-

2171 4159 2272 4215 pes
2304 4161 2424 4201 esse
2456 4147 2764 4203 laudamus.
2805 4150 2958 4206 Hanc
2986 4159 3166 4206 autem
3218 4160 3445 4221 certam,
3476 4156 3541 4207 ut
3569 4152 3780 4211 ﬁrmior

2172 4231 2454 4300 habeatur,
2486 4234 2675 4290 subtus
2704 4237 2929 4307 prapria
2960 4254 3120 4294 manu
3148 4249 3336 4296 nostra
3378 4241 3433 4295 in
3474 4242 3581 4296 hoc
3628 4243 3774 4300 libro

2167 4336 2261 4376 seu
2294 4321 2349 4376 in
2378 4330 2522 4381 sarta
2551 4323 2924 4395 signavimus;
2957 4328 3428 4385 conservatoribus
3472 4330 3594 4400 ejus
3624 4348 3774 4401 pra-

2166 4409 2278 4465 mia
2321 4410 2670 4481 sempiterna,
2703 4416 3166 4485 contemptoribus
3195 4425 3377 4472 autem
3409 4421 3468 4472 et
3494 4418 3772 4476 infracto-

2080 4481 2134 4542 D
2167 4497 2316 4553 ribus
2345 4499 2610 4571 supplicia
2639 4481 2968 4574 sempiterna
2987 4511 3040 4560 et
3059 4505 3434 4562 damnatarum
3464 4507 3772 4564 animarum

2169 4593 2461 4643 tormenta.

2234 4676 2354 4747 Ego
2387 4675 2659 4734 Geraldus
2681 4679 2945 4736 Ostiensis
2973 4681 3257 4754 episcopus
3289 4690 3341 4738 et
3367 4684 3516 4740 sedis
3544 4694 3769 4758 aposto.

2161 4764 2283 4820 lices
2314 4765 2526 4838 legatus
2563 4768 2736 4840 relegi
2765 4776 2818 4824 et
2846 4770 3138 4842 subscripsi
3179 4787 3322 4829 anno
3369 4773 3768 4832 Incarnationis
3799 4824 3809 4832 .

2160 4853 2472 4911 Dominicae
2501 4855 2661 4924 1073,
2693 4856 2989 4915 indictione
3019 4875 3100 4916 xx.

2921 4983 2994 5038 Χ.

2163 5065 2370 5125 Unaldi
2417 5067 2629 5125 abbatis
2676 5071 3057 5128 Moisiacensi:
3109 5074 3515 5130 testamentum
3567 5073 3763 5133 dedeci

2226 5138 2574 5196 motionibus
2611 5157 2646 5198 a
2685 5143 2856 5198 variis
2871 5144 3239 5201 saecularibus
3258 5146 3325 5202 ab
3345 5161 3408 5202 eo
3430 5146 3757 5219 redemptis.

2764 5232 2939 5300 (Anno
2971 5233 3156 5304 1073.)

2401 5315 2570 5390 [GalL
2607 5317 2852 5388 Christ,
2883 5335 3012 5376 nov.
3045 5321 3207 5376 lustr.
3240 5322 3283 5390 Ι,
3315 5338 3370 5395 ρ.
3404 5321 3517 5397 37.]

2225 5404 2340 5462 Pax
2396 5407 2551 5480 origo
2605 5407 2872 5465 universis
2927 5409 3109 5480 Deus,
3170 5410 3377 5468 scilicet
3430 5411 3756 5484 majestatis,

2155 5494 2495 5552 eruditorum
2539 5497 2930 5569 cogitationum
2975 5501 3240 5570 provisor,
3300 5507 3354 5557 et
3409 5501 3757 5558 consiliorum

2170 5593 2526 5657 propagator,
2558 5584 2939 5659 bonorumque
2980 5587 3248 5646 factorum
3297 5597 3556 5662 patrator,
3601 5590 3759 5661 cujus
