4032 6078
256 293 362 347 965

1086 281 1542 342 DIVERSORUM
1577 281 2034 340 DONATIONES
2071 282 2201 342 ΡῙιΕ
2244 286 2378 343 PRO
2419 289 2731 345 CLUNIAC.

3460 301 3560 353 966

245 421 381 469 nutu
440 417 702 483 reguntur
745 409 1017 478 universa,
1090 411 1422 482 gubernatur
1465 410 1724 480 quidquid
1767 413 1852 464 est
1880 411 1935 470 A
1965 417 2095 476 tem,
2121 427 2218 481 pro
2258 413 2363 469 hoc"
2389 413 2497 485 [ad]
2532 417 2956 471 succurrendum
2996 422 3293 476 monachus
3321 421 3560 492 effectus,

244 501 396 572 quod
425 499 587 555 habet
615 514 732 553 esse
762 513 795 552 a
824 499 961 564 Deo,
994 498 1150 553 saluti
1189 498 1440 569 providet
1475 501 1743 566 humanm,
1796 507 1853 553 ut

244 588 499 644 humanis
526 587 740 642 casibus
769 587 1178 642 condescendat
1224 588 1446 656 propria
1497 587 1638 658 lege.
1699 587 1850 654 Qua-

243 684 471 749 propter
489 675 532 730 si
561 690 780 729 suorum
815 675 956 730 facta
985 674 1225 730 ﬁdelium
1255 675 1324 729 ad
1355 676 1683 745 posteritatis
1729 691 1852 730 me-

245 766 478 820 morium
511 764 792 818 traduntur
820 763 1000 832 aliquo
1031 764 1216 832 modo,
1250 763 1394 833 quod
1423 771 1600 818 actum
1631 763 1718 819 vel
1748 764 1850 818 de-

243 853 536 909 liberatum
567 859 648 908 est
689 851 928 921 simplici
987 853 1170 917 oculo,
1230 867 1339 906 non
1396 852 1560 908 debet
1607 852 1761 924 argui
1819 868 1852 906 a

242 941 699 997 subsannantibus
726 956 792 994 ex
822 939 1155 1010 improviso:
1189 941 1334 1012 quod
1385 942 1531 996 enim
1576 941 1850 997 communi

242 1030 463 1100 proﬁcit
491 1029 725 1097 utilitati,
756 1028 1002 1083 omnium
1034 1029 1152 1083 sine
1171 1029 1338 1084 dubio
1384 1029 1604 1100 expedit
1634 1044 1849 1085 memo-

240 1119 325 1174 ria
355 1118 549 1174 teneri.
589 1117 724 1172 Cum
765 1117 934 1188 igitur
976 1117 1312 1172 saecularium
1361 1126 1683 1173 testamenta
1740 1119 1846 1174 vim

243 1206 472 1261 multam
505 1205 784 1260 obtineant
809 1203 878 1259 ad
909 1220 1086 1259 rerum
1108 1205 1583 1260 deliberandarum
1609 1205 1844 1277 indagia,

243 1295 424 1366 magis
478 1293 629 1348 credi
706 1297 920 1363 oportet
969 1293 1348 1364 religiosorum
1405 1309 1848 1365 quorumcunque

242 1380 486 1438 ﬁdelium
517 1381 587 1436 ad
617 1380 1081 1450 comparationem
1113 1381 1338 1435 istorum
1369 1381 1556 1436 valere
1576 1382 1844 1453 exempla.

241 1471 435 1526 Certus
461 1470 643 1541 itaque
664 1469 910 1524 redditus
940 1469 1246 1538 hujusmodi
1291 1469 1730 1539 allegationibus,
1776 1471 1846 1526 ob

242 1554 534 1609 multorum
564 1551 864 1623 profectum
909 1551 1168 1619 ﬁliorum,
1202 1568 1338 1624 ergo
1395 1553 1630 1608 Unaldus
1676 1555 1848 1610 abbas

245 1643 424 1698 dictus
453 1640 1103 1707 cmnobiiMoisiacensis,
1149 1657 1272 1696 cum
1329 1642 1558 1698 consilio
1615 1642 1842 1697 fratrum

1958 498 2313 570 relinquendo
2353 501 2606 557 ﬁrmavit:
2641 502 2707 558 de
2739 504 2908 559 vineis
2938 506 3160 562 scillicet
3218 510 3458 580 Falqueti
3511 520 3564 566 et

1959 587 2207 641 Armulﬁ.
2249 589 2349 643 Pro
2397 590 2497 644 hac
2550 591 2742 646 eadem
2803 608 2968 647 causa
3026 595 3298 666 Stephano
3356 600 3423 654 de
3469 599 3560 655 illa

1961 670 2171 726 Valleta
2200 671 2450 727 similiter
2478 673 2732 729 dedimus
2753 693 2917 730 unum
2941 695 3161 749 equum,
3194 690 3246 736 et
3275 682 3392 751 ipse
3413 683 3562 739 dedit

1959 752 2100 808 infra
2132 755 2259 810 hors
2293 757 2572 825 terminos,
2605 758 2747 814 sicut
2776 769 2936 814 strata
2967 764 3189 831 publica
3244 767 3366 821 duae
3415 767 3564 823 ducit

1959 843 2027 895 ad
2058 842 2339 909 orientem,
2388 853 2440 900 et
2497 846 2888 903 determinatur
2923 867 3045 904 cum
3105 853 3256 907 terris
3295 853 3563 909 Willelmi

1961 925 2192 980 Siccarii
2220 927 2287 981 de
2317 928 2571 984 omnibus
2595 947 2718 1001 quae
2742 933 2856 1002 ipse
2877 935 2962 989 vel
2993 937 3085 989 alii
3112 953 3208 1006 per
3225 955 3348 993 eum
3380 946 3562 996 tenere

1960 1013 2261 1080 videbitur,
2294 1025 2346 1071 et
2377 1017 2447 1071 ita
2480 1017 2712 1074 ﬁrmavit
2755 1021 2893 1091 ipse,
2927 1031 2977 1077 et
3001 1023 3141 1080 ﬁlius
3168 1027 3286 1095 ejus
3343 1029 3562 1083 Bernar-

1958 1102 2049 1168 do,
2080 1119 2176 1157 seu
2210 1104 2448 1175 Ilugoni,
2485 1115 2537 1160 et
2569 1106 2820 1163 fratribus
2840 1111 2956 1178 ejus
2982 1112 3050 1167 de
3079 1117 3355 1186 Anazago,
3396 1132 3564 1172 noua-

1957 1189 2111 1260 ginta
2142 1191 2367 1254 solidos.
2401 1209 2622 1249 omnem
2664 1212 2818 1250 suam
2876 1215 3039 1269 quam
3096 1202 3369 1259 habebant
3429 1221 3559 1274 par-

1958 1285 2064 1333 tem
2094 1279 2469 1336 decimationis
2495 1282 2761 1339 dederunt
2809 1287 2945 1353 Deo,
3003 1297 3054 1344 et
3110 1291 3166 1345 S.
3227 1293 3382 1348 Petro
3431 1294 3556 1362 jure

1957 1376 2218 1438 perpetuo
2246 1370 2553 1438 possidere,
2603 1382 2860 1443 quantum
2918 1376 2972 1429 in
3029 1379 3282 1445 parochia
3339 1382 3396 1436 S.
3457 1384 3554 1436 Mi-

1955 1456 2183 1521 chaelis,
2217 1465 2269 1511 et
2297 1458 2388 1512 alii
2429 1476 2530 1528 per
2566 1476 2660 1515 eos
2691 1461 2889 1516 habere
2921 1464 3258 1521 videbantur.
3301 1468 3558 1526 Similiter

1955 1543 2268 1599 Gaufredus
2306 1547 2374 1601 de
2403 1547 2590 1618 Belpoi
2648 1565 2865 1605 omnem
2922 1552 3337 1611 decimationem
3395 1575 3554 1628 quam

1953 1631 2189 1688 habebat
2218 1634 2360 1704 ipse,
2393 1635 2477 1691 vel
2508 1653 2604 1707 per
2631 1654 2754 1693 eum
2779 1638 2834 1693 in
2863 1642 3124 1709 parochia
3166 1643 3223 1699 S.
3278 1644 3556 1701 Michaelis

242 1730 536 1788 Dominum
567 1728 887 1797 timentium,
919 1729 1008 1800 egi
1038 1729 1216 1785 modis
1241 1730 1647 1802 quibuscunque
1691 1733 1841 1803 potui
1875 1760 1923 1819 Β
1952 1735 2052 1819 ξζο
2073 1721 2398 1819 ξξξιίηιαρυξ.
2445 1724 2562 1819 ipse
2601 1734 2654 1781 et
2683 1725 2779 1782 ﬁlii
2809 1729 2924 1798 ejus
2961 1730 3222 1786 dederunt
3269 1734 3326 1788 S.
3359 1736 3542 1792 Petro.

248 1819 390 1874 datis
409 1817 726 1874 muneribus
755 1832 971 1873 omnem
1000 1818 1439 1888 decimationem,
1473 1836 1631 1889 quam
1656 1821 1844 1875 hacte-

241 1923 345 1962 nus
363 1906 628 1976 primates
664 1906 752 1963 vel
780 1905 1152 1976 provinciales
1178 1906 1376 1962 milites
1397 1906 1544 1976 juste
1571 1916 1662 1962 aut
1699 1908 1844 1976 inju-

241 2003 325 2050 ste
345 1995 619 2067 possidere
643 1993 747 2051 visi
777 2003 925 2061 sunt,
953 1994 1008 2048 in
1028 2003 1266 2050 nostram
1315 1994 1512 2052 ducere
1537 1996 1796 2050 ditionem
1827 2016 1839 2052 :

242 2084 348 2140 hoc
377 2090 552 2139 tamen
569 2097 678 2138 non
697 2082 770 2138 ob
799 2083 1040 2139 avaritia
1069 2092 1301 2153 quietum
1332 2084 1836 2154 multiplicandum;

243 2173 342 2228 sed
369 2171 782 2237 restituendum,
826 2172 968 2242 quod
997 2173 1112 2228 Deo
1150 2174 1267 2243 jure
1323 2173 1551 2229 debetur
1595 2189 1838 2230 censum.

242 2259 389 2316 Olim
427 2260 630 2331 quippe
661 2275 731 2315 ex
760 2260 897 2330 legis
925 2267 1196 2330 praecepto
1225 2275 1334 2315 non
1362 2261 1539 2316 solum
1571 2262 1838 2329 decimas,

243 2348 343 2404 sed
371 2356 425 2405 et
442 2348 715 2419 primitias
753 2347 996 2403 omnium
1027 2363 1207 2403 rerum
1241 2349 1357 2404 Deo
1388 2349 1528 2405 ferre
1570 2351 1837 2422 p0pulus:

242 2438 501 2508 indignus
531 2436 733 2492 etenim
761 2436 1106 2506 judicabatur
1151 2437 1264 2506 ejus
1305 2438 1636 2508 conspectui,
1683 2440 1840 2510 quis-

247 2526 368 2596 quis
395 2527 499 2581 hoc
528 2525 750 2580 auderet
791 2525 1169 2596 pretergredi.
1227 2525 1381 2580 Unde
1426 2525 1537 2596 ipse
1593 2526 1844 2584 Salvator

247 2613 551 2669 Pharisaaos
605 2614 786 2684 arguit
848 2613 902 2668 in
952 2613 1255 2685 Evangelio
1303 2615 1498 2683 (Matii.
1540 2631 1695 2682 χχιιι,
1749 2619 1839 2686 23)

243 2701 634 2774 applaudentas
661 2703 730 2756 de
767 2717 864 2756 sua
887 2701 1119 2770 justitia,
1154 2701 1299 2773 quod
1330 2703 1446 2758 haec
1474 2703 1691 2774 quidem
1730 2704 1839 2758 im-

241 2791 454 2863 plentes
485 2791 729 2858 minima,
759 2789 1133 2860 relinquerent
1159 2807 1281 2860 quae
1309 2789 1450 2862 legis
1489 2800 1665 2846 essent
1709 2808 1840 2865 gra-

245 2880 422 2946 viora,
455 2879 715 2946 decimas,
746 2878 1014 2948 inquiens,
1045 2887 1281 2933 mentam
1312 2887 1364 2934 et
1392 2887 1610 2934 anetum
1661 2889 1715 2936 et
1755 2881 1839 2937 ci-

243 2968 472 3034 miuum,
504 2975 557 3023 et
585 2983 746 3023 omne
777 2967 918 3023 olus.
944 2968 1058 3023 Hoc
1078 2967 1280 3023 idcirco
1308 2983 1417 3023 non
1439 2968 1665 3024 dicimus
1694 2971 1839 3041 quod

247 3058 314 3111 ab
332 3057 574 3111 Iudaicae
606 3056 742 3127 legis
779 3055 940 3110 ritum
971 3055 1380 3111 Christianitatis
1407 3057 1636 3112 velimus
1666 3067 1839 3113 trans-

1952 1808 2126 1863 Simili
2159 1811 2323 1866 modo
2352 1813 2572 1868 Pontius
2631 1815 2806 1871 Faber
2852 1818 2911 1872 in
2965 1819 3273 1877 inﬁrmitate
3325 1824 3548 1894 positus,

1951 1913 2169 1952 omnem
2191 1899 2608 1957 decimationem
2638 1919 2789 1958 suam
2828 1906 2946 1975 ipse
2974 1915 3030 1962 et
3055 1907 3197 1964 ﬁlius
3234 1911 3351 1979 ejus
3373 1912 3549 1967 dede-

1947 1994 2068 2040 runt
2099 1987 2155 2041 Β.
2189 1987 2367 2055 Petro,
2412 1990 2760 2060 Raymuudus
2788 1993 3058 2050 Geraldus
3115 2005 3168 2051 et
3215 1998 3378 2054 frater
3431 2001 3550 2070 ejus

1948 2088 2160 2128 omnem
2205 2075 2620 2133 decimationem
2650 2096 2798 2136 suam
2831 2098 2992 2152 quam
3030 2084 3351 2142 habebatin
3395 2105 3550 2159 paro-

1949 2161 2073 2215 chia
2099 2163 2160 2217 S.
2196 2164 2490 2232 Michaelis,
2527 2175 2689 2224 totam
2720 2170 2788 2224 ab
2817 2170 3032 2244 integro
3062 2175 3212 2230 dedit
3239 2176 3299 2232 S.
3323 2177 3477 2233 Petro
3497 2181 3551 2233 et

1946 2249 2123 2318 nobis,
2157 2251 2299 2307 sicut
2335 2263 2389 2308 et
2416 2258 2763 2327 suprascripti
2793 2259 2905 2326 alii,
2941 2270 2992 2315 et
3021 2261 3273 2320 dedimus
3316 2273 3369 2320 et
3424 2265 3552 2322 inde

1948 2339 2173 2410 triginta
2197 2341 2422 2398 solidos.
2457 2345 2558 2398 Pro
2608 2346 2711 2402 hac
2746 2355 2925 2403 autem
2981 2351 3147 2422 digna
3174 2368 3362 2408 eorum
3409 2371 3548 2410 mer-

1948 2427 2081 2482 cede
2127 2429 2304 2484 socios
2335 2430 2680 2489 fraternitatis
2721 2445 2932 2507 nostras,
2992 2447 3044 2493 et
3090 2440 3378 2513 participes
3433 2459 3547 2498 om-

1948 2515 2097 2570 nium
2128 2516 2542 2575 benefactorum
2592 2531 2895 2579 nostrorum
2950 2527 3147 2599 dignos
3182 2529 3550 2598 judicavimus

1947 2620 2084 2659 esse:
2117 2621 2226 2660 non
2261 2607 2443 2662 solum
2478 2627 2610 2666 vero
2648 2611 2792 2681 illos,
2823 2614 2922 2668 sed
2967 2623 3020 2672 et
3057 2626 3308 2688 posteros
3362 2635 3553 2676 eorum

1947 2709 2049 2764 per
2103 2710 2273 2749 omne
2327 2696 2537 2768 jugiter
2588 2716 2784 2755 mvum.
2843 2703 3193 2760 Decrevimus
3246 2707 3406 2763 etiam
3453 2725 3552 2778 pro

1947 2781 2232 2836 animabus
2279 2799 2466 2838 eorum
2510 2795 2636 2855 post
2675 2788 2835 2844 ﬁnem
2894 2791 3018 2847 vitae
3074 2793 3192 2848 ﬁeri
3240 2798 3554 2866 generalem

1946 2870 2283 2939 memoriam,
2326 2871 2557 2928 ollicium
2589 2875 2795 2932 scilicet
2841 2878 3257 2952 decantandum,
3327 2884 3553 2939 missam

1945 2973 2162 3030 quoque
2208 2959 2496 3016 celebriter
2540 2965 2903 3035 peragendam
2961 2970 3225 3025 omnibus
3283 2972 3439 3026 annis
3495 2972 3555 3027 in

1946 3047 2136 3118 vigilia
2173 3048 2230 3103 S.
2263 3049 2558 3107 Michaelis.
2593 3053 2756 3108 Facta
2785 3063 2969 3110 autem
2994 3057 3154 3126 hujus
3180 3060 3440 3114 cessionis
3468 3060 3556 3115 vel

252 3147 448 3200 ducere
468 3111 691 3207 cultum”;
723 3143 819 3200 sed
848 3152 905 3199 ut
950 3143 1189 3200 ﬁdelium
1244 3146 1474 3216 populus
1523 3146 1594 3202 de
1645 3148 1839 3218 majori
1869 3111 1919 3173 δ’
1948 3135 2251 3191 donationis
2279 3136 2486 3203 charta,
2511 3156 2652 3196 anno
2675 3111 3082 3199 Iucarnationis
3102 3147 3259 3214 1073,
3293 3157 3556 3218 regnante

245 3235 454 3305 justitia
483 3233 763 3299 sollicitus,
796 3232 865 3288 de
894 3233 1088 3288 minori
1119 3249 1227 3289 non
1257 3235 1454 3289 audeat
1489 3243 1676 3290 contra
1714 3236 1844 3308 glo-

244 3322 372 3378 riari
401 3321 676 3378 inimicus.
709 3322 850 3377 Cum
881 3337 1014 3393 ergo
1069 3321 1144 3376 ita
1197 3322 1323 3388 sint,
1380 3330 1434 3377 et
1468 3339 1577 3378 non
1636 3331 1842 3378 tantum

247 3410 466 3480 divinis,
499 3411 598 3466 sed
649 3410 815 3465 etiam
871 3410 1125 3466 humanis
1179 3411 1582 3482 promulgatum
1637 3419 1845 3467 constet

242 3499 475 3572 legibus,
508 3499 732 3554 dubium
753 3515 863 3554 nou
892 3507 971 3554 est
999 3503 1152 3554 reatu
1181 3499 1480 3571 constringi
1503 3501 1842 3570 praevarica-

243 3588 420 3658 tionis,
446 3587 538 3659 qui
578 3605 644 3644 ex
672 3588 938 3642 industria
966 3587 1151 3642 tollere
1180 3595 1405 3642 conatur
1458 3604 1548 3642 res
1594 3589 1710 3644 Deo
1757 3606 1843 3643 sa-

241 3682 416 3733 cratas
443 3693 579 3732 ausu
641 3676 872 3732 nefaria:
903 3676 1237 3732 temeritatis.
1259 3675 1378 3745 Qua
1424 3677 1493 3732 de
1522 3692 1580 3732 re
1599 3693 1705 3750 ego
1728 3678 1842 3746 jam

241 3765 617 3821 denominatus
647 3765 818 3820 abbas
868 3763 1133 3834 Unaldus,
1189 3765 1262 3820 ob
1309 3764 1620 3834 hujusmodi
1667 3782 1843 3822 coem-

239 3853 502 3924 ptionem,
534 3852 760 3925 largitus
788 3869 906 3907 sum
936 3853 1226 3908 Bertranno
1257 3853 1440 3907 abbati
1475 3854 1724 3910 smculari
1755 3854 1844 3909 tri-

240 3943 392 4014 ginta
421 3941 643 4007 solidos,
677 3941 839 3995 simili
890 3942 1054 3997 modo
1112 3941 1396 3997 Willelmo
1452 3943 1840 4014 cognominato

238 4030 448 4086 siccarii
480 4045 577 4101 pro
603 4031 707 4085 hoc
729 4029 1082 4100 adipiscendo
1135 4029 1274 4085 duos
1329 4046 1520 4103 equos,
1572 4039 1626 4086 et
1677 4047 1838 4086 unam

238 4120 461 4176 unciam
496 4118 630 4185 auri,
662 4134 724 4174 ac
745 4118 951 4173 solidos
982 4118 1284 4180 sexdecim;
1317 4129 1370 4173 et
1399 4119 1628 4174 contulit
1683 4119 1840 4174 nobis

237 4209 377 4264 intra
397 4208 497 4262 hos
525 4207 809 4275 terminos,
842 4207 1050 4262 scilicet
1089 4207 1159 4261 ab
1188 4206 1306 4278 ipsa
1342 4208 1522 4275 Barta,
1564 4208 1705 4263 sicut
1732 4207 1838 4262 ﬁu-

239 4313 364 4352 men
389 4295 549 4352 Tarni
581 4296 848 4359 discurrit.
888 4304 941 4350 et
964 4295 1102 4351 sicut
1126 4295 1389 4366 parochia
1440 4296 1502 4350 S.
1562 4296 1840 4351 Michaelis

237 4385 640 4452 determinatur,
667 4392 719 4438 et
755 4384 826 4438 ab
856 4384 961 4438 alia
985 4387 1142 4454 parte
1164 4383 1359 4438 subtus
1415 4391 1663 4450 stratam,
1720 4401 1839 4457 quae

1952 3223 2199 3293 Philippo
2229 3239 2358 3294 rege
2382 3226 2738 3294 Francorum,
2763 3230 2822 3283 in
2872 3233 3096 3287 manibu
3120 3251 3145 3286 s
3179 3235 3382 3290 domini
3437 3236 3556 3290 Hu-

1950 3310 2110 3380 gouis
2167 3310 2540 3368 Cluniensium
2614 3316 2846 3386 abbatis,
2933 3327 2982 3373 et
3068 3320 3273 3376 domini
3357 3323 3551 3379 Unaldi

1951 3398 2185 3465 abbatis,
2217 3400 2372 3467 cujus
2415 3403 2755 3471 providentia
2803 3412 2855 3460 et
2901 3406 3256 3478 dispositione
3276 3411 3396 3467 haec
3424 3427 3550 3468 om-

1950 3485 2040 3540 nia
2081 3494 2200 3541 acta
2255 3498 2574 3559 noscuntur,
2626 3499 2680 3546 et
2714 3492 2944 3548 aliorum
3002 3496 3230 3553 fratrum
3288 3500 3552 3570 plurimo-

1951 3591 2069 3628 rum
2102 3574 2156 3629 in
2203 3575 2324 3646 ipso
2373 3578 2634 3634 Moisiaco
2677 3581 2792 3637 Deo
2849 3582 3254 3642 famulantium.
3320 3588 3552 3644 Nomina

1950 3671 2130 3718 autem
2169 3680 2378 3735 eorum,
2439 3667 2529 3738 qui
2588 3669 2727 3725 hanc
2775 3671 3127 3732 donationem
3178 3675 3548 3747 ﬁrmaverunt,

1945 3752 2074 3808 haec
2093 3761 2246 3809 sunt:

2019 3842 2345 3898 Bertrannus
2375 3845 2550 3900 abbas
2579 3849 2853 3905 saecularis
2901 3851 3156 3912 ﬁrmavit.

2018 3930 2326 3986 Bernardus
2354 3933 2532 4005 Hugo,
2565 3944 2616 3990 et
2646 3938 2840 3993 fratres
2869 3940 2986 4009 ejus
3013 3943 3386 4004 ﬁrmaverunt.

2017 4017 2292 4073 Willelmi
2322 4020 2590 4090 Siccarrii,
2622 4040 2760 4080 uxor
2788 4034 2841 4080 et
2869 4027 2962 4081 ﬁlii
2993 4030 3116 4099 ejus
3169 4032 3540 4094 ﬁrmaverunt.

2018 4107 2368 4177 Raymundus
2406 4109 2475 4165 de
2518 4111 2764 4180 Podiolo,
2828 4122 2882 4170 et
2937 4117 3027 4171 alii
3077 4120 3235 4176 multi
3288 4122 3544 4183 ﬁrmave-

1946 4203 2089 4249 runt.

2019 4283 2075 4339 Si
2105 4283 2224 4354 quis
2246 4292 2424 4341 autem
2453 4287 2594 4345 hanc
2623 4291 2862 4347 chartam
2876 4293 3019 4364 juris
3049 4297 3308 4355 cessionis
3339 4301 3545 4360 adver-

1947 4372 2238 4440 sariorum,
2271 4374 2361 4429 vel
2391 4383 2536 4432 certe
2567 4375 2818 4448 ﬁliorum,
2845 4380 3066 4439 illorum
3085 4385 3172 4454 qui
3205 4387 3283 4442 eis
3311 4389 3546 4450 heredi-

240 4473 388 4531 ducit
415 4474 484 4527 ad
517 4475 574 4530 S.
605 4472 978 4542 Laurentium,
1011 4472 1148 4528 sicut
1175 4472 1294 4543 ipsa
1323 4473 1587 4544 parochia
1617 4473 1675 4530 S.
1707 4455 1837 4528 hau-

1959 4466 2057 4515 tate
2081 4463 2385 4518 successuri
2414 4472 2556 4532 sunt,
2587 4475 2712 4538 post
2739 4469 2946 4525 obitum
2977 4472 3200 4543 violare,
3229 4492 3328 4532 seu
3358 4479 3546 4550 depra-

239 4563 402 4619 rentii
435 4561 840 4629 determinatur;
900 4569 953 4617 et
1006 4561 1269 4632 parochia
1322 4561 1384 4617 S.
1441 4561 1711 4629 Ausberti,
1771 4562 1842 4618 ita

241 4651 390 4708 dedit
419 4651 487 4707 de
521 4651 796 4718 omnibus,
828 4667 948 4723 quae
977 4649 1115 4706 infra
1145 4651 1244 4705 hos
1275 4651 1533 4706 terminos
1585 4651 1705 4722 ipse
1760 4649 1849 4708 vel

244 4740 342 4795 alii
371 4755 472 4812 per
501 4756 625 4796 eum
666 4748 846 4795 tenere
903 4738 1228 4794 videbantur
1261 4753 1274 4807 ;
1307 4748 1360 4794 et
1404 4739 1646 4795 ﬁrmavit
1699 4741 1837 4810 ipse,

243 4837 296 4886 et
325 4846 463 4886 uxor
492 4831 629 4899 ejus,
661 4837 714 4884 et
749 4829 842 4883 ﬁlii
898 4829 1016 4898 ejus
1073 4829 1408 4884 Raimundus
1433 4837 1486 4884 et
1541 4830 1838 4901 Siquerius.

240 4919 447 4974 Eadem
486 4934 701 4989 quoque
732 4918 942 4974 ratione
972 4916 1276 4972 Raimundo
1307 4918 1376 4973 de
1405 4918 1632 4974 Podiolo
1676 4919 1837 4975 dedi-

242 5025 363 5064 mus
393 5025 558 5064 uuum
589 5024 810 5078 equum,
841 5013 893 5062 et
932 5007 1084 5062 dedit
1130 5005 1272 5062 infra
1319 5007 1419 5063 hos
1456 5009 1721 5064 terminos
1768 5009 1840 5066 ad

243 5095 365 5168 ipsa
440 5098 615 5165 Barta,
673 5105 728 5153 et
773 5097 946 5169 ipsam
1004 5095 1202 5166 tapiam
1251 5095 1656 5166 descendendo,
1706 5097 1840 5153 etin

241 5186 345 5264 hac
385 5186 518 5242 villa
547 5185 817 5259 quidquid
865 5186 983 5256 ipse
1026 5184 1114 5243 vel
1178 5185 1270 5242 alii
1319 5202 1421 5257 per
1465 5203 1589 5243 eum
1637 5188 1840 5243 habere

242 5274 586 5343 videbantur,
617 5283 669 5330 et
697 5275 772 5331 ita
801 5273 1056 5345 ﬁrmavit,
1113 5282 1170 5330 et
1226 5274 1389 5330 debet
1452 5275 1631 5332 facere
1687 5276 1841 5333 fratri

240 5379 338 5419 suo
367 5364 563 5420 eodem
581 5365 743 5420 modo
786 5364 1016 5420 ﬁrmare.
1078 5363 1186 5433 Qui
1229 5363 1482 5420 videlicet
1539 5364 1845 5435 Stephanus

242 5452 468 5509 veniens
497 5452 567 5508 ad
590 5461 840 5523 mortem,
863 5470 985 5510 cum
1009 5453 1236 5510 consilio
1260 5452 1445 5509 fratris
1463 5453 1545 5509 sui
1577 5454 1843 5524 ejusdem,

1949 4565 2079 4604 vare
2099 4550 2185 4604 vel
2214 4566 2584 4624 corrumpere,
2605 4555 2718 4611 sive
2739 4557 2902 4612 etiam
2931 4559 3054 4616 loca
3073 4563 3266 4618 eadem
3289 4566 3550 4639 congredi

1956 4645 2048 4693 aut
2076 4637 2379 4708 depraedari
2408 4643 2707 4712 tentaverit,
2739 4646 2840 4701 hac
2895 4656 3039 4704 sorte
3094 4651 3370 4708 multetur:
3401 4637 3548 4712 'Non

1963 4726 2213 4782 discedat
2241 4743 2275 4782 a
2303 4729 2466 4785 domo
2496 4731 2615 4800 ejus
2643 4732 2810 4804 plaga
2838 4733 3027 4806 leprae,
3055 4737 3221 4795 famis
3235 4748 3284 4796 et
3294 4742 3551 4812 pestilen-

1951 4815 2060 4884 tiae,
2089 4815 2261 4887 gladii
2293 4834 2356 4874 ac
2384 4819 2570 4874 mortis
2597 4820 2906 4878 horrendae.

2690 4919 2788 4974 XI.

2015 5002 2258 5060 Abbatia
2277 5006 2468 5062 sancti
2488 5007 2714 5077 Arnulﬁ
2737 5008 3107 5082 Crispeiemis
3123 5015 3297 5074 datur
3321 5018 3539 5094 Hugoni

2443 5095 2633 5152 abbati
2658 5097 3040 5158 Cluniacensi.

2551 5195 2730 5264 (Anno
2753 5197 2948 5270 1076.)

2048 5278 2225 5351 [σαιι.
2261 5281 2389 5339 Chr.
2421 5280 2493 5351 X,
2524 5285 2650 5352 207,
2689 5301 2777 5342 ex.
2809 5287 3039 5346 chartul.
3071 5291 3465 5368 Cluniacensi.)

2023 5369 2352 5427 Venerando
2372 5371 2551 5428 abbati
2580 5373 2801 5431 Hucom
2847 5385 2902 5434 et
2929 5381 3075 5436 omni
3129 5383 3544 5455 congregationi

1955 5457 2323 5515 Cluniacensis
2345 5460 2601 5534 coenobii,
2623 5463 2806 5523 ΒιλιοΝ
2824 5481 3010 5525 comes
3031 5473 3230 5527 vestrae
3245 5473 3547 5529 sanctitatis

240 5540 530 5598 Raimundi
573 5541 803 5613 scilicet,
839 5558 1058 5600 omnem
1086 5557 1243 5600 suam
1294 5541 1674 5600 decimationis
1724 5559 1849 5616 par-
1952 5546 2212 5617 servulus,
2243 5549 2493 5607 salutem.
