3956 6084
430 292 535 348 967

495 432 698 488 Notum
729 429 798 484 sit
822 434 1012 483 vestrae
1033 418 1357 485 celsitudini,
1377 416 1444 471 he

428 538 528 578 vos
556 520 839 591 plusquam
870 528 1064 568 omnes
1095 508 1346 564 homines
1375 505 1430 560 in
1461 520 1625 560 carne
1682 502 1924 557 viventes
1981 502 2034 554 in

433 611 606 666 Deum
635 606 896 676 diligere;
918 609 1080 672 atque
1111 595 1407 668 proﬁcuum
1443 601 1494 647 et
1518 595 1771 647 honorem
1797 596 2034 644 vestrum

433 699 487 753 in
518 702 788 770 quantum
822 690 980 746 valeo
1012 700 1278 758 quaerere.
1312 681 1563 738 Concedo
1593 681 1774 750 itaque
1805 677 1958 733 vobis
1987 685 2039 732 et

431 767 681 840 omnibus
709 777 1120 835 successoribus
1151 771 1351 828 vestris
1381 770 1655 824 abbatiam
1712 767 1892 822 Sancti
1932 769 2036 819 Ar-

432 871 560 926 nulﬁ
612 885 732 940 quae
785 873 1092 924 constructa
1144 871 1223 916 est
1280 860 1335 914 in
1391 858 1612 914 castello
1669 856 1759 927 qui
1819 862 2041 940 vocatur

436 939 712 1027 Crispi,ut
741 952 962 1007 omnino
993 947 1238 1016 subjecta
1269 945 1340 1000 cit
1367 942 1540 1009 vobis,
1573 949 1624 996 et
1653 948 1711 994 ut
1751 940 1826 993 ibi
1860 939 2038 993 abba-

437 1054 544 1100 tem
597 1043 667 1096 de
718 1041 912 1096 vestris
961 1034 1246 1092 monachis
1303 1031 1535 1103 eligatis,
1591 1029 1681 1098 qui
1739 1027 2036 1082 secundum

435 1133 606 1187 Deum
646 1138 698 1184 et
727 1127 970 1198 regulam
1001 1124 1143 1179 beati
1175 1119 1449 1176 Benedicti
1481 1117 1612 1170 illud
1657 1115 2035 1170 monasterium

442 1236 638 1292 regere
668 1217 863 1288 possit.
896 1214 1033 1268 Volo
1065 1226 1200 1282 ergo
1231 1217 1286 1263 ut
1323 1207 1508 1264 sciatis
1538 1221 1624 1260 me
1680 1204 1869 1259 fecisse
1910 1219 2036 1258 cum

442 1307 669 1364 consilio
697 1314 747 1360 et
777 1319 898 1359 cum
923 1301 1196 1357 voluntate
1222 1312 1477 1352 meorum
1503 1294 1800 1358 hominum,
1831 1292 2041 1347 scilicet

441 1395 734 1464 majorum,
767 1406 974 1446 necnon
1025 1396 1077 1442 et
1132 1401 1316 1457 regem
1375 1385 1517 1438 hanc
1571 1397 1693 1436 meo
1750 1381 2039 1449 deprecatu

438 1483 688 1538 ﬁrmasse
771 1477 1091 1543 chartulam,
1180 1474 1426 1543 Philippo
1508 1469 1757 1525 videlicet
1812 1475 2037 1534 astante,

439 1578 492 1627 et
521 1567 849 1627 concedente
899 1561 1287 1620 Silvanectensi
1318 1557 1576 1629 pontiﬁce
1606 1559 1794 1612 lvone.
1857 1557 2041 1610 Testes

439 1661 633 1715 Simon
692 1655 906 1725 dapifer
978 1651 1214 1708 Simonis
1284 1648 1525 1713 comitis,
1567 1646 1715 1707 Milo,
1776 1645 2035 1701 Orfanus.

511 1747 731 1802 Factum
761 1744 815 1798 in
844 1744 1008 1797 domo
1058 1740 1269 1795 Sanctae
1310 1736 1494 1792 Mariae
1547 1733 1888 1799 Parisiensis,
1947 1735 2034 1790 die
2062 1747 2116 1806 Β

454 1833 757 1891 festivitatis
788 1829 1049 1886 Omnium
1067 1829 1410 1882 Sanctorum.

524 1931 587 1993 p14
621 1922 782 1992 Sign.
825 1918 1056 1988 Philippi
1087 1915 1256 1988 regis.

1180 2013 1306 2066 XII.

451 2107 665 2165 Charta
682 2106 828 2161 Fidis
845 2103 1146 2160 comitissa:
1167 2099 1539 2156 Narbonensis
1552 2098 1618 2153 de
1633 2097 1778 2153 dono
1796 2097 2048 2153 ecclesia:

516 2181 570 2234 S.
598 2179 756 2232 Petri
798 2177 863 2231 de
885 2176 1118 2230 Sermur
1158 2174 1311 2242 [acto
1331 2171 1545 2240 Ηυξ]οηὶ
1591 2170 1959 2224 Cluniacensi
1990 2171 2046 2223 et

523 2249 736 2307 Unaldo
753 2247 938 2302 abbati
964 2243 1312 2300 Moisiacensi
1327 2283 1339 2294 .

1045 2334 1222 2391 (Anno
1269 2330 1450 2398 1077.)

689 2461 700 2468 -
804 2423 977 2495 [οιιιι.
1021 2421 1148 2476 Chr.
1181 2435 1308 2474 nov.
1344 2420 1388 2486 1,
1419 2419 1575 2472 Instr.
1611 2416 1722 2489 38.]

524 2531 786 2588 Noverint
817 2537 924 2584 tam
981 2534 1279 2599 praesentes
1311 2540 1473 2596 quam
1505 2523 1692 2590 futuri,
1752 2522 1895 2592 quod
1943 2537 2048 2592 ego

448 2618 866 2677 vicecomitissa
891 2616 1163 2671 Narbona:
1185 2613 1403 2668 nomine
1434 2611 1600 2678 Fidis,
1652 2611 1706 2664 in
1735 2611 1836 2665 Dei
1867 2610 2048 2664 nomi-

454 2725 523 2764 ne
557 2709 657 2763 sub
704 2708 808 2761 hac
857 2704 1218 2774 descriptione
1249 2702 1394 2755 dono
1427 2699 1657 2754 Domino
1679 2699 1791 2753 Deo
1839 2707 1890 2752 et
1947 2697 2045 2752 SS.

455 2795 716 2868 apostolis
740 2796 900 2848 Petro
927 2801 978 2846 et
1009 2791 1198 2855 Paulo,
1227 2798 1280 2844 et
1310 2788 1526 2859 llugoni
1582 2787 1767 2841 abbati
1824 2786 2048 2840 Clunia-

453 2884 624 2949 censi,
656 2890 708 2936 et
758 2880 970 2936 Unaldo
1018 2879 1204 2932 abbati
1235 2877 1529 2942 Moissiaci,
1576 2883 1629 2930 et
1675 2875 1880 2929 cunctis
1933 2875 2051 2943 ejus

455 2969 884 3035 succedentibus,
916 2971 970 3021 et
999 2965 1326 3020 monasterio
1355 2963 1656 3028 Moissiaco,
1695 2971 1744 3018 et
1801 2962 2052 3016 omnibus

460 3061 535 3114 ibi
569 3061 684 3114 Deo
707 3055 1086 3120 servientibus,
1121 3053 1360 3124 quandiu
1382 3053 1534 3108 locus
1564 3051 1679 3121 ipse
1709 3053 1764 3105 in
1799 3052 1897 3106 Dei
1931 3067 2050 3105 ser-

459 3149 592 3205 vitio
614 3145 926 3217 perstiterit,
960 3143 1248 3198 ecclesiam
1289 3142 1459 3208 illam,
1521 3157 1642 3212 qua:
1699 3140 1923 3194 fundata
1978 3148 2055 3194 est

463 3239 519 3293 in
550 3239 754 3292 honore
776 3236 838 3291 Β.
862 3233 1096 3305 apostoli
1120 3231 1284 3298 Petri,
1323 3231 1376 3284 in
1395 3231 1515 3286 loco
1550 3229 1638 3299 qui
1669 3229 1833 3300 vulgo
1889 3243 2056 3284 voca-

461 3335 544 3381 tur
565 3327 790 3382 Sermur
818 3339 984 3394 super
1011 3322 1210 3376 ﬂumen
1244 3319 1442 3388 Biauri,
1476 3320 1530 3372 in
1568 3318 1885 3389 episcopatu
1941 3318 2057 3373 Ru-

454 3415 724 3482 thenensi,
755 3421 813 3466 ut
844 3412 1078 3465 habeant
1110 3418 1162 3464 et
1190 3409 1508 3480 possideant
1537 3408 1711 3477 ipsam
1769 3405 2055 3462 ecclesiam

461 3519 583 3559 cum
616 3501 871 3558 omnibus
899 3500 970 3555 ad
992 3515 1110 3554 eam
1168 3498 1247 3552 ibi
1302 3496 1698 3568 pertinentibus
1746 3495 1800 3549 in
1856 3510 2057 3564 perpe-

459 3599 633 3645 tuum.
667 3591 824 3644 Dono
853 3588 1012 3642 etiam
1045 3585 1364 3656 etzconcedo
1394 3600 1498 3656 ego
1547 3584 1857 3654 supradicta
1913 3582 2058 3636 Fidis

457 3677 859 3732 vicecomitissa
910 3683 1078 3729 totum
1109 3681 1350 3727 montem
1378 3689 1546 3741 usque
1577 3673 1632 3725 in
1687 3671 1887 3725 collum
1919 3671 2054 3724 alte-

462 3771 575 3820 rius
593 3765 815 3830 montis,
871 3764 968 3833 qui
997 3770 1220 3816 vocatur
1247 3761 1333 3814 del
1367 3761 1572 3825 Poieth,
1607 3777 1638 3813 a
1683 3768 1834 3830 parte
1886 3775 2055 3829 supe-

460 3853 594 3907 riori
626 3868 657 3906 a
687 3851 802 3906 rivo
831 3851 1032 3915 Naosa,
1051 3864 1224 3919 usque
1254 3849 1311 3902 in
1349 3849 1527 3914 Biaur,
1547 3848 1685 3902 sicut
1713 3848 1874 3902 ambo
1903 3849 2056 3902 clau-

462 3941 595 3995 dunt
614 3939 805 3994 ambos
839 3946 1070 4005 montes,
1103 3937 1318 3992 alodem
1351 3945 1403 3992 et
1437 3937 1640 4003 fevum,
1692 3945 1744 3992 et
1799 3937 2056 3992 vicariam

460 4029 698 4099 undique
729 4027 919 4082 silvam
951 4042 1072 4096 qum
1101 4027 1273 4081 monti
1295 4025 1360 4080 ad
1364 4027 1512 4096 jacet
1546 4045 1557 4089 ;
1595 4025 1800 4093 vineas,
1850 4026 2054 4094 hortos,

459 4118 672 4182 domos,
705 4115 1068 4183 molendinos,
1100 4115 1380 4185 piscarias,
1428 4115 1624 4180 fontes,
1674 4115 1948 4186 ingressus
2005 4122 2059 4168 et

459 4222 732 4277 egressus.
783 4203 1042 4259 Similiter
1097 4204 1238 4259 dono
1295 4211 1462 4273 caput
1495 4220 1752 4259 mansum
1782 4203 2056 4258 deCesai-

459 4302 602 4349 rent.
633 4295 786 4348 Hanc
808 4293 973 4364 igitur
1027 4292 1398 4360 donationem,
1441 4299 1498 4346 ut
1526 4291 1682 4346 ﬁrma
1735 4308 1796 4346 ac
1851 4291 2060 4347 stabilis

459 4388 770 4453 perseveret
801 4381 960 4446 facio,
995 4395 1119 4436 cum
1163 4380 1477 4435 auctoritate
1533 4379 1738 4434 domini
1768 4381 1906 4435 Petri
1939 4381 2056 4434 Ru-

1604 273 1667 329 S.
1709 269 1907 327 HUGO
1933 264 2155 328 ABBAS
2198 265 2523 324 CLUNIAC.

1449 415 1690 470 minime
1729 415 1904 480 pater,
1939 428 2026 467 me
2054 395 2108 460 Α
2139 392 2396 450 Bernardi
2447 390 2700 448 monachi
2756 396 3128 463 c0gnomento
3207 388 3517 455 Guillelmi,
3600 388 3763 456 cujus

3655 261 3758 316 968

2143 482 2321 536 studio
2370 483 2472 536 hoc
2525 481 2724 536 factum
2765 487 2865 546 est,
2899 488 2951 533 et
2990 479 3180 534 Vitalis
3234 477 3436 545 clerici,
3498 493 3658 532 anno
3692 478 3763 531 ab

2144 569 2511 624 incarnatione
2531 568 2746 623 Domini
2764 567 3056 622 millesimo
3072 565 3476 638 septuagesimo
3489 567 3761 637 septimo,

2147 663 2414 728 regnante
2461 657 2710 728 Philippo
2761 671 2912 727 rege,
2971 655 3113 708 sedis
3142 655 3329 710 Romae
3364 652 3760 725 pontiﬁcatum

2148 753 2359 802 tenente
2387 745 2591 800 domno
2615 744 2919 799 Alexandro
2938 759 3080 814 papa
3101 745 3278 812 (147).

2219 835 2448 906 Signum
2480 834 2629 889 Fidis
2658 833 3094 899 vicecomitissae,
3149 847 3269 902 qua
3321 833 3461 888 hanc
3505 833 3762 888 chartam

2147 924 2260 979 fieri
2287 924 2469 994 jussit,
2493 931 2546 978 et
2575 921 2800 977 testibus
2827 921 3041 977 ﬁrmare
3069 921 3307 992 rogavit.

2223 1015 2451 1086 Signum
2504 1012 2647 1066 Petri
2667 1010 2914 1081 episcopi
2945 1010 3324 1077 Ruthenensis,
3366 1016 3422 1064 et
3476 1009 3666 1066 Pontii
3698 1009 3766 1065 de

2145 1105 2433 1167 Cassanas,
2465 1109 2523 1156 et
2553 1100 2723 1156 Pontii
2745 1100 2814 1154 de
2845 1100 3026 1154 Panat.

2218 1190 2450 1265 Signum
2480 1189 2728 1261 Hugonis
2757 1187 3044 1258 Stephani.
3075 1191 3274 1245 Amen.

2861 1276 3016 1332 XIII.

2149 1369 2362 1426 Charta
2391 1369 2637 1440 [lagonis
2671 1366 2976 1440 Stephani,
2997 1367 3329 1440 presbyteri,
3357 1366 3425 1423 de
3442 1366 3762 1424 donatione

2741 1439 2949 1493 eisdem
2979 1439 3157 1508 facta.

2746 1528 2924 1594 (Anno
2956 1527 3140 1590 1077.)

2266 1615 2531 1690 [Histoire
2551 1616 2619 1672 de
2645 1615 2987 1686 Languedoc,
3013 1616 3082 1683 II,
3117 1617 3369 1684 Preuves,
3393 1632 3450 1686 p.
3475 1615 3635 1688 295.]

2216 1706 2477 1761 Noverint
2495 1720 2704 1771 omnes,
2737 1713 2864 1770 etc.,
2899 1703 3043 1775 quod
3072 1717 3181 1774 ego
3202 1703 3256 1757 in
3285 1703 3383 1758 Dei
3414 1705 3641 1759 nomine
3672 1705 3758 1760 di-

2154 1802 2270 1849 ctus
2298 1795 2458 1864 Hugo
2489 1793 2744 1862 Stephani
2777 1793 3073 1863 presbyter,
3107 1792 3253 1846 dono
3273 1790 3373 1844 sub
3404 1793 3508 1847 hac
3547 1793 3760 1848 descri-

2153 1891 2244 1954 pta
2274 1882 2617 1938 attestatione
2634 1881 2890 1936 Cluniaco
2906 1879 3156 1936 cmnobio
3187 1887 3347 1949 atque
3368 1881 3556 1936 abbati
3586 1883 3759 1952 ipsius

2154 1971 2256 2026 loci
2288 1971 2494 2027 domno
2525 1969 2858 2040 Hugoni.....
2893 1969 3161 2039 simulque
3191 1970 3520 2024 monasterio
3586 1971 3757 2025 Mais-

2155 2059 2382 2114 siaci....
2414 2058 2703 2112 ecclesiam
2736 2057 2883 2111 illam
2909 2073 3030 2128 quae
3051 2057 3277 2112 fundata
3334 2066 3415 2112 est
3461 2059 3516 2112 in
3548 2059 3762 2114 honore

2157 2147 2298 2202 beati
2330 2147 2697 2216 apostolorum
2719 2146 2982 2216 principis
3015 2146 3174 2211 Petri,
3210 2146 3265 2200 in
3289 2146 3411 2202 loco
3439 2147 3534 2201 ubi
3591 2149 3762 2220 vulgo

2157 2235 2356 2289 dicitur
2382 2235 2605 2290 Sermur
2633 2250 2797 2304 super
2824 2233 3048 2288 ﬂuvium
3071 2234 3272 2302 Biauri,
3330 2235 3384 2288 in
3442 2236 3764 2307 episcopatu

2084 2347 2090 2352 ·
2155 2323 2553 2378 Ruthennesi...
2585 2323 2727 2378 hanc
2742 2322 2909 2395 igitur
2936 2337 3113 2378 meam
3133 2321 3480 2379 donationem
3502 2332 3564 2377 ut
3608 2322 3772 2378 ﬁrma

2157 2427 2221 2467 ac
2244 2411 2453 2466 stabilis
2477 2420 2810 2481 perseveret,
2855 2428 2976 2466 cum
2999 2411 3318 2467 auctoritate
3370 2411 3518 2468 facio
3573 2412 3765 2467 domni

2161 2501 2311 2555 Petri
2342 2500 2699 2555 Ruthenensis
2729 2499 2990 2570 episcOpi,
3022 2499 3290 2570 simulque
3321 2516 3443 2554 cum
3478 2501 3774 2556 consilioet

2165 2590 2442 2644 voluntate
2492 2589 2639 2643 Fidis
2695 2588 3102 2644 vicecomitissae
3156 2590 3314 2658 cujus
3357 2589 3597 2644 alodium
3657 2599 3773 2645 erat

2158 2677 2312 2733 locus
2349 2677 2487 2748 ipse,
2539 2685 2594 2731 et
2643 2693 2768 2732 cum
2811 2693 3078 2732 consensu
3127 2677 3402 2748 simulque
3431 2677 3772 2734 exhibitione

2159 2765 2338 2820 Pontii
2373 2767 2442 2820 de
2466 2765 2756 2833 Cassanas,
2789 2782 2852 2820 ac
2884 2766 3056 2820 Pontii
3087 2766 3155 2820 de
3184 2768 3354 2821 Panat
3380 2775 3433 2820 et
3462 2765 3647 2821 fratris
3691 2779 3769 2832 sui

2158 2858 2320 2925 atque
2371 2863 2627 2924 nepotum
2658 2869 2906 2910 meorum
2955 2855 3220 2922 omnium,
3257 2854 3497 2910 Aicfredi
3559 2871 3776 2926 quoque

2161 2944 2487 3016 Berengarii
2536 2949 2590 2998 et
2626 2943 2813 2997 fratris
2864 2943 3028 3009 illius,
3091 2943 3182 3014 qui
3204 2943 3469 2999 honorem
3515 2944 3695 3013 ipsum
3722 2945 3775 2998 in

2165 3031 2347 3088 fevum
2378 3032 2749 3102 possidebant.
2782 3032 3035 3087 Concedo
3065 3032 3226 3086 etiam
3259 3047 3364 3103 ego
3394 3031 3516 3101 ipse
3546 3048 3770 3101 praeno-

2085 3096 2134 3159 Ο
2165 3096 2398 3177 minatus
2429 3122 2587 3192 Hugo
2645 3136 2767 3176 cum
2799 3119 3055 3175 omnibus
3098 3096 3434 3190 supradictis
3483 3096 3771 3187 militibus,

2165 3220 2306 3278 etc.,
2337 3225 2479 3264 anno
2510 3208 2899 3264 lncamationis
2921 3208 3138 3264 Domini
3170 3210 3326 3277 1077,
3347 3217 3612 3280 regnante
3641 3209 3763 3262 Phi-

2165 3300 2335 3370 lippo,
2371 3300 2703 3354 Francorum
2725 3313 2874 3369 rege.
2908 3298 3108 3352 domno
3136 3297 3521 3368 Alexandro“.
3558 3297 3765 3368 Grego-

2165 3388 2266 3459 rio]
2308 3390 2549 3442 Romano
2587 3385 2862 3458 pontiﬁce,
2909 3386 2968 3441 S.
3022 3386 3168 3441 Fidis
3216 3385 3648 3452 vicecomitissae,
3711 3393 3760 3439 et

2168 3476 2336 3532 Pontii
2362 3478 2430 3532 de
2460 3476 2762 3540 Cassanias,
2795 3485 2898 3530 etc.

2875 3564 3022 3620 XIV.

2168 3657 2380 3712 Charta
2406 3655 2678 3711 Bernardi
2708 3654 2932 3712 comitis
2962 3653 3398 3710 Bisuldunensis
3423 3655 3760 3712 CamnioRo-

2239 3728 2810 3792 tundi,AruIensem.
2843 3729 2899 3780 et
2933 3727 2987 3780 S.
3031 3726 3200 3780 Pauli
3227 3726 3293 3780 de
3345 3726 3481 3781 oleis
3509 3726 3766 3782 abbatias

2236 3799 2452 3868 Hugoni
2483 3797 2672 3852 abbati
2713 3797 3101 3868 Cluniacensi:
3122 3797 3185 3850 in
3215 3811 3394 3850 mann
3434 3798 3635 3868 Unaldi
3665 3801 3766 3852 ab-

2237 3869 2301 3922 ba
2311 3867 2383 3922 tis
2405 3869 2778 3924 Moisiacensis
2793 3867 3113 3923 consobrini
3131 3868 3221 3922 sui
3239 3867 3635 3936 reformandas
3648 3869 3768 3923 sub.

2232 3940 2504 4009 iicicntis.

2767 4025 2945 4097 (Anno
2975 4027 3157 4096 1078.)

2515 4115 2683 4189 [GalL
2717 4115 2850 4172 Chr.
2871 4131 2998 4172 nov.
3023 4117 3066 4184 l,
3099 4113 3264 4170 Instr.
3298 4115 3406 4188 39.]

2240 4205 2508 4262 Omnibus
2564 4206 2621 4260 in
2659 4212 2924 4260 aeternum
2981 4203 3330 4259 manifestum
3379 4204 3446 4259 sit
3503 4204 3760 4275 quoniam

2165 4310 2271 4367 ego
2301 4293 2650 4348 Bsnmanus
2671 4309 2860 4350 comes
2878 4291 3286 4347 Bisuldunensis
3302 4291 3495 4347 videns
3511 4291 3763 4362 quaedam

2167 4383 2513 4450 monasteria,
2547 4399 2665 4453 quae
2693 4382 2824 4436 mihi
2854 4381 3220 4438 succedebant
3247 4397 3314 4435 ex
3362 4379 3764 4453 propinquitate

459 4470 736 4528 thenensis
766 4469 1032 4540 episcOpi,
1062 4476 1115 4524 et
1143 4469 1389 4537 consilio,
1432 4477 1487 4524 et
1515 4469 1816 4525 voluntate.
1851 4469 1908 4524 Si
1938 4470 2057 4541 quis
2084 4447 2137 4506 D
2169 4480 2573 4527 antecessorum
2612 4487 2875 4538 meorum,
2909 4487 2940 4526 a
2959 4469 3259 4526 monastico
3277 4469 3484 4537 ordine,
3509 4478 3568 4524 et
3593 4484 3762 4540 regu-

456 4576 587 4617 vero
617 4567 820 4615 nostrae
842 4557 929 4614 vel
959 4558 1250 4628 cujuslibet
1279 4557 1695 4630 propinquitatis
1757 4559 1896 4614 hanc
1951 4575 2056 4615 no-

457 4655 628 4705 stram
657 4647 1007 4704 donationem
1039 4663 1200 4716 quam
1231 4661 1335 4718 ego
1357 4646 1494 4702 facio
1525 4662 1626 4716 pro
1639 4647 1882 4717 peccatis
1898 4649 2053 4720 meis,

458 4745 512 4794 et
540 4736 917 4806 redemptione
938 4734 1132 4790 anima:
1161 4734 1331 4806 patris
1359 4735 1490 4804 mei,
1522 4742 1572 4789 et
1593 4735 1803 4804 matris,
1855 4744 1908 4792 et
1943 4751 2053 4792 om-

456 4827 606 4880 nium
633 4831 917 4895 parentum
939 4839 1202 4892 meorum,
1231 4823 1458 4894 violare,
1491 4831 1581 4879 aut
1609 4824 1852 4880 alienare
1907 4842 2054 4896 pra:-

459 4912 752 4984 sumpserit
783 4929 796 4975 ;
830 4913 886 4965 in
913 4912 1104 4983 primis
1133 4912 1265 4966 iram
1297 4913 1416 4981 Dei,
1475 4920 1529 4968 et
1572 4913 1810 4968 omnium
1841 4922 2055 4969 sancto-

457 5015 582 5054 rum
613 4999 884 5063 incurrat;
917 5000 1114 5055 deinde
1143 5001 1330 5056 domui
1363 5016 1520 5072 papae
1548 5001 1695 5056 illius
1719 5002 1978 5073 temporis
1999 5009 2054 5058 et

457 5095 769 5145 cunctorum
800 5086 1062 5156 ﬁdelium,
1096 5103 1376 5160 quousque
1419 5090 1704 5160 resipiscat
1758 5099 1812 5146 et
1839 5092 2052 5147 satisfa-

455 5177 564 5233 ciat
617 5175 935 5231 auctoritate
983 5185 1036 5231 et
1087 5184 1354 5248 potestate
1383 5177 1724 5234 damnentur.
1758 5179 1918 5235 Facta
1935 5179 2040 5236 do-

450 5265 597 5324 natio
638 5265 745 5321 ista
779 5263 834 5319 iu
890 5264 1142 5320 manibus
1198 5265 1636 5337 supradictorum
1690 5266 1948 5325 abbatum
1989 5278 2045 5326 et

526 5443 674 5515 (117)
705 5443 870 5499 Error
897 5449 980 5498 est
999 5440 1316 5515 manifestus
1349 5444 1404 5498 in
1443 5443 1670 5515 hujusce
1696 5448 1896 5505 chartae
1940 5465 2046 5505 nu-

456 5513 677 5571 mericis
706 5515 865 5583 notis,
899 5530 1023 5569 nam
1054 5513 1365 5588 Alexander
1391 5513 1536 5588 papa
1592 5532 1733 5574 anno
1764 5522 1902 5575 1077
1931 5521 2047 5577 Ro-

455 5597 632 5642 manae
661 5602 769 5642 non
796 5591 1030 5658 praeerat
1079 5585 1358 5654 Ecclesia,
1389 5585 1553 5658 quam
1579 5598 1749 5644 morte
1765 5591 2052 5664 reliquerat

2165 4561 2261 4615 lari
2292 4560 2402 4616 vita
2422 4559 2636 4630 penitus
2657 4558 2922 4625 deviasse,
2980 4573 3078 4628 pro
3124 4557 3441 4613 remissione
3492 4566 3759 4628 peccato-

2164 4665 2279 4704 rum
2311 4665 2578 4717 meorum,
2639 4657 2798 4719 atque
2845 4647 3088 4704 remedio
3118 4647 3424 4703 animarum
3454 4646 3624 4718 patris
3652 4645 3759 4700 mei

2164 4746 2218 4794 et
2267 4738 2453 4793 matris
2499 4754 2636 4793 meae
2684 4738 2734 4792 in
2776 4737 2971 4792 melius
3024 4736 3279 4792 ordinare
3309 4735 3577 4807 disposui.
3643 4735 3758 4791 Hoc

2161 4827 2327 4899 igitur
2354 4825 2555 4880 salubri
2585 4825 2808 4882 consilio
2855 4833 3096 4896 accepto,
3149 4825 3463 4881 auctoritate
3515 4839 3757 4880 meorum

2160 4916 2438 4972 hominum
2473 4916 2618 4970 dono
2647 4915 2745 4970 sub
2763 4915 2926 4986 legali
2946 4915 3219 4985 descripto
3238 4914 3594 4985 omnipotenti
3616 4914 3754 4978 Deo,

2159 5005 2467 5075 sanctisque
2489 5003 2751 5075 apostolis
2795 5003 2914 5074 ejus
2968 5003 3122 5059 Petro
3177 5011 3232 5058 et
3281 5002 3447 5058 Paulo
3482 5002 3606 5058 loco
3635 5001 3758 5056 Clu-

2158 5095 2314 5150 niaco
2360 5101 2522 5166 atque
2569 5093 2754 5148 abbati
2809 5092 3118 5149 venerando
3162 5092 3362 5147 domno
3401 5091 3638 5162 Hugoni,
3703 5098 3755 5145 et

2155 5183 2410 5240 omnibus
2463 5183 2582 5253 ejus
2636 5181 3062 5248 successoribus,
3087 5179 3327 5253 quandiu
3352 5181 3502 5235 locus
3540 5178 3766 5238 Clunia.

2156 5288 2256 5329 cus
2307 5273 2365 5328 in
2389 5270 2577 5328 ordine
2602 5271 2898 5344 perstiterit
2925 5288 2939 5337 ;
2971 5270 3312 5337 electionem,
3340 5277 3394 5325 et
3426 5268 3755 5325 dominatio.

2156 5452 2426 5581 ῗόἓξονὶο
2451 5453 2546 5509 VII
2574 5451 2733 5508 1073.
2761 5451 2947 5522 Itaque
2975 5463 3074 5522 pro
3104 5449 3242 5504 1077
3272 5447 3565 5522 legendum
3614 5446 3758 5506 forte
