4032 6078
265 340 367 399 969

1078 338 1537 400 DIVERSORUM
1578 338 2032 399 DONATIONES
2087 342 2211 397 PlE
2255 341 2390 399 PRO
2430 341 2745 401 CLUNIAC.

3474 355 3576 409 970

264 501 385 542 nem
416 484 724 542 monasterii
756 485 818 542 S.
838 485 979 541 Petri
1019 483 1476 556 Campi-Rotundi
1525 485 1579 539 in
1637 483 1857 541 Gerun-
1888 467 1943 528 Α
1974 484 2061 540 cui
2091 485 2320 541 domnus
2348 487 2507 559 Hugo
2538 495 2719 544 noster
2737 504 3031 561 germanus
3060 506 3299 562 praeesse
3341 492 3576 564 videtur,

267 574 423 633 densi
454 575 743 641 territorio,
786 582 947 648 atque
1002 573 1317 630 monasterii
1364 575 1422 628 Β.
1482 573 1666 629 Mariae
1722 573 1868 646 quod

267 663 464 722 dicitur
490 664 701 731 Arulas,
733 661 789 717 in
815 663 1067 719 Elenensi
1098 660 1333 719 conﬁnio
1367 681 1379 717 :
1444 662 1715 732 simulque
1754 677 1868 717 mo-

267 752 485 810 nasterii
517 753 575 809 8.
619 751 767 806 Pauli
788 751 843 805 in
873 736 1015 808 valle
1046 750 1202 822 Oley,
1234 750 1290 805 in
1314 751 1652 806 Narbonensi
1691 765 1865 822 pago;

266 851 324 898 ut
362 849 583 899 teneant
606 849 661 896 et
689 839 936 896 ordinent
964 841 1228 911 praedicta
1258 839 1606 903 monasteria,
1666 854 1869 894 secun-

267 933 395 988 dum
425 929 674 1003 regulam
693 929 749 985 S.
775 929 1051 985 Benedicti
1082 929 1136 983 in
1157 937 1504 999 perpetuum.
1573 928 1641 983 Ut
1689 932 1871 981 autern

267 1022 393 1077 haec
420 1035 545 1075 mea
590 1018 766 1075 cessio
821 1019 1037 1073 stabilis
1083 1025 1426 1089 permaneat,
1478 1015 1758 1071 abbatiam
1813 1017 1869 1072 S.

269 1110 454 1164 Mariae
480 1109 549 1164 de
576 1108 754 1163 Arulis
774 1106 842 1163 de
871 1105 978 1161 illis
1008 1106 1098 1176 qui
1142 1106 1196 1160 in
1258 1106 1440 1162 fevum
1502 1106 1876 1177 acquisierant

270 1198 512 1259 redemi;
546 1197 749 1253 scilicet
786 1213 818 1252 a
874 1195 1141 1251 Guifredo
1198 1194 1543 1250 Narbonensi
1589 1194 1874 1263 archiepi-

276 1302 446 1357 scopo
474 1293 687 1341 centum
718 1284 908 1340 uncias
939 1288 1075 1353 auri,
1138 1292 1190 1339 et
1238 1284 1306 1338 ab
1366 1283 1603 1338 Arnaldo
1657 1283 1879 1352 Arualdi

278 1385 494 1433 centum
525 1376 715 1429 uncias
749 1373 885 1441 auri,
920 1381 971 1427 et
1001 1372 1054 1426 in
1074 1375 1189 1427 vita
1221 1389 1314 1427 sua
1342 1372 1524 1427 dimisi
1554 1372 1602 1426 ei
1634 1372 1701 1427 de
1756 1372 1879 1441 ipso

279 1467 484 1520 honore
504 1461 899 1534 cappellaniam
928 1462 982 1515 in
1014 1461 1244 1517 ecclesia
1274 1462 1329 1517 S.
1367 1461 1514 1515 Petri
1537 1461 1606 1515 de
1625 1460 1877 1526 Albania,

280 1562 440 1624 atque
469 1568 662 1607 omnes
694 1552 848 1606 fevos
903 1550 1156 1616 militum,
1198 1566 1334 1621 quos
1391 1550 1445 1603 in
1502 1547 1880 1603 Bisuldunensi

286 1641 516 1698 conﬁnio
565 1641 621 1696 S.
681 1640 847 1694 Maria
904 1639 1142 1694 habebat
1190 1639 1397 1708 absque
1446 1637 1570 1692 fevo
1626 1634 1881 1691 Bernardi

286 1730 589 1795 Adalberti,
620 1738 670 1784 et
702 1728 969 1783 Willelmi
1005 1727 1245 1800 Sagarii.
1271 1726 1532 1781 Similiter
1566 1727 1728 1780 etiam
1777 1726 1880 1779 ab-

1976 573 2217 646 aliquam
2249 581 2461 647 partem
2483 592 2554 632 ex
2592 578 2756 633 rebus
2799 580 2954 647 meis,
3004 596 3125 651 qua
3182 581 3300 638 sitae
3355 591 3479 637 sunt
3523 583 3578 637 in

1975 679 2122 735 pago
2153 666 2649 737 Augustodunensi,
2676 676 2729 722 et
2756 667 2808 723 in
2831 668 2959 724 villa
2990 685 3111 741 quae
3170 679 3391 727 vocatur
3428 673 3575 727 Mar—

1977 752 2232 820 ciniacus,
2265 755 2548 810 ecclesiam
2606 757 2833 822 scilicet,
2868 774 3030 828 quam
3070 775 3169 830 pro
3189 761 3565 830 redemptione

1975 844 2352 911 peccaminum
2384 860 2627 900 meorum
2658 846 2728 900 ab
2750 846 2878 917 ipsis
2910 847 3275 904 fundamentis
3310 848 3579 905 aediﬁcare

1978 931 2161 1001 cupio,
2195 931 2248 985 in
2276 942 2597 1003 perpetuum
2627 936 2806 1004 trado,
2840 952 3050 991 necnon
3083 945 3189 992 tres
3222 954 3367 993 meas
3385 940 3580 995 conde-

1979 1020 2156 1075 minas
2180 1029 2339 1091 atque
2358 1021 2580 1076 boscum
2613 1040 2811 1091 meum,
2848 1026 3113 1095 simulque
3189 1043 3403 1097 parum,
3464 1035 3577 1082 ter—

1981 1124 2205 1179 ramque
2237 1115 2406 1164 totam
2437 1111 2637 1165 cultam
2678 1120 2730 1167 et
2761 1113 3037 1180 incultam,
3072 1131 3232 1184 quam
3260 1115 3336 1169 ibi
3392 1116 3582 1171 videor

1983 1197 2182 1251 habere
2220 1198 2571 1254 dominicam.
2633 1201 2784 1255 Hanc
2841 1202 3187 1258 donationem
3262 1202 3407 1260 dono
3467 1206 3583 1261 Deo

1985 1286 2406 1359 supradictoque
2424 1289 2544 1343 loco
2574 1305 2673 1358 pro
2705 1290 2949 1344 remedio
2982 1292 3177 1347 animae
3209 1308 3349 1347 meae
3380 1301 3431 1347 et
3478 1310 3583 1363 pa-

1986 1383 2193 1428 rentum
2226 1392 2493 1441 meorum,
2518 1386 2784 1432 annuente
2814 1379 3010 1433 comite
3058 1381 3345 1446 Tetbaldo,
3401 1381 3586 1436 fratri-

1987 1463 2193 1531 busque
2224 1465 2349 1529 mei,
2381 1466 2593 1519 Andrea
2624 1474 2676 1519 et
2735 1466 3025 1533 Dalmatio,
3079 1469 3392 1540 cunctisque
3452 1471 3585 1525 meis

1989 1550 2241 1606 ﬁdelibus
2272 1553 2715 1623 astipulantibus.

2715 1662 2859 1716 XVI.

1998 1747 2230 1801 Litlcrre
2271 1746 2517 1804 Guarim’
2563 1752 2789 1805 comitis
2830 1753 3197 1806 Rosnaccnsi’s
3228 1751 3294 1807 de
3345 1754 3594 1810 Ecclesia

284 1818 488 1873 batiam
510 1818 567 1873 S.
607 1818 754 1871 Pauli
795 1832 828 1871 a
888 1818 1045 1872 Petro
1100 1816 1423 1872 vicecomite
1480 1814 1881 1879 Fenolensium,

2039 1837 2264 1892 Sanctae
2297 1839 2623 1907 Margaretaa
2653 1840 2785 1894 data
2820 1844 3164 1895 monasterio
3198 1842 3584 1900 Cluniacensi.

281 1923 437 1978 quam
509 1907 564 1961 in
622 1905 746 1962 levo
778 1906 1100 1979 acquisierat
1173 1906 1365 1960 redimi
1435 1912 1649 1961 centum
1701 1902 1885 1958 uncias

282 1997 418 2065 auri,
452 2004 505 2051 et
532 1996 661 2050 dum
683 1995 884 2051 vixerit
923 1995 1102 2049 dimisi
1155 1995 1204 2049 ei
1263 1995 1330 2048 de
1388 1995 1505 2064 ipso
1559 1994 1765 2047 honore
1823 1991 1880 2047 S.

281 2085 435 2140 Pauli
465 2084 646 2139 villam
678 2101 799 2154 quae
821 2083 1017 2139 dicitur
1045 2084 1214 2137 Mauri
1249 2126 1262 2149 ,
1295 2083 1515 2153 insuper
1545 2097 1733 2136 omnes
1763 2096 1884 2135 ma-

279 2172 361 2228 las
390 2173 826 2240 consuetudines,
858 2172 1149 2237 botaticos,
1182 2172 1455 2243 albergas,
1492 2179 1653 2241 atque
1706 2169 1883 2241 tragi-

289 2277 405 2331 nas,
448 2270 503 2317 et
559 2277 747 2317 omnes
793 2270 1045 2329 torturas,
1104 2277 1238 2333 quas
1292 2275 1396 2331 ego
1446 2261 1724 2327 hactenus,
1799 2258 1889 2313 vel

283 2365 474 2406 omnes
504 2360 880 2406 antecessores
912 2351 1017 2405 mei
1039 2352 1093 2404 in
1124 2350 1259 2419 ipsis
1285 2348 1583 2404 honoribus
1604 2346 1890 2417 praedicto-

282 2456 402 2496 rum
428 2440 880 2505 monasteriorum
910 2439 1190 2511 inquirere
1241 2437 1581 2501 videbamur,
1642 2435 1886 2489 funditus

283 2528 521 2585 dimitto.
561 2529 724 2584 Istam
749 2528 1023 2600 siquidem
1061 2526 1588 2592 donationem,sicut
1598 2526 1716 2595 jam
1752 2523 1887 2593 dixi,

281 2618 355 2673 ita
378 2619 502 2689 jure
530 2626 791 2689 perpetuo
819 2618 1111 2672 tenendam
1142 2634 1260 2670 esse
1322 2616 1445 2670 volo
1489 2633 1503 2681 ;
1554 2622 1611 2668 ut
1666 2612 1710 2667 si
1766 2612 1887 2682 quis

283 2722 426 2774 eam,
457 2708 601 2780 quod
658 2707 821 2769 absit,
870 2707 1081 2760 violare
1146 2704 1450 2772 tentaverit,
1519 2702 1619 2756 sub
1682 2700 1890 2770 judicio

284 2791 511 2852 Romani
538 2794 816 2866 pontiﬁcis
845 2793 1265 2850 examinandum
1298 2809 1415 2848 esse
1445 2792 1715 2864 relinquo.
1780 2790 1889 2844 Fa-

282 2893 425 2940 ctum
455 2894 537 2941 est
566 2894 748 2939 autem
778 2884 938 2953 hujus
974 2898 1110 2938 mea:
1168 2880 1535 2937 concessionis
1592 2887 1890 2934 testamen-

291 2973 487 3027 tumin
520 2972 770 3027 manibus
815 2971 1125 3028 cbarissimi
1171 2973 1282 3026 mei
1340 2969 1651 3026 consobrini
1699 2967 1889 3022 domni

285 3060 523 3117 Hunaldi
552 3061 765 3116 abbatis
794 3059 1189 3130 Moisiacensis,
1222 3075 1362 3115 anno
1380 3058 1680 3114 Dominicae
1704 3059 1891 3111 Incar-

280 3149 515 3205 nationis
547 3151 705 3217 1078,
738 3165 848 3205 aera
876 3163 1068 3216 ncxvi,
1101 3148 1370 3220 Gregorio
1404 3146 1495 3202 VII
1516 3162 1661 3217 papa
1678 3142 1889 3215 pontiﬁ-
1917 3166 1965 3228 ρ
1997 3175 2147 3229 mino
2170 3176 2509 3232 deservirem
2535 3182 2590 3229 et

282 3248 465 3295 catum
522 3239 709 3294 Romae
766 3243 1000 3307 tenente,
1041 3237 1298 3307 Philippo
1348 3236 1675 3289 Francorum
1757 3248 1888 3303 rege

280 3336 548 3400 regnante
560 3368 573 3381 .

350 3416 588 3473 Testium
620 3415 909 3485 vocabula,
942 3414 1038 3488 qui
1095 3416 1200 3471 hoc
1244 3412 1652 3470 afﬁrmaverunt
1701 3411 1891 3465 subtus

282 3513 407 3561 sunt
435 3505 656 3576 scripta.

353 3594 476 3667 Ego
499 3594 836 3649 Bertrandus
866 3607 1053 3650 comes
1081 3591 1310 3661 afﬁrmo,
1344 3607 1411 3647 ac
1442 3590 1673 3663 propriis
1719 3588 1894 3644 mani-

288 3681 393 3738 bus
420 3683 495 3737 ita
522 3682 808 3754 consigno,

354 3771 401 3842 -ι-
432 3770 489 3827 8.
533 3770 707 3825 Pontii
737 3769 1008 3842 Bledger.

357 3859 419 3916 8.
460 3858 721 3915 Udalardi
753 3857 1115 3913 vicecomitis.

356 3948 393 4003 S
405 3988 419 4002 .
455 3947 736 4002 Adalberti
757 3946 1040 4002 Gausberti
1055 3986 1067 3999 .

359 4036 421 4091 S.
461 4036 680 4091 Arualdi
710 4034 952 4091 Geraldi.

360 4125 424 4182 S.
463 4125 603 4181 Petri
621 4123 932 4181 Gausberti.

361 4214 425 4270 8.
468 4213 766 4270 Gausberti
794 4213 959 4268 Petri.

293 4408 521 4467 Charta
558 4408 826 4480 Gau/ridi
849 4407 1073 4473 militis,
1093 4408 1298 4478 fratris
1328 4407 1383 4463 S.
1403 4408 1648 4479 Hugonis
1665 4407 1731 4464 de
1750 4407 1891 4463 Mar-

559 4498 780 4554 cim’aco
809 4497 873 4552 in
899 4512 1040 4569 pago
1069 4496 1591 4569 Augustodunensi.

739 4585 914 4655 (Circa
938 4594 1147 4639 annum“
1188 4585 1372 4657 1080.)

637 4672 959 4746 [Mannum
1005 4672 1277 4730 Anecdot.
1327 4673 1370 4741 Ι,
1424 4672 1571 4746 243.]

366 4770 583 4829 Divinis
609 4770 841 4826 decretis
886 4771 1123 4824 humana
1182 4771 1460 4825 temeritas
1516 4770 1894 4842 praejudicium

289 4861 472 4917 facere
497 4875 608 4915 non
634 4858 816 4927 debet,
836 4857 1215 4928 praejudicium
1237 4857 1437 4913 etenim
1485 4857 1564 4927 ﬁt,
1623 4875 1747 4915 cum
1793 4876 1892 4930 pro

287 4949 447 5005 bonis
494 4948 641 5002 mala
660 4947 979 5002 redduntur.
1013 4947 1160 5001 Bona
1191 4945 1462 5017 siquidem
1492 4957 1686 5003 cuncta
1708 4949 1895 5004 divina

286 5036 521 5109 largitas
539 5035 697 5090 nobis
717 5035 936 5090 abunde
950 5042 1265 5105 praesentat.
1297 5034 1431 5103 Quae
1460 5037 1503 5090 si
1519 5052 1627 5092 non
1661 5036 1894 5107 aequalia

290 5133 345 5180 et
372 5132 432 5180 ut
461 5124 687 5196 dignum
717 5130 818 5192 est,
851 5131 1030 5178 tamen
1060 5139 1092 5177 a
1121 5139 1220 5178 suo
1246 5124 1513 5194 plasmate
1570 5125 1656 5181 cui
1709 5125 1893 5180 omnia

285 5212 536 5278 contulit,
566 5228 667 5282 pro
696 5212 878 5266 multis
931 5227 1040 5267 non
1093 5211 1421 5284 dedignatur
1475 5215 1715 5283 recipere
1759 5213 1891 5268 bre-

286 5301 461 5358 viora.
491 5298 612 5368 Quo
641 5300 912 5371 exemplo,
942 5300 987 5355 si
1017 5315 1127 5355 non
1160 5308 1219 5355 ut
1278 5301 1453 5364 decet,
1501 5308 1681 5355 tamen
1730 5301 1892 5371 juxta

287 5388 645 5461 capacitatem
675 5388 781 5443 mei
810 5388 1135 5458 intellectus,
1168 5404 1273 5460 ego
1330 5387 1645 5445 Gaufredus
1705 5389 1889 5461 aliqua

288 5493 359 5535 ex
383 5483 539 5549 parte
557 5477 812 5546 percitus,
834 5476 1182 5549 ponationem
1203 5476 1347 5534 facio
1367 5478 1481 5532 Deo
1506 5477 1896 5549 apostolorum-

291 5582 399 5641 que
416 5565 653 5637 principi
683 5565 844 5622 beato
876 5567 1056 5636 Petro,
1089 5565 1145 5620 in
1186 5565 1342 5637 cujus
1394 5567 1599 5622 honore
1638 5574 1693 5622 et
1733 5582 1893 5623 reve-

291 5654 465 5712 rentia
486 5652 803 5711 Cluniacum
838 5664 1046 5715 constat
1065 5653 1393 5712 aediﬁcatum
1422 5669 1542 5712 esse
1557 5655 1891 5727 coenobium,

367 5770 612 5829 Panos.
644 5771 834 5831 CLIX.

2592 1928 2779 1987 (Anno
2810 1928 2993 1998 1082.)

2206 2012 2444 2085 [BALUZ.,
2476 2017 2705 2071 Misccll.
2741 2018 2882 2071 edit.
2940 2018 3101 2082 Luc.,
3135 2018 3229 2084 Ill,
3270 2018 3383 2092 55.]

2064 2112 2124 2164 In
2156 2112 2373 2167 nomine
2401 2122 2603 2168 sancta:
2633 2122 2685 2168 et
2716 2114 3018 2169 individua:
3049 2116 3352 2171 Trinitatis.
3400 2118 3595 2172 Omni-

1995 2200 2095 2253 bus
2143 2209 2345 2255 sanctze
2389 2202 2675 2257 catholicae
2714 2204 2974 2258 Ecclesiae
3046 2202 3171 2258 ﬁliis
3240 2208 3600 2275 praesentibus

1996 2298 2157 2360 atque
2189 2290 2380 2344 futuris
2409 2292 2749 2346 notissimum
2809 2294 2932 2347 volo
2987 2291 3123 2357 fieri,
3173 2309 3276 2365 ego
3334 2296 3601 2350 Guarinus

1999 2378 2175 2434 dictus
2204 2394 2388 2433 comes
2434 2380 2795 2436 Rosnacensis
2852 2381 3124 2449 territorii,
3185 2384 3329 2451 quod
3383 2394 3603 2455 propter

1997 2467 2233 2537 gratiam
2276 2467 2521 2535 ejusdem
2580 2469 2805 2524 honoris
2861 2469 3169 2535 transitorii,
3231 2472 3360 2524 dum
3426 2488 3604 2528 essem

1998 2555 2139 2609 ﬁlius
2168 2556 2373 2623 saeculi,
2405 2557 2639 2628 cogitavi
2671 2566 2726 2611 ut
2754 2557 2807 2612 in
2838 2557 3152 2612 alimoniam
3193 2558 3425 2614 ﬁliorum
3483 2562 3603 2627 Dei,

2000 2644 2093 2715 qui
2124 2659 2225 2712 pro
2263 2646 2498 2713 paccatis
2555 2648 2689 2700 meis
2745 2656 2795 2701 et
2852 2645 3013 2701 totius
3068 2649 3255 2716 populi
3309 2650 3605 2705 creduntur

1998 2748 2152 2786 orare
2181 2732 2436 2801 pietatem
2468 2735 2705 2802 Domini,
2739 2735 3001 2792 donarem
3033 2746 3242 2809 partem
3273 2738 3460 2792 allodii
3492 2739 3601 2794 mei

2000 2828 2054 2875 et
2083 2822 2214 2875 illud
2237 2824 2382 2891 quod
2415 2823 2683 2877 habebam
2715 2824 2769 2877 in
2822 2825 3055 2880 ecclesia
3111 2826 3322 2881 Sanctae
3380 2827 3603 2897 Marga-

2000 2918 2130 2964 retze
2158 2910 2394 2966 Domino
2425 2921 2477 2966 et
2509 2920 2693 2966 sancto
2729 2914 2887 2969 Petro
2918 2914 3290 2990 Cluniacensis
3346 2915 3601 2984 cuenobii,

2000 2999 2145 3069 quod
2178 3001 2589 3071 praecogitatum
2624 3002 2853 3057 Domino
2884 3002 3104 3057 volente
3134 3003 3363 3072 perfeci,
3394 3003 3603 3059 consti-

2002 3086 2128 3141 tutis
2158 3087 2290 3141 inibi
2324 3088 2576 3142 fratribus
2607 3090 2695 3158 qui
2729 3090 2834 3144 sub
2866 3091 3145 3160 proposito
3194 3091 3429 3161 regulari
3479 3092 3597 3145 Do-

2628 3185 2834 3233 sanctze
2863 3177 3103 3249 Virgini.
3153 3178 3269 3231 Sed
3325 3179 3492 3233 altare
3550 3187 3605 3235 et

2000 3267 2251 3335 quartam
2280 3272 2486 3332 partem
2519 3264 2687 3334 ipsius
2717 3266 2964 3319 ecclesiae
2996 3275 3123 3321 tunc
3153 3267 3418 3336 temporis
3468 3283 3605 3336 pos-

2000 3352 2244 3405 sidebant
2276 3352 2467 3406 fratres
2498 3353 2783 3407 Dervensis
2849 3353 3178 3419 monasterii,
3239 3354 3329 3408 ubi
3376 3355 3607 3410 honori-

1999 3438 2100 3494 ﬁce
2131 3440 2417 3509 requiescit
2441 3457 2639 3511 corpus
2669 3442 2992 3497 venerabilis
3019 3443 3312 3497 Bercharii.
3353 3444 3421 3498 Ut
3476 3459 3607 3517 ergo

2000 3528 2315 3598 praedictam
2347 3529 2631 3585 ecclesiam
2678 3546 2744 3585 ex
2800 3531 3015 3602 integro
3065 3530 3324 3586 haberent
3381 3518 3608 3587 Clunia-

2000 3634 2191 3674 censes
2236 3620 2507 3687 monachi,
2563 3620 2789 3675 consilio
2832 3619 3023 3675 habito
3052 3635 3174 3675 cum
3204 3620 3409 3675 domno
3453 3637 3597 3692 apo-

2000 3707 2192 3763 stolico
2224 3708 2589 3764 Hildebranno
2619 3709 2859 3777 nomine,
2892 3709 2948 3762 in
2975 3716 3185 3779 papatu
3213 3716 3395 3764 autem
3455 3710 3601 3766 dicto

2000 3796 2288 3869 Gregorio,
2320 3801 2379 3850 ut
2408 3813 2648 3852 morerer
2695 3797 2897 3852 mundo
2950 3805 3004 3852 et
3052 3799 3295 3853 viverem
3354 3799 3490 3868 Deo,
3547 3800 3605 3854 in

1996 3885 2374 3940 remissionem
2438 3886 2678 3940 omnium
2731 3885 3057 3940 delictorum
3116 3890 3171 3940 et
3229 3886 3298 3941 ad
3372 3888 3606 3942 salutem

2000 3982 2404 4028 antecessorum
2454 3988 2719 4039 meorum,
2767 3989 2887 4028 cum
2947 3973 3326 4028 benedictione
3382 3983 3597 4045 aposto-

1997 4061 2124 4128 lica,
2158 4071 2359 4116 etcum
2390 4060 2608 4116 licentia
2650 4060 2891 4131 episcOpi
2948 4060 3055 4115 mei
3112 4060 3301 4114 domni
3359 4062 3603 4132 Hugonis

1999 4150 2296 4215 Trecasini,
2330 4157 2382 4202 et
2411 4164 2536 4203 cum
2588 4148 2773 4203 favore
2830 4146 3128 4202 Theobaldi
3185 4148 3396 4202 comitis
3437 4149 3599 4218 pala-

2000 4238 2118 4307 tini,
2148 4252 2271 4292 cum
2302 4236 2463 4291 laude
2494 4236 2657 4291 etiam
2688 4235 3116 4307 propinquorum
3148 4251 3418 4309 meorum,
3470 4238 3597 4294 dedi

1998 4341 2085 4382 me
2114 4342 2236 4382 cum
2267 4326 2483 4381 allodiis
2514 4324 2649 4380 meis
2677 4325 3010 4396 principibus
3041 4325 3412 4394 apostolorum
3428 4328 3592 4384 Petro

1997 4423 2051 4469 et
2084 4415 2267 4483 Paulo,
2296 4413 2590 4470 venerabili
2630 4430 2847 4486 quoque
2876 4413 3189 4483 Bercbario,
3223 4414 3276 4469 in
3297 4417 3592 4486 praesentia

1920 4516 1971 4576 D
2002 4504 2189 4559 domui
2218 4504 2428 4558 abbatis
2457 4504 2719 4558 Brunonis
2739 4512 2791 4558 et
2822 4504 3211 4559 monachorum
3239 4502 3592 4574 ﬁdeliumque

1997 4609 2246 4648 suorum.
2280 4594 2465 4662 Itaque
2490 4592 2608 4662 jam
2639 4592 2813 4647 dictus
2838 4591 3010 4646 abbas
3039 4599 3091 4645 et
3121 4592 3371 4646 monachi
3389 4608 3592 4648 annue-

1996 4690 2120 4736 runt
2149 4680 2597 4735 Cluniacensibus
2628 4679 2796 4734 altare
2823 4687 2877 4734 et
2902 4687 3148 4749 quartam
3178 4688 3385 4749 partem
3425 4697 3597 4752 supra

1994 4777 2309 4825 memoratae
2340 4768 2605 4834 ecclesiae,
2639 4768 2874 4837 acceptis
2893 4768 2992 4821 sibi
3024 4767 3220 4822 alodiis
3264 4784 3384 4838 quae
3441 4775 3594 4825 erant

1991 4858 2176 4913 liberae
2206 4856 2550 4919 conditionis,
2584 4863 2637 4910 et
2664 4855 2869 4925 absque
2894 4856 3030 4925 jugo
3057 4854 3221 4909 ullius
3271 4856 3593 4914 advocatio-

1995 4946 2095 5012 nis,
2124 4944 2238 4999 sine
2286 4945 2516 5014 alicujus
2554 4943 2854 5013 judiciaria
2898 4951 3169 5012 potestate
3223 4943 3339 5000 sive
3388 4946 3585 5015 banno,

1993 5035 2062 5088 ad
2092 5042 2423 5103 postremum
2454 5032 2573 5086 sine
2603 5032 2786 5103 aliqua
2841 5030 3202 5087 redhibitione
3252 5034 3432 5088 omnis
3485 5037 3590 5091 ho-

1992 5122 2170 5177 minis.
2204 5120 2659 5191 Haecigitursunt
2707 5119 2888 5174 alodia
2945 5136 3063 5189 quae
3115 5122 3309 5177 tradidi
3360 5124 3473 5179 Deo
3538 5131 3595 5181 et

1991 5211 2187 5265 sanctis
2215 5209 2471 5279 apostolis
2492 5210 2647 5263 Petro
2669 5216 2721 5263 et
2754 5209 2938 5277 Paulo,
2970 5209 3132 5265 beato
3180 5228 3396 5281 quoque
3453 5214 3587 5268 Ber-

1998 5300 2206 5367 chario,
2263 5299 2645 5368 monachisque
2701 5297 2813 5352 suis
2866 5299 3249 5370 perpetualiter
3309 5300 3584 5355 habenda.

2000 5389 2278 5457 Roserias,
2312 5387 2587 5454 Muctium,
2615 5387 3017 5453 Juncbereium,
3065 5404 3190 5444 cum
3244 5388 3588 5458 appendiciis

2001 5478 2132 5545 suis,
2190 5476 2447 5533 videlicet
2500 5475 2667 5532 servis
2722 5483 2777 5531 et
2825 5477 3055 5545 ancillis,
3111 5476 3267 5531 terris
3320 5474 3481 5529 cultis
3536 5484 3590 5532 et

2001 5566 2243 5635 incultis,
2275 5565 2441 5631 silvis,
2461 5565 2652 5636 pratis,
2678 5565 2849 5636 aquis,
2868 5579 3233 5635 aquarumque
3253 5564 3588 5621 decursibus.

2000 5658 2068 5713 Ut
2098 5662 2278 5713 autem
2308 5656 2413 5712 hoc
2438 5671 2619 5711 meum
2651 5654 2855 5711 donum
2882 5654 3062 5710 eidem
3091 5653 3338 5709 ecclesiae
3393 5662 3448 5710 et
3485 5653 3597 5716 fra-

3289 5769 3355 5827 81
