3956 6084
438 313 537 365 9⁸71

1650 304 1711 356 S.
1745 301 1942 358 HUGO
1991 300 2220 356 ABBAS
2253 301 2574 356 CLUNIAC.

3659 305 3767 355 972

443 460 621 516 tribus
650 456 786 513 inibi
818 457 936 513 Deo
967 452 1333 512 servientibus
1382 459 1648 525 perpetuo
1715 452 2026 508 habendum
2055 441 2110 498 Α
2143 441 2394 496 omnibus
2455 441 2696 513 peccatis
2743 442 2940 498 nostris
2995 458 3062 496 ex
3115 442 3463 497 facultatibus
3519 442 3768 514 propriis

435 555 733 618 remaneat,
757 554 809 602 et
837 553 894 601 ut
921 543 1122 599 nullius
1177 542 1578 599 calumniatoris
1631 541 1828 613 injuste
1883 541 2036 597 inva-

435 639 587 696 sione
633 635 862 692 rescindi
906 634 1102 702 valeat,
1159 633 1422 688 domnum
1478 632 1766 704 Hugonem
1822 629 2038 702 Lugdu-

434 741 656 782 nensem
682 722 1146 794 archiepiscopum
1178 730 1228 777 et
1251 720 1556 791 apostilicae
1603 719 1749 775 sedis
1797 718 2037 788 legatum

431 812 829 888 praeceptojam
849 811 977 868 dicti
1000 811 1193 866 domui
1213 809 1505 882 apostolici
1552 807 1802 880 Gregorii
1841 807 2036 879 rogavi

435 911 495 961 ut
522 902 664 959 facta
717 899 1279 957 excommunicatione
1333 900 1475 955 hanc
1524 899 1768 953 chartam
1836 895 2036 952 conﬁr—

439 999 612 1049 maret
639 989 739 1046 sub
771 989 1083 1045 testimonio
1126 995 1180 1043 et
1235 987 1397 1042 laude
1453 987 1699 1043 omnium
1757 985 2040 1056 episcopo-

441 1079 884 1149 rum,abbatum,
917 1085 970 1133 et
999 1085 1311 1134 ceterorum
1363 1075 1463 1131 Dei
1512 1074 1748 1130 ﬁdelium
1807 1075 2037 1130 concilio

438 1168 708 1226 Meldensi
737 1167 1045 1223 astantium.
1083 1167 1202 1236 Ipse
1215 1180 1342 1220 vero
1371 1163 1724 1219 libentissime
1796 1179 2038 1217 annuens

431 1257 831 1333 petitiouimem
867 1270 1151 1312 assensum
1206 1253 1454 1324 praebuit,
1513 1260 1569 1308 et
1606 1251 1879 1308 communi
1939 1251 2037 1306 de-

437 1356 585 1404 creto
604 1347 766 1402 totius
803 1345 971 1400 sancti
1031 1342 1255 1399 Concilii
1299 1341 1648 1412 uttpetieram
1705 1340 2042 1396 conﬁrmavit

433 1437 534 1494 sub
563 1434 894 1492 districtione
923 1433 1084 1502 hujus
1123 1430 1502 1487 anathematis.
1558 1430 1886 1486 Auctoritate
1941 1429 2040 1483 Dei

437 1523 832 1595 omnipotentis
914 1529 968 1577 et
1023 1521 1301 1576 beatorum
1357 1517 1727 1590 apostolorum
1779 1518 1920 1572 Petri
1989 1525 2042 1572 et

440 1612 593 1668 Pauli
641 1609 1202 1675 excommunicamus,
1261 1615 1314 1663 et
1370 1623 1404 1662 a
1467 1607 1766 1673 liminibus,
1851 1605 2040 1660 matris

441 1700 683 1758 ecclesiae
712 1714 1022 1770 separamus
1051 1705 1103 1752 et
1142 1711 1510 1762 removemus,
1567 1703 1768 1751 aeterna
1825 1711 2041 1765 quoque

439 1789 787 1846 damnatione
815 1787 1149 1858 percutimus
1180 1793 1230 1840 et
1281 1786 1602 1839 damnamus
1677 1799 1771 1839 eos
1815 1784 2032 1855 quicun-
2062 1801 2114 1862 Β

436 1896 539 1950 que
596 1878 666 1934 de
710 1877 870 1933 rebus
925 1875 1362 1946 supradictorum
1442 1874 1743 1929 alodiorum
1823 1872 2036 1928 comitis

443 1966 670 2024 Guarini
701 1966 940 2036 aliquam
991 1964 1243 2019 fraudem
1299 1963 1386 2017 vel
1442 1961 1758 2031 injustitiam
1811 1959 2038 2017 fecerint

433 2055 679 2113 ecclesiae
708 2053 995 2110 Dervensis
1025 2050 1359 2119 monasterii,
1392 2049 1492 2104 nisi
1552 2050 1928 2122 resipiscentes
1980 2054 2036 2104 et

434 2145 613 2200 eidem
673 2143 923 2200 ecclesiae
961 2140 1354 2196 satisfacientes
1401 2139 1628 2210 dignum
1705 2138 2034 2210 poenitentiae

435 2233 666 2288 fructum
696 2231 928 2304 egerint.

507 2322 735 2396 Signum
767 2318 1010 2392 Hugonis
1038 2317 1250 2374 Diensis
1273 2317 1534 2389 episCOpi.

512 2411 572 2468 S.
591 2411 767 2465 Amati
800 2408 986 2464 vicarii
1014 2423 1177 2480 papae
1207 2406 1478 2479 Gregorii.

505 2501 568 2555 S.
602 2498 859 2555 Richardi
893 2496 1283 2568 archiepiscopi
1314 2492 1683 2551 Bituricensis.

499 2590 557 2646 S.
585 2587 834 2660 Hugonis
860 2585 1131 2642 Trecasini
1184 2584 1448 2656 episcopi.

501 2678 563 2733 S.
597 2675 797 2747 Rogeri
821 2674 1266 2729 Cathalaunensis
1297 2672 1564 2743 eplScOpi.

508 2766 572 2821 S.
614 2763 793 2820 Rorici
822 2762 1203 2817 Ambianensis
1227 2761 1498 2831 episcopi.

499 2855 564 2909 S.
594 2852 839 2924 Hugonis
868 2849 1317 2919 Grannopolitani
1348 2849 1616 2920 episcopi.

498 2942 556 2998 S.
583 2940 833 3012 Hugonis
862 2937 1220 3010 Lingonensis
1250 2937 1517 3008 episcOpi.

497 3033 555 3102 ε.
588 3029 903 3102 Haganonis
933 3026 1428 3098 Augustidunensis
1455 3025 1714 3098 episc0pi.

495 3124 553 3178 S.
587 3119 832 3192 Hugonis
859 3115 1212 3174 Nivernensis
1240 3115 1503 3186 episcOpi.

493 3212 553 3268 S.
584 3207 848 3279 Arnulphi
887 3205 1296 3263 Suessionensis
1326 3204 1595 3276 episcopi.

494 3301 552 3356 S.
585 3297 840 3355 Landrici
863 3294 1274 3352 Matisconensis
1299 3293 1571 3364 episc0pi.

496 3389 696 3445 Comes
725 3387 888 3442 etiam
918 3384 1211 3449 Tebaldus,
1246 3389 1299 3437 et
1326 3398 1463 3436 uxor
1493 3381 1611 3451 ejus
1652 3381 1862 3437 Alaidis
1918 3399 2023 3438 no-

421 3479 589 3548 mine,
622 3485 674 3533 et
703 3475 825 3532 Odo
854 3473 997 3528 ﬁlius
1030 3473 1146 3544 ejus
1181 3469 1538 3546 laudaverunt
1601 3478 1655 3526 et
1706 3486 1805 3526 sua
1861 3470 2028 3544 signa

428 3568 701 3624 fecerunt.

500 3656 558 3711 S.
590 3651 832 3708 Tebaudi
861 3648 1092 3706 comitis.
1122 3646 1326 3702 Alaidis
1352 3647 1535 3703 uxoris
1563 3648 1700 3718 ejus.

501 3743 559 3799 S.
593 3739 800 3797 Odonis
819 3737 913 3792 ﬁlii
940 3738 1075 3806 ejus.

1137 3826 1310 3881 XVII.

445 3919 655 3979 Charta
666 3916 1026 3991 laudationis
1036 3916 1372 3991 monasterii
1383 3915 1578 3991 subtus
1595 3917 2034 3991 Bruncchildum

509 3988 767 4050 castrum
794 3991 857 4044 in
879 4002 1021 4060 pago
1044 3988 1367 4060 Caturcino,
1389 3989 1644 4044 Hunaldo
1675 3990 1866 4044 abbati
1893 3991 2032 4046 Μοῖ-

509 4062 756 4121 siaccnsi
774 4063 830 4118 et
859 4058 1076 4131 Hugoni
1108 4058 1468 4114 Cluniacensi
1497 4061 1758 4131 subjecti.

1031 4149 1214 4217 (Anno
1261 4147 1441 4218 1082.)

655 4240 832 4313 [Gall.
897 4237 1145 4306 Christ,
1201 4251 1328 4292 nov.
1389 4238 1433 4305 Ι,
1489 4238 1652 4292 Instr.
1715 4237 1824 4311 39.]

515 4330 754 4404 Legibus
772 4325 1013 4383 instructi
1043 4325 1265 4394 divinis,
1293 4333 1451 4396 atque
1480 4326 1863 4382 ecclesiasticae
1911 4343 2041 4381 san-

447 4420 642 4477 ctionis
687 4415 924 4473 roborati
955 4414 1223 4486 exemplis
1278 4413 1553 4468 credimus
1586 4455 1600 4481 ,
1624 4423 1676 4469 et
1729 4414 2047 4470 conﬁtemur

2147 530 2358 586 noviter
2385 531 2784 585 monasterium
2815 538 3154 601 conctruere,
3187 533 3259 586 ad
3291 533 3554 586 honorem
3588 533 3768 602 ipsius

2145 618 2532 688 omnipotentis
2562 620 2678 684 Dei,
2714 627 2765 675 et
2795 621 3111 674 memoriam
3137 620 3580 677 beatissimorum
3615 622 3767 676 Petri

2145 715 2198 762 et
2229 709 2383 763 Pauli
2414 708 2783 778 apostolorum
2806 709 3130 779 principum,
3180 709 3374 781 quibus
3432 725 3464 764 a
3519 711 3765 765 Domino

2146 794 2343 851 collata
2373 803 2453 852 est
2481 804 2720 866 potestas
2762 797 2970 868 ligandi
3027 805 3189 868 atque
3232 798 3499 864 solvendi,
3561 802 3762 869 procul

2145 884 2312 940 dubio
2357 901 2454 956 pro
2505 885 2826 941 defensione
2861 892 2911 940 et
2985 886 3361 942 melioratione
3433 893 3751 942 nostrorum

2146 977 2259 1028 tam
2286 989 2576 1044 corporum
2600 989 2761 1044 quam
2788 974 3115 1042 animarum,
3147 975 3415 1046 simulque
3443 993 3544 1048 pro
3568 994 3761 1033 reme-

2147 1056 2237 1111 dio
2265 1057 2564 1111 animarum
2584 1067 2874 1127 parentum
2926 1068 3233 1114 nostrorum
3291 1069 3456 1130 atque
3511 1063 3759 1116 omnium

2147 1152 2256 1198 tam
2312 1143 2560 1199 vivorum
2603 1163 2759 1218 quam
2821 1147 3196 1203 defunctorum
3249 1149 3508 1206 ﬁdelium.
3586 1151 3762 1222 Igitur

2146 1232 2416 1302 instinctu,
2450 1242 2501 1288 et
2530 1235 2755 1290 consilio
2808 1235 3101 1292 multorum
3158 1237 3618 1294 nobilissimorum
3678 1241 3760 1294 vi-

2147 1336 2353 1388 rorum,
2403 1338 2501 1377 nos
2581 1324 2966 1392 praenominati
3047 1325 3394 1381 vicecomites
3449 1327 3754 1382 Ademarus

2148 1409 2372 1476 scilicet,
2405 1418 2572 1481 atque
2601 1414 2926 1467 Artmannus
2941 1415 3314 1486 concedimus,
3350 1424 3512 1486 atque
3573 1417 3751 1472 dona-

2148 1514 2267 1552 mus
2282 1498 2406 1567 jure
2423 1509 2700 1571 perpetuae
2722 1502 3088 1557 concessionis
3103 1504 3334 1559 Domino
3380 1506 3514 1572 Deo,
3549 1514 3753 1560 sanctae

2150 1586 2360 1642 scilicet
2383 1596 2434 1643 et
2462 1588 2758 1644 individuaa
2791 1591 3055 1660 Trinitati,
3107 1594 3571 1665 sanctissimisque
3626 1597 3747 1665 ejus

2149 1677 2406 1747 apostolis
2428 1678 2580 1732 Petro
2611 1686 2664 1732 et
2696 1679 2864 1734 Paulo
2901 1681 2955 1734 in
3013 1680 3147 1736 locis
3196 1681 3434 1752 ipsorum
3491 1684 3746 1739 Cluniaco

2150 1772 2314 1834 atque
2362 1766 2640 1834 Meisiaco,
2700 1768 2968 1838 simulque
3053 1769 3343 1825 abbatibus
3429 1772 3750 1826 venerandis

2143 1853 2342 1910 domno
2364 1856 2597 1928 Hugoni,
2631 1864 2684 1910 et
2715 1857 2919 1912 domno
2950 1859 3181 1927 Unaldo,
3200 1867 3252 1915 et
3281 1861 3533 1915 omnibus
3562 1877 3747 1916 eorum

2143 1945 2547 1999 successoribus
2576 1945 2864 2000 abbatibus
2893 1955 2945 2001 et
2979 1949 3258 2003 monachis
3309 1950 3364 2002 in
3422 1951 3748 2020 supradictis

2150 2032 2288 2086 locis
2316 2033 2547 2088 Domino
2579 2034 2634 2086 in
2667 2044 2982 2105 perpetuum
3012 2037 3390 2104 servientibus,
3443 2039 3620 2094 locum
3681 2040 3748 2094 ad

2143 2121 2260 2176 haec
2284 2130 2641 2191 praeerectum
2693 2132 2852 2192 atque
2901 2125 3271 2180 constitutum.
3332 2127 3402 2180 Et
3457 2136 3543 2182 est
3598 2128 3749 2182 locus

2144 2210 2262 2279 ipse
2294 2210 2346 2263 in
2377 2210 2688 2266 Caturcensi
2710 2229 2876 2284 pago,
2897 2213 2950 2266 in
2999 2214 3270 2270 territorio
3324 2216 3514 2270 subtus
3570 2216 3749 2286 ipsum

2143 2299 2575 2354 Brunechildum
2599 2311 2837 2355 castrum
2873 2321 2884 2365 ;
2917 2303 3058 2358 inter
3084 2303 3305 2358 flumina
3338 2306 3490 2361 Vera?
3523 2315 3572 2360 et
3602 2309 3747 2360 Ava-

2141 2387 2328 2452 rionis,
2362 2389 2546 2458 ipsum
2597 2389 2776 2444 locum
2823 2407 2945 2444 cum
3003 2392 3272 2446 universis
3330 2394 3661 2464 appenditiis
3698 2404 3751 2450 et

2143 2475 2470 2545 adjacentiis
2502 2477 2629 2542 suis,
2654 2477 2918 2549 quidquid
2946 2479 3024 2533 ibi
3056 2482 3142 2536 vel
3173 2481 3308 2536 alias
3351 2483 3419 2536 ad
3455 2483 3559 2538 hoc
3610 2499 3748 2553 opus

2142 2563 2549 2635 designavimus
2589 2570 2642 2620 et
2686 2567 3028 2635 donavimus,
3060 2570 3146 2624 vel
3191 2571 3370 2626 adhuc
3407 2571 3583 2625 daturi
3651 2589 3749 2627 su-

2139 2668 2288 2721 mus,
2346 2661 2399 2708 et
2465 2655 2844 2727 quodcunque
2888 2657 3060 2726 ipsius
3101 2658 3205 2714 loci
3240 2659 3592 2728 habitatores,
3626 2677 3749 2715 cum

2139 2741 2237 2797 Dei
2271 2742 2494 2808 auxilio,
2529 2743 2662 2796 inibi
2695 2744 2977 2813 acquirere
3001 2748 3296 2817 potuerint,
3320 2757 3375 2801 ut
3405 2749 3480 2803 ita
3524 2757 3749 2804 teneant

2137 2839 2190 2885 et
2219 2831 2530 2900 possideant
2560 2833 2979 2888 coenobioruum
3028 2837 3460 2904 supradictorum
3523 2838 3748 2892 Clunia-

2137 2920 2377 2973 censium
2401 2929 2453 2974 et
2503 2920 2952 2976 Moisiacensium
3012 2925 3368 2988 habitatores,
3428 2925 3480 2980 in
3524 2929 3745 2998 proprio

2137 3007 2294 3062 alode
2319 3009 2444 3077 jure
2499 3017 2780 3079 perpetuo.
2857 3012 3058 3066 Damus
3100 3015 3280 3081 etiam,
3313 3023 3363 3068 et
3409 3014 3512 3068 sub
3570 3015 3735 3086 legali

2138 3096 2428 3165 descripto,
2489 3103 2542 3151 et
2589 3097 2740 3152 lirma
2790 3100 3239 3157 corroboratione
3267 3102 3422 3156 illum
3488 3119 3738 3157 mansum

2058 3158 2108 3221 (ἶ
2136 3158 2377 3240 ηΟξῐΓυ-η]
2409 3158 2611 3241 dictum
2644 3189 2712 3242 de
2743 3190 2922 3243 Monte
2965 3190 3178 3261 Argillo
3223 3190 3279 3245 in
3336 3192 3742 3246 dominicatura

2132 3273 2371 3344 propria,
2401 3289 2525 3330 cum
2561 3275 2812 3330 omnibus
2865 3275 3067 3331 ﬁnibus
3108 3278 3236 3347 suis,
3288 3279 3626 3351 ingressibus
3692 3290 3744 3335 et

2135 3362 2447 3434 egressibus
2477 3363 2530 3418 in
2562 3364 2778 3434 proprio
2809 3364 2989 3421 alodio
3020 3368 3430 3437 possidendum.
3463 3370 3591 3424 Haec
3649 3385 3744 3423 au-

2136 3459 2244 3506 tem
2273 3453 2459 3507 omnia
2487 3468 2610 3508 cum
2641 3455 2902 3510 universis
2932 3456 3199 3510 reditibus
3233 3457 3369 3525 suis,
3416 3467 3678 3529 quantum
3707 3473 3742 3514 a

2137 3540 2295 3595 nobis
2323 3541 2753 3597 demonstratum
2811 3552 2912 3612 est,
2974 3545 3062 3599 vel
3109 3555 3364 3616 quantum
3423 3547 3477 3600 in
3536 3549 3736 3612 futuro,

2138 3629 2253 3683 Deo
2284 3638 2576 3697 annuente,
2638 3631 2963 3702 acquisitum
3022 3633 3098 3686 ibi
3157 3634 3363 3702 fuerit;
3425 3635 3632 3692 scilicet
3687 3638 3744 3689 in

2142 3718 2320 3786 terris,
2353 3719 2547 3786 vineis,
2581 3721 2754 3788 aquis,
2788 3720 2962 3790 silvis,
2997 3723 3184 3792 pratis,
3218 3724 3376 3780 cultis
3400 3724 3515 3779 sive
3570 3725 3742 3779 incul-

2143 3805 2227 3874 tis,
2260 3813 2426 3861 totum
2451 3807 2519 3860 ab
2541 3809 2752 3879 integro
2783 3825 2902 3863 cum
2927 3811 3266 3881 ingressibus
3321 3821 3374 3867 et
3430 3814 3744 3885 egressibus

2143 3895 2275 3961 suis,
2307 3895 2380 3949 ita
2410 3897 2655 3950 cedimus
2686 3898 3021 3952 etdonamus
3061 3899 3233 3969 ﬁrma,
3271 3909 3324 3955 et
3377 3902 3557 3956 stabili
3616 3919 3743 3957 ces-

2143 3983 2296 4038 sione
2351 3985 2779 4055 supradictorum
2822 3989 3270 4044 monasteriorum
3327 3991 3744 4058 habitatoribus,

2145 4073 2351 4142 absque
2382 4073 2510 4128 uilla
2535 4075 2758 4130 omnino
2817 4078 3210 4133 retentatione:
3263 4086 3320 4134 ut
3350 4080 3423 4134 ita
3481 4081 3742 4146 habeant,

2151 4169 2368 4217 teneant
2412 4171 2466 4217 et
2506 4164 2820 4233 possideant
2878 4165 3112 4221 ﬁdeliter
3164 4184 3264 4238 per
3311 4178 3506 4226 cuncta
3553 4186 3747 4225 succe-

2151 4251 2336 4307 dentia
2398 4259 2655 4323 tempora,
2695 4253 2783 4308 tali
2831 4270 3049 4324 quoque
3094 4256 3422 4324 conditione,
3463 4265 3520 4312 ut
3570 4275 3748 4329 neque

2154 4355 2272 4408 nos,
2305 4357 2484 4411 neque
2514 4342 2658 4396 ullus
2687 4359 2865 4413 unque
2895 4345 3148 4400 amhomo
3170 4354 3376 4401 nostrae
3406 4347 3490 4405 vel
3521 4347 3752 4417 alicujus

2152 4429 2538 4501 generationis,
2562 4437 2882 4500 potestatem
2913 4433 3150 4505 aliquam
3183 4434 3236 4488 in
3267 4436 3591 4506 supradictis
3644 4437 3750 4491 ho-

441 4511 769 4581 impietates,
803 4515 964 4576 atque
994 4504 1192 4559 delicta
1217 4503 1468 4558 humanis
1513 4503 1824 4559 excessibus
1882 4520 2036 4559 com-

2152 4518 2374 4573 noribus
2403 4519 2659 4591 requirat,
2703 4536 2880 4590 neque
2902 4503 3194 4591 justitiam,
3228 4540 3403 4596 neque
3462 4525 3746 4590 vicariam,

441 4599 627 4667 missa,
650 4597 1116 4665 eleemosynarum
1141 4591 1390 4663 largitate
1440 4590 1716 4662 simulque
1772 4592 2037 4647 bonorum

447 4703 673 4759 Operum
733 4684 1047 4740 assiduitate
1101 4697 1202 4751 per
1256 4681 1355 4735 Dei
1391 4680 1804 4751 dispositionem
1875 4697 2039 4750 posse

455 4777 647 4834 redimi
678 4783 841 4844 atque
872 4771 1119 4826 mundari
1154 4788 1165 4823 :
1200 4770 1316 4840 ipsa
1347 4769 1568 4824 veritate
1623 4786 1742 4840 quae
1761 4771 1903 4824 Deus
1956 4775 2040 4825 cst

450 4873 717 4928 attestate,
753 4879 878 4932 quae
908 4861 982 4915 ait
1015 4862 1195 4916 :Date
1243 4859 1677 4930 eleemosynam,
1727 4863 1784 4914 e'i
1847 4860 2038 4916 omnia

445 4953 661 5008 munda
682 4955 816 5007 sunt
832 4950 978 5006 vobis
998 4949 1161 5017 (Luc.
1187 4963 1264 5014 x1,
1284 4951 1371 5016 41)
1388 4986 1400 4999 .
1426 4947 1700 5002 Etiterum
1717 4947 1994 5018 Scriptura
2022 4965 2033 5002 :

444 5040 578 5110 Fili,
598 5039 790 5109 inquit,
811 5039 1041 5108 bene/hc
1063 5052 1300 5107 semper,
1322 5040 1377 5091 et
1390 5038 1496 5092 Deo
1513 5037 1714 5106 dignas
1731 5037 2038 5092 oblationes

443 5130 582 5201 offer
626 5147 644 5184 :
673 5143 889 5184 memor
918 5130 1054 5193 esto,
1087 5125 1350 5197 quoniam
1383 5140 1531 5180 mors
1561 5141 1676 5181 non
1722 5125 1933 5190 tardat,
1979 5130 2034 5181 et

443 5216 1181 5285 testamentumi—n/erorum
1197 5213 1663 5283 mani/estabitur
1703 5213 1808 5269 tibi
1838 5215 2031 5284 (Eccli.

438 5326 554 5378 xxv,
576 5309 632 5362 il
648 5349 662 5377 ,
679 5306 793 5375 12).
814 5304 907 5358 His
927 5303 1110 5369 etiam,
1125 5301 1458 5372 aliorumque
1477 5302 1779 5358 divinorum
1795 5303 2036 5374 eloquio-

439 5414 559 5454 rum
579 5391 1043 5452 admonitionibus
1058 5390 1361 5461 provocati,
1394 5406 1492 5446 nos
1509 5391 1758 5448 videlicet
1772 5393 2032 5447 Artmati-

437 5503 545 5543 nus
575 5491 628 5543 et
655 5483 978 5540 Ademarius
1033 5479 1380 5536 vicecomites
1425 5481 1813 5553 cognominati,
1871 5482 2033 5537 auxi-

436 5575 608 5633 liante
633 5573 866 5632 Domino
901 5568 1272 5645 providemus,
1319 5576 1483 5642 atque
1545 5569 1884 5642 disponimus
1928 5587 2033 5643 pro

2145 4615 2235 4660 aut
2267 4607 2502 4679 aliquam
2533 4609 2846 4666 violentiam
2879 4611 3080 4666 inferre
3105 4622 3398 4682 prmsumat
3423 4614 3591 4683 ipsius
3640 4614 3747 4669 loci

2144 4695 2556 4767 habitatoribus,
2591 4707 2848 4767 quantum
2897 4700 3037 4754 infra
3091 4702 3236 4772 ipsos
3283 4704 3540 4758 terminos
3595 4704 3752 4758 desi-

2147 4792 2372 4854 gnatum
2403 4789 2515 4851 est;
2542 4787 2637 4842 sed
2668 4788 2839 4841 libera
2867 4796 3031 4860 atque
3061 4790 3241 4860 quieta
3260 4792 3374 4846 haec
3429 4793 3616 4847 omnia
3663 4809 3752 4847 su-

2145 4873 2394 4944 pradicta
2424 4876 2594 4931 servis
2613 4877 2711 4930 Dei
2742 4877 2795 4931 in
2829 4886 3092 4933 internum
3124 4889 3496 4950 permaneant.
3530 4882 3749 4936 Lauda-

2145 4980 2265 5017 mus
2294 4964 2452 5018 etiam
2478 4973 2529 5020 et
2561 4966 2852 5033 donamus,
2885 4971 2942 5022 ut
2972 4968 3277 5038 quicunque
3318 4969 3386 5024 de
3443 4969 3750 5040 beneﬁciis,

2146 5060 2196 5107 et
2227 5053 2295 5106 de
2318 5054 2456 5108 fevis
2486 5071 2605 5124 quae
2637 5056 2704 5109 de
2735 5055 2892 5111 nobis
2910 5064 3093 5111 tenent
3123 5058 3328 5130 aliquid
3388 5059 3521 5114 dare
3565 5059 3755 5115 volue-

2143 5141 2268 5211 rint,
2294 5141 2536 5212 ejusdem
2569 5144 2673 5199 loci
2704 5144 2759 5198 in
2789 5153 3112 5216 perpetuum
3133 5155 3349 5202 teneant
3369 5156 3420 5202 et
3436 5149 3754 5220 possideant

2142 5231 2493 5287 habitatores.

2214 5321 2476 5376 Volumus
2506 5322 2667 5377 etiam
2695 5329 2857 5394 atque
2909 5338 3166 5397 rogamus
3227 5326 3294 5382 de
3351 5326 3434 5382 his
3489 5328 3746 5384 omnibus

2138 5410 2488 5484 privilegium
2518 5410 2631 5467 ﬁeri
2661 5429 2691 5467 a
2720 5413 2920 5470 domno
2960 5430 3103 5486 papa
3156 5416 3427 5472 Romanae
3457 5417 3740 5487 Ecclesiae,

2139 5509 2197 5556 ut
2228 5499 2381 5556 ﬁrma
2411 5509 2463 5557 et
2493 5501 2705 5558 stabilis
2733 5503 2851 5559 haec
2908 5511 3092 5560 nostra
3128 5505 3473 5578 eleemosyna
3519 5523 3748 5580 semper

2137 5599 2477 5662 permaneat,
2511 5607 2672 5662 quam
2692 5591 2735 5647 si
2767 5592 2884 5663 quis
2914 5592 3118 5651 violare
3157 5596 3598 5668 praesumpserit,
3656 5614 3750 5668 vel
