4032 6078
302 312 402 369 9ῒ3

1134 318 1587 382 ῡιηςιιεοιιυιι
1622 326 2071 386 DONATIONES
2101 332 2230 388 PI/E
2262 335 2394 392 PRO
2428 338 2751 395 CLUNIAC.

3494 357 3595 411 974

303 441 486 541 aliquo
544 440 708 541 modo
746 444 1002 501 invadere
1051 450 1357 541 tentaverit,
1415 451 1616 507 sentiat
1664 468 1724 508 se
1779 469 1898 510 esse
1927 454 2171 523 Atibus,
2230 462 2666 531 astipulantibus,
2719 466 2986 523 constituo
3028 467 3099 523 de
3152 471 3382 541 praefato
3435 489 3601 531 censu

309 527 675 584 damnandum
716 538 769 586 et
788 548 948 600 nunc,
979 540 1032 589 et
1052 535 1104 589 in
1136 545 1475 607 perpetuum.

372 618 502 673 Haec
530 627 715 674 autem
745 619 890 677 facta
929 631 1048 677 sunt
1076 640 1199 679 cum
1225 627 1455 682 consilio
1490 636 1543 683 et
1588 630 1907 685 auctoritate

306 706 493 761 domui
522 708 752 763 Geraldi
781 710 1093 767 Caturcenae
1123 713 1386 770 Ecclesiae
1437 718 1730 786 pontiﬁcis,
1763 734 1907 774 anno

300 796 507 852 scilicet
534 797 839 853 Dominicae
862 800 1259 857 Incarnationis
1291 807 1449 874 1083,
1482 815 1745 877 regnante
1775 807 1908 860 Phi-

304 885 457 955 lippo
488 901 619 957 rege
640 887 991 957 Francorum,
1025 889 1226 946 domno
1258 892 1524 965 Gregorio
1563 894 1908 965 Vllpontifi-

301 981 477 1029 catum
526 974 786 1031 Romanae
836 976 1089 1034 Ecclesiae
1143 988 1359 1037 tenente
1408 997 1550 1039 anno
1604 1000 1666 1052 ιι,
1718 1000 1910 1040 mense

304 1063 670 1134 Septembrio,
704 1064 840 1120 feria
861 1083 939 1134 ιιι,
957 1066 1015 1121 id
1043 1076 1121 1123 est
1137 1069 1323 1124 Nonas
1350 1070 1522 1140 ipsius
1538 1074 1764 1144 mensis,
1783 1074 1912 1128 luna

307 1166 424 1216 χιιι,
458 1151 754 1209 indictione
791 1170 864 1222 vi,
897 1170 1009 1210 aera
1033 1172 1222 1211 ucxxx.

378 1240 661 1312 Sig-fnum
688 1242 947 1297 Armanni
978 1252 1032 1299 et
1058 1245 1313 1302 Ademari
1336 1247 1746 1306 vicecomitum.

376 1330 652 1402 Sig-fnum
682 1330 951 1386 Remundi
973 1333 1195 1388 Amelii.

379 1418 660 1490 Sig-fnum
694 1420 866 1475 Pontii
896 1422 1164 1478 Matfredi.

375 1507 647 1581 Sig+num
679 1509 879 1564 Raterii
894 1551 907 1564 .

377 1597 654 1669 Sig-fnum
683 1599 937 1654 Matfredi
967 1601 1157 1656 Amelii
1174 1641 1187 1656 .

377 1685 656 1757 Sig-fnum
678 1688 870 1742 Amelii
898 1688 1118 1744 Justini.

2014 546 2286 616 duplicato
2317 550 2762 609 Cluniacensibus
2788 555 2924 611 meis
2972 556 3227 614 fratribus
3274 561 3607 621 charissimis

2013 636 2178 707 regiae
2243 640 2571 695 auctoritatis
2644 652 2996 715 praeceptum,
3053 661 3086 701 a
3159 648 3367 720 meipso
3424 655 3606 724 quoad

2015 724 2202 780 vixere
2257 727 2570 784 firmissime
2637 733 2952 802 tenendum,
3012 736 3373 808 omnibusque
3416 757 3607 797 succe-

2019 812 2274 869 dentibus
2328 833 2431 886 per
2485 818 2683 874 saecula
2740 829 2967 876 ventura
3014 824 3068 877 in
3116 841 3286 897 regno
3333 810 3610 900 Hispanias

2018 901 2236 973 regibus
2286 914 2551 975 perpetua
2633 909 2756 981 lege
2815 912 3162 967 servandum.
3231 914 3383 972 Hanc
3434 927 3614 974 autem

2019 991 2451 1049 constitutionem
2474 995 2618 1051 facio
2647 1013 2750 1068 pro
2788 998 2984 1055 animm
3010 1017 3143 1057 mem
3199 1005 3459 1073 remedio,
3519 1022 3616 1078 pro

2020 1079 2303 1134 animabus
2332 1084 2508 1152 patris
2537 1086 2640 1140 mei
2670 1094 2721 1141 et
2736 1088 2926 1142 matris
2954 1104 3017 1143 ac
3066 1090 3287 1146 fratrum
3344 1110 3611 1163 meorum,

2020 1184 2118 1237 pro
2157 1184 2327 1225 uxore
2388 1188 2453 1227 ac
2509 1172 2693 1228 liberis
2750 1177 2913 1243 meis,
2972 1186 3031 1231 ut
3088 1187 3141 1234 et
3195 1180 3333 1236 vivis
3362 1183 3621 1253 prositad

2020 1260 2437 1325 promerendam
2465 1262 2775 1317 aeternalem
2808 1263 2975 1318 vitam
3006 1272 3060 1320 et
3116 1266 3387 1324 defunctis
3442 1270 3619 1341 proﬁ-

2022 1343 2128 1399 ciat
2164 1347 2234 1400 ad
2251 1348 2636 1417 possidendam
2664 1352 2907 1419 requiem
2934 1354 3343 1424 sempiternam.
3404 1357 3461 1413 Si
3503 1360 3622 1429 quis

2022 1450 2151 1488 vero
2177 1451 2551 1491 successorum
2574 1454 2819 1493 meorum
2864 1455 3057 1511 regum
3114 1446 3375 1515 praecepti
3433 1445 3620 1516 hujus,

2024 1522 2166 1592 quod
2200 1524 2360 1593 absit,
2393 1532 2685 1581 temerator
2713 1526 2953 1583 existens
3001 1538 3095 1584 aut
3123 1532 3351 1587 violator
3404 1551 3626 1589 censum

2024 1611 2468 1667 Cluniacensibus
2497 1615 2844 1670 constitutum
2894 1616 3007 1673 sive
3058 1634 3124 1673 ex
3180 1623 3298 1677 toto
3357 1622 3629 1693 abnegare

2024 1701 2139 1755 sive
2196 1701 2439 1757 minuere
2498 1704 2799 1772 tentaverit,
2832 1705 2980 1761 sicut
3026 1722 3130 1777 ego
3159 1706 3271 1763 ﬁdo
3318 1709 3371 1762 in
3393 1710 3627 1766 Domino

379 1774 655 1873 Sig-fnum
686 1777 957 1833 Bernardi
1013 1777 1111 1833 ﬁlii
1169 1779 1271 1848 sui,
1331 1788 1384 1836 et
1438 1781 1691 1854 Hugonis
1724 1782 1914 1839 fratris
1944 1810 1993 1873 Β
2026 1790 2161 1857 Deo,
2220 1806 2252 1845 a
2300 1807 2470 1862 regno
2524 1792 2623 1846 Dei
2673 1808 2732 1847 se
2782 1795 2992 1848 noverit
3042 1774 3281 1851 alienum
3341 1805 3395 1851 et
3426 1799 3625 1863 iudicio

319 1880 398 1917 SD!
410 1904 422 1916 .

378 1953 656 2023 Sig-fnum
686 1955 904 2009 Arualdi
934 1955 1003 2011 de
1022 1957 1278 2038 Mairaco,
1297 1967 1349 2013 et
1368 1958 1604 2014 ﬁliorum
1636 1961 1773 2032 ejus.

379 2041 655 2113 Sig-l-num
690 2044 852 2109 Petri,
888 2044 1176 2115 Stephani,
1207 2046 1507 2103 etfratrum
1538 2048 1681 2119 ejus.

387 2131 666 2202 Sig-i-num
697 2131 953 2187 Bernardi
984 2134 1249 2204 Hugonis,
1282 2144 1336 2191 et
1364 2137 1591 2192 fratrum
1624 2138 1760 2207 ejus.

1001 2222 1208 2278 XVIII.

313 2309 747 2366 Testamentum
765 2310 1248 2439 domnéfdefonsi
1266 2317 1410 2386 regis
1429 2315 1834 2387 Hispaniarum
1848 2314 1921 2371 ad

1002 2399 1295 2439 umacum.

1002 2399 1295 2441 umacum.

911 2473 1092 2542 (Anno
1124 2475 1322 2544 1090.)

714 2567 945 2640 (sum.
986 2569 1245 2640 Miscelt.,
1274 2570 1369 2637 ιιι,
1405 2571 1518 2640 44.]

391 2665 451 2720 In
481 2665 702 2722 nomine
734 2666 833 2721 Dei
864 2666 1260 2737 omnipotentis
1294 2668 1467 2723 Patris
1496 2676 1550 2723 et
1588 2668 1704 2723 Filii
1726 2668 1920 2740 etSpi-

320 2756 453 2810 ritus
504 2755 696 2811 sancti.
746 2759 1104 2824 Annrorzsus,
1135 2756 1319 2811 divina
1376 2757 1920 2829 faventeclementia,

318 2845 703 2915 Hispaniarum
734 2861 848 2899 rex.

389 2944 653 2997 Convenit
696 2942 971 3012 majestati
1002 2942 1168 3015 regia:
1222 2944 1681 3015 praedecessorum
1728 2960 1921 3015 regum

318 3031 542 3086 virtutes
584 3040 636 3086 et
690 3031 830 3086 bene
878 3039 998 3086 acta
1053 3032 1275 3099 imitari,
1331 3048 1429 3102 per
1484 3033 1626 3102 quod
1684 3040 1736 3087 et
1780 3032 1921 3104 apud

318 3120 494 3174 Deum
552 3128 607 3175 et
650 3122 797 3190 apud
848 3120 1100 3175 homines
1155 3120 1393 3175 inveniat
1446 3121 1703 3193 gratiam,
1760 3130 1812 3176 et
1868 3121 1920 3175 in

315 3215 565 3277 posteros
598 3208 886 3262 amabilem
917 3208 1152 3263 nominis
1197 3209 1277 3264 sui
1326 3209 1648 3263 transmittat
1704 3226 1918 3265 memo-

314 3297 469 3351 riam.
504 3296 684 3352 Subiit
713 3296 893 3367 itaque
924 3296 1054 3350 mihi
1086 3297 1207 3368 regi
1254 3297 1524 3352 Adefonso
1572 3298 1625 3350 in
1685 3302 1920 3351 mentem

316 3383 444 3455 quid
476 3385 758 3457 egregium
818 3385 958 3440 inter
986 3391 1182 3440 caetera
1212 3394 1398 3456 egerat
1452 3393 1606 3455 pater
1643 3402 1796 3440 meus
1828 3402 1919 3440 rex

313 3474 682 3528 Fredelandus
714 3474 803 3544 pia
834 3474 1211 3529 recordatione
1242 3490 1464 3544 semper
1493 3489 1921 3530 commemoran-

311 3561 435 3616 dus.
489 3562 780 3631 Comperta
830 3578 1066 3633 namque
1098 3563 1333 3618 coenobii
1391 3562 1761 3618 Cluniacensis
1812 3571 1920 3617 tam

311 3649 543 3721 celebri,
574 3658 682 3705 tam
711 3651 945 3722 probata
992 3659 1103 3706 tam
1152 3660 1335 3706 sancta
1392 3651 1677 3722 religione,
1736 3651 1919 3706 divino

314 3755 447 3795 mox
503 3740 699 3795 timore
727 3749 1092 3813 compunctus
1144 3748 1197 3795 et
1240 3757 1426 3796 amore
1456 3741 1771 3796 societatem
1802 3740 1919 3794 fra-

316 3838 456 3885 trum
513 3831 630 3884 Deo
687 3837 741 3885 et
787 3837 973 3885 sancto
1059 3831 1213 3885 Petro
1296 3830 1501 3885 ibidem
1574 3829 1919 3884 militantium

314 3917 591 3973 humiliter
677 3918 919 3990 expetiit,
999 3919 1228 3974 devotus
1300 3918 1532 3988 accepit,
1605 3917 1920 3973 ﬁdelissime

313 4007 491 4077 quoad
540 4007 674 4063 vixit
703 4008 944 4080 retinuit,
968 4023 1077 4062 non
1114 4007 1345 4062 inaniter
1395 4008 1625 4063 credens
1663 4023 1720 4062 se
1748 4007 1921 4077 parti-

312 4094 491 4165 cipem
524 4096 639 4151 fore
668 4096 722 4150 in
740 4111 931 4151 eorum
966 4095 1353 4167 spiritualibus,
1371 4095 1496 4151 side
1519 4112 1615 4150 sua
1634 4095 1918 4166 temporali

309 4184 648 4240 abundantia
676 4184 996 4256 indigentiae
1018 4201 1302 4240 servorum
1332 4185 1436 4239 Dei
1461 4184 1651 4239 fuisset
1694 4183 1916 4239 muniﬁ-

310 4288 426 4328 cus.
451 4273 608 4330 Unde
639 4289 861 4329 censum
886 4274 1198 4343 annualem,
1234 4273 1383 4329 mille
1421 4273 1675 4331 videlicet
1703 4288 1916 4340 aureos,

310 4377 448 4433 quos
503 4361 670 4435 vulgo
722 4362 996 4418 mancales
1034 4363 1331 4433 appellant,
1378 4362 1663 4419 conventui
1696 4362 1917 4417 Clunia-

310 4450 460 4507 censi
505 4452 576 4506 ad
642 4451 954 4507 vestiarium
1010 4452 1225 4523 preprie
1255 4451 1448 4515 dedit;
1483 4467 1644 4523 quem
1689 4466 1917 4506 censum

310 4538 507 4595 eodem
568 4541 732 4596 modo
788 4556 885 4612 per
940 4556 1280 4596 successores
1327 4556 1455 4595 suos
1509 4538 1737 4610 praefato
1793 4540 1916 4595 loco

315 4628 597 4684 annuatim
628 4628 964 4684 reddendum
988 4628 1211 4683 instituit
1234 4636 1285 4683 et
1316 4628 1564 4685 ﬁrmavit.
1616 4628 1753 4698 Quia
1780 4644 1916 4685 vero

311 4716 515 4788 placuit
542 4717 957 4787 omnipotentiae
982 4716 1250 4772 Creatoris
1275 4717 1329 4771 in
1360 4733 1529 4789 regno
1558 4718 1913 4789 Hesperidum

311 4805 573 4861 roborare
603 4804 796 4861 solium
819 4822 1028 4873 meum,
1060 4821 1163 4878 ego
1181 4805 1281 4861 Dei
1317 4806 1486 4878 gratia
1512 4822 1613 4861 rex
1659 4807 1911 4862 Adefon-

314 4909 426 4962 sus,
488 4894 625 4949 sicut
682 4893 858 4950 haeres
910 4902 1152 4965 patemaa
1208 4894 1508 4966 dignitatis,
1564 4894 1642 4950 ita
1697 4911 1914 4966 quoque

314 4981 477 5037 bona
497 4998 786 5039 successor
814 4981 1123 5052 voluntatis,
1171 4991 1393 5054 pactum
1448 4983 1700 5038 fraternae
1732 4983 1912 5039 socie-

316 5071 440 5127 tatis
469 5087 592 5127 cum
650 5072 789 5127 meis
820 5071 1261 5127 Cluniacensibus
1289 5071 1405 5140 inii,
1438 5072 1622 5139 statui,
1678 5070 1910 5140 ﬁrmavi,

314 5175 535 5216 censum
593 5177 811 5234 quoque
837 5161 1113 5233 largitatis
1154 5168 1393 5231 paternae
1449 5159 1742 5232 duplicavi,
1803 5162 1912 5217 duo

306 5250 487 5307 millia
517 5251 791 5307 mancales
838 5250 896 5305 in
942 5266 1105 5306 censu
1161 5250 1377 5306 annuali
1407 5250 1663 5306 Cluniaco
1689 5251 1911 5321 persol-

316 5352 487 5395 vens.
525 5340 943 5397 Communicato
1008 5340 1173 5397 etiam
1221 5356 1344 5395 eum
1372 5355 1544 5396 uxore
1572 5356 1696 5395 mea
1718 5340 1913 5413 regina

312 5428 567 5497 consilio,
628 5437 681 5484 et
724 5429 961 5501 primum
1047 5429 1307 5485 Toletano
1364 5429 1777 5500 archiepiscopo
1857 5437 1914 5485 et

318 5517 539 5574 caeteris
595 5517 867 5589 episcopis
911 5518 1019 5574 mei
1097 5512 1157 5574 et'
1204 5518 1533 5590 primoribus
1588 5518 1749 5591 regni
1804 5516 1913 5574 mei

308 5605 563 5664 ﬁdelibus
599 5606 737 5662 meis
765 5606 1094 5679 volentibus,
1140 5607 1619 5677 consentientibus,
1678 5606 1910 5665 laudan-

2026 1879 2211 1933 diviuo
2262 1879 2746 1949 exhasredandum,
2808 1881 2913 1935 nisi
2970 1884 3231 1938 velociter
3250 1885 3530 1955 resipiscat
3576 1894 3630 1942 et

2029 1966 2334 2039 abnegatas
2391 1969 2477 2022 vel
2534 1968 2824 2023 diminutas
2855 1987 3052 2025 census
3096 1972 3370 2044 condigna
3400 1974 3625 2028 satisfa-

2028 2055 2205 2110 ctione
2249 2057 2496 2111 restituat
2536 2054 2863 2126 pensiones.
2931 2060 2999 2114 Ut
3054 2068 3235 2115 autem
3319 2063 3634 2119 inviolabile

2029 2153 2271 2199 teneatur
2301 2146 2402 2199 hoc
2430 2162 2615 2200 meum
2655 2154 2988 2217 praeceptum
3023 2148 3162 2204 hanc
3222 2149 3467 2204 chartam
3514 2150 3633 2207 ﬁeri

2029 2234 2443 2305 conscriptionis
2469 2235 2630 2304 jussi,
2666 2252 2828 2306 quam
2861 2236 3015 2309 regia
3045 2253 3208 2293 manu
3238 2248 3291 2293 et
3321 2240 3637 2297 auctoritate

2028 2322 2216 2377 subtus
2265 2321 2473 2377 ﬁrmavi
2547 2332 2599 2379 et
2657 2324 3032 2394 corroboravi,
3093 2335 3254 2400 atque
3308 2325 3637 2384 ﬁrmandum

2028 2426 2183 2482 aeque
2238 2410 2575 2483 principibus
2633 2428 2696 2468 ac
2760 2412 3013 2468 ﬁdelibus
3058 2416 3196 2470 meis
3242 2426 3640 2488 consequenter

2028 2500 2304 2554 mandavi.
2388 2501 2684 2571 Impetravi
2735 2503 2896 2558 etiam
2955 2518 2987 2557 a
3041 2503 3386 2559 Cluniacensi
3439 2506 3639 2562 abbate

2029 2596 2178 2659 patre
2205 2604 2327 2644 meo
2359 2590 2559 2645 domno
2590 2591 2821 2662 Hugone
2851 2599 2974 2647 tunc
3029 2593 3293 2663 temporis
3347 2609 3560 2650 mecum
3580 2595 3637 2650 in

2030 2677 2247 2732 civitate
2292 2679 2484 2749 Burgis
2539 2689 2932 2749 commanente,
2992 2689 3049 2735 ut
3135 2681 3388 2737 omnibus
3433 2700 3635 2754 super-

2029 2766 2272 2820 venturis
2325 2766 2616 2821 abbatibus
2694 2769 2803 2822 suis
2860 2769 3268 2825 successoribus
3339 2773 3637 2827 constituat

2032 2862 2363 2925 praeceptum
2396 2855 2463 2909 de
2492 2857 3015 2912 commemoratione
3054 2857 3141 2912 vel
3200 2858 3466 2929 obsequio
3483 2860 3636 2931 quod

2030 2957 2128 3012 pro
2179 2942 2356 3011 nobis,
2407 2944 2658 2999 videlicet
2688 2960 2791 3014 pro
2813 2953 2963 3015 patre
3018 2961 3161 3010 meo,
3195 2961 3290 3016 pro
3313 2955 3506 3011 matre,
3538 2963 3639 3018 pro

2030 3030 2285 3085 fratribus
2342 3032 2499 3096 meis,
2548 3048 2647 3103 pro
2704 3049 2812 3100 me,
2858 3050 2955 3104 pro
2987 3050 3160 3089 uxore
3183 3049 3305 3089 mea
3337 3036 3551 3106 regina,
3585 3044 3639 3090 et

2034 3118 2222 3174 liberis
2280 3119 2393 3190 ipse
2436 3120 2632 3175 domus
2688 3122 2846 3192 Hugo
2913 3121 3083 3176 abbas
3124 3122 3372 3191 apposuit
3410 3130 3463 3177 et
3492 3123 3637 3177 ordi-

2028 3207 2178 3263 navit
2232 3216 2341 3260 tam
2397 3223 2498 3278 pro
2554 3208 2693 3265 vivis
2738 3226 2897 3278 quam
2952 3225 3053 3279 pro
3112 3209 3381 3265 defunctis
3422 3226 3642 3283 semper

2027 3294 2297 3365 agendum
2313 3335 2327 3348 .

2099 3386 2231 3437 Acta
2259 3391 2379 3438 sunt
2413 3384 2603 3457 Burgis
2632 3385 2687 3439 in
2715 3384 2951 3442 civitate.

2099 3472 2240 3526 Data
2278 3473 2422 3542 apud
2454 3474 2655 3545 Burgis
2703 3474 2981 3531 civitatem
3039 3492 3182 3533 anno
3237 3477 3309 3533 ab
3365 3476 3627 3533 Incarna-

2029 3561 2173 3616 tione
2202 3561 2423 3616 Domini
2454 3565 2613 3631 1090,
2646 3562 2944 3621 indictione
2975 3581 3090 3635 xm,
3130 3567 3356 3624 Pascha:
3413 3567 3631 3623 diebus.

2754 3653 2912 3710 XIX.

2033 3739 2262 3797 Litterae
2278 3741 2523 3815 episcopi
2541 3738 2992 3799 Silvaneclensis
3026 3744 3093 3800 de
3121 3744 3345 3802 abbatia
3373 3744 3631 3818 Crispeiz’.

2511 3832 2693 3900 (Anno
2717 3830 2941 3887 circiter
2970 3835 3154 3904 1095.)

2386 3916 2555 3990 [ϐαῑι.
2590 3917 2715 3972 Chr.
2748 3919 2821 3987 Χ,
2855 3919 3112 3974 Instrum.
3146 3921 3294 3994 207.]

2099 4005 2280 4076 Hugo,
2312 4006 2409 4059 Dei
2430 4005 2604 4076 gratia
2624 4005 3046 4062 Silvanectensis
3076 4008 3630 4080 episcopus,domino

2027 4100 2077 4148 et
2108 4093 2422 4148 charissimo
2481 4093 2582 4146 sibi
2630 4093 2847 4165 Hugoni
2903 4094 3268 4150 Cluniacensis
3319 4098 3632 4154 monasterii

2027 4182 2232 4249 abbati,
2288 4182 2515 4237 salutem
2568 4189 2620 4236 et
2667 4181 2969 4237 servitium.
3002 4185 3205 4239 Notum
3236 4184 3350 4240 fieri
3380 4187 3632 4243 volumus

2026 4280 2217 4327 vestras
2240 4269 2645 4342 benignissimae
2703 4277 2758 4325 et
2803 4271 2961 4326 nobis
3006 4272 3371 4330 dilectissimze
3426 4276 3630 4330 sancti-

2028 4360 2144 4429 tati,
2192 4359 2385 4414 libenti
2463 4358 2645 4414 animo
2700 4375 2977 4415 assensum
3025 4361 3327 4431 praebuisse
3378 4362 3629 4432 petitioni

2028 4449 2218 4505 domni
2266 4448 2515 4520 Hugonis
2571 4448 2782 4505 comitis
2840 4449 2908 4504 de
2939 4449 3183 4521 Crispeio
3214 4466 3381 4521 super
3410 4451 3628 4507 abbatis.

1945 4510 1998 4569 D
2030 4535 2219 4593 Sancti
2249 4536 2481 4605 Arnulﬁ,
2509 4536 2723 4593 favente
2752 4546 3022 4593 conventu
3060 4540 3446 4596 canonicorum
3494 4556 3627 4595 san-

2023 4636 2124 4683 cta:
2171 4626 2314 4683 sedis
2384 4624 2823 4681 Silvanectcnsis.
2873 4627 3238 4683 Concedimus
3309 4628 3491 4700 itaque
3567 4637 3627 4685 ut

2021 4715 2405 4772 monasterium
2455 4715 2638 4770 Sancti
2664 4712 2866 4769 Arnulﬁ
2893 4716 2960 4770 de
2986 4717 3229 4788 Crispeio
3280 4717 3381 4772 sub
3436 4725 3630 4775 vestrae

2021 4804 2380 4859 sanctissimas
2430 4803 2812 4858 dominationis
2841 4812 3142 4874 vestraeque
3191 4806 3627 4879 religiosissima:

2020 4892 2318 4947 sanctitatis
2346 4891 2602 4947 omnibus
2630 4890 2808 4945 modis
2836 4891 3098 4946 subdatur
3116 4892 3368 4965 imperio.
3404 4895 3470 4950 Et
3498 4895 3629 4968 quia

2020 4990 2343 5051 exoptamus
2399 4979 2556 5035 nobis
2608 4978 2925 5034 afﬁnitatem
2994 4990 3186 5037 vestrae
3240 4982 3518 5051 bonitatis,
3571 4985 3629 5040 in

2021 5071 2228 5126 ditione
2249 5076 2433 5126 vestra
2462 5069 2623 5123 situm
2654 5067 2723 5121 sit
2743 5068 2980 5139 ponendi
3015 5077 3066 5125 et
3096 5071 3373 5127 auferendi
3431 5072 3624 5143 cujus-

2019 5175 2231 5230 cunque
2261 5174 2509 5229 personze
2554 5156 2850 5225 volueritis,
2871 5165 2924 5213 et
2953 5159 3057 5214 hoc
3087 5160 3324 5229 quandiu
3351 5161 3465 5217 vita
3520 5162 3624 5217 ista

2020 5247 2290 5304 fruemini.
2310 5245 2669 5303 Concedimus
2686 5253 2955 5316 praeterea
2993 5249 3167 5319 gratia
3194 5250 3387 5316 vestri,
3412 5256 3471 5304 ut
3498 5256 3620 5319 post

2018 5338 2305 5394 decessum
2322 5343 2555 5392 vestrum
2581 5350 2864 5391 successor
2891 5344 3071 5393 vester
3108 5337 3301 5407 abbas,
3360 5336 3621 5393 videlicet

2019 5423 2407 5490 Cluniacensis,
2467 5424 2666 5480 habeat
2720 5431 3043 5495 potestatem
3088 5424 3327 5497 ponendi
3367 5423 3621 5481 abbatem

2019 5516 2074 5572 in
2115 5514 2424 5587 supradicta
2476 5511 2731 5581 ecclesia,
2790 5514 3085 5570 secundum
3130 5512 3454 5570 electionem
3480 5511 3615 5569 Clu-

2020 5604 2290 5665 niacensis
2346 5603 2567 5680 capituli
2629 5617 2642 5658 :
2699 5603 2771 5659 ita
2828 5611 3006 5660 tamen
3059 5610 3115 5658 nt
3189 5601 3619 5664 Silvancctensis
