4032 6078
388 324 491 379 975

1578 306 1634 360 S.
1676 302 1875 360 HUGO
1913 301 2130 356 ABBAS
2170 300 2487 357 CLUNIAC.

3604 307 3714 361 976

380 443 627 505 Ecclesia
680 446 734 497 et
788 434 1033 507 ejusdem
1085 432 1402 502 episcopus,
1454 444 1520 484 ea
1549 443 1671 499 quae
1694 424 1993 484 secundum
2019 425 2076 485 Α
2105 424 2239 494 pisci
2268 426 2413 481 dono
2443 426 2562 496 ejus
2613 425 2703 497 qui
2755 424 3044 481 investitus
3091 435 3170 483 est
3228 427 3445 497 poterit,
3493 427 3709 484 senebit

384 535 559 591 Deum
593 538 646 587 et
676 526 1049 586 auctoritatem
1079 520 1175 577 SS.
1209 521 1434 575 Patrum
1456 517 1703 573 obtinere
1732 515 1986 581 debeant,

378 639 491 680 non
521 620 768 678 amittant
799 634 811 677 ;
845 627 1037 669 verum
1065 625 1132 666 ea
1163 607 1463 664 secundum
1503 606 1649 676 quod
1700 604 1990 660 canonicus

384 713 521 768 ordo
551 702 923 779 postulaverit,
956 699 1258 755 obtineant.
1291 696 1376 752 Ne
1406 695 1539 767 quid
1588 702 1767 748 autem
1823 706 1991 764 grave

387 800 640 856 videatur
665 801 860 851 vestrae
903 786 1315 860 benignissimae
1361 782 1667 855 paternitati
1706 781 1760 835 in
1808 782 1993 850 hujus-

383 886 533 943 modi
563 880 968 945 constitutione,
999 875 1319 931 mandamus
1348 872 1480 942 quia
1509 872 1637 927 dum
1663 869 1987 941 praesentia-

383 974 507 1031 liter
532 970 758 1028 insimul
789 967 953 1024 locuti
980 964 1265 1032 fuerimus,
1297 962 1414 1016 Deo
1429 961 1666 1027 volente,
1690 956 1990 1013 secundum

384 1060 728 1119 discretionis
810 1062 1000 1114 vestra:
1068 1050 1354 1109 consilium
1405 1048 1551 1119 quod
1588 1045 1989 1103 emendandum

384 1151 549 1208 fuerit
576 1145 989 1205 emendabimus
1021 1160 1033 1205 ;
1067 1156 1166 1198 vos
1194 1147 1381 1196 autem
1407 1138 1461 1192 in
1478 1136 1728 1209 praesenti
1746 1133 1988 1191 ecclesia;

384 1238 671 1298 consulite.

1117 1346 1251 1400 XX.

386 1476 530 1532 Acta
547 1467 865 1529 concordiae
887 1464 1049 1520 inita:
1068 1462 1131 1517 in
1167 1460 1408 1516 concilio
1433 1456 1986 1532 Claromontanain-

460 1528 856 1610 tcrHugonem
877 1536 1133 1610 abbatem
1154 1532 1589 1588 Cluniacemem
1616 1532 1674 1583 et
1718 1528 1989 1583 Pontium

453 1606 710 1671 abbatem
741 1606 1047 1665 Carae-Dei.

980 1712 1157 1780 (Anno
1188 1708 1384 1769 1096.)

773 1829 1021 1902 [BALUZ.,
1051 1824 1307 1891 Miscell.,
1344 1822 1440 1888 III,
1473 1820 1587 1889 56.]

459 1938 724 1999 Noverint
770 1949 958 1992 omnes
1006 1930 1267 1988 Ecclesiae
1296 1928 1395 1983 Dei
1443 1925 1647 1992 fideles,
1700 1933 1806 1979 tam
1843 1939 1991 1994 prae-

388 2038 576 2088 sentes
622 2041 787 2097 quam
832 2021 1057 2095 posteri,
1117 2018 1348 2091 qualiter
1397 2016 1631 2071 domnus
1673 2014 1833 2086 Hugo
1888 2013 1991 2067 ab-

384 2122 485 2176 bas
515 2113 886 2174 Cluniacensis
948 2119 1000 2166 et
1047 2110 1279 2164 domnus
1318 2105 1541 2161 Pontius
1596 2104 1772 2158 abbas
1801 2102 1988 2157 Casa:-

383 2210 509 2277 Dei,
568 2206 877 2271 fratresque
922 2214 1108 2255 eorum
1158 2197 1213 2250 in
1279 2193 1712 2250 Claromontensi
1760 2190 1990 2246 concilio

382 2314 483 2371 per
512 2309 735 2351 manum
768 2289 982 2346 domini
1011 2302 1168 2357 papae
1204 2284 1415 2339 Urbani
1447 2281 1667 2338 secundi
1691 2289 1742 2335 et
1758 2296 1989 2336 venera-

385 2369 577 2444 bilium
599 2380 1137 2451 archiepiscoporum
1186 2371 1398 2429 domini
1457 2369 1705 2443 Hugonis
1762 2370 1991 2440 Lugdu-

386 2474 575 2532 nensis
604 2479 657 2527 et
687 2467 894 2526 domini
948 2460 1603 2519 AldebertiBituricensis
1647 2458 1993 2527 aliorumque

381 2564 683 2621 multorum
704 2557 1081 2628 religiosorum
1110 2552 1374 2616 virorum,
1408 2551 1587 2621 sOpita
1614 2547 1773 2603 omni
1807 2546 1991 2600 simul-

385 2660 497 2707 tate
528 2664 651 2722 quse
689 2647 829 2703 inter
852 2658 947 2699 eos
962 2658 1028 2696 ex
1058 2639 1381 2711 quibusdam
1400 2635 1781 2693 occasionibus
1810 2648 1991 2689 emer-

391 2746 553 2807 serat,
586 2736 641 2791 in
661 2748 855 2805 pacem
904 2738 957 2786 et
985 2728 1330 2785 concordiam
1360 2725 1642 2781 redierint.
1694 2723 1990 2777 Sciendum

397 2832 482 2884 est
536 2826 718 2893 itaque
783 2820 914 2891 quia
978 2818 1211 2872 domnus
1254 2814 1429 2870 abbas
1475 2812 1695 2867 Pontius
1734 2818 1785 2865 et
1804 2811 1993 2865 fratres

397 2911 681 2970 Casca-Dei
736 2913 1124 2964 concesserunt
1170 2904 1372 2959 domno
1427 2900 1644 2971 Hugoni
1698 2898 1882 2954 abbati
1938 2902 1994 2952 et

384 3001 646 3059 fratribus
714 2993 1163 3054 Cluniacensibus
1233 2993 1525 3045 Boortense
1603 2987 1991 3043 monasterium

383 3101 438 3149 et
467 3089 755 3147 ecclesiam
787 3087 855 3140 de
882 3082 1162 3148 Amberto,
1204 3078 1485 3135 ecclesiam
1533 3092 1749 3147 quoque
1806 3074 1987 3131 Sancti

798 3139 1042 3229 Crastello
1072 3139 1467 3226 et'ecclesiam
1515 3139 1770 3237 Digneio,
1825 3172 1989 3235 atque
2018 3139 2067 3204 C

386 3269 676 3327 ecclesiam
715 3265 787 3319 de
815 3260 1057 3327 Cosanti,
1086 3257 1478 3328 ecclesiamque
1508 3255 1578 3310 de
1613 3254 1881 3326 Vongeio,
1941 3260 1999 3307 et

387 3358 677 3416 ecclesiam
733 3354 801 3408 de
886 3350 1145 3415 Prisceio,
1196 3356 1359 3417 atque
1398 3344 1683 3400 ecclesiam
1741 3344 1809 3397 de
1862 3341 1992 3397 Sni-

388 3449 593 3517 reiaco,
627 3460 750 3499 cum
773 3439 1022 3498 omnibus
1052 3452 1235 3493 earum
1252 3433 1612 3505 appendiciis,
1638 3441 1744 3486 tam
1768 3430 1996 3485 interris

394 3547 449 3595 et
479 3530 919 3607 possessionibus
968 3542 1132 3597 quam
1190 3525 1245 3579 in
1274 3522 1501 3578 decimis
1530 3521 1847 3593 caeterisque
1868 3519 1995 3574 red-

391 3626 620 3690 ditibus,
652 3630 704 3676 et
732 3626 942 3690 partem
995 3615 1224 3670 decimae
1254 3613 1323 3667 de
1354 3610 1585 3666 ecclesia
1613 3608 1843 3674 Cosiaci,
1872 3624 1997 3677 par-

393 3723 507 3769 tem
538 3724 751 3781 quoque
768 3705 996 3761 decimae
1026 3716 1188 3772 quam
1210 3699 1491 3754 habebant
1533 3698 1587 3751 in
1623 3697 1869 3753 Ecclesia
1928 3697 1998 3751 de

395 3798 626 3865 Iudaeis,
660 3803 718 3850 ut
745 3793 982 3848 habeant
1012 3790 1268 3858 deinceps
1326 3788 1444 3841 haec
1490 3785 1747 3841 omniain
1793 3800 1996 3855 perpe—

393 3897 568 3944 tuum.
629 3884 675 3939 E
725 3894 991 3937 converso
1038 3878 1232 3932 domus
1297 3875 1467 3929 abbas
1522 3872 1892 3928 Cluniacensis
1945 3878 2000 3927 et

392 3961 590 4032 fratres
635 3972 752 4041 ejus
806 3973 1194 4025 concesserunt
1224 3965 1427 4020 domno
1488 3962 1670 4017 abbati
1699 3960 1999 4017 Casca-Dei

393 4072 448 4120 et
466 4060 728 4119 fratribus
774 4056 896 4127 ejus
931 4053 1297 4110 obedientiam
1344 4050 1412 4106 de
1473 4048 1801 4105 Castellione
1842 4047 2001 4118 juxta

396 4162 632 4210 castrum
663 4146 974 4204 Corziacum
1029 4150 1081 4198 et
1109 4140 1394 4197 ecclesiam
1444 4140 1513 4195 de
1570 4139 1710 4193 Casa
1752 4138 2002 4192 Mediana

396 4259 520 4300 cum
549 4238 804 4294 omnibus
833 4235 901 4289 ad
935 4248 1027 4288 eas
1054 4229 1450 4302 pertinentibus
1479 4235 1535 4282 ut
1582 4228 1893 4298 possideant
1938 4242 2005 4281 ea

397 4331 581 4387 omnia
610 4329 669 4383 in
706 4330 1048 4396 perpetuum,
1080 4319 1153 4374 ita
1184 4326 1367 4373 tamen
1394 4324 1452 4371 ut
1498 4316 1554 4370 in
1576 4316 1710 4370 Casa
1749 4315 2003 4369 Mediana

395 4419 706 4477 habitantes
743 4412 997 4469 monachi
1025 4415 1224 4479 praeter
1280 4407 1416 4460 duos
1452 4412 1543 4459 aut
1598 4412 1707 4459 tres
1751 4420 1860 4459 non
1906 4403 2003 4457 ha-

2103 528 2225 569 eam
2270 514 2326 568 in
2366 529 2526 585 pace,
2576 531 2676 569 nec
2726 514 2952 584 quilibet
2989 515 3208 571 alterius
3261 517 3707 589 congregationis

2099 601 2210 657 vim
2247 610 2338 656 aut
2392 602 2721 656 calumniam
2752 601 2957 657 inferre
2994 603 3212 673 poterit,
3242 620 3343 659 nec
3389 604 3705 674 acquirendi

2101 691 2188 746 vel
2211 690 2514 745 aediﬁcandi
2550 691 2830 747 ecclesiam
2865 692 2915 745 in
2955 691 3073 762 ipsa
3100 692 3386 763 parrochia
3429 693 3706 749 licentiam

2105 780 2191 834 vel
2222 779 2543 835 facultatem
2576 779 2816 834 habebit.
2844 780 3173 837 Clericorum
3202 789 3386 837 autem
3443 782 3528 837 vel
3550 782 3704 837 mili-

2107 876 2219 922 tum
2257 868 2500 939 quisquis
2541 868 2597 922 in
2664 869 2931 925 extremis
2970 871 3199 940 positus,
3247 871 3546 942 cuicunque
3579 871 3705 927 loco

2104 971 2294 1013 eorum
2349 972 2470 1012 sese
2525 958 2597 1011 ad
2653 957 3029 1028 sepeliendum
3088 958 3457 1026 destinaverit,
3492 958 3569 1014 ibi
3585 959 3707 1015 sine

2103 1044 2380 1099 calumnia
2435 1045 2742 1115 sepelietur,
2800 1053 2853 1101 et
2908 1061 3247 1118 quaecunque
3292 1046 3503 1104 dederit
3550 1049 3706 1105 locus

2102 1133 2219 1204 ipse
2242 1134 2296 1187 in
2330 1149 2463 1205 pace
2491 1134 2765 1201 retinebit,
2800 1134 3013 1189 etiamsi
3041 1151 3100 1190 se
3129 1134 3213 1192 vel
3245 1152 3337 1190 sua
3367 1135 3517 1207 prius
3547 1137 3706 1192 alteri

2104 1223 2242 1293 parti
2274 1223 2587 1291 devoverit,
2620 1232 2851 1292 excepto
2908 1223 3056 1295 quod
3084 1223 3128 1278 si
3167 1224 3352 1297 aliqua
3409 1225 3528 1279 aliis
3575 1240 3708 1282 cum

2103 1310 2423 1366 investitura
2453 1311 2688 1383 primum
2720 1310 2892 1380 dedit,
2951 1327 3061 1368 non
3106 1312 3293 1368 licebit
3349 1330 3413 1368 ea
3439 1314 3544 1369 nisi
3571 1315 3709 1384 ipsis

2105 1400 2195 1470 qui
2226 1400 2351 1455 inde
2380 1399 2619 1456 investiti
2650 1400 2860 1455 fuerant
2891 1401 3112 1455 habere.
3150 1401 3488 1472 Cupientium
3514 1402 3711 1460 venire

2103 1488 2173 1542 ad
2202 1489 2555 1543 monasticum
2610 1489 2856 1543 ordinem
2922 1493 2979 1544 et
3034 1489 3298 1559 habitum,
3347 1490 3479 1545 nulli
3525 1491 3707 1547 susci-

2099 1577 2288 1646 piendi
2319 1578 2518 1643 aditus,
2552 1592 2877 1648 quocunque
2898 1577 2979 1632 ire
3004 1578 3155 1646 velit,
3188 1579 3259 1633 ab
3305 1580 3472 1635 altero
3502 1581 3697 1652 prohi-

2099 1665 2339 1729 bebitur,
2366 1666 2574 1720 etiamsi
2604 1682 2661 1721 se
2691 1666 2740 1722 ei
2760 1667 2995 1736 primum
3022 1667 3321 1723 devoverit.
3379 1669 3444 1723 Et
3496 1667 3541 1724 si
3597 1685 3705 1740 qua

2018 1779 2072 1840 B
2102 1761 2229 1809 tunc
2257 1754 2480 1826 largitus
2507 1755 2690 1822 fuerit,
2750 1755 2901 1810 locus
2930 1757 3050 1825 ipse
3107 1773 3269 1829 quem
3324 1756 3704 1828 ingrediturin

2101 1858 2238 1913 pace
2267 1843 2586 1914 possidebit,
2644 1844 2894 1914 exceptis
2953 1844 3043 1899 his
3070 1862 3192 1917 quae
3220 1861 3345 1902 cum
3376 1845 3704 1903 investitura

2099 1931 2220 1985 aliis
2246 1932 2481 2001 primum
2519 1932 2770 1987 contulit.
2803 1932 3054 2002 Suscepti
3083 1933 3155 1988 ad
3187 1935 3425 1989 habitum
3469 1933 3704 1991 transire

2100 2019 2168 2074 ab
2189 2036 2299 2074 uno
2328 2021 2397 2074 ad
2416 2021 2643 2075 alterum
2678 2021 3069 2076 monasterium
3110 2039 3220 2079 non
3275 2031 3549 2094 poterunt,
3589 2023 3697 2079 nisi

2101 2109 2240 2163 forte
2269 2124 2391 2162 cum
2420 2108 2640 2164 licentia
2670 2108 2880 2164 abbatis
2895 2110 2998 2163 sui.

2171 2198 2366 2251 Actum
2395 2197 2614 2265 publice
2640 2198 2785 2267 apud
2818 2198 3314 2254 Clarum-montem
3343 2208 3397 2256 et
3420 2202 3705 2258 laudatum

2100 2290 2263 2357 atque
2295 2284 2669 2341 conﬁrmatum
2754 2287 3072 2342 auctoritate
3152 2287 3335 2343 domni
3393 2305 3552 2362 papae
3605 2291 3709 2348 Ur-

2100 2374 2223 2428 bani
2253 2375 2321 2443 II,
2353 2374 2511 2431 utsic
2540 2375 2610 2429 ab
2641 2374 2885 2446 utrisque
2916 2374 3240 2432 inconvulse
3271 2385 3534 2446 teneatur,
3558 2395 3707 2436 anno

2100 2463 2170 2517 ab
2203 2463 2576 2518 lncarnatione
2632 2463 2852 2519 Domini
2903 2468 3063 2520 1095.
3096 2466 3218 2520 Kal.
3251 2466 3590 2536 Decembris,
3623 2469 3709 2523 in-

2100 2551 2337 2607 dictione
2365 2568 2444 2610 iv.

2823 2660 2975 2717 XXI.

2099 2778 2407 2836 Itaimtmdi
2427 2780 2766 2835 vicecomitis
2788 2781 3156 2837 Cadurccmis
3188 2783 3361 2838 vitam
3403 2787 3697 2842 monasti-

2171 2868 2296 2906 cam
2318 2852 2379 2905 ξπ
2402 2851 3005 2923 Maisiacemicwnobio
3023 2854 3441 2923 amplectentis,
3474 2860 3532 2911 et
3550 2857 3697 2913 duas

2170 2923 2435 2977 ecclesias
2463 2923 2816 2994 Ansquitilio
2844 2922 3035 2978 abbati
3054 2925 3451 2981 contionantis.

2697 3028 2892 3097 (Anno
2924 3029 3107 3101 1101.)

2482 3128 2655 3202 [GalL
2692 3129 2844 3199 Chr.,
2875 3147 3003 3186 nov.
3038 3132 3197 3187 Instr.
3220 3131 3330 3205 40.]

2172 3246 2304 3299 Cum
2337 3246 2680 3301 manifestum
2729 3246 2799 3301 sit
2827 3246 3037 3302 beatius
3068 3263 3190 3303 esse
3236 3248 3373 3305 dare
3390 3266 3553 3320 quam
3600 3266 3701 3307 ac-

2100 3334 2767 3405 cipere(Act.xx,3ii),et
2809 3340 3027 3391 moneat
3073 3353 3512 3410 unumquemque
3556 3340 3703 3395 Scri-

2101 3428 2262 3493 ptura
2285 3441 2296 3477 :
2318 3425 2573 3480 Miserere
2591 3426 2800 3480 anima:
2816 3434 2929 3480 tua?
2943 3426 3175 3497 placens
3198 3428 3307 3483 Dco
3334 3425 3534 3497 (Eccli.
3558 3445 3698 3499 xxx,

2104 3513 2211 3581 24),
2244 3529 2348 3583 ego
2378 3513 2431 3566 in
2452 3512 2551 3567 Dei
2570 3513 2788 3567 nomine
2806 3514 3135 3569 Ramuxnus
3151 3517 3461 3571 vicecomes
3501 3516 3699 3586 dictus,

2105 3600 2194 3670 qui
2226 3601 2380 3656 toties
2408 3601 2477 3655 ab
2505 3601 2628 3656 aliis
2658 3601 2806 3657 male
2835 3618 3156 3672 acceperam
3180 3604 3391 3659 tandem
3405 3604 3700 3675 aliquando

2106 3689 2243 3744 bene
2265 3689 2396 3744 dare
2425 3690 2676 3760 dispono,
2736 3698 2898 3760 atque
2926 3691 3141 3746 miserae
3170 3692 3367 3748 anima:
3385 3694 3705 3766 meminspi-

2104 3777 2310 3833 ratione
2340 3778 2523 3834 divina
2552 3779 2799 3834 misereri
2832 3780 3003 3851 eligo.
3034 3781 3175 3834 Nam
3207 3780 3377 3836 vitam
3394 3798 3575 3838 meam
3589 3799 3704 3854 qua

2106 3875 2214 3921 tam
2246 3866 2429 3939 inique
2459 3866 2728 3936 vivebam,
2762 3876 2819 3922 ut
2850 3868 3170 3923 Christianis
3206 3869 3468 3926 omnibus
3512 3872 3707 3927 audire

2107 3963 2313 4009 tantum
2369 3955 2631 4011 nefarium
2687 3956 2775 4024 sit,
2821 3956 3134 4026 relinquens
3180 3957 3384 4029 omnia,
3436 3959 3708 4032 religione

2105 4043 2408 4099 monastica
2436 4044 2787 4100 commutavi.
2819 4044 3086 4099 Ecclesias
3118 4061 3249 4101 vero
3279 4063 3399 4116 quae
3455 4047 3709 4104 dicuntur

2107 4132 2174 4187 de
2205 4133 2458 4200 Calzada,
2492 4149 2624 4203 quas
2648 4141 2903 4204 parentes
2933 4142 2987 4188 et
3036 4142 3414 4191 antecessores
3470 4137 3575 4192 mei
3606 4154 3710 4208 per

2110 4221 2476 4276 Simoniacam
2504 4221 2746 4277 haeresim
2775 4237 2943 4291 prave
2990 4222 3373 4293 dis'raxerant,
3431 4234 3489 4279 ut
3542 4225 3708 4282 obla-

2110 4309 2287 4365 tiones
2316 4326 2526 4378 earum,
2572 4325 2678 4365 non
2709 4327 2807 4380 per
2834 4327 3030 4365 manus
3058 4327 3378 4382 pauperum,
3409 4314 3525 4381 sed,
3558 4316 3709 4387 quod

2112 4406 2267 4470 turpe
2288 4407 2423 4467 erat,
2454 4415 2553 4469 per
2582 4414 2771 4453 manus
2809 4399 3260 4471 concubinarum,
3310 4401 3709 4460 distribueren-

397 4511 653 4573 heantur,
694 4502 1001 4558 habitantes
1031 4506 1215 4554 autem
1245 4495 1299 4549 in
1329 4493 1549 4548 castello
1597 4494 1743 4562 quod
1781 4501 2005 4547 vocatur
2031 4499 2083 4558 D
2114 4496 2216 4557 tur,
2268 4488 2322 4541 in
2377 4487 2736 4557 dispositione
2778 4488 2893 4543 Deo
2949 4488 3307 4545 servientium
3368 4490 3713 4550 ordinatione

398 4593 775 4653 Castellutium
818 4590 1054 4644 habeant
1105 4584 1420 4641 facultatem
1479 4581 1784 4651 sepeliendi
1829 4581 1913 4635 vel
1943 4581 1997 4634 in

397 4683 709 4744 coemeterio
739 4678 968 4750 capellae
1022 4674 1196 4744 ipsius
1225 4671 1429 4727 castelli
1455 4671 1542 4725 vel
1585 4670 1638 4723 in
1662 4669 1894 4724 ecclesia
1929 4670 1999 4725 de

395 4778 599 4841 Auzac,
658 4785 781 4841 qua:
829 4774 910 4822 est
966 4761 1317 4836 parochialis.
1359 4760 1569 4814 Caetera
1624 4774 1753 4813 vero
1818 4757 2002 4812 omnia

394 4878 518 4934 quae
547 4875 613 4915 eo
637 4859 729 4912 die
760 4857 815 4909 in
838 4870 944 4925 quo
966 4854 1083 4908 haec
1159 4849 1447 4905 concordia
1489 4849 1633 4903 facta
1681 4854 1765 4901 est
1818 4847 2002 4917 aliqua

390 4948 717 5007 investitura
778 4950 886 4998 tam
937 4943 1134 4996 fratres
1181 4938 1563 4994 Cluniaccnses
1609 4952 1771 5006 quam
1808 4935 1999 4989 fratres

396 5034 686 5095 Ceste-Dei
734 5031 991 5087 tenebant
1020 5028 1272 5083 finierunt
1302 5026 1404 5080 sibi
1436 5025 1492 5079 in
1540 5032 1798 5095 perpetua
1837 5039 1994 5095 pace,

388 5143 490 5184 nec
520 5124 625 5180 sibi
681 5122 941 5190 deinceps
968 5135 1030 5174 ea
1080 5117 1147 5172 ad
1203 5115 1438 5170 invicem
1498 5112 1996 5169 calumniabuntur.

394 5218 778 5273 Convenerunt
807 5210 971 5264 etiam
993 5207 1140 5261 inter
1170 5220 1229 5259 se
1263 5213 1319 5258 ut
1345 5217 1687 5274 quaecunque
1717 5201 1786 5255 de
1803 5208 2000 5256 caetero

388 5321 559 5370 terrae
591 5300 679 5359 vel
700 5296 1082 5371 possessiones
1103 5293 1206 5347 sibi
1226 5294 1485 5346 darentur
1542 5290 1610 5344 ab
1633 5290 1741 5344 illis
1786 5288 1877 5361 qui
1909 5306 1999 5345 eas

394 5396 579 5464 aliqua
607 5388 928 5445 investilura
951 5389 1207 5446 tenerent,
1240 5381 1433 5435 fratres
1462 5379 1540 5433 illi
1573 5379 1664 5451 qui
1712 5379 1838 5434 inde
1858 5394 1996 5450 qua-

395 5484 663 5553 lecunque
719 5478 922 5532 donum
959 5469 1316 5540 susceperint,
1367 5484 1460 5523 eas
1495 5467 1599 5522 sibi
1643 5467 1761 5522 sine
1783 5466 1997 5522 calum—

389 5572 483 5627 nia
513 5579 567 5625 et
595 5567 894 5638 quaestione
912 5558 1143 5617 aliorum
1173 5557 1431 5613 habeant.
1464 5558 1527 5610 In
1562 5555 1823 5612 Ecclesiis
1865 5570 1995 5613 vero

393 5653 770 5734 acquirendis,
802 5650 1111 5724 quicunque
1138 5662 1329 5705 eorum
1367 5644 1604 5718 primum
1648 5651 1859 5716 partem
1884 5643 1997 5700 adi-

2106 4575 2293 4631 divina
2330 4575 2583 4632 constitui
2613 4584 2772 4647 atque
2811 4577 3116 4646 composui.
3174 4578 3286 4632 Has
3341 4578 3509 4650 igitur
3535 4582 3709 4637 eccle-

2108 4664 2214 4719 sias
2245 4681 2363 4736 quae
2393 4665 2449 4717 in
2486 4665 2803 4719 Caturcensi
2860 4681 3005 4737 pago
3061 4674 3384 4722 constructae
3428 4668 3710 4739 videntur,

2107 4752 2285 4821 major
2314 4753 2369 4805 in
2401 4754 2606 4807 honore
2637 4762 2689 4807 et
2718 4753 2937 4808 nomine
2969 4754 3028 4808 Β.
3061 4753 3247 4808 Mariae
3287 4770 3507 4827 semper
3532 4758 3711 4831 virgi-

2107 4841 2190 4895 nis
2224 4857 2236 4896 :
2271 4839 2447 4896 minor
2476 4857 2609 4896 vero
2640 4841 2695 4894 in
2725 4842 2928 4897 honore
2957 4842 3126 4897 sancti
3176 4842 3425 4899 Audoeni
3484 4847 3709 4902 confes-

2105 4930 2244 4985 soris
2276 4946 2289 5000 ;
2322 4948 2443 4987 cum
2476 4932 2589 4985 suis
2619 4931 2940 4986 eoemeteriis
2972 4938 3021 4986 et
3080 4930 3466 5000 oblationibus,
3526 4936 3707 5006 terris,

2106 5019 2298 5089 vineis,
2358 5021 2530 5091 aquis,
2591 5020 2940 5088 molendinis,
3000 5036 3097 5075 seu
3126 5021 3275 5077 omni
3331 5023 3712 5081 ecclesiastico

2106 5110 2332 5177 honore,
2364 5116 2416 5164 et
2445 5108 2697 5163 omnibus
2725 5108 2926 5178 ubique
2974 5108 3044 5163 ad
3103 5109 3250 5180 ipsas
3303 5112 3710 5180 pertinentibus

2106 5214 2210 5269 ego
2259 5196 2607 5268 supradictus
2664 5196 3015 5269 Raimundus,
3097 5198 3365 5270 simulque
3446 5199 3541 5256 ﬁlii
3599 5203 3710 5259 mei

2107 5288 2328 5342 Pontius
2361 5290 2414 5342 et
2445 5287 2651 5357 Petrus,
2684 5286 2952 5341 donamus
2999 5293 3052 5342 et
3081 5286 3434 5357 relinquimus
3473 5291 3709 5350 Domino

2106 5377 2221 5432 Deo
2250 5376 2653 5441 universorum,
2677 5383 2731 5431 et
2751 5374 3080 5430 beatissimis
3109 5377 3367 5447 apostolis
3393 5378 3515 5448 ejus
3549 5381 3709 5439 Petro

2105 5473 2159 5521 et
2214 5464 2401 5531 Paulo,
2462 5464 2517 5518 in
2556 5462 2691 5519 locis
2736 5454 3146 5519 venerabilibus
3175 5465 3433 5523 Cluniaco
3453 5476 3507 5524 et
3535 5470 3710 5526 Mois-

2104 5553 2272 5621 siaco,
2305 5553 2601 5608 abbatibus
2628 5568 2848 5625 quoque
2876 5551 3232 5623 praesentibus
3254 5554 3463 5612 domno
3485 5557 3710 5630 Hugoni

2105 5651 2159 5700 et
2179 5642 2380 5700 domno
2434 5640 2744 5715 Asquitilio,
2774 5641 3090 5712 cunctisque
3117 5657 3307 5700 eorum
3361 5649 3707 5705 successori-
