  <div class='ocr_page' id='page_1' title='image "/cluster/home/n/w/nwhite01/storage/ocr_20150623/159/hvd.32044054760178/494.png"; bbox 0 0 4032 6078; ppageno 0'>
   <div class='ocr_carea' id='block_1_1' title="bbox 328 300 430 355">
    <p class='ocr_par' dir='ltr' id='par_1_1' title="bbox 328 300 430 355">
     <span class='ocr_line' id='line_1_1' title="bbox 328 300 430 355; baseline -0.02 0"><span class='ocrx_word' id='word_1_1' title='bbox 328 300 430 355; x_wconf 78' lang='grc' dir='ltr'>9⁴ΙἻ</span> 
     </span>
    </p>
   </div>
   <div class='ocr_carea' id='block_1_2' title="bbox 1198 295 2824 387">
    <p class='ocr_par' dir='ltr' id='par_1_2' title="bbox 1198 295 2824 387">
     <span class='ocr_line' id='line_1_2' title="bbox 1198 295 2824 387; baseline 0.001 -34"><span class='ocrx_word' id='word_1_2' title='bbox 1198 297 1650 387; x_wconf 73' lang='lat' dir='ltr'>DIVERSORUM</span> <span class='ocrx_word' id='word_1_3' title='bbox 1692 295 2147 354; x_wconf 78' lang='lat' dir='ltr'>DONATIONES</span> <span class='ocrx_word' id='word_1_4' title='bbox 2177 300 2304 355; x_wconf 68' lang='lat' dir='ltr'>PIzE</span> <span class='ocrx_word' id='word_1_5' title='bbox 2333 301 2472 357; x_wconf 80' lang='lat' dir='ltr'>PRO</span> <span class='ocrx_word' id='word_1_6' title='bbox 2506 301 2824 357; x_wconf 78' lang='lat' dir='ltr'>CLUNIAC.</span> 
     </span>
    </p>
   </div>
   <div class='ocr_carea' id='block_1_3' title="bbox 3547 304 3651 358">
    <p class='ocr_par' dir='ltr' id='par_1_3' title="bbox 3547 304 3651 358">
     <span class='ocr_line' id='line_1_3' title="bbox 3547 304 3651 358; baseline 0 -1"><span class='ocrx_word' id='word_1_7' title='bbox 3547 304 3651 358; x_wconf 77' lang='lat'>978</span> 
     </span>
    </p>
   </div>
   <div class='ocr_carea' id='block_1_4' title="bbox 342 422 3660 498">
    <p class='ocr_par' dir='ltr' id='par_1_4' title="bbox 342 422 3660 498">
     <span class='ocr_line' id='line_1_4' title="bbox 342 422 3660 498; baseline 0 -16"><span class='ocrx_word' id='word_1_8' title='bbox 342 430 468 494; x_wconf 80' lang='lat' dir='ltr'>bus,</span> <span class='ocrx_word' id='word_1_9' title='bbox 504 435 611 481; x_wconf 89' lang='lat' dir='ltr'>tam</span> <span class='ocrx_word' id='word_1_10' title='bbox 636 425 925 481; x_wconf 73' lang='lat' dir='ltr'>abbatibus</span> <span class='ocrx_word' id='word_1_11' title='bbox 958 441 1120 495; x_wconf 85' lang='lat' dir='ltr'>quam</span> <span class='ocrx_word' id='word_1_12' title='bbox 1171 424 1450 482; x_wconf 83' lang='lat' dir='ltr'>monachis</span> <span class='ocrx_word' id='word_1_13' title='bbox 1505 423 1561 478; x_wconf 92' lang='lat' dir='ltr'>in</span> <span class='ocrx_word' id='word_1_14' title='bbox 1614 424 1750 494; x_wconf 83' lang='lat' dir='ltr'>ipsis</span> <span class='ocrx_word' id='word_1_15' title='bbox 1806 423 1945 478; x_wconf 90' lang='lat' dir='ltr'>locis</span> <span class='ocrx_word' id='word_1_16' title='bbox 1972 422 2029 483; x_wconf 86' lang='lat' dir='ltr'><strong>A</strong></span> <span class='ocrx_word' id='word_1_17' title='bbox 2059 425 2275 496; x_wconf 83' lang='lat' dir='ltr'>gaudus</span> <span class='ocrx_word' id='word_1_18' title='bbox 2303 427 2501 482; x_wconf 88' lang='lat' dir='ltr'>domno</span> <span class='ocrx_word' id='word_1_19' title='bbox 2534 427 2751 498; x_wconf 82' lang='lat' dir='ltr'>llugoni</span> <span class='ocrx_word' id='word_1_20' title='bbox 2786 425 3217 483; x_wconf 84' lang='lat' dir='ltr'>Cluniacensium</span> <span class='ocrx_word' id='word_1_21' title='bbox 3248 427 3660 483; x_wconf 89' lang='lat' dir='ltr'>venerandoab-</span> 
     </span>
    </p>
   </div>
   <div class='ocr_carea' id='block_1_5' title="bbox 340 513 1943 584">
    <p class='ocr_par' dir='ltr' id='par_1_5' title="bbox 340 513 1943 584">
     <span class='ocr_line' id='line_1_5' title="bbox 340 513 1943 584; baseline -0.002 -13"><span class='ocrx_word' id='word_1_22' title='bbox 340 517 458 571; x_wconf 92' lang='lat' dir='ltr'>Deo</span> <span class='ocrx_word' id='word_1_23' title='bbox 489 514 872 581; x_wconf 77' lang='lat' dir='ltr'>servientibus,</span> <span class='ocrx_word' id='word_1_24' title='bbox 905 522 963 569; x_wconf 90' lang='lat' dir='ltr'>ut</span> <span class='ocrx_word' id='word_1_25' title='bbox 993 516 1246 583; x_wconf 80' lang='lat' dir='ltr'>habeant,</span> <span class='ocrx_word' id='word_1_26' title='bbox 1277 522 1492 569; x_wconf 77' lang='lat' dir='ltr'>teneant</span> <span class='ocrx_word' id='word_1_27' title='bbox 1520 521 1573 569; x_wconf 90' lang='lat' dir='ltr'>et</span> <span class='ocrx_word' id='word_1_28' title='bbox 1629 513 1943 584; x_wconf 91' lang='lat' dir='ltr'>possideant</span> 
     </span>
    </p>
   </div>
   <div class='ocr_carea' id='block_1_6' title="bbox 337 601 1938 675">
    <p class='ocr_par' dir='ltr' id='par_1_6' title="bbox 337 601 1938 675">
     <span class='ocr_line' id='line_1_6' title="bbox 337 601 1938 675; baseline -0.002 -16"><span class='ocrx_word' id='word_1_29' title='bbox 337 605 393 659; x_wconf 92' lang='lat' dir='ltr'>in</span> <span class='ocrx_word' id='word_1_30' title='bbox 425 611 748 675; x_wconf 86' lang='lat' dir='ltr'>perpetuum</span> <span class='ocrx_word' id='word_1_31' title='bbox 779 602 1002 658; x_wconf 88' lang='lat' dir='ltr'>alodum</span> <span class='ocrx_word' id='word_1_32' title='bbox 1032 604 1181 660; x_wconf 92' lang='lat' dir='ltr'>omni</span> <span class='ocrx_word' id='word_1_33' title='bbox 1213 612 1478 673; x_wconf 81' lang='lat' dir='ltr'>tempore,</span> <span class='ocrx_word' id='word_1_34' title='bbox 1528 601 1765 671; x_wconf 87' lang='lat' dir='ltr'>quandiu</span> <span class='ocrx_word' id='word_1_35' title='bbox 1820 616 1938 656; x_wconf 88' lang='lat' dir='ltr'>coe-</span> 
     </span>
    </p>
   </div>
   <div class='ocr_carea' id='block_1_7' title="bbox 340 678 1941 763">
    <p class='ocr_par' dir='ltr' id='par_1_7' title="bbox 340 678 1941 763">
     <span class='ocr_line' id='line_1_7' title="bbox 340 678 1941 763; baseline -0.004 -14"><span class='ocrx_word' id='word_1_36' title='bbox 340 694 456 749; x_wconf 89' lang='lat' dir='ltr'>lum</span> <span class='ocrx_word' id='word_1_37' title='bbox 488 692 736 747; x_wconf 76' lang='lat' dir='ltr'>imminet</span> <span class='ocrx_word' id='word_1_38' title='bbox 767 702 942 748; x_wconf 82' lang='lat' dir='ltr'>terra.</span> <span class='ocrx_word' id='word_1_39' title='bbox 975 695 1129 762; x_wconf 83' lang='lat' dir='ltr'>Haec,</span> <span class='ocrx_word' id='word_1_40' title='bbox 1163 678 1404 763; x_wconf 53' lang='lat' dir='ltr'>inquam,</span> <span class='ocrx_word' id='word_1_41' title='bbox 1464 690 1835 747; x_wconf 81' lang='lat' dir='ltr'>admonitione</span> <span class='ocrx_word' id='word_1_42' title='bbox 1888 698 1941 743; x_wconf 91' lang='lat' dir='ltr'>et</span> 
     </span>
    </p>
   </div>
   <div class='ocr_carea' id='block_1_8' title="bbox 338 778 1939 838">
    <p class='ocr_par' dir='ltr' id='par_1_8' title="bbox 338 778 1939 838">
     <span class='ocr_line' id='line_1_8' title="bbox 338 778 1939 838; baseline -0.002 -3"><span class='ocrx_word' id='word_1_43' title='bbox 338 781 601 837; x_wconf 87' lang='lat' dir='ltr'>industria</span> <span class='ocrx_word' id='word_1_44' title='bbox 641 782 842 836; x_wconf 90' lang='lat' dir='ltr'>summi</span> <span class='ocrx_word' id='word_1_45' title='bbox 900 790 953 838; x_wconf 93' lang='lat' dir='ltr'>et</span> <span class='ocrx_word' id='word_1_46' title='bbox 1011 782 1233 837; x_wconf 86' lang='lat' dir='ltr'>illustris</span> <span class='ocrx_word' id='word_1_47' title='bbox 1290 782 1386 835; x_wconf 87' lang='lat' dir='ltr'>viri</span> <span class='ocrx_word' id='word_1_48' title='bbox 1445 780 1630 835; x_wconf 90' lang='lat' dir='ltr'>domni</span> <span class='ocrx_word' id='word_1_49' title='bbox 1715 778 1939 835; x_wconf 85' lang='lat' dir='ltr'>Geraldi</span> 
     </span>
    </p>
   </div>
   <div class='ocr_carea' id='block_1_9' title="bbox 337 868 1939 941">
    <p class='ocr_par' dir='ltr' id='par_1_9' title="bbox 337 868 1939 941">
     <span class='ocr_line' id='line_1_9' title="bbox 337 868 1939 941; baseline -0.001 -17"><span class='ocrx_word' id='word_1_50' title='bbox 337 871 532 940; x_wconf 86' lang='lat' dir='ltr'>nostri,</span> <span class='ocrx_word' id='word_1_51' title='bbox 556 871 616 925; x_wconf 91' lang='lat' dir='ltr'>id</span> <span class='ocrx_word' id='word_1_52' title='bbox 644 878 725 925; x_wconf 86' lang='lat' dir='ltr'>est</span> <span class='ocrx_word' id='word_1_53' title='bbox 756 871 1101 926; x_wconf 88' lang='lat' dir='ltr'>Caturcensis</span> <span class='ocrx_word' id='word_1_54' title='bbox 1129 869 1399 941; x_wconf 82' lang='lat' dir='ltr'>pontiﬁcis</span> <span class='ocrx_word' id='word_1_55' title='bbox 1436 887 1447 923; x_wconf 92' lang='lat'><strong>:</strong></span> <span class='ocrx_word' id='word_1_56' title='bbox 1491 868 1747 923; x_wconf 83' lang='lat' dir='ltr'>instantia</span> <span class='ocrx_word' id='word_1_57' title='bbox 1804 883 1939 923; x_wconf 87' lang='lat' dir='ltr'>vero</span> 
     </span>
    </p>
   </div>
   <div class='ocr_carea' id='block_1_10' title="bbox 334 955 1937 1030">
    <p class='ocr_par' dir='ltr' id='par_1_10' title="bbox 334 955 1937 1030">
     <span class='ocr_line' id='line_1_10' title="bbox 334 955 1937 1030; baseline -0.003 -16"><span class='ocrx_word' id='word_1_58' title='bbox 334 967 495 1030; x_wconf 88' lang='lat' dir='ltr'>atque</span> <span class='ocrx_word' id='word_1_59' title='bbox 522 959 790 1014; x_wconf 85' lang='lat' dir='ltr'>diuturnis</span> <span class='ocrx_word' id='word_1_60' title='bbox 818 960 887 1014; x_wconf 90' lang='lat' dir='ltr'>ad</span> <span class='ocrx_word' id='word_1_61' title='bbox 923 960 1092 1015; x_wconf 90' lang='lat' dir='ltr'>Deum</span> <span class='ocrx_word' id='word_1_62' title='bbox 1124 958 1453 1015; x_wconf 88' lang='lat' dir='ltr'>orationibus</span> <span class='ocrx_word' id='word_1_63' title='bbox 1485 955 1778 1014; x_wconf 77' lang='lat' dir='ltr'>venerandi</span> <span class='ocrx_word' id='word_1_64' title='bbox 1834 955 1937 1010; x_wconf 88' lang='lat' dir='ltr'>ab-</span> 
     </span>
    </p>
   </div>
   <div class='ocr_carea' id='block_1_11' title="bbox 335 1045 1939 1120">
    <p class='ocr_par' dir='ltr' id='par_1_11' title="bbox 335 1045 1939 1120">
     <span class='ocr_line' id='line_1_11' title="bbox 335 1045 1939 1120; baseline -0.002 -18"><span class='ocrx_word' id='word_1_65' title='bbox 335 1048 474 1103; x_wconf 89' lang='lat' dir='ltr'>batis</span> <span class='ocrx_word' id='word_1_66' title='bbox 510 1048 802 1117; x_wconf 86' lang='lat' dir='ltr'>Asquitilii,</span> <span class='ocrx_word' id='word_1_67' title='bbox 834 1057 1155 1119; x_wconf 88' lang='lat' dir='ltr'>cunctaque</span> <span class='ocrx_word' id='word_1_68' title='bbox 1185 1046 1629 1120; x_wconf 80' lang='lat' dir='ltr'>congregationis</span> <span class='ocrx_word' id='word_1_69' title='bbox 1684 1045 1939 1099; x_wconf 85' lang='lat' dir='ltr'>Moissia-</span> 
     </span>
    </p>
   </div>
   <div class='ocr_carea' id='block_1_12' title="bbox 329 1134 1934 1207">
    <p class='ocr_par' dir='ltr' id='par_1_12' title="bbox 329 1134 1934 1207">
     <span class='ocr_line' id='line_1_12' title="bbox 329 1134 1934 1207; baseline -0.003 -15"><span class='ocrx_word' id='word_1_70' title='bbox 329 1137 524 1201; x_wconf 87' lang='lat' dir='ltr'>censis,</span> <span class='ocrx_word' id='word_1_71' title='bbox 557 1137 935 1191; x_wconf 81' lang='lat' dir='ltr'>exhortatione</span> <span class='ocrx_word' id='word_1_72' title='bbox 966 1153 1199 1207; x_wconf 87' lang='lat' dir='ltr'>quoque,</span> <span class='ocrx_word' id='word_1_73' title='bbox 1235 1144 1287 1191; x_wconf 89' lang='lat' dir='ltr'>et</span> <span class='ocrx_word' id='word_1_74' title='bbox 1315 1143 1371 1190; x_wconf 90' lang='lat' dir='ltr'>ut</span> <span class='ocrx_word' id='word_1_75' title='bbox 1401 1136 1475 1190; x_wconf 88' lang='lat' dir='ltr'>ita</span> <span class='ocrx_word' id='word_1_76' title='bbox 1505 1135 1705 1203; x_wconf 91' lang='lat' dir='ltr'>dicam,</span> <span class='ocrx_word' id='word_1_77' title='bbox 1739 1134 1934 1204; x_wconf 84' lang='lat' dir='ltr'>partim</span> 
     </span>
    </p>
   </div>
   <div class='ocr_carea' id='block_1_13' title="bbox 327 1221 1938 1289">
    <p class='ocr_par' dir='ltr' id='par_1_13' title="bbox 327 1221 1938 1289">
     <span class='ocr_line' id='line_1_13' title="bbox 327 1221 1938 1289; baseline -0.003 -8"><span class='ocrx_word' id='word_1_78' title='bbox 327 1224 589 1281; x_wconf 86' lang='lat' dir='ltr'>violentia</span> <span class='ocrx_word' id='word_1_79' title='bbox 618 1224 850 1280; x_wconf 86' lang='lat' dir='ltr'>ﬁliorum</span> <span class='ocrx_word' id='word_1_80' title='bbox 881 1241 1103 1279; x_wconf 86' lang='lat' dir='ltr'>suorum</span> <span class='ocrx_word' id='word_1_81' title='bbox 1164 1225 1302 1280; x_wconf 90' lang='lat' dir='ltr'>Petri</span> <span class='ocrx_word' id='word_1_82' title='bbox 1350 1231 1400 1278; x_wconf 88' lang='lat' dir='ltr'>et</span> <span class='ocrx_word' id='word_1_83' title='bbox 1456 1222 1650 1289; x_wconf 87' lang='lat' dir='ltr'>Pontii,</span> <span class='ocrx_word' id='word_1_84' title='bbox 1711 1221 1938 1277; x_wconf 90' lang='lat' dir='ltr'>consilio</span> 
     </span>
    </p>
   </div>
   <div class='ocr_carea' id='block_1_14' title="bbox 333 1310 1939 1376">
    <p class='ocr_par' dir='ltr' id='par_1_14' title="bbox 333 1310 1939 1376">
     <span class='ocr_line' id='line_1_14' title="bbox 333 1310 1939 1376; baseline -0.003 -8"><span class='ocrx_word' id='word_1_85' title='bbox 333 1313 501 1369; x_wconf 86' lang='lat' dir='ltr'>etiam</span> <span class='ocrx_word' id='word_1_86' title='bbox 530 1321 586 1369; x_wconf 90' lang='lat' dir='ltr'>et</span> <span class='ocrx_word' id='word_1_87' title='bbox 615 1313 890 1368; x_wconf 88' lang='lat' dir='ltr'>voluntate</span> <span class='ocrx_word' id='word_1_88' title='bbox 918 1314 1220 1369; x_wconf 88' lang='lat' dir='ltr'>amicorum</span> <span class='ocrx_word' id='word_1_89' title='bbox 1250 1327 1513 1376; x_wconf 89' lang='lat' dir='ltr'>meorum,</span> <span class='ocrx_word' id='word_1_90' title='bbox 1547 1327 1610 1365; x_wconf 91' lang='lat' dir='ltr'>ac</span> <span class='ocrx_word' id='word_1_91' title='bbox 1640 1310 1939 1365; x_wconf 89' lang='lat' dir='ltr'>multorum</span> 
     </span>
    </p>
   </div>
   <div class='ocr_carea' id='block_1_15' title="bbox 331 1399 1935 1470">
    <p class='ocr_par' dir='ltr' id='par_1_15' title="bbox 331 1399 1935 1470">
     <span class='ocr_line' id='line_1_15' title="bbox 331 1399 1935 1470; baseline -0.002 -15"><span class='ocrx_word' id='word_1_92' title='bbox 331 1401 599 1456; x_wconf 87' lang='lat' dir='ltr'>nobilium</span> <span class='ocrx_word' id='word_1_93' title='bbox 624 1402 890 1469; x_wconf 85' lang='lat' dir='ltr'>virorum,</span> <span class='ocrx_word' id='word_1_94' title='bbox 938 1401 1031 1456; x_wconf 87' lang='lat' dir='ltr'>tali</span> <span class='ocrx_word' id='word_1_95' title='bbox 1088 1408 1339 1470; x_wconf 88' lang='lat' dir='ltr'>tantaque</span> <span class='ocrx_word' id='word_1_96' title='bbox 1387 1400 1673 1455; x_wconf 80' lang='lat' dir='ltr'>devotione</span> <span class='ocrx_word' id='word_1_97' title='bbox 1727 1399 1935 1470; x_wconf 79' lang='lat' dir='ltr'>peregi.</span> 
     </span>
    </p>
   </div>
   <div class='ocr_carea' id='block_1_16' title="bbox 333 1488 1934 1560">
    <p class='ocr_par' dir='ltr' id='par_1_16' title="bbox 333 1488 1934 1560">
     <span class='ocr_line' id='line_1_16' title="bbox 333 1488 1934 1560; baseline -0.002 -15"><span class='ocrx_word' id='word_1_98' title='bbox 333 1489 391 1545; x_wconf 86' lang='lat' dir='ltr'>Si</span> <span class='ocrx_word' id='word_1_99' title='bbox 420 1489 543 1560; x_wconf 89' lang='lat' dir='ltr'>quis</span> <span class='ocrx_word' id='word_1_100' title='bbox 571 1490 756 1560; x_wconf 90' lang='lat' dir='ltr'>itaque</span> <span class='ocrx_word' id='word_1_101' title='bbox 787 1492 924 1545; x_wconf 89' lang='lat' dir='ltr'>hanc</span> <span class='ocrx_word' id='word_1_102' title='bbox 947 1496 1190 1545; x_wconf 90' lang='lat' dir='ltr'>nostram</span> <span class='ocrx_word' id='word_1_103' title='bbox 1224 1490 1575 1544; x_wconf 85' lang='lat' dir='ltr'>donationem</span> <span class='ocrx_word' id='word_1_104' title='bbox 1614 1488 1934 1557; x_wconf 86' lang='lat' dir='ltr'>irrumpere,</span> 
     </span>
    </p>
   </div>
   <div class='ocr_carea' id='block_1_17' title="bbox 334 1575 1937 1647">
    <p class='ocr_par' dir='ltr' id='par_1_17' title="bbox 334 1575 1937 1647">
     <span class='ocr_line' id='line_1_17' title="bbox 334 1575 1937 1647; baseline -0.003 -14"><span class='ocrx_word' id='word_1_105' title='bbox 334 1578 559 1645; x_wconf 88' lang='lat' dir='ltr'>violare,</span> <span class='ocrx_word' id='word_1_106' title='bbox 592 1584 681 1632; x_wconf 87' lang='lat' dir='ltr'>aut</span> <span class='ocrx_word' id='word_1_107' title='bbox 711 1577 765 1631; x_wconf 92' lang='lat' dir='ltr'>in</span> <span class='ocrx_word' id='word_1_108' title='bbox 795 1578 980 1647; x_wconf 89' lang='lat' dir='ltr'>aliquo</span> <span class='ocrx_word' id='word_1_109' title='bbox 1012 1579 1262 1633; x_wconf 83' lang='lat' dir='ltr'>minuere</span> <span class='ocrx_word' id='word_1_110' title='bbox 1293 1576 1596 1643; x_wconf 88' lang='lat' dir='ltr'>tentaverit,</span> <span class='ocrx_word' id='word_1_111' title='bbox 1647 1575 1703 1629; x_wconf 89' lang='lat' dir='ltr'>in</span> <span class='ocrx_word' id='word_1_112' title='bbox 1747 1575 1937 1645; x_wconf 89' lang='lat' dir='ltr'>primis</span> 
     </span>
    </p>
   </div>
   <div class='ocr_carea' id='block_1_18' title="bbox 335 1663 1936 1735">
    <p class='ocr_par' dir='ltr' id='par_1_18' title="bbox 335 1663 1936 1735">
     <span class='ocr_line' id='line_1_18' title="bbox 335 1663 1936 1735; baseline -0.002 -14"><span class='ocrx_word' id='word_1_113' title='bbox 335 1666 471 1721; x_wconf 88' lang='lat' dir='ltr'>iram</span> <span class='ocrx_word' id='word_1_114' title='bbox 501 1665 603 1722; x_wconf 90' lang='lat' dir='ltr'>Dei</span> <span class='ocrx_word' id='word_1_115' title='bbox 631 1666 871 1721; x_wconf 85' lang='lat' dir='ltr'>viventis</span> <span class='ocrx_word' id='word_1_116' title='bbox 901 1666 1159 1735; x_wconf 88' lang='lat' dir='ltr'>incurrat,</span> <span class='ocrx_word' id='word_1_117' title='bbox 1192 1681 1256 1721; x_wconf 91' lang='lat' dir='ltr'>ac</span> <span class='ocrx_word' id='word_1_118' title='bbox 1276 1681 1399 1720; x_wconf 92' lang='lat' dir='ltr'>cum</span> <span class='ocrx_word' id='word_1_119' title='bbox 1421 1664 1637 1719; x_wconf 87' lang='lat' dir='ltr'>Dathan</span> <span class='ocrx_word' id='word_1_120' title='bbox 1666 1671 1717 1719; x_wconf 92' lang='lat' dir='ltr'>et</span> <span class='ocrx_word' id='word_1_121' title='bbox 1735 1663 1936 1718; x_wconf 84' lang='lat' dir='ltr'>Abiron</span> 
     </span>
    </p>
   </div>
   <div class='ocr_carea' id='block_1_19' title="bbox 2047 514 3653 585">
    <p class='ocr_par' dir='ltr' id='par_1_19' title="bbox 2047 514 3653 585">
     <span class='ocr_line' id='line_1_19' title="bbox 2047 514 3653 585; baseline 0.001 -17"><span class='ocrx_word' id='word_1_122' title='bbox 2047 514 2160 568; x_wconf 89' lang='lat' dir='ltr'>bati</span> <span class='ocrx_word' id='word_1_123' title='bbox 2191 514 2423 585; x_wconf 79' lang='lat' dir='ltr'>filiisque</span> <span class='ocrx_word' id='word_1_124' title='bbox 2452 515 2570 584; x_wconf 84' lang='lat' dir='ltr'>ejus</span> <span class='ocrx_word' id='word_1_125' title='bbox 2618 515 3064 571; x_wconf 88' lang='lat' dir='ltr'>Cluniacensibus</span> <span class='ocrx_word' id='word_1_126' title='bbox 3117 514 3376 571; x_wconf 83' lang='lat' dir='ltr'>fratribus</span> <span class='ocrx_word' id='word_1_127' title='bbox 3433 517 3653 571; x_wconf 85' lang='lat' dir='ltr'>tandem</span> 
     </span>
    </p>
   </div>
   <div class='ocr_carea' id='block_1_20' title="bbox 2047 603 3649 675">
    <p class='ocr_par' dir='ltr' id='par_1_20' title="bbox 2047 603 3649 675">
     <span class='ocr_line' id='line_1_20' title="bbox 2047 603 3649 675; baseline 0.003 -18"><span class='ocrx_word' id='word_1_128' title='bbox 2047 611 2169 672; x_wconf 90' lang='lat' dir='ltr'>post</span> <span class='ocrx_word' id='word_1_129' title='bbox 2200 604 2462 658; x_wconf 86' lang='lat' dir='ltr'>diutinam</span> <span class='ocrx_word' id='word_1_130' title='bbox 2493 604 2914 660; x_wconf 86' lang='lat' dir='ltr'>controversiam</span> <span class='ocrx_word' id='word_1_131' title='bbox 2972 603 3179 671; x_wconf 84' lang='lat' dir='ltr'>fecerit,</span> <span class='ocrx_word' id='word_1_132' title='bbox 3241 621 3347 675; x_wconf 86' lang='lat' dir='ltr'>qua</span> <span class='ocrx_word' id='word_1_133' title='bbox 3402 605 3649 662; x_wconf 84' lang='lat' dir='ltr'>litterave</span> 
     </span>
    </p>
   </div>
   <div class='ocr_carea' id='block_1_21' title="bbox 2051 691 3651 760">
    <p class='ocr_par' dir='ltr' id='par_1_21' title="bbox 2051 691 3651 760">
     <span class='ocr_line' id='line_1_21' title="bbox 2051 691 3651 760; baseline 0.001 -15"><span class='ocrx_word' id='word_1_134' title='bbox 2051 691 2247 747; x_wconf 80' lang='lat' dir='ltr'>tactam</span> <span class='ocrx_word' id='word_1_135' title='bbox 2281 692 2730 747; x_wconf 88' lang='lat' dir='ltr'>corroboraverit.</span> <span class='ocrx_word' id='word_1_136' title='bbox 2764 692 3131 760; x_wconf 86' lang='lat' dir='ltr'>Querimonia</span> <span class='ocrx_word' id='word_1_137' title='bbox 3152 692 3288 748; x_wconf 91' lang='lat' dir='ltr'>inter</span> <span class='ocrx_word' id='word_1_138' title='bbox 3321 694 3651 750; x_wconf 89' lang='lat' dir='ltr'>Cluniacen-</span> 
     </span>
    </p>
   </div>
   <div class='ocr_carea' id='block_1_22' title="bbox 2048 780 3648 852">
    <p class='ocr_par' dir='ltr' id='par_1_22' title="bbox 2048 780 3648 852">
     <span class='ocr_line' id='line_1_22' title="bbox 2048 780 3648 852; baseline 0.002 -19"><span class='ocrx_word' id='word_1_139' title='bbox 2048 797 2135 833; x_wconf 89' lang='lat' dir='ltr'>ses</span> <span class='ocrx_word' id='word_1_140' title='bbox 2160 781 2355 835; x_wconf 81' lang='lat' dir='ltr'>fratres</span> <span class='ocrx_word' id='word_1_141' title='bbox 2392 788 2445 835; x_wconf 86' lang='lat' dir='ltr'>et</span> <span class='ocrx_word' id='word_1_142' title='bbox 2474 780 2790 851; x_wconf 71' lang='lat' dir='ltr'>praedictum</span> <span class='ocrx_word' id='word_1_143' title='bbox 2819 782 3147 836; x_wconf 72' lang='lat' dir='ltr'>Eduensem</span> <span class='ocrx_word' id='word_1_144' title='bbox 3197 782 3513 852; x_wconf 86' lang='lat' dir='ltr'>episcopum</span> <span class='ocrx_word' id='word_1_145' title='bbox 3577 783 3648 837; x_wconf 93' lang='lat' dir='ltr'>N.</span> 
     </span>
    </p>
   </div>
   <div class='ocr_carea' id='block_1_23' title="bbox 2047 868 3650 940">
    <p class='ocr_par' dir='ltr' id='par_1_23' title="bbox 2047 868 3650 940">
     <span class='ocr_line' id='line_1_23' title="bbox 2047 868 3650 940; baseline 0.002 -19"><span class='ocrx_word' id='word_1_146' title='bbox 2047 884 2145 939; x_wconf 89' lang='lat' dir='ltr'>pro</span> <span class='ocrx_word' id='word_1_147' title='bbox 2175 868 2331 922; x_wconf 89' lang='lat' dir='ltr'>illatis</span> <span class='ocrx_word' id='word_1_148' title='bbox 2359 869 2427 923; x_wconf 91' lang='lat' dir='ltr'>ab</span> <span class='ocrx_word' id='word_1_149' title='bbox 2458 870 2657 924; x_wconf 91' lang='lat' dir='ltr'>eodem</span> <span class='ocrx_word' id='word_1_150' title='bbox 2688 870 2942 940; x_wconf 89' lang='lat' dir='ltr'>episcopo</span> <span class='ocrx_word' id='word_1_151' title='bbox 2960 869 3171 939; x_wconf 89' lang='lat' dir='ltr'>injuriis</span> <span class='ocrx_word' id='word_1_152' title='bbox 3190 877 3397 925; x_wconf 81' lang='lat' dir='ltr'>exorta</span> <span class='ocrx_word' id='word_1_153' title='bbox 3413 871 3650 939; x_wconf 85' lang='lat' dir='ltr'>fuerunt,</span> 
     </span>
    </p>
   </div>
   <div class='ocr_carea' id='block_1_24' title="bbox 2048 957 3651 1030">
    <p class='ocr_par' dir='ltr' id='par_1_24' title="bbox 2048 957 3651 1030">
     <span class='ocr_line' id='line_1_24' title="bbox 2048 957 3651 1030; baseline 0.001 -19"><span class='ocrx_word' id='word_1_154' title='bbox 2048 965 2101 1011; x_wconf 92' lang='lat' dir='ltr'>et</span> <span class='ocrx_word' id='word_1_155' title='bbox 2130 957 2267 1011; x_wconf 90' lang='lat' dir='ltr'>inter</span> <span class='ocrx_word' id='word_1_156' title='bbox 2297 966 2490 1012; x_wconf 72' lang='lat' dir='ltr'>caetera</span> <span class='ocrx_word' id='word_1_157' title='bbox 2523 958 2849 1027; x_wconf 88' lang='lat' dir='ltr'>injuriarum</span> <span class='ocrx_word' id='word_1_158' title='bbox 2882 958 3082 1013; x_wconf 90' lang='lat' dir='ltr'>damna</span> <span class='ocrx_word' id='word_1_159' title='bbox 3140 959 3285 1013; x_wconf 91' lang='lat' dir='ltr'>idern</span> <span class='ocrx_word' id='word_1_160' title='bbox 3343 958 3651 1030; x_wconf 90' lang='lat' dir='ltr'>episcopus,</span> 
     </span>
    </p>
   </div>
   <div class='ocr_carea' id='block_1_25' title="bbox 2047 1045 3654 1117">
    <p class='ocr_par' dir='ltr' id='par_1_25' title="bbox 2047 1045 3654 1117">
     <span class='ocr_line' id='line_1_25' title="bbox 2047 1045 3654 1117; baseline 0.002 -18"><span class='ocrx_word' id='word_1_161' title='bbox 2047 1061 2148 1100; x_wconf 92' lang='lat' dir='ltr'>nec</span> <span class='ocrx_word' id='word_1_162' title='bbox 2185 1061 2293 1101; x_wconf 93' lang='lat' dir='ltr'>non</span> <span class='ocrx_word' id='word_1_163' title='bbox 2343 1052 2395 1100; x_wconf 90' lang='lat' dir='ltr'>et</span> <span class='ocrx_word' id='word_1_164' title='bbox 2450 1045 2789 1101; x_wconf 83' lang='lat' dir='ltr'>Matiscensis</span> <span class='ocrx_word' id='word_1_165' title='bbox 2839 1046 3031 1117; x_wconf 73' lang='lat' dir='ltr'>praesul</span> <span class='ocrx_word' id='word_1_166' title='bbox 3091 1047 3326 1102; x_wconf 88' lang='lat' dir='ltr'>domnus</span> <span class='ocrx_word' id='word_1_167' title='bbox 3378 1047 3654 1102; x_wconf 85' lang='lat' dir='ltr'>Berardus</span> 
     </span>
    </p>
   </div>
   <div class='ocr_carea' id='block_1_26' title="bbox 2048 1134 3656 1209">
    <p class='ocr_par' dir='ltr' id='par_1_26' title="bbox 2048 1134 3656 1209">
     <span class='ocr_line' id='line_1_26' title="bbox 2048 1134 3656 1209; baseline 0.001 -20"><span class='ocrx_word' id='word_1_168' title='bbox 2048 1135 2298 1205; x_wconf 84' lang='lat' dir='ltr'>quaedam</span> <span class='ocrx_word' id='word_1_169' title='bbox 2330 1150 2477 1189; x_wconf 88' lang='lat' dir='ltr'>nova</span> <span class='ocrx_word' id='word_1_170' title='bbox 2506 1134 2753 1189; x_wconf 84' lang='lat' dir='ltr'>fecerunt</span> <span class='ocrx_word' id='word_1_171' title='bbox 2794 1135 3112 1209; x_wconf 84' lang='lat' dir='ltr'>privilegia,</span> <span class='ocrx_word' id='word_1_172' title='bbox 3163 1153 3285 1205; x_wconf 86' lang='lat' dir='ltr'>qua</span> <span class='ocrx_word' id='word_1_173' title='bbox 3325 1136 3656 1193; x_wconf 82' lang='lat' dir='ltr'>videbantur</span> 
     </span>
    </p>
   </div>
   <div class='ocr_carea' id='block_1_27' title="bbox 2048 1223 3653 1296">
    <p class='ocr_par' dir='ltr' id='par_1_27' title="bbox 2048 1223 3653 1296">
     <span class='ocr_line' id='line_1_27' title="bbox 2048 1223 3653 1296; baseline 0.001 -17"><span class='ocrx_word' id='word_1_174' title='bbox 2048 1224 2319 1279; x_wconf 87' lang='lat' dir='ltr'>contraria</span> <span class='ocrx_word' id='word_1_175' title='bbox 2358 1223 2610 1294; x_wconf 82' lang='lat' dir='ltr'>quaedam</span> <span class='ocrx_word' id='word_1_176' title='bbox 2642 1231 2831 1279; x_wconf 88' lang='lat' dir='ltr'>contra</span> <span class='ocrx_word' id='word_1_177' title='bbox 2852 1224 3224 1280; x_wconf 89' lang='lat' dir='ltr'>Cluniacensis</span> <span class='ocrx_word' id='word_1_178' title='bbox 3252 1224 3506 1281; x_wconf 86' lang='lat' dir='ltr'>Ecclesia</span> <span class='ocrx_word' id='word_1_179' title='bbox 3534 1224 3653 1296; x_wconf 87' lang='lat' dir='ltr'>pri-</span> 
     </span>
    </p>
   </div>
   <div class='ocr_carea' id='block_1_28' title="bbox 2050 1311 3652 1383">
    <p class='ocr_par' dir='ltr' id='par_1_28' title="bbox 2050 1311 3652 1383">
     <span class='ocr_line' id='line_1_28' title="bbox 2050 1311 3652 1383; baseline 0.001 -18"><span class='ocrx_word' id='word_1_180' title='bbox 2050 1311 2253 1382; x_wconf 83' lang='lat' dir='ltr'>vilegia</span> <span class='ocrx_word' id='word_1_181' title='bbox 2280 1311 2574 1366; x_wconf 90' lang='lat' dir='ltr'>continere.</span> <span class='ocrx_word' id='word_1_182' title='bbox 2604 1312 2671 1366; x_wconf 93' lang='lat' dir='ltr'>Ut</span> <span class='ocrx_word' id='word_1_183' title='bbox 2699 1318 2879 1365; x_wconf 88' lang='lat' dir='ltr'>autem</span> <span class='ocrx_word' id='word_1_184' title='bbox 2899 1311 3133 1367; x_wconf 89' lang='lat' dir='ltr'>domnus</span> <span class='ocrx_word' id='word_1_185' title='bbox 3149 1312 3422 1367; x_wconf 85' lang='lat' dir='ltr'>Paschalis</span> <span class='ocrx_word' id='word_1_186' title='bbox 3442 1312 3485 1368; x_wconf 91' lang='lat' dir='ltr'>ll</span> <span class='ocrx_word' id='word_1_187' title='bbox 3501 1327 3652 1383; x_wconf 87' lang='lat' dir='ltr'>papa</span> 
     </span>
    </p>
   </div>
   <div class='ocr_carea' id='block_1_29' title="bbox 2048 1399 3654 1472">
    <p class='ocr_par' dir='ltr' id='par_1_29' title="bbox 2048 1399 3654 1472">
     <span class='ocr_line' id='line_1_29' title="bbox 2048 1399 3654 1472; baseline 0.001 -17"><span class='ocrx_word' id='word_1_188' title='bbox 2048 1401 2149 1455; x_wconf 92' lang='lat' dir='ltr'>hoc</span> <span class='ocrx_word' id='word_1_189' title='bbox 2174 1400 2437 1469; x_wconf 91' lang='lat' dir='ltr'>comperit</span> <span class='ocrx_word' id='word_1_190' title='bbox 2465 1414 2651 1454; x_wconf 90' lang='lat' dir='ltr'>amore</span> <span class='ocrx_word' id='word_1_191' title='bbox 2681 1400 2868 1454; x_wconf 90' lang='lat' dir='ltr'>domni</span> <span class='ocrx_word' id='word_1_192' title='bbox 2902 1399 3077 1455; x_wconf 87' lang='lat' dir='ltr'>Patris</span> <span class='ocrx_word' id='word_1_193' title='bbox 3128 1400 3375 1472; x_wconf 83' lang='lat' dir='ltr'>Hugonis</span> <span class='ocrx_word' id='word_1_194' title='bbox 3422 1406 3479 1456; x_wconf 86' lang='lat' dir='ltr'>et</span> <span class='ocrx_word' id='word_1_195' title='bbox 3516 1401 3654 1457; x_wconf 90' lang='lat' dir='ltr'>Clu-</span> 
     </span>
    </p>
   </div>
   <div class='ocr_carea' id='block_1_30' title="bbox 2045 1487 3652 1561">
    <p class='ocr_par' dir='ltr' id='par_1_30' title="bbox 2045 1487 3652 1561">
     <span class='ocr_line' id='line_1_30' title="bbox 2045 1487 3652 1561; baseline 0.001 -17"><span class='ocrx_word' id='word_1_196' title='bbox 2045 1487 2373 1544; x_wconf 89' lang='lat' dir='ltr'>niacensium</span> <span class='ocrx_word' id='word_1_197' title='bbox 2402 1487 2629 1542; x_wconf 83' lang='lat' dir='ltr'>fratrum</span> <span class='ocrx_word' id='word_1_198' title='bbox 2672 1488 2938 1544; x_wconf 86' lang='lat' dir='ltr'>charitate</span> <span class='ocrx_word' id='word_1_199' title='bbox 2981 1490 3220 1556; x_wconf 78' lang='lat' dir='ltr'>excitus,</span> <span class='ocrx_word' id='word_1_200' title='bbox 3275 1489 3495 1561; x_wconf 85' lang='lat' dir='ltr'>scriptis</span> <span class='ocrx_word' id='word_1_201' title='bbox 3542 1489 3652 1546; x_wconf 91' lang='lat' dir='ltr'>suis</span> 
     </span>
    </p>
   </div>
   <div class='ocr_carea' id='block_1_31' title="bbox 2046 1566 3654 1649">
    <p class='ocr_par' dir='ltr' id='par_1_31' title="bbox 2046 1566 3654 1649">
     <span class='ocr_line' id='line_1_31' title="bbox 2046 1566 3654 1649; baseline 0.002 -18"><span class='ocrx_word' id='word_1_202' title='bbox 2046 1566 2138 1631; x_wconf 81' lang='lat' dir='ltr'>illa</span> <span class='ocrx_word' id='word_1_203' title='bbox 2167 1577 2438 1632; x_wconf 85' lang='lat' dir='ltr'>contraria</span> <span class='ocrx_word' id='word_1_204' title='bbox 2469 1593 2591 1647; x_wconf 83' lang='lat' dir='ltr'>qua</span> <span class='ocrx_word' id='word_1_205' title='bbox 2617 1584 2922 1632; x_wconf 89' lang='lat' dir='ltr'>memorata</span> <span class='ocrx_word' id='word_1_206' title='bbox 2947 1577 3063 1647; x_wconf 88' lang='lat' dir='ltr'>jam</span> <span class='ocrx_word' id='word_1_207' title='bbox 3110 1578 3378 1633; x_wconf 90' lang='lat' dir='ltr'>dictorum</span> <span class='ocrx_word' id='word_1_208' title='bbox 3431 1578 3654 1649; x_wconf 87' lang='lat' dir='ltr'>episco-</span> 
     </span>
    </p>
   </div>
   <div class='ocr_carea' id='block_1_32' title="bbox 2045 1663 3652 1737">
    <p class='ocr_par' dir='ltr' id='par_1_32' title="bbox 2045 1663 3652 1737">
     <span class='ocr_line' id='line_1_32' title="bbox 2045 1663 3652 1737; baseline 0.001 -16"><span class='ocrx_word' id='word_1_209' title='bbox 2045 1681 2241 1737; x_wconf 84' lang='lat' dir='ltr'>porum</span> <span class='ocrx_word' id='word_1_210' title='bbox 2270 1665 2564 1737; x_wconf 84' lang='lat' dir='ltr'>privilegia</span> <span class='ocrx_word' id='word_1_211' title='bbox 2592 1663 3231 1721; x_wconf 88' lang='lat' dir='ltr'>continebantdamnare</span> <span class='ocrx_word' id='word_1_212' title='bbox 3287 1665 3533 1727; x_wconf 89' lang='lat' dir='ltr'>curavit;</span> <span class='ocrx_word' id='word_1_213' title='bbox 3597 1674 3652 1722; x_wconf 92' lang='lat' dir='ltr'>et</span> 
     </span>
    </p>
   </div>
   <div class='ocr_carea' id='block_1_33' title="bbox 337 1751 3657 1834">
    <p class='ocr_par' dir='ltr' id='par_1_33' title="bbox 337 1751 3657 1834">
     <span class='ocr_line' id='line_1_33' title="bbox 337 1751 3657 1834; baseline 0 -24"><span class='ocrx_word' id='word_1_214' title='bbox 337 1755 685 1810; x_wconf 88' lang='lat' dir='ltr'>damnatione</span> <span class='ocrx_word' id='word_1_215' title='bbox 716 1762 979 1824; x_wconf 88' lang='lat' dir='ltr'>perpetua</span> <span class='ocrx_word' id='word_1_216' title='bbox 1007 1755 1380 1809; x_wconf 88' lang='lat' dir='ltr'>damnandum</span> <span class='ocrx_word' id='word_1_217' title='bbox 1410 1769 1469 1808; x_wconf 86' lang='lat' dir='ltr'>se</span> <span class='ocrx_word' id='word_1_218' title='bbox 1500 1753 1705 1808; x_wconf 83' lang='lat' dir='ltr'>sentiat</span> <span class='ocrx_word' id='word_1_219' title='bbox 1733 1751 1789 1806; x_wconf 92' lang='lat' dir='ltr'>in</span> <span class='ocrx_word' id='word_1_220' title='bbox 1851 1752 1930 1805; x_wconf 86' lang='lat' dir='ltr'>in-</span> <span class='ocrx_word' id='word_1_221' title='bbox 1964 1774 2019 1834; x_wconf 80' lang='grc' dir='ltr'>Β</span> <span class='ocrx_word' id='word_1_222' title='bbox 2048 1755 2119 1809; x_wconf 90' lang='lat' dir='ltr'>ad</span> <span class='ocrx_word' id='word_1_223' title='bbox 2141 1756 2256 1810; x_wconf 87' lang='lat' dir='ltr'>hac</span> <span class='ocrx_word' id='word_1_224' title='bbox 2286 1754 2614 1823; x_wconf 87' lang='lat' dir='ltr'>damnanda,</span> <span class='ocrx_word' id='word_1_225' title='bbox 2658 1762 2822 1824; x_wconf 89' lang='lat' dir='ltr'>atque</span> <span class='ocrx_word' id='word_1_226' title='bbox 2866 1753 3027 1808; x_wconf 89' lang='lat' dir='ltr'>simul</span> <span class='ocrx_word' id='word_1_227' title='bbox 3082 1753 3343 1810; x_wconf 78' lang='lat' dir='ltr'>Romana</span> <span class='ocrx_word' id='word_1_228' title='bbox 3398 1754 3657 1811; x_wconf 85' lang='lat' dir='ltr'>Ecclesia</span> 
     </span>
    </p>
   </div>
   <div class='ocr_carea' id='block_1_34' title="bbox 335 1840 1940 1913">
    <p class='ocr_par' dir='ltr' id='par_1_34' title="bbox 335 1840 1940 1913">
     <span class='ocr_line' id='line_1_34' title="bbox 335 1840 1940 1913; baseline -0.002 -15"><span class='ocrx_word' id='word_1_229' title='bbox 335 1844 571 1899; x_wconf 84' lang='lat' dir='ltr'>fernum.</span> <span class='ocrx_word' id='word_1_230' title='bbox 629 1843 725 1898; x_wconf 89' lang='lat' dir='ltr'>Cui</span> <span class='ocrx_word' id='word_1_231' title='bbox 785 1853 963 1898; x_wconf 89' lang='lat' dir='ltr'>autem</span> <span class='ocrx_word' id='word_1_232' title='bbox 1018 1844 1210 1898; x_wconf 90' lang='lat' dir='ltr'>melior</span> <span class='ocrx_word' id='word_1_233' title='bbox 1262 1842 1567 1913; x_wconf 88' lang='lat' dir='ltr'>apparuerit</span> <span class='ocrx_word' id='word_1_234' title='bbox 1624 1840 1784 1906; x_wconf 82' lang='lat' dir='ltr'>ﬁlius,</span> <span class='ocrx_word' id='word_1_235' title='bbox 1845 1848 1940 1895; x_wconf 89' lang='lat' dir='ltr'>aut</span> 
     </span>
    </p>
   </div>
   <div class='ocr_carea' id='block_1_35' title="bbox 336 1930 1939 2003">
    <p class='ocr_par' dir='ltr' id='par_1_35' title="bbox 336 1930 1939 2003">
     <span class='ocr_line' id='line_1_35' title="bbox 336 1930 1939 2003; baseline 0 -18"><span class='ocrx_word' id='word_1_236' title='bbox 336 1933 682 2002; x_wconf 82' lang='lat' dir='ltr'>propinquus</span> <span class='ocrx_word' id='word_1_237' title='bbox 710 1949 881 1999; x_wconf 89' lang='lat' dir='ltr'>meus,</span> <span class='ocrx_word' id='word_1_238' title='bbox 924 1932 1164 2003; x_wconf 87' lang='lat' dir='ltr'>potentia</span> <span class='ocrx_word' id='word_1_239' title='bbox 1221 1947 1319 1985; x_wconf 88' lang='lat' dir='ltr'>sua</span> <span class='ocrx_word' id='word_1_240' title='bbox 1368 1938 1538 1986; x_wconf 91' lang='lat' dir='ltr'>totum</span> <span class='ocrx_word' id='word_1_241' title='bbox 1595 1930 1666 1985; x_wconf 92' lang='lat' dir='ltr'>ab</span> <span class='ocrx_word' id='word_1_242' title='bbox 1727 1930 1939 2001; x_wconf 83' lang='lat' dir='ltr'>integro</span> 
     </span>
    </p>
   </div>
   <div class='ocr_carea' id='block_1_36' title="bbox 333 2019 1938 2090">
    <p class='ocr_par' dir='ltr' id='par_1_36' title="bbox 333 2019 1938 2090">
     <span class='ocr_line' id='line_1_36' title="bbox 333 2019 1938 2090; baseline -0.002 -14"><span class='ocrx_word' id='word_1_243' title='bbox 333 2023 584 2076; x_wconf 89' lang='lat' dir='ltr'>restituat</span> <span class='ocrx_word' id='word_1_244' title='bbox 612 2029 799 2077; x_wconf 88' lang='lat' dir='ltr'>sancto</span> <span class='ocrx_word' id='word_1_245' title='bbox 827 2023 982 2076; x_wconf 89' lang='lat' dir='ltr'>Petro</span> <span class='ocrx_word' id='word_1_246' title='bbox 1011 2021 1065 2075; x_wconf 90' lang='lat' dir='ltr'>in</span> <span class='ocrx_word' id='word_1_247' title='bbox 1105 2020 1416 2090; x_wconf 88' lang='lat' dir='ltr'>supradicto</span> <span class='ocrx_word' id='word_1_248' title='bbox 1449 2020 1570 2075; x_wconf 90' lang='lat' dir='ltr'>loco</span> <span class='ocrx_word' id='word_1_249' title='bbox 1629 2019 1938 2084; x_wconf 84' lang='lat' dir='ltr'>Moissiaco,</span> 
     </span>
    </p>
   </div>
   <div class='ocr_carea' id='block_1_37' title="bbox 331 2106 1935 2180">
    <p class='ocr_par' dir='ltr' id='par_1_37' title="bbox 331 2106 1935 2180">
     <span class='ocr_line' id='line_1_37' title="bbox 331 2106 1935 2180; baseline -0.001 -17"><span class='ocrx_word' id='word_1_250' title='bbox 331 2118 389 2163; x_wconf 86' lang='lat' dir='ltr'>ut</span> <span class='ocrx_word' id='word_1_251' title='bbox 416 2111 710 2180; x_wconf 85' lang='lat' dir='ltr'>participes</span> <span class='ocrx_word' id='word_1_252' title='bbox 737 2111 899 2180; x_wconf 87' lang='lat' dir='ltr'>hujus</span> <span class='ocrx_word' id='word_1_253' title='bbox 924 2126 1060 2164; x_wconf 85' lang='lat' dir='ltr'>mea</span> <span class='ocrx_word' id='word_1_254' title='bbox 1086 2110 1446 2178; x_wconf 86' lang='lat' dir='ltr'>eleemosyna</span> <span class='ocrx_word' id='word_1_255' title='bbox 1475 2109 1545 2162; x_wconf 88' lang='lat' dir='ltr'>sit</span> <span class='ocrx_word' id='word_1_256' title='bbox 1601 2116 1656 2162; x_wconf 91' lang='lat' dir='ltr'>et</span> <span class='ocrx_word' id='word_1_257' title='bbox 1702 2106 1935 2163; x_wconf 80' lang='lat' dir='ltr'>haredi-</span> 
     </span>
    </p>
   </div>
   <div class='ocr_carea' id='block_1_38' title="bbox 337 2197 1935 2270">
    <p class='ocr_par' dir='ltr' id='par_1_38' title="bbox 337 2197 1935 2270">
     <span class='ocr_line' id='line_1_38' title="bbox 337 2197 1935 2270; baseline -0.002 -17"><span class='ocrx_word' id='word_1_258' title='bbox 337 2199 463 2254; x_wconf 88' lang='lat' dir='ltr'>tatis</span> <span class='ocrx_word' id='word_1_259' title='bbox 506 2214 644 2255; x_wconf 83' lang='lat' dir='ltr'>mea</span> <span class='ocrx_word' id='word_1_260' title='bbox 704 2201 881 2255; x_wconf 85' lang='lat' dir='ltr'>hares</span> <span class='ocrx_word' id='word_1_261' title='bbox 928 2198 1120 2270; x_wconf 79' lang='lat' dir='ltr'>legalis</span> <span class='ocrx_word' id='word_1_262' title='bbox 1177 2205 1534 2269; x_wconf 88' lang='lat' dir='ltr'>permaneat;</span> <span class='ocrx_word' id='word_1_263' title='bbox 1594 2197 1819 2264; x_wconf 87' lang='lat' dir='ltr'>scilicet,</span> <span class='ocrx_word' id='word_1_264' title='bbox 1878 2202 1935 2250; x_wconf 91' lang='lat' dir='ltr'>ul</span> 
     </span>
    </p>
   </div>
   <div class='ocr_carea' id='block_1_39' title="bbox 332 2284 1934 2360">
    <p class='ocr_par' dir='ltr' id='par_1_39' title="bbox 332 2284 1934 2360">
     <span class='ocr_line' id='line_1_39' title="bbox 332 2284 1934 2360; baseline -0.002 -18"><span class='ocrx_word' id='word_1_265' title='bbox 332 2287 478 2360; x_wconf 86' lang='lat' dir='ltr'>quod</span> <span class='ocrx_word' id='word_1_266' title='bbox 512 2288 579 2343; x_wconf 92' lang='lat' dir='ltr'>de</span> <span class='ocrx_word' id='word_1_267' title='bbox 608 2303 769 2343; x_wconf 90' lang='lat' dir='ltr'>manu</span> <span class='ocrx_word' id='word_1_268' title='bbox 808 2287 1011 2353; x_wconf 89' lang='lat' dir='ltr'>laicali,</span> <span class='ocrx_word' id='word_1_269' title='bbox 1043 2286 1137 2341; x_wconf 91' lang='lat' dir='ltr'>ubi</span> <span class='ocrx_word' id='word_1_270' title='bbox 1158 2289 1418 2342; x_wconf 88' lang='lat' dir='ltr'>hactenus</span> <span class='ocrx_word' id='word_1_271' title='bbox 1439 2294 1578 2353; x_wconf 89' lang='lat' dir='ltr'>erat,</span> <span class='ocrx_word' id='word_1_272' title='bbox 1637 2285 1691 2339; x_wconf 92' lang='lat' dir='ltr'>in</span> <span class='ocrx_word' id='word_1_273' title='bbox 1750 2284 1934 2339; x_wconf 90' lang='lat' dir='ltr'>omni-</span> 
     </span>
    </p>
   </div>
   <div class='ocr_carea' id='block_1_40' title="bbox 332 2374 1941 2446">
    <p class='ocr_par' dir='ltr' id='par_1_40' title="bbox 332 2374 1941 2446">
     <span class='ocr_line' id='line_1_40' title="bbox 332 2374 1941 2446; baseline -0.002 -15"><span class='ocrx_word' id='word_1_274' title='bbox 332 2376 568 2446; x_wconf 89' lang='lat' dir='ltr'>potentis</span> <span class='ocrx_word' id='word_1_275' title='bbox 594 2377 692 2431; x_wconf 90' lang='lat' dir='ltr'>Dei</span> <span class='ocrx_word' id='word_1_276' title='bbox 722 2385 774 2431; x_wconf 90' lang='lat' dir='ltr'>et</span> <span class='ocrx_word' id='word_1_277' title='bbox 806 2392 1095 2431; x_wconf 84' lang='lat' dir='ltr'>servorum</span> <span class='ocrx_word' id='word_1_278' title='bbox 1128 2376 1252 2445; x_wconf 89' lang='lat' dir='ltr'>ejus</span> <span class='ocrx_word' id='word_1_279' title='bbox 1299 2374 1569 2444; x_wconf 89' lang='lat' dir='ltr'>stipendia</span> <span class='ocrx_word' id='word_1_280' title='bbox 1628 2381 1941 2428; x_wconf 83' lang='lat' dir='ltr'>commuta-</span> 
     </span>
    </p>
   </div>
   <div class='ocr_carea' id='block_1_41' title="bbox 335 2462 1942 2535">
    <p class='ocr_par' dir='ltr' id='par_1_41' title="bbox 335 2462 1942 2535">
     <span class='ocr_line' id='line_1_41' title="bbox 335 2462 1942 2535; baseline -0.002 -15"><span class='ocrx_word' id='word_1_281' title='bbox 335 2482 452 2520; x_wconf 92' lang='lat' dir='ltr'>mus</span> <span class='ocrx_word' id='word_1_282' title='bbox 480 2473 641 2535; x_wconf 90' lang='lat' dir='ltr'>atque</span> <span class='ocrx_word' id='word_1_283' title='bbox 692 2466 1110 2530; x_wconf 84' lang='lat' dir='ltr'>transducimus,</span> <span class='ocrx_word' id='word_1_284' title='bbox 1169 2465 1377 2533; x_wconf 88' lang='lat' dir='ltr'>absque</span> <span class='ocrx_word' id='word_1_285' title='bbox 1436 2462 1839 2533; x_wconf 88' lang='lat' dir='ltr'>perturbatione</span> <span class='ocrx_word' id='word_1_286' title='bbox 1889 2469 1942 2517; x_wconf 89' lang='lat' dir='ltr'>et</span> 
     </span>
    </p>
   </div>
   <div class='ocr_carea' id='block_1_42' title="bbox 334 2552 1944 2625">
    <p class='ocr_par' dir='ltr' id='par_1_42' title="bbox 334 2552 1944 2625">
     <span class='ocr_line' id='line_1_42' title="bbox 334 2552 1944 2625; baseline -0.002 -16"><span class='ocrx_word' id='word_1_287' title='bbox 334 2554 703 2625; x_wconf 87' lang='lat' dir='ltr'>inquietudine</span> <span class='ocrx_word' id='word_1_288' title='bbox 755 2562 928 2609; x_wconf 89' lang='lat' dir='ltr'>ratum</span> <span class='ocrx_word' id='word_1_289' title='bbox 981 2553 1068 2621; x_wconf 89' lang='lat' dir='ltr'>sit,</span> <span class='ocrx_word' id='word_1_290' title='bbox 1128 2558 1184 2608; x_wconf 86' lang='lat' dir='ltr'>et</span> <span class='ocrx_word' id='word_1_291' title='bbox 1240 2552 1612 2607; x_wconf 87' lang='lat' dir='ltr'>ineonvulsum</span> <span class='ocrx_word' id='word_1_292' title='bbox 1679 2552 1944 2606; x_wconf 81' lang='lat' dir='ltr'>consistat</span> 
     </span>
    </p>
   </div>
   <div class='ocr_carea' id='block_1_43' title="bbox 336 2644 775 2712">
    <p class='ocr_par' dir='ltr' id='par_1_43' title="bbox 336 2644 775 2712">
     <span class='ocr_line' id='line_1_43' title="bbox 336 2644 775 2712; baseline -0.002 -15"><span class='ocrx_word' id='word_1_293' title='bbox 336 2644 490 2697; x_wconf 91' lang='lat' dir='ltr'>omni</span> <span class='ocrx_word' id='word_1_294' title='bbox 513 2650 775 2712; x_wconf 89' lang='lat' dir='ltr'>tempore.</span> 
     </span>
    </p>
   </div>
   <div class='ocr_carea' id='block_1_44' title="bbox 406 2729 1943 2802">
    <p class='ocr_par' dir='ltr' id='par_1_44' title="bbox 406 2729 1943 2802">
     <span class='ocr_line' id='line_1_44' title="bbox 406 2729 1943 2802; baseline -0.001 -17"><span class='ocrx_word' id='word_1_295' title='bbox 406 2732 569 2787; x_wconf 86' lang='lat' dir='ltr'>Facta</span> <span class='ocrx_word' id='word_1_296' title='bbox 623 2732 797 2788; x_wconf 89' lang='lat' dir='ltr'>cessio</span> <span class='ocrx_word' id='word_1_297' title='bbox 857 2730 1238 2802; x_wconf 86' lang='lat' dir='ltr'>descriptionis</span> <span class='ocrx_word' id='word_1_298' title='bbox 1290 2729 1456 2799; x_wconf 92' lang='lat' dir='ltr'>hujus</span> <span class='ocrx_word' id='word_1_299' title='bbox 1503 2729 1834 2784; x_wconf 88' lang='lat' dir='ltr'>auctoritate</span> <span class='ocrx_word' id='word_1_300' title='bbox 1891 2737 1943 2783; x_wconf 90' lang='lat' dir='ltr'>et</span> 
     </span>
    </p>
   </div>
   <div class='ocr_carea' id='block_1_45' title="bbox 335 2817 1942 2876">
    <p class='ocr_par' dir='ltr' id='par_1_45' title="bbox 335 2817 1942 2876">
     <span class='ocr_line' id='line_1_45' title="bbox 335 2817 1942 2876; baseline -0.001 -2"><span class='ocrx_word' id='word_1_301' title='bbox 335 2821 566 2876; x_wconf 89' lang='lat' dir='ltr'>consilio</span> <span class='ocrx_word' id='word_1_302' title='bbox 596 2820 1030 2876; x_wconf 83' lang='lat' dir='ltr'>domniGeraldi</span> <span class='ocrx_word' id='word_1_303' title='bbox 1062 2826 1264 2875; x_wconf 89' lang='lat' dir='ltr'>sancta</span> <span class='ocrx_word' id='word_1_304' title='bbox 1323 2820 1640 2872; x_wconf 75' lang='lat' dir='ltr'>Ualurcena</span> <span class='ocrx_word' id='word_1_305' title='bbox 1681 2817 1942 2872; x_wconf 70' lang='lat' dir='ltr'>Ecclesiae</span> 
     </span>
    </p>
   </div>
   <div class='ocr_carea' id='block_1_46' title="bbox 335 2906 1942 2979">
    <p class='ocr_par' dir='ltr' id='par_1_46' title="bbox 335 2906 1942 2979">
     <span class='ocr_line' id='line_1_46' title="bbox 335 2906 1942 2979; baseline -0.002 -16"><span class='ocrx_word' id='word_1_306' title='bbox 335 2909 600 2979; x_wconf 87' lang='lat' dir='ltr'>episcopi,</span> <span class='ocrx_word' id='word_1_307' title='bbox 624 2926 687 2964; x_wconf 88' lang='lat' dir='ltr'>ac</span> <span class='ocrx_word' id='word_1_308' title='bbox 715 2910 1039 2965; x_wconf 87' lang='lat' dir='ltr'>clericorum</span> <span class='ocrx_word' id='word_1_309' title='bbox 1070 2907 1208 2977; x_wconf 85' lang='lat' dir='ltr'>ejus,</span> <span class='ocrx_word' id='word_1_310' title='bbox 1237 2921 1378 2961; x_wconf 89' lang='lat' dir='ltr'>anno</span> <span class='ocrx_word' id='word_1_311' title='bbox 1410 2906 1707 2962; x_wconf 82' lang='lat' dir='ltr'>Dominica</span> <span class='ocrx_word' id='word_1_312' title='bbox 1750 2907 1942 2960; x_wconf 90' lang='lat' dir='ltr'>lncar-</span> 
     </span>
    </p>
   </div>
   <div class='ocr_carea' id='block_1_47' title="bbox 335 2994 1939 3065">
    <p class='ocr_par' dir='ltr' id='par_1_47' title="bbox 335 2994 1939 3065">
     <span class='ocr_line' id='line_1_47' title="bbox 335 2994 1939 3065; baseline -0.001 -14"><span class='ocrx_word' id='word_1_313' title='bbox 335 2999 574 3053; x_wconf 85' lang='lat' dir='ltr'>nationis</span> <span class='ocrx_word' id='word_1_314' title='bbox 604 3000 758 3063; x_wconf 83' lang='grc'><strong>1101,</strong></span> <span class='ocrx_word' id='word_1_315' title='bbox 793 2997 1087 3053; x_wconf 90' lang='lat' dir='ltr'>indictione</span> <span class='ocrx_word' id='word_1_316' title='bbox 1118 3012 1299 3057; x_wconf 82' lang='lat' dir='ltr'>mona.</span> <span class='ocrx_word' id='word_1_317' title='bbox 1342 2994 1667 3065; x_wconf 67' lang='lat' dir='ltr'>praesidente</span> <span class='ocrx_word' id='word_1_318' title='bbox 1724 2995 1779 3049; x_wconf 90' lang='lat' dir='ltr'>in</span> <span class='ocrx_word' id='word_1_319' title='bbox 1829 2994 1939 3050; x_wconf 80' lang='lat' dir='ltr'>Ro-</span> 
     </span>
    </p>
   </div>
   <div class='ocr_carea' id='block_1_48' title="bbox 337 3083 1935 3155">
    <p class='ocr_par' dir='ltr' id='par_1_48' title="bbox 337 3083 1935 3155">
     <span class='ocr_line' id='line_1_48' title="bbox 337 3083 1935 3155; baseline -0.001 -16"><span class='ocrx_word' id='word_1_320' title='bbox 337 3102 494 3140; x_wconf 88' lang='lat' dir='ltr'>mana</span> <span class='ocrx_word' id='word_1_321' title='bbox 524 3087 767 3142; x_wconf 87' lang='lat' dir='ltr'>Ecclesia</span> <span class='ocrx_word' id='word_1_322' title='bbox 802 3087 1055 3142; x_wconf 85' lang='lat' dir='ltr'>Paschale</span> <span class='ocrx_word' id='word_1_323' title='bbox 1087 3084 1324 3139; x_wconf 90' lang='lat' dir='ltr'>secundo</span> <span class='ocrx_word' id='word_1_324' title='bbox 1340 3099 1506 3155; x_wconf 91' lang='lat' dir='ltr'>papa,</span> <span class='ocrx_word' id='word_1_325' title='bbox 1527 3092 1785 3155; x_wconf 80' lang='lat' dir='ltr'>regnante</span> <span class='ocrx_word' id='word_1_326' title='bbox 1803 3083 1935 3137; x_wconf 91' lang='lat' dir='ltr'>Phi-</span> 
     </span>
    </p>
   </div>
   <div class='ocr_carea' id='block_1_49' title="bbox 340 3172 1946 3247">
    <p class='ocr_par' dir='ltr' id='par_1_49' title="bbox 340 3172 1946 3247">
     <span class='ocr_line' id='line_1_49' title="bbox 340 3172 1946 3247; baseline -0.001 -18"><span class='ocrx_word' id='word_1_327' title='bbox 340 3174 491 3246; x_wconf 91' lang='lat' dir='ltr'>lippo</span> <span class='ocrx_word' id='word_1_328' title='bbox 520 3176 853 3231; x_wconf 78' lang='lat' dir='ltr'>Francorum</span> <span class='ocrx_word' id='word_1_329' title='bbox 905 3191 1056 3247; x_wconf 83' lang='lat' dir='ltr'>rege,</span> <span class='ocrx_word' id='word_1_330' title='bbox 1116 3174 1170 3227; x_wconf 92' lang='lat' dir='ltr'>in</span> <span class='ocrx_word' id='word_1_331' title='bbox 1224 3173 1522 3244; x_wconf 84' lang='lat' dir='ltr'>prasentia</span> <span class='ocrx_word' id='word_1_332' title='bbox 1577 3181 1628 3226; x_wconf 89' lang='lat' dir='ltr'>et</span> <span class='ocrx_word' id='word_1_333' title='bbox 1676 3172 1946 3227; x_wconf 88' lang='lat' dir='ltr'>corrobo-</span> 
     </span>
    </p>
   </div>
   <div class='ocr_carea' id='block_1_50' title="bbox 336 3263 1134 3319">
    <p class='ocr_par' dir='ltr' id='par_1_50' title="bbox 336 3263 1134 3319">
     <span class='ocr_line' id='line_1_50' title="bbox 336 3263 1134 3319; baseline -0.001 -2"><span class='ocrx_word' id='word_1_334' title='bbox 336 3263 550 3319; x_wconf 86' lang='lat' dir='ltr'>ratione</span> <span class='ocrx_word' id='word_1_335' title='bbox 568 3263 865 3319; x_wconf 88' lang='lat' dir='ltr'>multorum</span> <span class='ocrx_word' id='word_1_336' title='bbox 896 3264 1134 3318; x_wconf 88' lang='lat' dir='ltr'>testium.</span> 
     </span>
    </p>
   </div>
   <div class='ocr_carea' id='block_1_51' title="bbox 408 3347 1950 3424">
    <p class='ocr_par' dir='ltr' id='par_1_51' title="bbox 408 3347 1950 3424">
     <span class='ocr_line' id='line_1_51' title="bbox 408 3347 1950 3424; baseline -0.004 -17"><span class='ocrx_word' id='word_1_337' title='bbox 408 3353 525 3424; x_wconf 83' lang='lat' dir='ltr'>Ego</span> <span class='ocrx_word' id='word_1_338' title='bbox 557 3354 675 3424; x_wconf 89' lang='lat' dir='ltr'>ipse</span> <span class='ocrx_word' id='word_1_339' title='bbox 696 3352 1038 3407; x_wconf 84' lang='lat' dir='ltr'>Raimundus</span> <span class='ocrx_word' id='word_1_340' title='bbox 1064 3348 1411 3420; x_wconf 84' lang='lat' dir='ltr'>supradictus</span> <span class='ocrx_word' id='word_1_341' title='bbox 1434 3348 1761 3415; x_wconf 86' lang='lat' dir='ltr'>vicecomes,</span> <span class='ocrx_word' id='word_1_342' title='bbox 1786 3347 1950 3401; x_wconf 84' lang='lat' dir='ltr'>etﬁlii</span> 
     </span>
    </p>
   </div>
   <div class='ocr_carea' id='block_1_52' title="bbox 337 3436 1949 3504">
    <p class='ocr_par' dir='ltr' id='par_1_52' title="bbox 337 3436 1949 3504">
     <span class='ocr_line' id='line_1_52' title="bbox 337 3436 1949 3504; baseline -0.004 -9"><span class='ocrx_word' id='word_1_343' title='bbox 337 3441 443 3497; x_wconf 89' lang='lat' dir='ltr'>mei</span> <span class='ocrx_word' id='word_1_344' title='bbox 477 3441 696 3496; x_wconf 89' lang='lat' dir='ltr'>Pontius</span> <span class='ocrx_word' id='word_1_345' title='bbox 728 3450 781 3496; x_wconf 90' lang='lat' dir='ltr'>et</span> <span class='ocrx_word' id='word_1_346' title='bbox 808 3442 998 3496; x_wconf 87' lang='lat' dir='ltr'>Petrus</span> <span class='ocrx_word' id='word_1_347' title='bbox 1025 3438 1395 3504; x_wconf 86' lang='lat' dir='ltr'>vicecomites,</span> <span class='ocrx_word' id='word_1_348' title='bbox 1426 3437 1501 3491; x_wconf 91' lang='lat' dir='ltr'>ita</span> <span class='ocrx_word' id='word_1_349' title='bbox 1560 3436 1835 3490; x_wconf 85' lang='lat' dir='ltr'>ﬁrmamus</span> <span class='ocrx_word' id='word_1_350' title='bbox 1894 3443 1949 3490; x_wconf 92' lang='lat' dir='ltr'>et</span> 
     </span>
    </p>
   </div>
   <div class='ocr_carea' id='block_1_53' title="bbox 335 3528 1551 3596">
    <p class='ocr_par' dir='ltr' id='par_1_53' title="bbox 335 3528 1551 3596">
     <span class='ocr_line' id='line_1_53' title="bbox 335 3528 1551 3596; baseline -0.006 -11"><span class='ocrx_word' id='word_1_351' title='bbox 335 3530 755 3586; x_wconf 88' lang='lat' dir='ltr'>corroboramus</span> <span class='ocrx_word' id='word_1_352' title='bbox 784 3530 1079 3585; x_wconf 88' lang='lat' dir='ltr'>tenendum</span> <span class='ocrx_word' id='word_1_353' title='bbox 1111 3528 1165 3581; x_wconf 92' lang='lat' dir='ltr'>in</span> <span class='ocrx_word' id='word_1_354' title='bbox 1195 3533 1551 3596; x_wconf 88' lang='lat' dir='ltr'>perpetuum.</span> 
     </span>
    </p>
   </div>
   <div class='ocr_carea' id='block_1_54' title="bbox 407 3614 1943 3691">
    <p class='ocr_par' dir='ltr' id='par_1_54' title="bbox 407 3614 1943 3691">
     <span class='ocr_line' id='line_1_54' title="bbox 407 3614 1943 3691; baseline -0.004 -18"><span class='ocrx_word' id='word_1_355' title='bbox 407 3619 524 3691; x_wconf 82' lang='lat' dir='ltr'>Ego</span> <span class='ocrx_word' id='word_1_356' title='bbox 553 3618 850 3674; x_wconf 86' lang='lat' dir='ltr'>Ademarus</span> <span class='ocrx_word' id='word_1_357' title='bbox 884 3618 1059 3674; x_wconf 83' lang='lat' dir='ltr'>Ramo</span> <span class='ocrx_word' id='word_1_358' title='bbox 1083 3617 1277 3676; x_wconf 80' lang='lat' dir='ltr'>dictus,</span> <span class='ocrx_word' id='word_1_359' title='bbox 1310 3614 1400 3685; x_wconf 90' lang='lat' dir='ltr'>qui</span> <span class='ocrx_word' id='word_1_360' title='bbox 1431 3614 1579 3685; x_wconf 90' lang='lat' dir='ltr'>ipsas</span> <span class='ocrx_word' id='word_1_361' title='bbox 1607 3629 1708 3683; x_wconf 91' lang='lat' dir='ltr'>per</span> <span class='ocrx_word' id='word_1_362' title='bbox 1723 3628 1943 3668; x_wconf 90' lang='lat' dir='ltr'>succes-</span> 
     </span>
    </p>
   </div>
   <div class='ocr_carea' id='block_1_55' title="bbox 334 3700 1944 3778">
    <p class='ocr_par' dir='ltr' id='par_1_55' title="bbox 334 3700 1944 3778">
     <span class='ocr_line' id='line_1_55' title="bbox 334 3700 1944 3778; baseline -0.006 -15"><span class='ocrx_word' id='word_1_363' title='bbox 334 3708 550 3763; x_wconf 90' lang='lat' dir='ltr'>sionem</span> <span class='ocrx_word' id='word_1_364' title='bbox 583 3715 869 3778; x_wconf 87' lang='lat' dir='ltr'>parentum</span> <span class='ocrx_word' id='word_1_365' title='bbox 901 3723 1146 3761; x_wconf 91' lang='lat' dir='ltr'>meorum</span> <span class='ocrx_word' id='word_1_366' title='bbox 1174 3705 1315 3759; x_wconf 84' lang='lat' dir='ltr'>male</span> <span class='ocrx_word' id='word_1_367' title='bbox 1346 3704 1579 3758; x_wconf 91' lang='lat' dir='ltr'>teneban</span> <span class='ocrx_word' id='word_1_368' title='bbox 1634 3710 1688 3756; x_wconf 93' lang='lat' dir='ltr'>et</span> <span class='ocrx_word' id='word_1_369' title='bbox 1744 3700 1944 3771; x_wconf 89' lang='lat' dir='ltr'>injuste</span> 
     </span>
    </p>
   </div>
   <div class='ocr_carea' id='block_1_56' title="bbox 337 3791 1941 3868">
    <p class='ocr_par' dir='ltr' id='par_1_56' title="bbox 337 3791 1941 3868">
     <span class='ocr_line' id='line_1_56' title="bbox 337 3791 1941 3868; baseline -0.005 -16"><span class='ocrx_word' id='word_1_370' title='bbox 337 3797 711 3868; x_wconf 77' lang='lat' dir='ltr'>possidebam,</span> <span class='ocrx_word' id='word_1_371' title='bbox 745 3797 820 3851; x_wconf 89' lang='lat' dir='ltr'>ita</span> <span class='ocrx_word' id='word_1_372' title='bbox 851 3795 1019 3851; x_wconf 88' lang='lat' dir='ltr'>libere</span> <span class='ocrx_word' id='word_1_373' title='bbox 1045 3802 1093 3850; x_wconf 87' lang='lat' dir='ltr'>et</span> <span class='ocrx_word' id='word_1_374' title='bbox 1128 3792 1375 3848; x_wconf 89' lang='lat' dir='ltr'>absolute</span> <span class='ocrx_word' id='word_1_375' title='bbox 1404 3792 1548 3848; x_wconf 93' lang='lat' dir='ltr'>dono</span> <span class='ocrx_word' id='word_1_376' title='bbox 1574 3800 1734 3862; x_wconf 88' lang='lat' dir='ltr'>atque</span> <span class='ocrx_word' id='word_1_377' title='bbox 1782 3791 1941 3845; x_wconf 83' lang='lat' dir='ltr'>dere-</span> 
     </span>
    </p>
   </div>
   <div class='ocr_carea' id='block_1_57' title="bbox 338 3878 1944 3955">
    <p class='ocr_par' dir='ltr' id='par_1_57' title="bbox 338 3878 1944 3955">
     <span class='ocr_line' id='line_1_57' title="bbox 338 3878 1944 3955; baseline -0.006 -16"><span class='ocrx_word' id='word_1_378' title='bbox 338 3883 543 3955; x_wconf 88' lang='lat' dir='ltr'>linquo,</span> <span class='ocrx_word' id='word_1_379' title='bbox 575 3885 734 3939; x_wconf 88' lang='lat' dir='ltr'>simul</span> <span class='ocrx_word' id='word_1_380' title='bbox 762 3901 885 3940; x_wconf 92' lang='lat' dir='ltr'>cum</span> <span class='ocrx_word' id='word_1_381' title='bbox 911 3883 1027 3939; x_wconf 82' lang='lat' dir='ltr'>tilio</span> <span class='ocrx_word' id='word_1_382' title='bbox 1060 3897 1183 3936; x_wconf 90' lang='lat' dir='ltr'>meo</span> <span class='ocrx_word' id='word_1_383' title='bbox 1213 3882 1264 3935; x_wconf 87' lang='lat' dir='ltr'>iu</span> <span class='ocrx_word' id='word_1_384' title='bbox 1294 3880 1543 3935; x_wconf 88' lang='lat' dir='ltr'>manibus</span> <span class='ocrx_word' id='word_1_385' title='bbox 1569 3888 1622 3935; x_wconf 90' lang='lat' dir='ltr'>et</span> <span class='ocrx_word' id='word_1_386' title='bbox 1648 3878 1944 3950; x_wconf 63' lang='lat' dir='ltr'>praesentia</span> 
     </span>
    </p>
   </div>
   <div class='ocr_carea' id='block_1_58' title="bbox 338 3968 1943 4043">
    <p class='ocr_par' dir='ltr' id='par_1_58' title="bbox 338 3968 1943 4043">
     <span class='ocr_line' id='line_1_58' title="bbox 338 3968 1943 4043; baseline -0.004 -16"><span class='ocrx_word' id='word_1_387' title='bbox 338 3974 640 4043; x_wconf 89' lang='lat' dir='ltr'>supradicti</span> <span class='ocrx_word' id='word_1_388' title='bbox 672 3974 884 4029; x_wconf 88' lang='lat' dir='ltr'>abbatis</span> <span class='ocrx_word' id='word_1_389' title='bbox 914 3971 1100 4028; x_wconf 91' lang='lat' dir='ltr'>domni</span> <span class='ocrx_word' id='word_1_390' title='bbox 1146 3969 1438 4039; x_wconf 84' lang='lat' dir='ltr'>Asquitilii,</span> <span class='ocrx_word' id='word_1_391' title='bbox 1510 3977 1670 4038; x_wconf 88' lang='lat' dir='ltr'>atque</span> <span class='ocrx_word' id='word_1_392' title='bbox 1716 3968 1943 4022; x_wconf 89' lang='lat' dir='ltr'>aliorum</span> 
     </span>
    </p>
   </div>
   <div class='ocr_carea' id='block_1_59' title="bbox 338 4056 1944 4131">
    <p class='ocr_par' dir='ltr' id='par_1_59' title="bbox 338 4056 1944 4131">
     <span class='ocr_line' id='line_1_59' title="bbox 338 4056 1944 4131; baseline -0.004 -14"><span class='ocrx_word' id='word_1_393' title='bbox 338 4063 629 4118; x_wconf 89' lang='lat' dir='ltr'>multorum</span> <span class='ocrx_word' id='word_1_394' title='bbox 668 4062 906 4131; x_wconf 88' lang='lat' dir='ltr'>testium,</span> <span class='ocrx_word' id='word_1_395' title='bbox 942 4070 1050 4115; x_wconf 89' lang='lat' dir='ltr'>tam</span> <span class='ocrx_word' id='word_1_396' title='bbox 1106 4058 1492 4114; x_wconf 86' lang='lat' dir='ltr'>monachorum</span> <span class='ocrx_word' id='word_1_397' title='bbox 1551 4072 1712 4127; x_wconf 88' lang='lat' dir='ltr'>quam</span> <span class='ocrx_word' id='word_1_398' title='bbox 1769 4056 1944 4112; x_wconf 85' lang='lat' dir='ltr'>laico-</span> 
     </span>
    </p>
   </div>
   <div class='ocr_carea' id='block_1_60' title="bbox 344 4167 493 4206">
    <p class='ocr_par' dir='ltr' id='par_1_60' title="bbox 344 4167 493 4206">
     <span class='ocr_line' id='line_1_60' title="bbox 344 4167 493 4206; baseline -0.007 -1"><span class='ocrx_word' id='word_1_399' title='bbox 344 4167 464 4206; x_wconf 75' lang='lat' dir='ltr'>!‘UID</span> <span class='ocrx_word' id='word_1_400' title='bbox 480 4191 493 4204; x_wconf 86' lang='lat'>.</span> 
     </span>
    </p>
   </div>
   <div class='ocr_carea' id='block_1_61' title="bbox 409 4238 1093 4312">
    <p class='ocr_par' dir='ltr' id='par_1_61' title="bbox 409 4238 1093 4312">
     <span class='ocr_line' id='line_1_61' title="bbox 409 4238 1093 4312; baseline -0.003 -19"><span class='ocrx_word' id='word_1_401' title='bbox 409 4239 641 4312; x_wconf 84' lang='lat' dir='ltr'>Signum</span> <span class='ocrx_word' id='word_1_402' title='bbox 659 4239 902 4294; x_wconf 80' lang='lat' dir='ltr'>Aimonis</span> <span class='ocrx_word' id='word_1_403' title='bbox 934 4238 1093 4292; x_wconf 85' lang='lat' dir='ltr'>Elia.</span> 
     </span>
    </p>
   </div>
   <div class='ocr_carea' id='block_1_62' title="bbox 407 4323 1573 4399">
    <p class='ocr_par' dir='ltr' id='par_1_62' title="bbox 407 4323 1573 4399">
     <span class='ocr_line' id='line_1_62' title="bbox 407 4323 1573 4399; baseline -0.005 -16"><span class='ocrx_word' id='word_1_404' title='bbox 407 4327 641 4399; x_wconf 84' lang='lat' dir='ltr'>Signum</span> <span class='ocrx_word' id='word_1_405' title='bbox 670 4326 950 4383; x_wconf 63' lang='lat' dir='ltr'>Gauﬁredi</span> <span class='ocrx_word' id='word_1_406' title='bbox 984 4323 1167 4379; x_wconf 89' lang='lat' dir='ltr'>militis</span> <span class='ocrx_word' id='word_1_407' title='bbox 1198 4324 1267 4379; x_wconf 92' lang='lat' dir='ltr'>de</span> <span class='ocrx_word' id='word_1_408' title='bbox 1288 4323 1573 4379; x_wconf 86' lang='lat' dir='ltr'>Calszeda.</span> 
     </span>
    </p>
   </div>
   <div class='ocr_carea' id='block_1_63' title="bbox 407 4414 1058 4487">
    <p class='ocr_par' dir='ltr' id='par_1_63' title="bbox 407 4414 1058 4487">
     <span class='ocr_line' id='line_1_63' title="bbox 407 4414 1058 4487; baseline -0.006 -16"><span class='ocrx_word' id='word_1_409' title='bbox 407 4416 637 4487; x_wconf 84' lang='lat' dir='ltr'>Signum</span> <span class='ocrx_word' id='word_1_410' title='bbox 668 4415 813 4471; x_wconf 87' lang='lat' dir='ltr'>Petri</span> <span class='ocrx_word' id='word_1_411' title='bbox 840 4414 1058 4469; x_wconf 87' lang='lat' dir='ltr'>Amelii.</span> 
     </span>
    </p>
   </div>
   <div class='ocr_carea' id='block_1_64' title="bbox 409 4503 918 4574">
    <p class='ocr_par' dir='ltr' id='par_1_64' title="bbox 409 4503 918 4574">
     <span class='ocr_line' id='line_1_64' title="bbox 409 4503 918 4574; baseline -0.004 -16"><span class='ocrx_word' id='word_1_412' title='bbox 409 4503 650 4574; x_wconf 79' lang='lat' dir='ltr'>Signum</span> <span class='ocrx_word' id='word_1_413' title='bbox 680 4503 918 4558; x_wconf 91' lang='lat' dir='ltr'>Sicardi.</span> 
     </span>
    </p>
   </div>
   <div class='ocr_carea' id='block_1_65' title="bbox 412 4590 1168 4665">
    <p class='ocr_par' dir='ltr' id='par_1_65' title="bbox 412 4590 1168 4665">
     <span class='ocr_line' id='line_1_65' title="bbox 412 4590 1168 4665; baseline -0.003 -17"><span class='ocrx_word' id='word_1_414' title='bbox 412 4592 644 4665; x_wconf 83' lang='lat' dir='ltr'>Signum</span> <span class='ocrx_word' id='word_1_415' title='bbox 673 4593 925 4665; x_wconf 82' lang='lat' dir='ltr'>Hugonis</span> <span class='ocrx_word' id='word_1_416' title='bbox 956 4590 1168 4647; x_wconf 84' lang='lat' dir='ltr'>vicarii.</span> 
     </span>
    </p>
   </div>
   <div class='ocr_carea' id='block_1_66' title="bbox 1060 4698 1236 4753">
    <p class='ocr_par' dir='ltr' id='par_1_66' title="bbox 1060 4698 1236 4753">
     <span class='ocr_line' id='line_1_66' title="bbox 1060 4698 1236 4753; baseline -0.006 0"><span class='ocrx_word' id='word_1_417' title='bbox 1060 4698 1236 4753; x_wconf 82' lang='lat' dir='ltr'><strong>XXII.</strong></span> 
     </span>
    </p>
   </div>
   <div class='ocr_carea' id='block_1_67' title="bbox 346 4799 1947 4876">
    <p class='ocr_par' dir='ltr' id='par_1_67' title="bbox 346 4799 1947 4876">
     <span class='ocr_line' id='line_1_67' title="bbox 346 4799 1947 4876; baseline -0.007 -12"><span class='ocrx_word' id='word_1_418' title='bbox 346 4806 660 4864; x_wconf 80' lang='lat' dir='ltr'>Concilium</span> <span class='ocrx_word' id='word_1_419' title='bbox 673 4806 1024 4862; x_wconf 63' lang='lat' dir='ltr'>Manilianas</span> <span class='ocrx_word' id='word_1_420' title='bbox 1045 4806 1347 4873; x_wconf 81' lang='lat' dir='ltr'>conﬁrmat</span> <span class='ocrx_word' id='word_1_421' title='bbox 1364 4804 1640 4876; x_wconf 72' lang='lat' dir='ltr'>placitum</span> <span class='ocrx_word' id='word_1_422' title='bbox 1653 4799 1947 4876; x_wconf 70' lang='lat' dir='ltr'>quod!/&#39;_ecit</span> 
     </span>
    </p>
   </div>
   <div class='ocr_carea' id='block_1_68' title="bbox 414 4873 1949 4949">
    <p class='ocr_par' dir='ltr' id='par_1_68' title="bbox 414 4873 1949 4949">
     <span class='ocr_line' id='line_1_68' title="bbox 414 4873 1949 4949; baseline -0.004 -16"><span class='ocrx_word' id='word_1_423' title='bbox 414 4878 742 4949; x_wconf 76' lang='lat' dir='ltr'>Norgaudu:</span> <span class='ocrx_word' id='word_1_424' title='bbox 753 4876 1041 4948; x_wconf 71' lang='lat' dir='ltr'>episcopus</span> <span class='ocrx_word' id='word_1_425' title='bbox 1058 4873 1506 4949; x_wconf 53' lang='lat' dir='ltr'>.tEduensis&#39;eum</span> <span class='ocrx_word' id='word_1_426' title='bbox 1518 4874 1722 4928; x_wconf 86' lang='lat' dir='ltr'>domno</span> <span class='ocrx_word' id='word_1_427' title='bbox 1751 4873 1949 4927; x_wconf 79' lang='lat' dir='ltr'>abbate</span> 
     </span>
    </p>
   </div>
   <div class='ocr_carea' id='block_1_69' title="bbox 415 4946 1550 5020">
    <p class='ocr_par' dir='ltr' id='par_1_69' title="bbox 415 4946 1550 5020">
     <span class='ocr_line' id='line_1_69' title="bbox 415 4946 1550 5020; baseline -0.004 -18"><span class='ocrx_word' id='word_1_428' title='bbox 415 4946 644 5020; x_wconf 60' lang='lat' dir='ltr'>Hug&#39;one</span> <span class='ocrx_word' id='word_1_429' title='bbox 664 4952 721 5004; x_wconf 82' lang='lat' dir='ltr'>et</span> <span class='ocrx_word' id='word_1_430' title='bbox 742 4946 1038 5003; x_wconf 73' lang='lat' dir='ltr'>monachi:</span> <span class='ocrx_word' id='word_1_431' title='bbox 1063 4946 1550 5003; x_wconf 79' lang='lat' dir='ltr'>Cluniacensibus.</span> 
     </span>
    </p>
   </div>
   <div class='ocr_carea' id='block_1_70' title="bbox 949 5036 1363 5105">
    <p class='ocr_par' dir='ltr' id='par_1_70' title="bbox 949 5036 1363 5105">
     <span class='ocr_line' id='line_1_70' title="bbox 949 5036 1363 5105; baseline -0.007 -14"><span class='ocrx_word' id='word_1_432' title='bbox 949 5037 1124 5105; x_wconf 82' lang='lat' dir='ltr'>(Anno</span> <span class='ocrx_word' id='word_1_433' title='bbox 1168 5036 1363 5105; x_wconf 86' lang='grc'><strong>1103.)</strong></span> 
     </span>
    </p>
   </div>
   <div class='ocr_carea' id='block_1_71' title="bbox 420 5119 1877 5199">
    <p class='ocr_par' dir='ltr' id='par_1_71' title="bbox 420 5119 1877 5199">
     <span class='ocr_line' id='line_1_71' title="bbox 420 5119 1877 5199; baseline -0.003 -19"><span class='ocrx_word' id='word_1_434' title='bbox 420 5126 705 5199; x_wconf 61' lang='lat' dir='ltr'>[Murem</span> <span class='ocrx_word' id='word_1_435' title='bbox 749 5124 912 5181; x_wconf 80' lang='lat' dir='ltr'>Thes.</span> <span class='ocrx_word' id='word_1_436' title='bbox 949 5124 1178 5191; x_wconf 78' lang='lat' dir='ltr'>Anecd.,</span> <span class='ocrx_word' id='word_1_437' title='bbox 1213 5124 1303 5191; x_wconf 86' lang='lat' dir='ltr'><strong>IV,</strong></span> <span class='ocrx_word' id='word_1_438' title='bbox 1347 5123 1471 5185; x_wconf 74' lang='lat'>126,</span> <span class='ocrx_word' id='word_1_439' title='bbox 1503 5136 1575 5175; x_wconf 84' lang='lat' dir='ltr'>ex</span> <span class='ocrx_word' id='word_1_440' title='bbox 1607 5119 1877 5175; x_wconf 88' lang='lat' dir='ltr'>chartario</span> 
     </span>
    </p>
   </div>
   <div class='ocr_carea' id='block_1_72' title="bbox 954 5210 1347 5284">
    <p class='ocr_par' dir='ltr' id='par_1_72' title="bbox 954 5210 1347 5284">
     <span class='ocr_line' id='line_1_72' title="bbox 954 5210 1347 5284; baseline -0.013 -16"><span class='ocrx_word' id='word_1_441' title='bbox 954 5210 1347 5284; x_wconf 88' lang='lat' dir='ltr'>Cluniaeensi.]</span> 
     </span>
    </p>
   </div>
   <div class='ocr_carea' id='block_1_73' title="bbox 436 5297 1967 5367">
    <p class='ocr_par' dir='ltr' id='par_1_73' title="bbox 436 5297 1967 5367">
     <span class='ocr_line' id='line_1_73' title="bbox 436 5297 1967 5367; baseline -0.003 -8"><span class='ocrx_word' id='word_1_442' title='bbox 436 5306 492 5359; x_wconf 93' lang='lat' dir='ltr'><strong>In</strong></span> <span class='ocrx_word' id='word_1_443' title='bbox 521 5303 743 5359; x_wconf 90' lang='lat' dir='ltr'>nomine</span> <span class='ocrx_word' id='word_1_444' title='bbox 766 5310 970 5358; x_wconf 88' lang='lat' dir='ltr'>sancta</span> <span class='ocrx_word' id='word_1_445' title='bbox 999 5309 1052 5357; x_wconf 90' lang='lat' dir='ltr'>et</span> <span class='ocrx_word' id='word_1_446' title='bbox 1082 5299 1373 5356; x_wconf 85' lang='lat' dir='ltr'>individua</span> <span class='ocrx_word' id='word_1_447' title='bbox 1429 5297 1729 5364; x_wconf 83' lang='lat' dir='ltr'>Trinitatis,</span> <span class='ocrx_word' id='word_1_448' title='bbox 1774 5298 1967 5367; x_wconf 87' lang='lat' dir='ltr'>Patris,</span> 
     </span>
    </p>
   </div>
   <div class='ocr_carea' id='block_1_74' title="bbox 347 5388 1965 5462">
    <p class='ocr_par' dir='ltr' id='par_1_74' title="bbox 347 5388 1965 5462">
     <span class='ocr_line' id='line_1_74' title="bbox 347 5388 1965 5462; baseline -0.002 -14"><span class='ocrx_word' id='word_1_449' title='bbox 347 5401 399 5449; x_wconf 92' lang='lat' dir='ltr'>et</span> <span class='ocrx_word' id='word_1_450' title='bbox 428 5391 570 5461; x_wconf 88' lang='lat' dir='ltr'>Filii,</span> <span class='ocrx_word' id='word_1_451' title='bbox 619 5398 673 5446; x_wconf 89' lang='lat' dir='ltr'>et</span> <span class='ocrx_word' id='word_1_452' title='bbox 719 5391 947 5462; x_wconf 90' lang='lat' dir='ltr'>Spiritus</span> <span class='ocrx_word' id='word_1_453' title='bbox 1001 5389 1194 5458; x_wconf 88' lang='lat' dir='ltr'>sancti,</span> <span class='ocrx_word' id='word_1_454' title='bbox 1243 5404 1422 5443; x_wconf 90' lang='lat' dir='ltr'>amen.</span> <span class='ocrx_word' id='word_1_455' title='bbox 1501 5388 1708 5443; x_wconf 86' lang='lat' dir='ltr'>Omnes</span> <span class='ocrx_word' id='word_1_456' title='bbox 1762 5395 1965 5444; x_wconf 86' lang='lat' dir='ltr'>sancta</span> 
     </span>
    </p>
   </div>
   <div class='ocr_carea' id='block_1_75' title="bbox 358 5475 1974 5548">
    <p class='ocr_par' dir='ltr' id='par_1_75' title="bbox 358 5475 1974 5548">
     <span class='ocr_line' id='line_1_75' title="bbox 358 5475 1974 5548; baseline -0.003 -11"><span class='ocrx_word' id='word_1_457' title='bbox 358 5478 725 5537; x_wconf 85' lang='lat' dir='ltr'>universitatis</span> <span class='ocrx_word' id='word_1_458' title='bbox 751 5478 1013 5536; x_wconf 85' lang='lat' dir='ltr'>Ecclesia</span> <span class='ocrx_word' id='word_1_459' title='bbox 1042 5477 1189 5534; x_wconf 85' lang='lat' dir='ltr'>ﬁlios</span> <span class='ocrx_word' id='word_1_460' title='bbox 1206 5477 1460 5533; x_wconf 89' lang='lat' dir='ltr'>volumus</span> <span class='ocrx_word' id='word_1_461' title='bbox 1487 5475 1626 5531; x_wconf 91' lang='lat' dir='ltr'>scire</span> <span class='ocrx_word' id='word_1_462' title='bbox 1665 5491 1824 5545; x_wconf 89' lang='lat' dir='ltr'>quam</span> <span class='ocrx_word' id='word_1_463' title='bbox 1871 5491 1974 5548; x_wconf 83' lang='lat' dir='ltr'>pa&#39;</span> 
     </span>
    </p>
   </div>
   <div class='ocr_carea' id='block_1_76' title="bbox 351 5564 1974 5642">
    <p class='ocr_par' dir='ltr' id='par_1_76' title="bbox 351 5564 1974 5642">
     <span class='ocr_line' id='line_1_76' title="bbox 351 5564 1974 5642; baseline -0.002 -17"><span class='ocrx_word' id='word_1_464' title='bbox 351 5585 472 5625; x_wconf 89' lang='lat' dir='ltr'>cem</span> <span class='ocrx_word' id='word_1_465' title='bbox 503 5584 738 5642; x_wconf 89' lang='lat' dir='ltr'>quamve</span> <span class='ocrx_word' id='word_1_466' title='bbox 758 5569 1124 5637; x_wconf 87' lang='lat' dir='ltr'>concordiam,</span> <span class='ocrx_word' id='word_1_467' title='bbox 1152 5565 1435 5624; x_wconf 70' lang='lat' dir='ltr'>Eduensis</span> <span class='ocrx_word' id='word_1_468' title='bbox 1481 5564 1773 5638; x_wconf 90' lang='lat' dir='ltr'>episcopus</span> <span class='ocrx_word' id='word_1_469' title='bbox 1826 5565 1974 5621; x_wconf 84' lang='lat' dir='ltr'>Nor-</span> 
     </span>
    </p>
   </div>
   <div class='ocr_carea' id='block_1_77' title="bbox 1973 4467 2026 4527">
    <p class='ocr_par' dir='ltr' id='par_1_77' title="bbox 1973 4467 2026 4527">
     <span class='ocr_line' id='line_1_77' title="bbox 1973 4467 2026 4527; baseline 0 0"><span class='ocrx_word' id='word_1_470' title='bbox 1973 4467 2026 4527; x_wconf 96' lang='lat' dir='ltr'>D</span> 
     </span>
    </p>
   </div>
   <div class='ocr_carea' id='block_1_78' title="bbox 2047 1842 3659 1915">
    <p class='ocr_par' dir='ltr' id='par_1_78' title="bbox 2047 1842 3659 1915">
     <span class='ocr_line' id='line_1_78' title="bbox 2047 1842 3659 1915; baseline 0.001 -17"><span class='ocrx_word' id='word_1_471' title='bbox 2047 1842 2267 1912; x_wconf 77' lang='lat' dir='ltr'>negotia</span> <span class='ocrx_word' id='word_1_472' title='bbox 2322 1842 2636 1915; x_wconf 86' lang='lat' dir='ltr'>peragenda</span> <span class='ocrx_word' id='word_1_473' title='bbox 2691 1850 2743 1897; x_wconf 91' lang='lat' dir='ltr'>et</span> <span class='ocrx_word' id='word_1_474' title='bbox 2808 1842 3185 1912; x_wconf 88' lang='lat' dir='ltr'>pertractanda</span> <span class='ocrx_word' id='word_1_475' title='bbox 3272 1842 3659 1899; x_wconf 80' lang='lat' dir='ltr'>Pranestinum</span> 
     </span>
    </p>
   </div>
   <div class='ocr_carea' id='block_1_79' title="bbox 2049 1930 3655 2004">
    <p class='ocr_par' dir='ltr' id='par_1_79' title="bbox 2049 1930 3655 2004">
     <span class='ocr_line' id='line_1_79' title="bbox 2049 1930 3655 2004; baseline 0.001 -18"><span class='ocrx_word' id='word_1_476' title='bbox 2049 1932 2373 2002; x_wconf 90' lang='lat' dir='ltr'>episcopum</span> <span class='ocrx_word' id='word_1_477' title='bbox 2394 1932 2655 1986; x_wconf 82' lang='lat' dir='ltr'>domuum</span> <span class='ocrx_word' id='word_1_478' title='bbox 2696 1930 2976 1998; x_wconf 82' lang='lat' dir='ltr'>Milonem,</span> <span class='ocrx_word' id='word_1_479' title='bbox 3028 1931 3194 1987; x_wconf 88' lang='lat' dir='ltr'>totius</span> <span class='ocrx_word' id='word_1_480' title='bbox 3243 1930 3436 1987; x_wconf 87' lang='lat' dir='ltr'>Gallia</span> <span class='ocrx_word' id='word_1_481' title='bbox 3491 1931 3655 2004; x_wconf 79' lang='lat' dir='ltr'>lega-</span> 
     </span>
    </p>
   </div>
   <div class='ocr_carea' id='block_1_80' title="bbox 2050 2018 3658 2089">
    <p class='ocr_par' dir='ltr' id='par_1_80' title="bbox 2050 2018 3658 2089">
     <span class='ocr_line' id='line_1_80' title="bbox 2050 2018 3658 2089; baseline 0.001 -16"><span class='ocrx_word' id='word_1_482' title='bbox 2050 2020 2196 2089; x_wconf 61' lang='lat' dir='ltr'>tione</span> <span class='ocrx_word' id='word_1_483' title='bbox 2253 2020 2518 2089; x_wconf 82' lang='lat' dir='ltr'>injuncta,</span> <span class='ocrx_word' id='word_1_484' title='bbox 2569 2020 2640 2074; x_wconf 90' lang='lat' dir='ltr'>ad</span> <span class='ocrx_word' id='word_1_485' title='bbox 2689 2018 2898 2075; x_wconf 88' lang='lat' dir='ltr'>Gallias</span> <span class='ocrx_word' id='word_1_486' title='bbox 2954 2020 3171 2075; x_wconf 90' lang='lat' dir='ltr'>mittere</span> <span class='ocrx_word' id='word_1_487' title='bbox 3209 2021 3439 2075; x_wconf 87' lang='lat' dir='ltr'>studuit.</span> <span class='ocrx_word' id='word_1_488' title='bbox 3505 2021 3658 2075; x_wconf 89' lang='lat' dir='ltr'>Idem</span> 
     </span>
    </p>
   </div>
   <div class='ocr_carea' id='block_1_81' title="bbox 2051 2108 3654 2180">
    <p class='ocr_par' dir='ltr' id='par_1_81' title="bbox 2051 2108 3654 2180">
     <span class='ocr_line' id='line_1_81' title="bbox 2051 2108 3654 2180; baseline 0 -16"><span class='ocrx_word' id='word_1_489' title='bbox 2051 2124 2178 2164; x_wconf 81' lang='lat' dir='ltr'>vero</span> <span class='ocrx_word' id='word_1_490' title='bbox 2219 2109 2434 2180; x_wconf 82' lang='lat' dir='ltr'>legatus</span> <span class='ocrx_word' id='word_1_491' title='bbox 2479 2108 2795 2164; x_wconf 90' lang='lat' dir='ltr'>Cluniacum</span> <span class='ocrx_word' id='word_1_492' title='bbox 2852 2108 3097 2175; x_wconf 86' lang='lat' dir='ltr'>veniens,</span> <span class='ocrx_word' id='word_1_493' title='bbox 3158 2109 3324 2165; x_wconf 88' lang='lat' dir='ltr'>certio</span> <span class='ocrx_word' id='word_1_494' title='bbox 3381 2109 3468 2164; x_wconf 91' lang='lat' dir='ltr'>die</span> <span class='ocrx_word' id='word_1_495' title='bbox 3509 2109 3654 2164; x_wconf 86' lang='lat' dir='ltr'>inter</span> 
     </span>
    </p>
   </div>
   <div class='ocr_carea' id='block_1_82' title="bbox 2050 2197 3660 2269">
    <p class='ocr_par' dir='ltr' id='par_1_82' title="bbox 2050 2197 3660 2269">
     <span class='ocr_line' id='line_1_82' title="bbox 2050 2197 3660 2269; baseline 0.001 -17"><span class='ocrx_word' id='word_1_496' title='bbox 2050 2199 2337 2268; x_wconf 83' lang='lat' dir='ltr'>praiatum</span> <span class='ocrx_word' id='word_1_497' title='bbox 2365 2200 2681 2268; x_wconf 86' lang='lat' dir='ltr'>episcopum</span> <span class='ocrx_word' id='word_1_498' title='bbox 2716 2197 3027 2269; x_wconf 85' lang='lat' dir='ltr'>fratresque</span> <span class='ocrx_word' id='word_1_499' title='bbox 3058 2197 3443 2253; x_wconf 86' lang='lat' dir='ltr'>Cluniacenses</span> <span class='ocrx_word' id='word_1_500' title='bbox 3481 2197 3660 2268; x_wconf 87' lang='lat' dir='ltr'>placi-</span> 
     </span>
    </p>
   </div>
   <div class='ocr_carea' id='block_1_83' title="bbox 2051 2286 3663 2358">
    <p class='ocr_par' dir='ltr' id='par_1_83' title="bbox 2051 2286 3663 2358">
     <span class='ocr_line' id='line_1_83' title="bbox 2051 2286 3663 2358; baseline -0.001 -16"><span class='ocrx_word' id='word_1_501' title='bbox 2051 2295 2163 2342; x_wconf 87' lang='lat' dir='ltr'>tum</span> <span class='ocrx_word' id='word_1_502' title='bbox 2196 2287 2612 2343; x_wconf 85' lang='lat' dir='ltr'>denominatum</span> <span class='ocrx_word' id='word_1_503' title='bbox 2643 2287 2847 2355; x_wconf 86' lang='lat' dir='ltr'>statuit,</span> <span class='ocrx_word' id='word_1_504' title='bbox 2880 2286 2934 2340; x_wconf 92' lang='lat' dir='ltr'>in</span> <span class='ocrx_word' id='word_1_505' title='bbox 2964 2302 3072 2357; x_wconf 93' lang='lat' dir='ltr'>quo</span> <span class='ocrx_word' id='word_1_506' title='bbox 3126 2288 3350 2356; x_wconf 90' lang='lat' dir='ltr'>placito,</span> <span class='ocrx_word' id='word_1_507' title='bbox 3393 2287 3663 2358; x_wconf 86' lang='lat' dir='ltr'>quidquid</span> 
     </span>
    </p>
   </div>
   <div class='ocr_carea' id='block_1_84' title="bbox 2053 2374 3655 2446">
    <p class='ocr_par' dir='ltr' id='par_1_84' title="bbox 2053 2374 3655 2446">
     <span class='ocr_line' id='line_1_84' title="bbox 2053 2374 3655 2446; baseline 0 -16"><span class='ocrx_word' id='word_1_508' title='bbox 2053 2376 2491 2445; x_wconf 89' lang='lat' dir='ltr'>supradictorum</span> <span class='ocrx_word' id='word_1_509' title='bbox 2530 2374 2824 2446; x_wconf 83' lang='lat' dir='ltr'>privilegia</span> <span class='ocrx_word' id='word_1_510' title='bbox 2870 2374 3254 2446; x_wconf 90' lang='lat' dir='ltr'>episcoporum</span> <span class='ocrx_word' id='word_1_511' title='bbox 3312 2375 3655 2431; x_wconf 86' lang='lat' dir='ltr'>contrarium</span> 
     </span>
    </p>
   </div>
   <div class='ocr_carea' id='block_1_85' title="bbox 2053 2463 3662 2536">
    <p class='ocr_par' dir='ltr' id='par_1_85' title="bbox 2053 2463 3662 2536">
     <span class='ocr_line' id='line_1_85' title="bbox 2053 2463 3662 2536; baseline -0.001 -17"><span class='ocrx_word' id='word_1_512' title='bbox 2053 2466 2352 2520; x_wconf 89' lang='lat' dir='ltr'>adversum</span> <span class='ocrx_word' id='word_1_513' title='bbox 2383 2464 2758 2521; x_wconf 87' lang='lat' dir='ltr'>Cluniacensis</span> <span class='ocrx_word' id='word_1_514' title='bbox 2791 2464 3049 2520; x_wconf 85' lang='lat' dir='ltr'>Ecclesiae</span> <span class='ocrx_word' id='word_1_515' title='bbox 3071 2463 3356 2536; x_wconf 82' lang='lat' dir='ltr'>privilegia</span> <span class='ocrx_word' id='word_1_516' title='bbox 3370 2463 3662 2535; x_wconf 85' lang='lat' dir='ltr'>sonabant,</span> 
     </span>
    </p>
   </div>
   <div class='ocr_carea' id='block_1_86' title="bbox 2050 2553 3660 2625">
    <p class='ocr_par' dir='ltr' id='par_1_86' title="bbox 2050 2553 3660 2625">
     <span class='ocr_line' id='line_1_86' title="bbox 2050 2553 3660 2625; baseline -0.001 -16"><span class='ocrx_word' id='word_1_517' title='bbox 2050 2561 2326 2625; x_wconf 86' lang='lat' dir='ltr'>pracepto</span> <span class='ocrx_word' id='word_1_518' title='bbox 2358 2554 2572 2609; x_wconf 89' lang='lat' dir='ltr'>Domini</span> <span class='ocrx_word' id='word_1_519' title='bbox 2604 2568 2763 2624; x_wconf 86' lang='lat' dir='ltr'>papa</span> <span class='ocrx_word' id='word_1_520' title='bbox 2819 2553 2873 2607; x_wconf 91' lang='lat' dir='ltr'>in</span> <span class='ocrx_word' id='word_1_521' title='bbox 2931 2553 3219 2624; x_wconf 82' lang='lat' dir='ltr'>prasentia</span> <span class='ocrx_word' id='word_1_522' title='bbox 3275 2553 3660 2625; x_wconf 89' lang='lat' dir='ltr'>episcoporum</span> 
     </span>
    </p>
   </div>
   <div class='ocr_carea' id='block_1_87' title="bbox 2054 2642 3664 2714">
    <p class='ocr_par' dir='ltr' id='par_1_87' title="bbox 2054 2642 3664 2714">
     <span class='ocr_line' id='line_1_87' title="bbox 2054 2642 3664 2714; baseline -0.001 -17"><span class='ocrx_word' id='word_1_523' title='bbox 2054 2659 2190 2714; x_wconf 91' lang='lat' dir='ltr'>quos</span> <span class='ocrx_word' id='word_1_524' title='bbox 2244 2642 2764 2709; x_wconf 87' lang='lat' dir='ltr'>subintitulabimus,</span> <span class='ocrx_word' id='word_1_525' title='bbox 2825 2649 2878 2697; x_wconf 89' lang='lat' dir='ltr'>et</span> <span class='ocrx_word' id='word_1_526' title='bbox 2934 2650 3250 2698; x_wconf 89' lang='lat' dir='ltr'>cunctorum</span> <span class='ocrx_word' id='word_1_527' title='bbox 3309 2642 3399 2713; x_wconf 90' lang='lat' dir='ltr'>qui</span> <span class='ocrx_word' id='word_1_528' title='bbox 3434 2642 3664 2699; x_wconf 82' lang='lat' dir='ltr'>aderant</span> 
     </span>
    </p>
   </div>
   <div class='ocr_carea' id='block_1_88' title="bbox 2053 2730 3663 2802">
    <p class='ocr_par' dir='ltr' id='par_1_88' title="bbox 2053 2730 3663 2802">
     <span class='ocr_line' id='line_1_88' title="bbox 2053 2730 3663 2802; baseline -0.002 -14"><span class='ocrx_word' id='word_1_529' title='bbox 2053 2732 2291 2788; x_wconf 84' lang='lat' dir='ltr'>exclusit</span> <span class='ocrx_word' id='word_1_530' title='bbox 2319 2747 2384 2786; x_wconf 91' lang='lat' dir='ltr'>ac</span> <span class='ocrx_word' id='word_1_531' title='bbox 2410 2731 2710 2799; x_wconf 87' lang='lat' dir='ltr'>damnavit,</span> <span class='ocrx_word' id='word_1_532' title='bbox 2744 2730 3096 2802; x_wconf 83' lang='lat' dir='ltr'>ecclesiaque</span> <span class='ocrx_word' id='word_1_533' title='bbox 3120 2730 3492 2786; x_wconf 89' lang='lat' dir='ltr'>Cluniacensis</span> <span class='ocrx_word' id='word_1_534' title='bbox 3536 2730 3663 2801; x_wconf 87' lang='lat' dir='ltr'>pri-</span> 
     </span>
    </p>
   </div>
   <div class='ocr_carea' id='block_1_89' title="bbox 2054 2819 3667 2893">
    <p class='ocr_par' dir='ltr' id='par_1_89' title="bbox 2054 2819 3667 2893">
     <span class='ocr_line' id='line_1_89' title="bbox 2054 2819 3667 2893; baseline -0.002 -16"><span class='ocrx_word' id='word_1_535' title='bbox 2054 2821 2259 2893; x_wconf 83' lang='lat' dir='ltr'>vilegia</span> <span class='ocrx_word' id='word_1_536' title='bbox 2296 2819 2530 2876; x_wconf 84' lang='lat' dir='ltr'>firmavit</span> <span class='ocrx_word' id='word_1_537' title='bbox 2559 2829 2611 2876; x_wconf 91' lang='lat' dir='ltr'>et</span> <span class='ocrx_word' id='word_1_538' title='bbox 2638 2821 3036 2877; x_wconf 88' lang='lat' dir='ltr'>corroboravit.</span> <span class='ocrx_word' id='word_1_539' title='bbox 3068 2821 3129 2874; x_wconf 90' lang='lat' dir='ltr'><strong>In</strong></span> <span class='ocrx_word' id='word_1_540' title='bbox 3142 2820 3247 2876; x_wconf 91' lang='lat' dir='ltr'>hoc</span> <span class='ocrx_word' id='word_1_541' title='bbox 3276 2835 3491 2892; x_wconf 91' lang='lat' dir='ltr'>quoque</span> <span class='ocrx_word' id='word_1_542' title='bbox 3535 2819 3667 2891; x_wconf 75' lang='lat' dir='ltr'>pla-</span> 
     </span>
    </p>
   </div>
   <div class='ocr_carea' id='block_1_90' title="bbox 2054 2908 3664 2980">
    <p class='ocr_par' dir='ltr' id='par_1_90' title="bbox 2054 2908 3664 2980">
     <span class='ocr_line' id='line_1_90' title="bbox 2054 2908 3664 2980; baseline -0.001 -14"><span class='ocrx_word' id='word_1_543' title='bbox 2054 2911 2160 2967; x_wconf 93' lang='lat' dir='ltr'>cito</span> <span class='ocrx_word' id='word_1_544' title='bbox 2192 2909 2965 2980; x_wconf 64' lang='lat' dir='ltr'>pramemoratusIEduensis</span> <span class='ocrx_word' id='word_1_545' title='bbox 3014 2909 3304 2979; x_wconf 90' lang='lat' dir='ltr'>episcopus</span> <span class='ocrx_word' id='word_1_546' title='bbox 3342 2909 3412 2962; x_wconf 91' lang='lat' dir='ltr'>N.</span> <span class='ocrx_word' id='word_1_547' title='bbox 3444 2908 3664 2965; x_wconf 89' lang='lat' dir='ltr'>decreto</span> 
     </span>
    </p>
   </div>
   <div class='ocr_carea' id='block_1_91' title="bbox 2053 2996 3664 3068">
    <p class='ocr_par' dir='ltr' id='par_1_91' title="bbox 2053 2996 3664 3068">
     <span class='ocr_line' id='line_1_91' title="bbox 2053 2996 3664 3068; baseline -0.003 -13"><span class='ocrx_word' id='word_1_548' title='bbox 2053 3007 2107 3055; x_wconf 90' lang='lat' dir='ltr'>et</span> <span class='ocrx_word' id='word_1_549' title='bbox 2135 3000 2328 3055; x_wconf 86' lang='lat' dir='ltr'>litteris</span> <span class='ocrx_word' id='word_1_550' title='bbox 2364 2998 2573 3054; x_wconf 91' lang='lat' dir='ltr'>domini</span> <span class='ocrx_word' id='word_1_551' title='bbox 2626 3013 2785 3068; x_wconf 88' lang='lat' dir='ltr'>papa</span> <span class='ocrx_word' id='word_1_552' title='bbox 2843 2997 3121 3053; x_wconf 86' lang='lat' dir='ltr'>Paschalis</span> <span class='ocrx_word' id='word_1_553' title='bbox 3176 2999 3222 3050; x_wconf 88' lang='lat' dir='ltr'>ll</span> <span class='ocrx_word' id='word_1_554' title='bbox 3280 2996 3664 3064; x_wconf 85' lang='lat' dir='ltr'>commonitus,</span> 
     </span>
    </p>
   </div>
   <div class='ocr_carea' id='block_1_92' title="bbox 2052 3084 3665 3158">
    <p class='ocr_par' dir='ltr' id='par_1_92' title="bbox 2052 3084 3665 3158">
     <span class='ocr_line' id='line_1_92' title="bbox 2052 3084 3665 3158; baseline -0.002 -15"><span class='ocrx_word' id='word_1_555' title='bbox 2052 3088 2369 3158; x_wconf 88' lang='lat' dir='ltr'>justitiaque</span> <span class='ocrx_word' id='word_1_556' title='bbox 2399 3103 2560 3157; x_wconf 90' lang='lat' dir='ltr'>quam</span> <span class='ocrx_word' id='word_1_557' title='bbox 2581 3087 2638 3139; x_wconf 92' lang='lat' dir='ltr'>in</span> <span class='ocrx_word' id='word_1_558' title='bbox 2692 3085 2958 3141; x_wconf 88' lang='lat' dir='ltr'>ecclesiiis</span> <span class='ocrx_word' id='word_1_559' title='bbox 3013 3084 3410 3141; x_wconf 90' lang='lat' dir='ltr'>subnominatis</span> <span class='ocrx_word' id='word_1_560' title='bbox 3466 3084 3665 3139; x_wconf 81' lang='lat' dir='ltr'>fratres</span> 
     </span>
    </p>
   </div>
   <div class='ocr_carea' id='block_1_93' title="bbox 2057 3171 3670 3245">
    <p class='ocr_par' dir='ltr' id='par_1_93' title="bbox 2057 3171 3670 3245">
     <span class='ocr_line' id='line_1_93' title="bbox 2057 3171 3670 3245; baseline -0.004 -14"><span class='ocrx_word' id='word_1_561' title='bbox 2057 3177 2446 3231; x_wconf 87' lang='lat' dir='ltr'>Cluniacenses</span> <span class='ocrx_word' id='word_1_562' title='bbox 2470 3174 2743 3230; x_wconf 88' lang='lat' dir='ltr'>habebant</span> <span class='ocrx_word' id='word_1_563' title='bbox 2774 3173 3049 3245; x_wconf 84' lang='lat' dir='ltr'>exigente,</span> <span class='ocrx_word' id='word_1_564' title='bbox 3099 3174 3302 3228; x_wconf 89' lang='lat' dir='ltr'>domno</span> <span class='ocrx_word' id='word_1_565' title='bbox 3360 3171 3503 3227; x_wconf 89' lang='lat' dir='ltr'>Patri</span> <span class='ocrx_word' id='word_1_566' title='bbox 3559 3172 3670 3226; x_wconf 83' lang='lat' dir='ltr'>Hu-</span> 
     </span>
    </p>
   </div>
   <div class='ocr_carea' id='block_1_94' title="bbox 2054 3259 3672 3336">
    <p class='ocr_par' dir='ltr' id='par_1_94' title="bbox 2054 3259 3672 3336">
     <span class='ocr_line' id='line_1_94' title="bbox 2054 3259 3672 3336; baseline -0.002 -17"><span class='ocrx_word' id='word_1_567' title='bbox 2054 3265 2185 3336; x_wconf 85' lang='lat' dir='ltr'>goni</span> <span class='ocrx_word' id='word_1_568' title='bbox 2218 3263 2585 3333; x_wconf 84' lang='lat' dir='ltr'>fratribusque</span> <span class='ocrx_word' id='word_1_569' title='bbox 2615 3261 3064 3316; x_wconf 90' lang='lat' dir='ltr'>Cluniacensibus</span> <span class='ocrx_word' id='word_1_570' title='bbox 3108 3261 3354 3325; x_wconf 89' lang='lat' dir='ltr'>donavit,</span> <span class='ocrx_word' id='word_1_571' title='bbox 3402 3259 3672 3316; x_wconf 88' lang='lat' dir='ltr'>concessit</span> 
     </span>
    </p>
   </div>
   <div class='ocr_carea' id='block_1_95' title="bbox 2055 3348 3668 3417">
    <p class='ocr_par' dir='ltr' id='par_1_95' title="bbox 2055 3348 3668 3417">
     <span class='ocr_line' id='line_1_95' title="bbox 2055 3348 3668 3417; baseline -0.002 -10"><span class='ocrx_word' id='word_1_572' title='bbox 2055 3368 2119 3408; x_wconf 92' lang='lat' dir='ltr'>ac</span> <span class='ocrx_word' id='word_1_573' title='bbox 2148 3352 2394 3407; x_wconf 88' lang='lat' dir='ltr'>laudavit</span> <span class='ocrx_word' id='word_1_574' title='bbox 2423 3350 2710 3406; x_wconf 86' lang='lat' dir='ltr'>ecclesiam</span> <span class='ocrx_word' id='word_1_575' title='bbox 2740 3349 2806 3404; x_wconf 92' lang='lat' dir='ltr'>de</span> <span class='ocrx_word' id='word_1_576' title='bbox 2839 3349 3109 3417; x_wconf 89' lang='lat' dir='ltr'>Carrellis,</span> <span class='ocrx_word' id='word_1_577' title='bbox 3158 3357 3212 3404; x_wconf 90' lang='lat' dir='ltr'>et</span> <span class='ocrx_word' id='word_1_578' title='bbox 3258 3348 3539 3405; x_wconf 83' lang='lat' dir='ltr'>Ecclesias</span> <span class='ocrx_word' id='word_1_579' title='bbox 3596 3350 3668 3404; x_wconf 91' lang='lat' dir='ltr'>de</span> 
     </span>
    </p>
   </div>
   <div class='ocr_carea' id='block_1_96' title="bbox 2054 3436 3666 3507">
    <p class='ocr_par' dir='ltr' id='par_1_96' title="bbox 2054 3436 3666 3507">
     <span class='ocr_line' id='line_1_96' title="bbox 2054 3436 3666 3507; baseline -0.002 -10"><span class='ocrx_word' id='word_1_580' title='bbox 2054 3449 2231 3497; x_wconf 88' lang='lat' dir='ltr'>castro</span> <span class='ocrx_word' id='word_1_581' title='bbox 2262 3440 2329 3495; x_wconf 92' lang='lat' dir='ltr'>de</span> <span class='ocrx_word' id='word_1_582' title='bbox 2356 3441 2573 3507; x_wconf 88' lang='lat' dir='ltr'>Lorma,</span> <span class='ocrx_word' id='word_1_583' title='bbox 2624 3437 2832 3494; x_wconf 90' lang='lat' dir='ltr'>scilicet</span> <span class='ocrx_word' id='word_1_584' title='bbox 2882 3436 3176 3493; x_wconf 90' lang='lat' dir='ltr'>ecclesiam</span> <span class='ocrx_word' id='word_1_585' title='bbox 3229 3437 3287 3492; x_wconf 91' lang='lat' dir='ltr'>S.</span> <span class='ocrx_word' id='word_1_586' title='bbox 3336 3436 3555 3505; x_wconf 81' lang='lat' dir='ltr'>Albani,</span> <span class='ocrx_word' id='word_1_587' title='bbox 3611 3444 3666 3493; x_wconf 89' lang='lat' dir='ltr'>et</span> 
     </span>
    </p>
   </div>
   <div class='ocr_carea' id='block_1_97' title="bbox 2053 3525 3666 3600">
    <p class='ocr_par' dir='ltr' id='par_1_97' title="bbox 2053 3525 3666 3600">
     <span class='ocr_line' id='line_1_97' title="bbox 2053 3525 3666 3600; baseline -0.003 -15"><span class='ocrx_word' id='word_1_588' title='bbox 2053 3529 2321 3600; x_wconf 88' lang='lat' dir='ltr'>capellam</span> <span class='ocrx_word' id='word_1_589' title='bbox 2353 3529 2598 3599; x_wconf 88' lang='lat' dir='ltr'>ejusdem</span> <span class='ocrx_word' id='word_1_590' title='bbox 2632 3526 2814 3595; x_wconf 89' lang='lat' dir='ltr'>castri,</span> <span class='ocrx_word' id='word_1_591' title='bbox 2858 3525 3261 3596; x_wconf 88' lang='lat' dir='ltr'>ecclesiamque</span> <span class='ocrx_word' id='word_1_592' title='bbox 3302 3527 3370 3582; x_wconf 92' lang='lat' dir='ltr'>de</span> <span class='ocrx_word' id='word_1_593' title='bbox 3425 3526 3666 3594; x_wconf 82' lang='lat' dir='ltr'>Molinis,</span> 
     </span>
    </p>
   </div>
   <div class='ocr_carea' id='block_1_98' title="bbox 2048 3613 3666 3675">
    <p class='ocr_par' dir='ltr' id='par_1_98' title="bbox 2048 3613 3666 3675">
     <span class='ocr_line' id='line_1_98' title="bbox 2048 3613 3666 3675; baseline -0.004 0"><span class='ocrx_word' id='word_1_594' title='bbox 2048 3628 2102 3675; x_wconf 92' lang='lat' dir='ltr'>et</span> <span class='ocrx_word' id='word_1_595' title='bbox 2125 3618 2412 3674; x_wconf 89' lang='lat' dir='ltr'>ecclesiam</span> <span class='ocrx_word' id='word_1_596' title='bbox 2443 3618 2512 3673; x_wconf 91' lang='lat' dir='ltr'>de</span> <span class='ocrx_word' id='word_1_597' title='bbox 2543 3614 2817 3673; x_wconf 89' lang='lat' dir='ltr'>Trevello.</span> <span class='ocrx_word' id='word_1_598' title='bbox 2852 3614 3171 3672; x_wconf 89' lang='lat' dir='ltr'>Ecclesiam</span> <span class='ocrx_word' id='word_1_599' title='bbox 3204 3616 3385 3670; x_wconf 85' lang='lat' dir='ltr'>autem</span> <span class='ocrx_word' id='word_1_600' title='bbox 3416 3613 3484 3671; x_wconf 90' lang='lat' dir='ltr'>de</span> <span class='ocrx_word' id='word_1_601' title='bbox 3500 3615 3666 3671; x_wconf 84' lang='lat' dir='ltr'>Mon-</span> 
     </span>
    </p>
   </div>
   <div class='ocr_carea' id='block_1_99' title="bbox 2051 3703 3666 3771">
    <p class='ocr_par' dir='ltr' id='par_1_99' title="bbox 2051 3703 3666 3771">
     <span class='ocr_line' id='line_1_99' title="bbox 2051 3703 3666 3771; baseline -0.003 -7"><span class='ocrx_word' id='word_1_602' title='bbox 2051 3707 2205 3764; x_wconf 91' lang='lat' dir='ltr'>cellis</span> <span class='ocrx_word' id='word_1_603' title='bbox 2232 3706 2395 3761; x_wconf 88' lang='lat' dir='ltr'>simili</span> <span class='ocrx_word' id='word_1_604' title='bbox 2456 3705 2622 3761; x_wconf 92' lang='lat' dir='ltr'>modo</span> <span class='ocrx_word' id='word_1_605' title='bbox 2679 3704 2927 3771; x_wconf 89' lang='lat' dir='ltr'>donavit,</span> <span class='ocrx_word' id='word_1_606' title='bbox 2985 3704 3242 3760; x_wconf 88' lang='lat' dir='ltr'>similiter</span> <span class='ocrx_word' id='word_1_607' title='bbox 3297 3703 3553 3761; x_wconf 87' lang='lat' dir='ltr'>concedit</span> <span class='ocrx_word' id='word_1_608' title='bbox 3590 3710 3666 3760; x_wconf 85' lang='lat' dir='ltr'>et</span> 
     </span>
    </p>
   </div>
   <div class='ocr_carea' id='block_1_100' title="bbox 2049 3794 3665 3866">
    <p class='ocr_par' dir='ltr' id='par_1_100' title="bbox 2049 3794 3665 3866">
     <span class='ocr_line' id='line_1_100' title="bbox 2049 3794 3665 3866; baseline 0 -15"><span class='ocrx_word' id='word_1_609' title='bbox 2049 3795 2310 3852; x_wconf 88' lang='lat' dir='ltr'>laudavit.</span> <span class='ocrx_word' id='word_1_610' title='bbox 2353 3796 2622 3850; x_wconf 89' lang='lat' dir='ltr'>Statutum</span> <span class='ocrx_word' id='word_1_611' title='bbox 2644 3801 2725 3850; x_wconf 88' lang='lat' dir='ltr'>est</span> <span class='ocrx_word' id='word_1_612' title='bbox 2747 3802 2926 3850; x_wconf 86' lang='lat' dir='ltr'>tamen</span> <span class='ocrx_word' id='word_1_613' title='bbox 2954 3801 3011 3849; x_wconf 91' lang='lat' dir='ltr'>ut</span> <span class='ocrx_word' id='word_1_614' title='bbox 3030 3811 3134 3866; x_wconf 87' lang='lat' dir='ltr'>pro</span> <span class='ocrx_word' id='word_1_615' title='bbox 3162 3796 3265 3851; x_wconf 90' lang='lat' dir='ltr'>hac</span> <span class='ocrx_word' id='word_1_616' title='bbox 3310 3794 3432 3866; x_wconf 88' lang='lat' dir='ltr'>ipsa</span> <span class='ocrx_word' id='word_1_617' title='bbox 3481 3794 3665 3851; x_wconf 85' lang='lat' dir='ltr'>eccle-</span> 
     </span>
    </p>
   </div>
   <div class='ocr_carea' id='block_1_101' title="bbox 2049 3884 3658 3940">
    <p class='ocr_par' dir='ltr' id='par_1_101' title="bbox 2049 3884 3658 3940">
     <span class='ocr_line' id='line_1_101' title="bbox 2049 3884 3658 3940; baseline -0.001 -1"><span class='ocrx_word' id='word_1_618' title='bbox 2049 3886 2132 3939; x_wconf 89' lang='lat' dir='ltr'>sia</span> <span class='ocrx_word' id='word_1_619' title='bbox 2169 3884 2397 3940; x_wconf 88' lang='lat' dir='ltr'>duorum</span> <span class='ocrx_word' id='word_1_620' title='bbox 2446 3884 2744 3939; x_wconf 88' lang='lat' dir='ltr'>solidorum</span> <span class='ocrx_word' id='word_1_621' title='bbox 2799 3899 2993 3939; x_wconf 90' lang='lat' dir='ltr'>census</span> <span class='ocrx_word' id='word_1_622' title='bbox 3043 3884 3323 3939; x_wconf 87' lang='lat' dir='ltr'>annuatim</span> <span class='ocrx_word' id='word_1_623' title='bbox 3378 3884 3658 3940; x_wconf 88' lang='lat' dir='ltr'>reddatur.</span> 
     </span>
    </p>
   </div>
   <div class='ocr_carea' id='block_1_102' title="bbox 2051 3971 3663 4029">
    <p class='ocr_par' dir='ltr' id='par_1_102' title="bbox 2051 3971 3663 4029">
     <span class='ocr_line' id='line_1_102' title="bbox 2051 3971 3663 4029; baseline -0.002 0"><span class='ocrx_word' id='word_1_624' title='bbox 2051 3976 2130 4029; x_wconf 93' lang='lat' dir='ltr'>De</span> <span class='ocrx_word' id='word_1_625' title='bbox 2159 3976 2262 4029; x_wconf 90' lang='lat' dir='ltr'>hac</span> <span class='ocrx_word' id='word_1_626' title='bbox 2284 3974 2474 4027; x_wconf 90' lang='lat' dir='ltr'>iterum</span> <span class='ocrx_word' id='word_1_627' title='bbox 2497 3972 2684 4028; x_wconf 90' lang='lat' dir='ltr'>eadem</span> <span class='ocrx_word' id='word_1_628' title='bbox 2711 3971 2939 4027; x_wconf 87' lang='lat' dir='ltr'>ecclesia</span> <span class='ocrx_word' id='word_1_629' title='bbox 2970 3972 3089 4028; x_wconf 83' lang='lat' dir='ltr'>hac</span> <span class='ocrx_word' id='word_1_630' title='bbox 3118 3971 3498 4028; x_wconf 85' lang='lat' dir='ltr'>convenientia</span> <span class='ocrx_word' id='word_1_631' title='bbox 3554 3972 3663 4026; x_wconf 89' lang='lat' dir='ltr'>ha-</span> 
     </span>
    </p>
   </div>
   <div class='ocr_carea' id='block_1_103' title="bbox 2053 4058 3661 4125">
    <p class='ocr_par' dir='ltr' id='par_1_103' title="bbox 2053 4058 3661 4125">
     <span class='ocr_line' id='line_1_103' title="bbox 2053 4058 3661 4125; baseline -0.001 -9"><span class='ocrx_word' id='word_1_632' title='bbox 2053 4064 2226 4125; x_wconf 85' lang='lat' dir='ltr'>betur,</span> <span class='ocrx_word' id='word_1_633' title='bbox 2269 4069 2328 4115; x_wconf 93' lang='lat' dir='ltr'>ut</span> <span class='ocrx_word' id='word_1_634' title='bbox 2375 4061 2420 4114; x_wconf 93' lang='lat' dir='ltr'>si</span> <span class='ocrx_word' id='word_1_635' title='bbox 2471 4077 2501 4115; x_wconf 93' lang='lat' dir='ltr'>a</span> <span class='ocrx_word' id='word_1_636' title='bbox 2542 4059 3060 4114; x_wconf 87' lang='lat' dir='ltr'>Corbiniacensibus</span> <span class='ocrx_word' id='word_1_637' title='bbox 3117 4059 3404 4115; x_wconf 84' lang='lat' dir='ltr'>monachis</span> <span class='ocrx_word' id='word_1_638' title='bbox 3461 4058 3661 4115; x_wconf 85' lang='lat' dir='ltr'>fratres</span> 
     </span>
    </p>
   </div>
   <div class='ocr_carea' id='block_1_104' title="bbox 2052 4144 3661 4218">
    <p class='ocr_par' dir='ltr' id='par_1_104' title="bbox 2052 4144 3661 4218">
     <span class='ocr_line' id='line_1_104' title="bbox 2052 4144 3661 4218; baseline -0.003 -13"><span class='ocrx_word' id='word_1_639' title='bbox 2052 4150 2437 4205; x_wconf 85' lang='lat' dir='ltr'>Cluniacenses</span> <span class='ocrx_word' id='word_1_640' title='bbox 2463 4147 2788 4218; x_wconf 90' lang='lat' dir='ltr'>interpellati</span> <span class='ocrx_word' id='word_1_641' title='bbox 2819 4148 2888 4202; x_wconf 91' lang='lat' dir='ltr'>de</span> <span class='ocrx_word' id='word_1_642' title='bbox 2917 4147 3238 4202; x_wconf 72' lang='lat' dir='ltr'>rectitudine</span> <span class='ocrx_word' id='word_1_643' title='bbox 3284 4147 3506 4215; x_wconf 90' lang='lat' dir='ltr'>fuerint,</span> <span class='ocrx_word' id='word_1_644' title='bbox 3566 4144 3661 4201; x_wconf 90' lang='lat' dir='ltr'>ubi</span> 
     </span>
    </p>
   </div>
   <div class='ocr_carea' id='block_1_105' title="bbox 2056 4235 3660 4306">
    <p class='ocr_par' dir='ltr' id='par_1_105' title="bbox 2056 4235 3660 4306">
     <span class='ocr_line' id='line_1_105' title="bbox 2056 4235 3660 4306; baseline -0.002 -11"><span class='ocrx_word' id='word_1_645' title='bbox 2056 4239 2436 4295; x_wconf 87' lang='lat' dir='ltr'>Cluniacenses</span> <span class='ocrx_word' id='word_1_646' title='bbox 2520 4236 2922 4292; x_wconf 85' lang='lat' dir='ltr'>testiﬁcatorem</span> <span class='ocrx_word' id='word_1_647' title='bbox 3006 4251 3161 4292; x_wconf 90' lang='lat' dir='ltr'>suum</span> <span class='ocrx_word' id='word_1_648' title='bbox 3241 4235 3477 4306; x_wconf 88' lang='lat' dir='ltr'>poterint</span> <span class='ocrx_word' id='word_1_649' title='bbox 3554 4236 3660 4292; x_wconf 79' lang='lat' dir='ltr'>ha—</span> 
     </span>
    </p>
   </div>
   <div class='ocr_carea' id='block_1_106' title="bbox 2050 4323 3660 4396">
    <p class='ocr_par' dir='ltr' id='par_1_106' title="bbox 2050 4323 3660 4396">
     <span class='ocr_line' id='line_1_106' title="bbox 2050 4323 3660 4396; baseline -0.002 -14"><span class='ocrx_word' id='word_1_650' title='bbox 2050 4328 2204 4396; x_wconf 89' lang='lat' dir='ltr'>bere,</span> <span class='ocrx_word' id='word_1_651' title='bbox 2253 4343 2363 4382; x_wconf 90' lang='lat' dir='ltr'>non</span> <span class='ocrx_word' id='word_1_652' title='bbox 2408 4324 2660 4380; x_wconf 74' lang='lat' dir='ltr'>differant</span> <span class='ocrx_word' id='word_1_653' title='bbox 2701 4325 2757 4379; x_wconf 93' lang='lat' dir='ltr'>in</span> <span class='ocrx_word' id='word_1_654' title='bbox 2822 4324 2972 4380; x_wconf 85' lang='lat' dir='ltr'>curia</span> <span class='ocrx_word' id='word_1_655' title='bbox 3046 4323 3332 4381; x_wconf 89' lang='lat' dir='ltr'>memorati</span> <span class='ocrx_word' id='word_1_656' title='bbox 3410 4324 3660 4396; x_wconf 88' lang='lat' dir='ltr'>episcopi</span> 
     </span>
    </p>
   </div>
   <div class='ocr_carea' id='block_1_107' title="bbox 2050 4411 3662 4483">
    <p class='ocr_par' dir='ltr' id='par_1_107' title="bbox 2050 4411 3662 4483">
     <span class='ocr_line' id='line_1_107' title="bbox 2050 4411 3662 4483; baseline -0.002 -11"><span class='ocrx_word' id='word_1_657' title='bbox 2050 4414 2336 4472; x_wconf 71' lang='lat' dir='ltr'>Eduensis</span> <span class='ocrx_word' id='word_1_658' title='bbox 2359 4416 2428 4469; x_wconf 85' lang='lat' dir='ltr'>N.</span> <span class='ocrx_word' id='word_1_659' title='bbox 2460 4414 2735 4469; x_wconf 84' lang='lat' dir='ltr'>Justitiam</span> <span class='ocrx_word' id='word_1_660' title='bbox 2774 4412 2999 4483; x_wconf 88' lang='lat' dir='ltr'>exsequi</span> <span class='ocrx_word' id='word_1_661' title='bbox 3058 4412 3390 4468; x_wconf 90' lang='lat' dir='ltr'>retitudinis.</span> <span class='ocrx_word' id='word_1_662' title='bbox 3453 4411 3662 4469; x_wconf 90' lang='lat' dir='ltr'>Omnes</span> 
     </span>
    </p>
   </div>
   <div class='ocr_carea' id='block_1_108' title="bbox 2056 4500 3659 4573">
    <p class='ocr_par' dir='ltr' id='par_1_108' title="bbox 2056 4500 3659 4573">
     <span class='ocr_line' id='line_1_108' title="bbox 2056 4500 3659 4573; baseline -0.003 -12"><span class='ocrx_word' id='word_1_663' title='bbox 2056 4506 2218 4561; x_wconf 88' lang='lat' dir='ltr'>etiam</span> <span class='ocrx_word' id='word_1_664' title='bbox 2248 4504 2512 4561; x_wconf 88' lang='lat' dir='ltr'>ecclesias</span> <span class='ocrx_word' id='word_1_665' title='bbox 2552 4517 2686 4573; x_wconf 89' lang='lat' dir='ltr'>quas</span> <span class='ocrx_word' id='word_1_666' title='bbox 2741 4504 2828 4559; x_wconf 89' lang='lat' dir='ltr'>vel</span> <span class='ocrx_word' id='word_1_667' title='bbox 2864 4502 3287 4573; x_wconf 83' lang='lat' dir='ltr'>pradecessoris</span> <span class='ocrx_word' id='word_1_668' title='bbox 3320 4501 3406 4556; x_wconf 91' lang='lat' dir='ltr'>sui</span> <span class='ocrx_word' id='word_1_669' title='bbox 3464 4500 3659 4556; x_wconf 89' lang='lat' dir='ltr'>domni</span> 
     </span>
    </p>
   </div>
   <div class='ocr_carea' id='block_1_109' title="bbox 2058 4589 3654 4666">
    <p class='ocr_par' dir='ltr' id='par_1_109' title="bbox 2058 4589 3654 4666">
     <span class='ocr_line' id='line_1_109' title="bbox 2058 4589 3654 4666; baseline -0.003 -16"><span class='ocrx_word' id='word_1_670' title='bbox 2058 4594 2338 4666; x_wconf 80' lang='lat' dir='ltr'>Aganonis</span> <span class='ocrx_word' id='word_1_671' title='bbox 2365 4602 2612 4663; x_wconf 88' lang='lat' dir='ltr'>tempore</span> <span class='ocrx_word' id='word_1_672' title='bbox 2641 4599 2946 4659; x_wconf 88' lang='lat' dir='ltr'>tenuerant,</span> <span class='ocrx_word' id='word_1_673' title='bbox 2978 4590 3066 4648; x_wconf 89' lang='lat' dir='ltr'>vel</span> <span class='ocrx_word' id='word_1_674' title='bbox 3093 4591 3161 4646; x_wconf 92' lang='lat' dir='ltr'>de</span> <span class='ocrx_word' id='word_1_675' title='bbox 3205 4589 3403 4661; x_wconf 90' lang='lat' dir='ltr'>quibus</span> <span class='ocrx_word' id='word_1_676' title='bbox 3445 4589 3654 4646; x_wconf 86' lang='lat' dir='ltr'>donum</span> 
     </span>
    </p>
   </div>
   <div class='ocr_carea' id='block_1_110' title="bbox 2058 4674 3653 4747">
    <p class='ocr_par' dir='ltr' id='par_1_110' title="bbox 2058 4674 3653 4747">
     <span class='ocr_line' id='line_1_110' title="bbox 2058 4674 3653 4747; baseline -0.003 -11"><span class='ocrx_word' id='word_1_677' title='bbox 2058 4680 2147 4738; x_wconf 84' lang='lat' dir='ltr'>vel</span> <span class='ocrx_word' id='word_1_678' title='bbox 2176 4680 2569 4747; x_wconf 86' lang='lat' dir='ltr'>investituram,</span> <span class='ocrx_word' id='word_1_679' title='bbox 2601 4686 2697 4733; x_wconf 86' lang='lat' dir='ltr'>aut</span> <span class='ocrx_word' id='word_1_680' title='bbox 2726 4692 3009 4733; x_wconf 89' lang='lat' dir='ltr'>assensum</span> <span class='ocrx_word' id='word_1_681' title='bbox 3043 4678 3343 4732; x_wconf 86' lang='lat' dir='ltr'>habuerant</span> <span class='ocrx_word' id='word_1_682' title='bbox 3387 4674 3653 4733; x_wconf 85' lang='lat' dir='ltr'>laudavit.</span> 
     </span>
    </p>
   </div>
   <div class='ocr_carea' id='block_1_111' title="bbox 2061 4764 3663 4840">
    <p class='ocr_par' dir='ltr' id='par_1_111' title="bbox 2061 4764 3663 4840">
     <span class='ocr_line' id='line_1_111' title="bbox 2061 4764 3663 4840; baseline -0.001 -17"><span class='ocrx_word' id='word_1_683' title='bbox 2061 4768 2395 4839; x_wconf 89' lang='lat' dir='ltr'>Praceptum</span> <span class='ocrx_word' id='word_1_684' title='bbox 2424 4775 2507 4823; x_wconf 91' lang='lat' dir='ltr'>est</span> <span class='ocrx_word' id='word_1_685' title='bbox 2543 4783 2759 4840; x_wconf 90' lang='lat' dir='ltr'>quoque</span> <span class='ocrx_word' id='word_1_686' title='bbox 2787 4766 2994 4822; x_wconf 90' lang='lat' dir='ltr'>domini</span> <span class='ocrx_word' id='word_1_687' title='bbox 3023 4782 3184 4838; x_wconf 84' lang='lat' dir='ltr'>papa</span> <span class='ocrx_word' id='word_1_688' title='bbox 3209 4764 3492 4822; x_wconf 85' lang='lat' dir='ltr'>Paschalis</span> <span class='ocrx_word' id='word_1_689' title='bbox 3508 4781 3663 4839; x_wconf 85' lang='lat' dir='ltr'>pra-</span> 
     </span>
    </p>
   </div>
   <div class='ocr_carea' id='block_1_112' title="bbox 2060 4854 3668 4927">
    <p class='ocr_par' dir='ltr' id='par_1_112' title="bbox 2060 4854 3668 4927">
     <span class='ocr_line' id='line_1_112' title="bbox 2060 4854 3668 4927; baseline -0.002 -15"><span class='ocrx_word' id='word_1_690' title='bbox 2060 4864 2216 4927; x_wconf 89' lang='lat' dir='ltr'>cepto</span> <span class='ocrx_word' id='word_1_691' title='bbox 2239 4861 2297 4913; x_wconf 82' lang='lat' dir='ltr'>et</span> <span class='ocrx_word' id='word_1_692' title='bbox 2323 4855 2619 4927; x_wconf 73' lang='lat' dir='ltr'>praefixum</span> <span class='ocrx_word' id='word_1_693' title='bbox 2648 4871 2714 4912; x_wconf 89' lang='lat' dir='ltr'>ac</span> <span class='ocrx_word' id='word_1_694' title='bbox 2746 4871 2840 4927; x_wconf 89' lang='lat' dir='ltr'>per</span> <span class='ocrx_word' id='word_1_695' title='bbox 2872 4854 3160 4925; x_wconf 77' lang='lat' dir='ltr'>praefatum</span> <span class='ocrx_word' id='word_1_696' title='bbox 3204 4860 3463 4911; x_wconf 85' lang='lat' dir='ltr'>Romana</span> <span class='ocrx_word' id='word_1_697' title='bbox 3518 4854 3668 4911; x_wconf 90' lang='lat' dir='ltr'>sedis</span> 
     </span>
    </p>
   </div>
   <div class='ocr_carea' id='block_1_113' title="bbox 2062 4943 3660 5017">
    <p class='ocr_par' dir='ltr' id='par_1_113' title="bbox 2062 4943 3660 5017">
     <span class='ocr_line' id='line_1_113' title="bbox 2062 4943 3660 5017; baseline -0.001 -17"><span class='ocrx_word' id='word_1_698' title='bbox 2062 4946 2300 5017; x_wconf 80' lang='lat' dir='ltr'>legatum</span> <span class='ocrx_word' id='word_1_699' title='bbox 2350 4944 2699 5000; x_wconf 78' lang='lat' dir='ltr'>Praenestina</span> <span class='ocrx_word' id='word_1_700' title='bbox 2743 4943 3059 5015; x_wconf 88' lang='lat' dir='ltr'>episcopum</span> <span class='ocrx_word' id='word_1_701' title='bbox 3108 4944 3331 5000; x_wconf 91' lang='lat' dir='ltr'>domum</span> <span class='ocrx_word' id='word_1_702' title='bbox 3400 4943 3660 5001; x_wconf 85' lang='lat' dir='ltr'>Milonem</span> 
     </span>
    </p>
   </div>
   <div class='ocr_carea' id='block_1_114' title="bbox 2062 5031 3668 5105">
    <p class='ocr_par' dir='ltr' id='par_1_114' title="bbox 2062 5031 3668 5105">
     <span class='ocr_line' id='line_1_114' title="bbox 2062 5031 3668 5105; baseline -0.002 -15"><span class='ocrx_word' id='word_1_703' title='bbox 2062 5033 2494 5101; x_wconf 87' lang='lat' dir='ltr'>corroboratum,</span> <span class='ocrx_word' id='word_1_704' title='bbox 2524 5040 2583 5088; x_wconf 92' lang='lat' dir='ltr'>ut</span> <span class='ocrx_word' id='word_1_705' title='bbox 2610 5033 2749 5088; x_wconf 91' lang='lat' dir='ltr'>sicut</span> <span class='ocrx_word' id='word_1_706' title='bbox 2803 5031 2859 5087; x_wconf 90' lang='lat' dir='ltr'>in</span> <span class='ocrx_word' id='word_1_707' title='bbox 2912 5032 3129 5103; x_wconf 85' lang='lat' dir='ltr'>prafati</span> <span class='ocrx_word' id='word_1_708' title='bbox 3177 5048 3335 5105; x_wconf 86' lang='lat' dir='ltr'>papae</span> <span class='ocrx_word' id='word_1_709' title='bbox 3390 5031 3668 5090; x_wconf 85' lang='lat' dir='ltr'>Paschalis</span> 
     </span>
    </p>
   </div>
   <div class='ocr_carea' id='block_1_115' title="bbox 2067 5118 3661 5194">
    <p class='ocr_par' dir='ltr' id='par_1_115' title="bbox 2067 5118 3661 5194">
     <span class='ocr_line' id='line_1_115' title="bbox 2067 5118 3661 5194; baseline -0.001 -18"><span class='ocrx_word' id='word_1_710' title='bbox 2067 5122 2320 5178; x_wconf 89' lang='lat' dir='ltr'>videlicet</span> <span class='ocrx_word' id='word_1_711' title='bbox 2347 5123 2393 5176; x_wconf 94' lang='lat' dir='ltr'>ll</span> <span class='ocrx_word' id='word_1_712' title='bbox 2423 5120 2711 5194; x_wconf 85' lang='lat' dir='ltr'>privilegio</span> <span class='ocrx_word' id='word_1_713' title='bbox 2738 5118 2995 5177; x_wconf 84' lang='lat' dir='ltr'>Cluniaco</span> <span class='ocrx_word' id='word_1_714' title='bbox 3026 5121 3300 5192; x_wconf 89' lang='lat' dir='ltr'>impertito</span> <span class='ocrx_word' id='word_1_715' title='bbox 3328 5121 3661 5189; x_wconf 88' lang='lat' dir='ltr'>continetur,</span> 
     </span>
    </p>
   </div>
   <div class='ocr_carea' id='block_1_116' title="bbox 2072 5209 3670 5280">
    <p class='ocr_par' dir='ltr' id='par_1_116' title="bbox 2072 5209 3670 5280">
     <span class='ocr_line' id='line_1_116' title="bbox 2072 5209 3670 5280; baseline -0.002 -14"><span class='ocrx_word' id='word_1_716' title='bbox 2072 5217 2183 5266; x_wconf 88' lang='lat' dir='ltr'>tam</span> <span class='ocrx_word' id='word_1_717' title='bbox 2226 5210 2469 5267; x_wconf 88' lang='lat' dir='ltr'>ecclesia</span> <span class='ocrx_word' id='word_1_718' title='bbox 2522 5225 2683 5280; x_wconf 91' lang='lat' dir='ltr'>quam</span> <span class='ocrx_word' id='word_1_719' title='bbox 2727 5209 3026 5280; x_wconf 86' lang='lat' dir='ltr'>presbyteri</span> <span class='ocrx_word' id='word_1_720' title='bbox 3073 5210 3427 5266; x_wconf 90' lang='lat' dir='ltr'>ecclesiarum</span> <span class='ocrx_word' id='word_1_721' title='bbox 3472 5217 3525 5264; x_wconf 88' lang='lat' dir='ltr'>et</span> <span class='ocrx_word' id='word_1_722' title='bbox 3577 5222 3670 5263; x_wconf 84' lang='lat' dir='ltr'>res</span> 
     </span>
    </p>
   </div>
   <div class='ocr_carea' id='block_1_117' title="bbox 2070 5297 3673 5370">
    <p class='ocr_par' dir='ltr' id='par_1_117' title="bbox 2070 5297 3673 5370">
     <span class='ocr_line' id='line_1_117' title="bbox 2070 5297 3673 5370; baseline -0.004 -14"><span class='ocrx_word' id='word_1_723' title='bbox 2070 5299 2504 5356; x_wconf 89' lang='lat' dir='ltr'>Cluniacensium</span> <span class='ocrx_word' id='word_1_724' title='bbox 2534 5299 2801 5355; x_wconf 84' lang='lat' dir='ltr'>universa</span> <span class='ocrx_word' id='word_1_725' title='bbox 2820 5299 2934 5354; x_wconf 89' lang='lat' dir='ltr'>sine</span> <span class='ocrx_word' id='word_1_726' title='bbox 2962 5298 3341 5370; x_wconf 89' lang='lat' dir='ltr'>inquietudine</span> <span class='ocrx_word' id='word_1_727' title='bbox 3381 5297 3570 5353; x_wconf 82' lang='lat' dir='ltr'>libera</span> <span class='ocrx_word' id='word_1_728' title='bbox 3615 5301 3673 5350; x_wconf 91' lang='lat' dir='ltr'>et</span> 
     </span>
    </p>
   </div>
   <div class='ocr_carea' id='block_1_118' title="bbox 2073 5382 3674 5458">
    <p class='ocr_par' dir='ltr' id='par_1_118' title="bbox 2073 5382 3674 5458">
     <span class='ocr_line' id='line_1_118' title="bbox 2073 5382 3674 5458; baseline -0.004 -15"><span class='ocrx_word' id='word_1_729' title='bbox 2073 5386 2352 5443; x_wconf 89' lang='lat' dir='ltr'>inviolata</span> <span class='ocrx_word' id='word_1_730' title='bbox 2379 5395 2751 5458; x_wconf 87' lang='lat' dir='ltr'>permaneant.</span> <span class='ocrx_word' id='word_1_731' title='bbox 2784 5388 2915 5443; x_wconf 82' lang='lat' dir='ltr'>Hae</span> <span class='ocrx_word' id='word_1_732' title='bbox 2929 5402 3058 5443; x_wconf 86' lang='lat' dir='ltr'>vero</span> <span class='ocrx_word' id='word_1_733' title='bbox 3087 5387 3157 5442; x_wconf 89' lang='lat' dir='ltr'>de</span> <span class='ocrx_word' id='word_1_734' title='bbox 3188 5382 3540 5441; x_wconf 85' lang='lat' dir='ltr'>Vizeliacensi</span> <span class='ocrx_word' id='word_1_735' title='bbox 3568 5382 3674 5438; x_wconf 84' lang='lat' dir='ltr'>ab-</span> 
     </span>
    </p>
   </div>
   <div class='ocr_carea' id='block_1_119' title="bbox 2077 5474 3679 5547">
    <p class='ocr_par' dir='ltr' id='par_1_119' title="bbox 2077 5474 3679 5547">
     <span class='ocr_line' id='line_1_119' title="bbox 2077 5474 3679 5547; baseline -0.002 -16"><span class='ocrx_word' id='word_1_736' title='bbox 2077 5476 2221 5531; x_wconf 89' lang='lat' dir='ltr'>batia</span> <span class='ocrx_word' id='word_1_737' title='bbox 2249 5480 2449 5532; x_wconf 85' lang='lat' dir='ltr'>statuta</span> <span class='ocrx_word' id='word_1_738' title='bbox 2469 5483 2596 5532; x_wconf 86' lang='lat' dir='ltr'>sunt</span> <span class='ocrx_word' id='word_1_739' title='bbox 2624 5483 2678 5532; x_wconf 91' lang='lat' dir='ltr'>et</span> <span class='ocrx_word' id='word_1_740' title='bbox 2706 5474 2950 5547; x_wconf 81' lang='lat' dir='ltr'>praﬁxa.</span> <span class='ocrx_word' id='word_1_741' title='bbox 2985 5476 3251 5532; x_wconf 91' lang='lat' dir='ltr'>Statutum</span> <span class='ocrx_word' id='word_1_742' title='bbox 3281 5476 3365 5528; x_wconf 89' lang='lat' dir='ltr'>est</span> <span class='ocrx_word' id='word_1_743' title='bbox 3419 5478 3473 5527; x_wconf 90' lang='lat' dir='ltr'>et</span> <span class='ocrx_word' id='word_1_744' title='bbox 3525 5487 3679 5542; x_wconf 88' lang='lat' dir='ltr'>pra-</span> 
     </span>
    </p>
   </div>
   <div class='ocr_carea' id='block_1_120' title="bbox 2077 5558 3681 5637">
    <p class='ocr_par' dir='ltr' id='par_1_120' title="bbox 2077 5558 3681 5637">
     <span class='ocr_line' id='line_1_120' title="bbox 2077 5558 3681 5637; baseline -0.001 -17"><span class='ocrx_word' id='word_1_745' title='bbox 2077 5573 2293 5637; x_wconf 89' lang='lat' dir='ltr'>ceptum</span> <span class='ocrx_word' id='word_1_746' title='bbox 2308 5568 2367 5621; x_wconf 90' lang='lat' dir='ltr'>ut</span> <span class='ocrx_word' id='word_1_747' title='bbox 2389 5564 2674 5623; x_wconf 73' lang='lat' dir='ltr'>Eduensis</span> <span class='ocrx_word' id='word_1_748' title='bbox 2702 5564 2994 5637; x_wconf 87' lang='lat' dir='ltr'>episcopus</span> <span class='ocrx_word' id='word_1_749' title='bbox 3022 5579 3053 5619; x_wconf 89' lang='lat' dir='ltr'>a</span> <span class='ocrx_word' id='word_1_750' title='bbox 3084 5558 3446 5619; x_wconf 84' lang='lat' dir='ltr'>Vizeliacensi</span> <span class='ocrx_word' id='word_1_751' title='bbox 3473 5559 3681 5619; x_wconf 83' lang='lat' dir='ltr'>abbate</span> 
     </span>
    </p>
   </div>
  </div>
