3972 6072
397 238 498 295 979

1567 238 1627 289 s.
1669 198 1868 291 ilIUGO
1919 237 2140 291 senss
2191 236 2506 290 cumse.

3562 284 3570 291 .
3598 242 3720 293 980

390 364 790 436 professionem
816 362 904 420 vel
933 360 1293 419 obedientiam
1322 375 1433 416 non
1461 358 1664 432 exigat,
1692 376 1792 415 nec
1818 360 1989 416 abbas
2014 360 2065 421 A
2099 359 2205 415 mei
2236 359 2471 416 Cononis
2499 359 2715 416 comitis
2742 368 2793 417 et
2823 360 3156 433 reliquorum
3195 369 3477 434 parentum
3537 377 3711 419 meo-

393 453 445 509 ei
472 453 584 509 ullo
616 455 778 509 modo
802 451 990 508 faciat.
1028 452 1243 506 Fratres
1272 464 1404 504 vero
1450 448 1842 505 Vizeliacenses
1896 465 1990 504 sa-

392 556 517 599 cros
545 541 762 597 ordines
790 541 859 595 ab
879 542 998 612 ipso
1029 539 1343 610 suscipient,
1378 538 1425 592 si
1457 545 1636 592 tamen
1696 539 1992 609 episcopus

393 631 652 687 canonice
687 629 965 685 ordinatus
992 628 1174 684 fuerit.
1208 626 1370 696 Quod
1398 627 1444 681 si
1478 641 1576 681 eos
1606 627 1868 683 ordinare
1897 644 1989 683 re-

395 719 586 785 nuerit,
623 734 654 774 a
682 716 927 789 quolibet
954 716 1059 773 alio
1109 716 1365 788 episcopo
1419 716 1680 772 canonice
1738 717 1991 772 ordinato

395 807 806 863 ordinabuntur.
839 806 1175 877 Presbyteris
1215 821 1434 876 quoque
1468 804 1558 873 qui
1591 805 1769 860 eidem
1814 804 1989 859 abba-

392 895 486 952 tiae
507 895 835 965 deserviunt,
868 895 1107 950 chrisma
1138 894 1398 967 largietur
1422 892 1629 962 absque
1660 893 1844 966 aliqua
1898 909 1990 950 re-

392 984 742 1041 tractatione.

462 1093 619 1147 Anno
650 1092 718 1146 ab
749 1091 1123 1148 Incarnatione
1154 1092 1369 1149 Domini
1402 1093 1538 1148 1103
1570 1099 1689 1147 aeta
1720 1099 1841 1146 sunt
1882 1092 1995 1148 base

395 1180 542 1253 apud
571 1180 867 1236 Massiliam
899 1197 996 1251 per
1024 1197 1242 1236 manum
1272 1181 1458 1238 domui
1507 1180 1723 1235 Milonis
1773 1181 1993 1234 Praua-

400 1268 529 1324 stini
552 1269 794 1339 episcopi
824 1276 875 1325 et
905 1270 967 1324 Β.
1000 1270 1070 1325 R.
1102 1271 1171 1324 E.
1211 1270 1357 1325 sedis
1388 1268 1553 1341 legati
1605 1269 1661 1323 in
1709 1269 1996 1339 praesentia

395 1356 798 1428 episcoporum,
818 1358 1025 1414 scilicet
1044 1359 1383 1414 Matiscensis
1403 1359 1463 1413 Β.
1483 1359 1710 1429 quicum
1729 1367 1854 1412 tunc
1876 1358 1996 1429 epi-

395 1450 623 1518 scopatu
648 1463 743 1503 suo
774 1447 1150 1519 Lugdunensis
1192 1447 1583 1518 archiepiscopi
1642 1447 1824 1502 domni
1881 1448 1995 1501 Hu—

396 1534 600 1608 [gonis]
633 1536 785 1591 vices
835 1536 1054 1608 agebat,
1118 1544 1171 1591 et
1228 1536 1388 1607 hujus
1442 1535 1656 1607 praefati
1708 1536 1995 1590 Eduensis

397 1623 646 1695 episcopi
672 1625 744 1679 N.
769 1625 825 1679 in
852 1625 1145 1696 praesentia
1203 1639 1416 1695 quoque
1472 1624 1867 1695 archiepiSCOpi
1926 1624 1993 1678 de

387 1712 594 1769 Evroic
623 1713 809 1769 domni
839 1712 1095 1779 Gerardi,
1127 1722 1180 1768 et
1208 1713 1447 1784 episcopi
1480 1713 1548 1767 de
1578 1713 1774 1767 Titfort
1804 1713 1989 1768 domui
2019 1718 2072 1779 Β

388 1801 662 1871 Herberti,
694 1809 743 1856 et
776 1802 1341 1872 episeopiCestrensis
1396 1801 1581 1857 domni
1630 1801 1870 1869 Roberti,
1928 1820 1992 1859 ac

388 1890 631 1961 episcopi
654 1890 900 1946 Belensis
934 1891 1119 1947 domui
1150 1890 1356 1958 Poneii,
1389 1890 1491 1945 hoc
1513 1891 1769 1961 placitum
1796 1900 1846 1945 et
1894 1892 1991 1946 has

391 1979 787 2036 conventiones
806 1979 1079 2036 donorum
1108 1980 1365 2050 praefatus
1393 1980 1677 2034 Eduensis
1706 1981 1994 2050 episcopus

388 2069 463 2124 N.
491 2068 629 2123 sicut
656 2068 713 2122 in
769 2068 1065 2140 praesentia
1122 2068 1559 2139 supradictorum
1616 2068 1993 2138 episcoporum

392 2172 490 2229 per
522 2172 741 2212 manum
771 2157 962 2213 domni
992 2158 1071 2213 M.
1110 2155 1405 2212 eardinalis
1433 2156 1714 2227 smpedicti
1740 2156 1997 2214 ﬁrmave-

391 2252 497 2314 rat,
527 2246 607 2301 sic
634 2245 880 2301 Cluniaci
911 2247 966 2301 in
1014 2248 1293 2303 communi
1349 2247 1584 2317 capitulo
1628 2247 1852 2301 fratrum
1910 2247 1998 2302 ﬁr-

391 2333 581 2400 mavit,
611 2334 858 2390 laudavit
888 2342 941 2390 et
1005 2334 1398 2403 corroboravit,
1457 2343 1724 2404 praesente
1766 2335 1999 2392 Vizelia-

394 2422 543 2479 censi
574 2422 770 2478 abbate
800 2423 1000 2480 domno
1031 2423 1281 2491 Artaldo,
1352 2424 1666 2495 domnoque
1725 2424 2002 2480 Gaufredo

397 2512 582 2584 priore
611 2512 846 2582 claustri,
879 2518 933 2568 et
961 2513 1162 2570 domno
1191 2512 1463 2569 Bernardo
1493 2514 1819 2581 camerario,
1845 2530 1995 2586 pree-

394 2603 548 2657 sente
577 2599 741 2656 etiam
771 2608 1062 2658 conventu.

1100 2709 1312 2765 XXIII.

409 2795 621 2868 Charta
639 2795 906 2852 Willelmi
922 2798 1396 2868 Burgundionum
1414 2801 1469 2854 et
1488 2799 1905 2854 Matiscensium
1926 2814 2008 2854 co-

479 2867 658 2932 mitis,
679 2883 787 2937 qua
808 2867 1142 2922 donationes
1162 2873 1579 2924 antecessorum
1603 2885 1834 2924 suorum
1869 2871 1906 2925 C
1912 2873 1927 2924 Ι
1936 2888 2003 2927 ιι-

481 2938 651 2993 niaco
662 2940 847 3008 factas
867 2938 1187 3011 conﬁrmat,
1202 2941 1456 3011 aliasque
1467 2940 1532 2995 de
1543 2956 1645 2996 suo
1661 2942 1836 3004 addit,
1856 2958 2005 2998 com-

480 3023 803 3066 memorans
830 3009 1219 3082 progenitores
1236 3015 1291 3065 et
1306 3009 1689 3068 antecessores
1711 3026 1860 3068 suos.

1008 3100 1180 3170 (Anno
1212 3100 1396 3171 1107.)

704 3187 959 3261 [ΜΑΒιιι.
990 3189 1214 3246 Annal.
1249 3189 1479 3256 Bened.,
1514 3190 1578 3259 V,
1611 3190 1761 3263 511.]

489 3313 689 3370 Notum
722 3314 789 3368 sit
816 3313 1027 3371 cunctis
1059 3314 1363 3370 amantibus
1389 3314 1668 3371 veritatem
1690 3323 1741 3372 et
1796 3332 2009 3387 pacem,

421 3401 568 3472 quod
596 3417 703 3474 ego
733 3402 1067 3472 Willelmus,
1096 3404 1541 3476 Burgundionum
1584 3420 1769 3460 comes
1807 3413 1859 3459 et
1908 3406 2015 3460 Ma-

422 3490 770 3560 thicensium,
802 3490 964 3547 laudo
993 3499 1046 3546 et
1074 3491 1338 3548 conﬁrmo
1371 3493 1441 3547 ad
1468 3492 1780 3549 Cluniacum
1826 3509 2017 3550 omnes

423 3580 746 3635 donationes
784 3596 919 3651 quas
978 3587 1349 3636 antecessores
1398 3581 1511 3636 mei
1566 3581 2014 3654 Burgundionum

429 3668 656 3723 comites
686 3676 738 3723 et
763 3668 991 3723 comites
1020 3667 1431 3724 Matbicensium
1451 3668 1574 3726 loco
1602 3671 1678 3725 illi
1724 3672 2018 3728 venerabili

425 3772 596 3825 usque
624 3756 787 3811 hodie
816 3755 1158 3811 contulerunt
1186 3774 1200 3812 :
1232 3756 1485 3813 videlicet
1514 3758 1810 3815 Rainaldus
1865 3769 2020 3831 pater

425 3858 599 3914 meus,
629 3843 770 3899 ﬁlius
798 3844 1068 3900 Willelmi
1102 3864 1115 3909 ;
1148 3853 1201 3901 et
1228 3846 1345 3917 ipse
1373 3847 1704 3913 Willelmus,
1740 3847 1877 3904 ﬁlius
1930 3849 2018 3905 al-

423 3935 591 3993 terius
622 3933 870 3991 Rainaldi
904 3953 917 4001 ;
952 3941 1006 3990 et
1056 3934 1179 4006 ipse
1228 3935 1541 4004 Rainaldus,
1594 3937 1737 3993 ﬁlius
1795 3939 2019 3994 alterius

427 4023 696 4079 Willelmi
729 4042 742 4089 ;
778 4031 829 4079 et
858 4041 978 4094 qua}
1009 4024 1117 4080 illic
1144 4025 1291 4080 dedit
1312 4026 1617 4096 Stephanus
1659 4043 1863 4095 comes,
1913 4045 2019 4099 pa-

431 4120 582 4168 truus
596 4129 769 4169 meus.
792 4114 1200 4169 Possessionem
1230 4131 1445 4187 quoque
1475 4116 1527 4169 in
1545 4132 1688 4188 pago
1709 4116 2020 4185 Leodiensi,

428 4217 593 4272 quam
625 4202 942 4275 Aywalliam
963 4206 1178 4271 vocant,
1212 4220 1373 4274 quam
1403 4213 1577 4258 mater
1613 4221 1734 4259 mea
1789 4205 2019 4278 Regina,

429 4309 551 4363 qum
582 4292 681 4349 fuit
717 4306 862 4346 uxor
891 4290 1150 4346 Rainaldi
1180 4291 1593 4348 Mathicensium
1622 4293 1834 4349 comitis
1876 4294 2023 4349 dedit

427 4382 500 4438 ad
531 4380 941 4447 Marciniacum,
974 4379 1065 4434 ubi
1098 4387 1149 4436 et
1186 4379 1307 4451 ipsa
1358 4380 1545 4435 multis
1594 4382 1709 4449 jam
1757 4383 1913 4436 annis
1969 4383 2022 4437 in

425 4470 826 4528 sanctimoniali
857 4468 1042 4523 habitu
1071 4468 1242 4524 servit
1270 4468 1385 4525 Deo
1401 4468 1503 4523 sub
1534 4469 1818 4539 disciplina
1837 4470 2022 4527 domui

425 4576 490 4615 ac
520 4557 851 4614 venerabilis
883 4557 1129 4628 Hugonis
1159 4556 1389 4612 abbatis.
1425 4557 1567 4610 Nam
1599 4557 1666 4611 de
1695 4574 1819 4612 mea
1864 4568 2024 4628 parte

423 4649 569 4704 dono
610 4649 679 4703 ad
710 4647 991 4718 praefatum
1022 4646 1204 4701 locum
1234 4645 1550 4702 Cluniacum
1583 4647 1845 4719 quidquid
1896 4647 2022 4717 jure

424 4737 768 4792 haereditario
800 4751 831 4790 a
877 4734 1175 4806 majoribus
1228 4735 1370 4789 meis
1425 4736 1557 4789 mihi
1601 4735 1820 4791 obvenit
1876 4736 2021 4806 apud

425 4824 639 4878 Bellum
674 4831 936 4890 montem,
967 4824 1055 4894 qui
1086 4824 1241 4880 locus
1263 4831 1343 4879 est
1396 4823 1454 4878 in
1510 4824 1825 4894 episc0patu
1873 4824 2016 4879 Lau-

426 4911 663 4978 sanensi,
696 4919 749 4965 et
778 4913 1004 4966 insulam
1028 4913 1353 4983 proximam,
1405 4928 1563 4983 quam
1627 4914 1809 4967 dicum
1868 4915 2020 4967 Insu-

424 5001 539 5057 lam
570 5000 852 5067 comitum,
885 5009 1154 5072 quantum
1183 5002 1253 5059 ad
1283 5018 1371 5058 me
1400 5018 1485 5057 res
1505 5004 1627 5072 ipsa
1670 5001 1907 5072 pertinet
1963 5003 2019 5057 in

421 5087 759 5157 hominibus,
795 5087 848 5141 in
909 5088 1080 5155 terris,
1139 5091 1195 5145 in
1251 5090 1447 5160 vineis,
1499 5091 1553 5145 in
1597 5090 1865 5161 piscariis,
1927 5090 2019 5145 vel

418 5179 635 5237 caateris
664 5174 987 5233 redditibus.
1028 5176 1122 5233 Sic
1150 5176 1335 5246 laudo,
1366 5181 1444 5236 sic
1473 5178 1643 5236 offero
1662 5196 1747 5235 res
1769 5179 2018 5235 nomina-

419 5279 499 5326 tas
526 5284 624 5342 pro
648 5263 1018 5337 redemptione
1039 5266 1234 5324 anima:
1262 5284 1426 5339 meae,
1450 5277 1503 5325 et
1523 5269 1606 5324 avi
1623 5284 1689 5326 ac
1739 5267 2017 5324 nutritoris

485 5449 631 5517 (148)
658 5448 718 5502 In
738 5446 841 5502 hac
870 5441 1126 5517 comitum
1148 5444 1548 5502 Matiscensium
1562 5447 1700 5503 serie
1720 5447 2016 5503 observare

409 5515 536 5576 licet
567 5515 774 5575 morem
827 5515 973 5584 apud
1022 5523 1230 5574 veteres
1277 5532 1388 5574 non
1442 5534 1569 5574 raro
1625 5519 1899 5585 usitatum,
1951 5525 2010 5572 ut

2098 464 2240 518 rum,
2274 456 2379 505 etc.

2169 555 2359 606 Actum
2409 552 2623 623 publice
2679 553 2825 624 apud
2866 552 3180 626 Berziaeum
3238 553 3426 609 villam
3479 550 3717 626 (Verzy)

2097 640 2152 694 in
2184 657 2346 696 manu
2377 641 2563 696 domni
2595 643 2841 715 Hugonis
2872 622 3248 698 Cluniacensis
3275 643 3508 713 abbatis,
3558 659 3715 700 anno

2100 730 3000 800 Dominicaelnearnationis1107,
3058 731 3358 787 indictione
3411 749 3504 800 xv,
3556 748 3713 788 anno

2101 818 2308 872 domini
2337 818 2611 874 Paschalis
2640 836 2793 891 papa:
2815 820 3041 876 secundi
3089 836 3204 888 vni,
3248 836 3391 877 anno
3446 836 3488 877 ιι
3546 821 3712 877 lien-

2100 906 2199 962 rici
2216 908 2366 980 regis
2387 908 2585 980 quarti,
2628 924 2769 964 anno
2793 925 2922 966 vero
2952 909 3310 966 ordinationis
3346 910 3531 967 domni
3580 910 3711 966 Ilu-

2100 995 2260 1068 gonis
2285 995 2495 1052 abbatis
2525 997 2894 1055 Cluniacensis
2910 1014 2996 1053 th
3028 998 3201 1070 (148).

2802 1123 3001 1178 XXIV.

2108 1226 2319 1284 Charta
2359 1228 2684 1285 donationis
2721 1246 2823 1301 pro
2870 1233 3214 1289 monasterio
3261 1233 3640 1291 Cluniacensi
3667 1253 3707 1292 a

2400 1301 2674 1357 Willelmo
2703 1307 2761 1357 et
2783 1318 2959 1359 uxore
2976 1320 3079 1359 sua
3099 1304 3394 1375 Adeleyda.

2102 1386 2361 1459 [Bswza,
2392 1391 2632 1446 Histoire
2654 1390 3024 1464 d’Auvergne,
3050 1394 3267 1462 tom.l[,
3288 1410 3480 1464 preuv.
3503 1410 3564 1465 p.
3588 1395 3708 1467 30.]

2178 1495 2314 1550 Cum
2371 1496 2572 1553 divinae
2628 1496 2786 1552 nobis
2846 1499 3138 1569 Scriptura:
3196 1516 3297 1569 per
3338 1500 3705 1557 Salomonem

2104 1589 2333 1639 testetur
2362 1586 2684 1655 auctoritas,
2709 1587 2921 1643 divitia
2975 1589 3084 1644 viri
3140 1590 3452 1662 redemptio
3493 1595 3713 1646 anima

2103 1672 2241 1742 ejus,
2275 1682 2415 1743 etc.,
2443 1676 2538 1729 has
2570 1676 2771 1730 divinae
2802 1676 3187 1732 admonitionis
3234 1679 3529 1734 sententias
3575 1694 3709 1735 con-

2104 1763 2424 1829 siderantes,
2457 1779 2560 1835 ego
2594 1764 2906 1819 Willelmus
2960 1773 3012 1820 et
3064 1782 3203 1821 uxor
3248 1783 3368 1822 mea
3422 1768 3711 1840 Adeleyda

2102 1851 2175 1905 ob
2203 1852 2505 1907 remedium
2526 1854 2830 1907 animarum
2861 1863 3169 1910 nostrarum
3199 1863 3250 1911 et
3296 1865 3711 1914 antecessorum

2102 1948 2408 1996 nostrorum
2460 1942 2527 1995 de
2576 1942 2941 2011 amplitudine
2990 1944 3324 2013 praediorum
3377 1962 3497 2015 qua:
3553 1946 3713 2002 dedit

2105 2029 2264 2084 nobis
2294 2031 2441 2084 Deus
2474 2031 2650 2085 beatis
2676 2032 2934 2101 apostolis
2965 2033 3080 2101 ejus
3111 2033 3267 2089 Petro
3322 2043 3376 2089 et
3415 2035 3583 2090 Paulo
3639 2036 3710 2090 ad

2108 2119 2493 2174 monasterium
2551 2120 2932 2189 Cluniacense,
2990 2122 3080 2177 cui
3139 2123 3460 2179 venerabilis
3533 2124 3712 2181 abbas

2109 2208 2268 2278 Hugo
2296 2224 2529 2278 praeesse
2561 2209 2795 2274 videtur,
2816 2210 3020 2265 donare
3050 2210 3256 2282 aliquid
3300 2213 3590 2268 statuimus
3650 2214 3711 2269 in

2111 2312 2255 2368 pago
2313 2297 2634 2368 Limagniae,
2689 2301 2888 2353 terram
2944 2298 3151 2354 scilicet
3202 2299 3531 2355 Caurossam
3578 2318 3704 2357 cum

2111 2384 2451 2440 continentia
2478 2402 2576 2441 sua
2606 2393 2661 2441 et
2687 2385 2887 2442 ﬁnibus
2922 2387 3052 2454 suis,
3106 2404 3172 2443 ea
3218 2390 3433 2444 ratione
3488 2398 3547 2444 ut
3610 2391 3710 2461 jus

2113 2473 2345 2529 alodiale
2388 2483 2440 2530 et
2489 2475 2755 2545 quidquid
2827 2475 3169 2546 proprietatis
3244 2484 3338 2532 aut
3404 2478 3713 2535 dominica-

2116 2570 2247 2618 tura:
2269 2563 2321 2617 in
2350 2578 2413 2617 ea
2433 2563 2689 2634 possideo
2717 2564 2982 2635 praedicto
3021 2565 3141 2621 loco
3193 2574 3245 2621 et
3301 2569 3587 2623 monachis
3636 2569 3713 2623 ibi
3760 2564 3761 2567 “

2116 2652 2232 2706 Deo
2266 2652 2644 2707 famulantibus
2694 2653 2947 2725 delegem
2994 2661 3050 2708 et
3088 2653 3466 2710 transfundam
3512 2674 3712 2729 perpe-

2116 2741 2333 2795 tualiter
2363 2741 2736 2796 obtinendum.
2772 2741 2843 2797 Et
2898 2746 2958 2797 ut
3005 2741 3127 2798 haec
3182 2744 3490 2800 traditionis
3527 2747 3721 2802 charta

2116 2827 2274 2884 ﬁrma
2330 2839 2383 2885 et
2425 2830 2758 2887 inviolabilis
2803 2839 3124 2901 permaneat
3176 2841 3353 2888 nostra
3397 2835 3721 2891 auctoritate

2114 2918 2515 2986 roboravimus,
2549 2928 2601 2974 et
2630 2919 2883 2975 ﬁdelium
2914 2928 3230 2975 nostrorum
3254 2936 3481 2979 assensu
3511 2921 3722 2979 laudari

2116 3014 2170 3062 et
2198 3007 2476 3077 astipulari
2504 3007 2749 3063 fecimus.

2037 3085 2086 3150 Ο
2187 3112 2243 3169 S.
2267 3114 2535 3168 Willelmi
2565 3115 2660 3170 ﬁlii
2681 3118 2818 3187 ejus.

2191 3201 2254 3257 S.
2295 3203 2561 3274 Stephani
2591 3206 2764 3262 fratris
2792 3209 2928 3279 ejus.

2828 3333 3003 3389 XXV.

2207 3454 2416 3510 Charta
2433 3455 2754 3513 donationis
2794 3458 3058 3515 Willelmi
3079 3459 3146 3515 de
3170 3460 3406 3515 Thierno
3451 3458 3637 3516 eidem

2552 3529 2917 3586 Cluniacensi
2934 3530 3297 3586 monasterio.

2478 3631 2740 3705 [Histoire
2786 3636 3156 3709 d’Auvergne,
3189 3636 3349 3709 ibid.]

2199 3756 2338 3810 Dum
2369 3765 2582 3813 constet
2605 3759 2960 3815 certissimum
3017 3761 3134 3817 fore
3190 3760 3398 3817 cunctis
3441 3769 3587 3818 recte
3635 3775 3727 3817 sa-

2127 3844 2399 3916 pientibus
2419 3848 2565 3918 quod
2584 3849 2838 3903 videlicet
2860 3850 3035 3904 omnis
3066 3851 3349 3920 praesentis
3376 3850 3564 3907 saeculi
3592 3850 3722 3924 glo-

2128 3933 2211 3989 ria
2241 3935 2374 4000 sive,
2417 3941 2473 3990 ut
2494 3937 2670 3993 verius
2699 3937 2927 4005 dicatur,
2978 3955 3117 3994 vana
3151 3946 3199 3995 et
3256 3939 3570 4010 deceptoria
3628 3938 3727 3993 fal-

2130 4023 2268 4078 lacia
2300 4028 2409 4079 tota
2428 4027 2643 4093 transit,
2671 4034 2773 4081 etc.
2810 4027 2941 4082 Haec
2960 4027 3125 4098 igitur
3165 4043 3271 4101 ego
3314 4028 3622 4084 Willelmus
3659 4027 3724 4083 de

2129 4112 2363 4168 Tliierno
2388 4122 2568 4169 mente
2599 4130 2821 4170 versans
2848 4115 3118 4187 simulque
3150 4116 3548 4171 multitudinem
3590 4132 3723 4187 pec-

2131 4209 2371 4256 catorum
2399 4201 2452 4256 in
2476 4203 2674 4273 quibus
2712 4219 2854 4260 nunc
2898 4221 3070 4275 usque
3126 4221 3246 4259 sum
3296 4205 3595 4260 dirersatus
3644 4204 3724 4259 la-

2131 4305 2382 4359 crymoso
2431 4291 2593 4346 corde
2632 4292 2998 4360 considerans,
3051 4301 3227 4348 ratum
3274 4293 3409 4348 duxi
3467 4301 3525 4348 ut
3561 4293 3722 4363 juxta

2132 4378 2375 4433 Danieiis
2405 4380 2695 4435 consilium
2742 4390 2960 4451 peccata
3006 4398 3127 4437 mea
3175 4382 3540 4454 eleemosynis
3590 4381 3722 4436 redi-

2056 4450 2107 4509 D
2138 4483 2362 4535 merent,
2388 4477 2439 4522 et
2468 4469 2598 4540 quia
2629 4485 2660 4523 a
2686 4450 3123 4526 viriditatebonae
3145 4470 3392 4539 actionis,
3423 4450 3534 4525 heu
3592 4469 3722 4541 proh

2133 4556 2289 4611 dolor
2323 4558 2333 4610 !
2360 4572 2497 4625 pene
2527 4557 2646 4612 arui
2666 4566 2799 4612 aestu
2828 4559 3169 4614 smcularium
3201 4558 3558 4629 voluptatum,
3599 4558 3717 4613 illos

2134 4644 2325 4698 saltem
2348 4654 2702 4700 sustentarem
2737 4663 2963 4716 quorum
2984 4648 3074 4717 pia
3120 4649 3229 4703 vita
3287 4648 3519 4703 fructum
3567 4646 3719 4703 oﬂ'ert

2132 4732 2397 4788 bonarum
2424 4735 2629 4806 jugiter
2648 4735 2928 4804 virtutum,
2961 4752 3026 4791 eo
3065 4738 3210 4807 quod
3241 4752 3273 4791 a
3319 4736 3533 4791 Christo
3580 4736 3721 4791 velut

2132 4820 2337 4892 lignum
2358 4822 2695 4877 fructiferum
2728 4826 2835 4878 sint
2868 4824 3124 4894 plantatze
3160 4823 3318 4893 juxta
3359 4824 3559 4879 ﬂuenta
3592 4839 3717 4878 san-

2130 4918 2332 4965 ctarum
2357 4911 2783 4982 Scripturarum.
2807 4913 2948 4967 Dum
2976 4913 3119 4968 enim
3149 4928 3235 4968 me
3289 4912 3516 4967 sentiam
3568 4912 3717 4968 fasci-

2131 4997 2587 5069 businiquitalum
2617 5001 3217 5068 mearumimmersum,
3262 5001 3467 5056 cunctis
3513 5001 3715 5072 pietatis

2130 5087 2493 5158 exspoliatum
2535 5105 2657 5144 esse
2678 5089 2897 5160 plumis,
2959 5090 3176 5146 illorum
3225 5091 3316 5161 qui
3395 5099 3710 5145 cunctarum

2130 5175 2314 5229 mundi
2344 5176 2694 5247 cupiditatum
2716 5178 2865 5235 visco
2888 5178 3029 5234 exuti
3068 5185 3351 5233 assumunt
3406 5194 3620 5249 pennas
3661 5186 3713 5233 ut

2128 5264 2325 5334 aquilae
2350 5273 2403 5319 et
2434 5265 2504 5319 ad
2528 5282 2769 5336 superna
2807 5265 3182 5322 indeﬁcienter
3234 5266 3470 5337 evolant,
3532 5266 3713 5322 mentis

2123 5460 2295 5521 nepos
2317 5446 2649 5521 avi_nomen
2682 5446 2924 5521 referret,
2973 5451 3033 5502 ut
3080 5446 3134 5502 in
3192 5462 3257 5503 eo
3290 5462 3428 5503 avus
3486 5447 3713 5521 quodam

2123 5517 2290 5574 modo
2320 5517 2641 5573 reviviscere
2663 5517 2957 5576 videretur.
