4030 6084
2564 60 2577 103 Ι

363 226 459 278 981
1192 223 1652 280 DIVERSORUM
1694 221 2143 281 DONATIONES
2183 223 2313 279 PDE
2352 224 2486 281 PRO
2527 224 2842 282 CLUNIAC.
3586 234 3690 290 982

334 360 337 361 '
375 346 835 417 contemplatione
866 363 951 403 me
972 346 1190 403 conﬁdo
1212 347 1281 402 ad
1299 362 1469 419 regna
1482 346 1742 403 caelorum
1765 344 1976 402 sustolli
2000 346 2058 407 A
2086 345 2329 404 ecclesiae
2358 348 2744 420 suprascriptae
2772 349 2976 407 retineo
2999 351 3054 407 in
3093 352 3337 412 dominio
3366 356 3495 413 dum
3526 358 3682 417 vivo.

371 435 600 506 pennis.
644 436 819 505 Hujus
849 453 981 509 ergo
1012 437 1091 492 rei
1151 437 1324 510 gratia
1354 438 1497 493 dono
1518 437 1634 492 Deo
1677 445 1729 491 et
1780 439 1986 493 sanctis
2094 436 2218 492 Post
2247 437 2454 493 obitum
2483 454 2664 494 meum
2695 440 2949 495 convenit
2978 441 3117 497 inter
3142 460 3262 514 nos,
3319 453 3376 501 ut
3431 446 3692 505 medietas

375 524 641 594 apostolis
673 526 833 580 Petro
863 534 916 581 et
947 526 1120 581 Paulo
1176 527 1423 597 patrique
1480 535 1531 581 et
1585 526 1806 582 domino
1861 542 1984 582 meo
2091 527 2275 595 operis
2303 526 2476 597 ipsius
2503 528 2745 583 ecclesiae
2774 539 3052 585 remaneat
3106 531 3159 585 in
3187 540 3450 604 potestate
3508 534 3688 593 Sancti

375 613 600 685 Hugoni
638 613 843 681 abbati,
878 624 930 669 et
960 615 1174 670 cmteris
1203 616 1505 670 senioribus
1544 615 1796 670 fratribus
1849 616 1980 671 Clu-

383 702 731 757 niacensibus
763 702 1011 772 quzedam
1043 719 1108 759 ex
1139 704 1277 759 meis
1332 704 1513 769 rebus,
1571 711 1629 757 ut
1665 703 1767 775 ipsi
1822 704 1981 759 dein-

374 805 508 858 ceps
540 804 608 843 ea
630 788 755 858 jure
786 800 1048 861 perpetuo
1080 792 1400 863 possideant
1428 796 1479 847 et
1511 799 1668 862 prout
1712 791 1982 847 voluerint

383 878 700 947 disponant.
740 879 875 935 Sunt
905 896 1034 935 vero
1066 881 1181 935 haec
1213 897 1226 934 :
1255 882 1314 935 In
1358 880 1548 952 primis
1605 880 1868 951 quidquid
1924 881 1980 934 in

337 979 341 983 '
379 966 619 1022 ecclesia
644 966 729 1022 vel
760 968 894 1023 villa
923 970 992 1023 de
1022 969 1231 1023 Carinis
1260 970 1312 1024 in
1345 970 1644 1025 dominium
1701 969 1976 1040 possideo,

376 1056 625 1111 redditus
655 1057 933 1126 videlicet,
993 1060 1080 1113 vel
1133 1060 1554 1115 consuetudines
1585 1075 1775 1114 omnes
1805 1067 1859 1114 et
1888 1058 1976 1112 vi-

374 1144 556 1199 carias
587 1161 782 1201 omnes
812 1145 891 1200 ibi
920 1147 1265 1217 pertinentes,
1289 1148 1595 1219 quicunque
1623 1149 1749 1203 illas
1777 1147 1979 1203 habeat

370 1241 429 1287 ut
458 1234 596 1289 sicut
625 1250 729 1307 ego
760 1236 865 1291 huc
894 1252 1064 1307 usque
1107 1252 1249 1292 nunc
1278 1237 1443 1305 tenui,
1475 1237 1549 1292 ita
1578 1237 1833 1309 deinceps
1881 1252 1975 1294 eas

370 1322 610 1378 seniores
632 1324 1020 1379 Cluniacenses
1042 1333 1277 1380 teneant.
1301 1326 1459 1381 Dono
1494 1326 1661 1382 etiam
1690 1327 1871 1383 villam
1901 1328 1975 1384 de

372 1410 590 1479 Siurac,
624 1412 763 1468 sicut
793 1428 913 1467 eam
948 1413 1217 1483 tenebam,
1252 1422 1304 1469 et
1331 1414 1751 1471 consuetudines
1805 1424 1859 1470 et
1887 1408 1975 1471 vi?

372 1499 546 1554 carias
578 1500 781 1557 ibidem
820 1502 1145 1573 pertinentes
1163 1502 1429 1558 similiter.
1465 1503 1642 1558 Simili
1672 1504 1837 1561 modo
1866 1505 1975 1561 vil-

371 1587 481 1642 lam
512 1589 580 1644 de
607 1590 938 1663 Espentegui
970 1608 1095 1647 cum
1122 1591 1603 1648 consuetudinibus
1650 1600 1703 1649 et
1758 1594 1978 1649 vicariis

2091 615 2369 687 Stephani,
2404 624 2457 671 et
2484 617 2859 672 canonicorum
2903 618 3153 688 ejusdem
3216 620 3383 677 sedis.
3414 622 3688 680 Consum-

2088 713 2233 759 mata
2252 720 2382 761 vero
2414 705 2623 761 fabrica
2650 706 2927 776 praedictae
2982 708 3225 764 ecclesiae
3279 711 3545 768 medietas
3558 729 3684 769 om-

2088 792 2236 848 nium
2270 793 2604 850 oblationum
2661 796 2906 865 praefatae
2936 796 3208 866 ecclesiae,
3240 798 3452 855 illarum
3482 801 3692 860 scilicet

2086 898 2267 937 rerum
2299 898 2425 954 quae
2455 892 2854 939 consueverunt
2881 883 3051 941 dividi
3080 885 3222 942 inter
3241 887 3580 960 episcopum,
3634 899 3691 948 et

2086 986 2273 1041 opera,
2334 978 2385 1026 et
2439 972 2919 1044 congregationem
2975 974 3219 1043 ejusdem
3248 975 3374 1047 loci,
3404 977 3473 1033 sit
3502 979 3686 1036 Sancti

2087 1059 2349 1131 Stephani
2368 1068 2419 1115 et
2475 1059 2716 1132 episcopi
2768 1076 2832 1116 ac
2879 1062 3259 1119 canonicorum
3305 1065 3453 1122 illius
3505 1068 3676 1125 sedis.

2084 1149 2310 1204 Retineo
2341 1148 2503 1204 etiam
2520 1155 2754 1220 pastem,
2780 1165 2942 1221 quem
2964 1152 3211 1224 recipere
3222 1152 3372 1211 soleo
3402 1155 3459 1210 in
3486 1156 3685 1214 festum

2085 1237 2266 1293 Sancti
2297 1236 2570 1293 Saturnini
2629 1238 2774 1295 sicut
2826 1239 3167 1296 constitutum
3200 1250 3302 1314 est,
3361 1252 3415 1301 et
3468 1245 3685 1303 tertiam

2081 1335 2298 1398 partem
2328 1328 2571 1383 omnium
2602 1343 2785 1383 rerum
2842 1345 2965 1400 quae
3002 1345 3100 1401 pro
3129 1332 3407 1403 sepultura
3433 1343 3678 1392 mortuo-

2082 1431 2204 1470 rum
2235 1415 2513 1487 praedictaa
2562 1416 2810 1472 ecclesiae
2864 1417 3213 1474 conferentur
3265 1420 3350 1476 vel
3389 1420 3685 1497 dabuntur,

2084 1504 2225 1560 ultra
2254 1505 2492 1575 quinque
2549 1504 2777 1561 solidos.
2811 1504 3038 1563 Retineo
3071 1507 3321 1565 similiter
3362 1509 3495 1567 mihi
3552 1513 3686 1569 dum

2083 1593 2280 1649 vixero
2311 1608 2529 1649 omnem
2559 1594 2826 1650 honorem
2857 1594 3249 1667 praepositum,
3282 1598 3545 1668 decaniae,
3585 1617 3682 1657 sa-

368 1677 642 1734 Omnibus.
670 1680 1015 1735 Medietatem
1046 1697 1266 1752 quoque
1299 1682 1368 1736 de
1396 1682 1582 1737 clauso
1640 1682 1709 1737 de
1764 1683 1974 1738 Vensac
2000 1700 2054 1761 Β
2086 1678 2376 1733 ρι’ἰεῐθῠὶεε.
2411 1679 2541 1733 Ροεί
2569 1678 2779 1734 obitum
2808 1694 2991 1734 meum
3023 1680 3285 1751 quidquid
3316 1697 3390 1737 ex
3407 1683 3690 1754 ρτεεάὶοιίε

370 1782 495 1821 cum
528 1768 732 1823 vicaria
772 1784 887 1824 sua.
924 1770 1060 1825 Item
1086 1763 1355 1842 ᾳυίἀῳιὶἆ
1373 1771 1639 1825 habebam
1671 1772 1815 1842 apud
1844 1788 1974 1827 san-

370 1863 515 1909 ctum
549 1856 869 1912 Porcianum
904 1859 970 1913 de
1003 1859 1179 1914 Borno
1209 1875 1332 1915 cum
1356 1860 1422 1915 de
1439 1860 1660 1915 vicariis
1683 1869 1736 1915 et
1753 1876 1977 1916 consue-

368 1944 645 2000 tudinibus
674 1956 728 2001 et
759 1956 1015 2017 quantum
1048 1964 1150 2002 una
1178 1947 1338 2005 leuca
1401 1956 1545 2004 tenet
1602 1951 1669 2005 de
1725 1950 1864 2006 silva
1911 1951 1979 2005 de

369 2034 544 2089 Borno
574 2036 628 2089 in
653 2035 773 2091 loco
798 2035 888 2090 ubi
916 2036 1015 2106 ipsi
1047 2038 1295 2093 monachi
1330 2038 1611 2111 elegerint.
1646 2042 1780 2094 Item
1849 2055 1981 2110 qua-

369 2123 632 2194 draginta
694 2126 910 2179 modios
961 2126 1225 2180 debitales
1280 2127 1347 2181 de
1385 2128 1513 2183 vino
1552 2129 1699 2183 omni
1743 2144 1892 2183 anno
1923 2129 1979 2182 in

311 2215 317 2220 '
370 2212 682 2268 Thiernensi
715 2229 882 2286 pago,
926 2222 977 2269 et
1019 2215 1207 2270 decem
1249 2216 1512 2282 cervisiae,
1554 2221 1607 2272 et
1663 2234 1828 2273 unum
1885 2234 1979 2273 se-

367 2301 685 2356 mimodium
744 2303 812 2357 de
869 2303 1060 2371 melle,
1095 2311 1145 2359 et
1177 2304 1567 2377 quinquaginta
1598 2307 1827 2361 rusticos
1855 2324 1978 2362 cum

373 2391 861 2446 consuetudinibus
917 2408 1049 2462 quas
1104 2393 1413 2462 debebant,
1483 2403 1536 2449 et
1591 2395 1980 2467 quinquaginta

372 2495 586 2551 porcos,
621 2480 953 2549 totidemque
987 2482 1286 2537 multones.

444 2571 642 2624 Petrus
675 2568 741 2623 de
770 2571 992 2640 Artona,
1024 2570 1249 2625 Eldinus
1277 2571 1344 2626 de
1400 2572 1756 2646 Montalegra,
1789 2574 1979 2629 Petrus

377 2658 447 2713 de
475 2658 700 2714 Terzac.
724 2656 815 2711 Isti
837 2664 958 2712 sunt
989 2666 1152 2715 testes
1172 2660 1263 2730 qui
1294 2660 1397 2716 hoc
1419 2661 1675 2717 viderunt
1703 2670 1757 2717 et
1784 2662 1977 2718 audie-

367 2756 514 2803 runt.

1056 2866 1269 2922 XXVI.

374 2981 583 3037 Charta
604 2983 932 3039 donationis
943 2982 1195 3039 ecclesiae
1213 2983 1412 3037 Sancti
1427 2983 1731 3039 Saturnini
1751 2981 1976 3045 Tolosa-

435 3055 498 3127 ἐἰ
516 3055 879 3127 Cluniacensi
892 3054 1233 3112 monasterio
1244 3057 1404 3126 facta
1419 3055 1485 3110 ab
1505 3054 1697 3112 Isarno
1714 3054 1969 3127 episcopo
1999 3055 2050 3120 C

443 3125 728 3182 Tolosano.

366 3251 589 3323 [Caram
614 3251 896 3309 Memoires
913 3249 980 3307 de
1003 3250 1181 3308 l‘hist.
1216 3250 1293 3307 du
1331 3249 1690 3321 Languedoc,
1713 3264 1769 3320 p.
1803 3250 1964 3323 873.]

432 3379 492 3432 In
523 3376 742 3432 nomine
771 3378 871 3434 Dei
904 3376 1074 3433 Patris
1128 3375 1541 3447 omnipotentis,
1601 3383 1653 3431 et
1711 3375 1852 3444 Filii,
1913 3383 1966 3432 et

362 3466 592 3538 Spiritus
623 3467 817 3535 sancti,
849 3468 903 3522 in
934 3482 1040 3539 quo
1074 3464 1336 3537 quidquid
1394 3463 1623 3519 facimus
1670 3464 1725 3518 in
1770 3464 1959 3533 verbo,

262 3560 265 3563 '
362 3556 452 3611 vel
484 3558 540 3610 in
574 3572 739 3627 opere
769 3556 946 3612 facere
967 3555 1246 3625 jubemur,
1280 3560 1332 3609 et
1363 3552 1454 3624 qui
1485 3553 1647 3609 totius
1677 3553 1803 3609 boni
1852 3552 1960 3608 ini-

362 3645 492 3700 tium
524 3652 604 3700 est
634 3654 686 3700 et
717 3644 865 3701 ﬁnis.

429 3734 511 3789 Ad
555 3735 802 3789 notitiam
859 3733 1209 3805 praesentium
1247 3740 1299 3788 et
1349 3732 1652 3788 futurorum
1711 3732 1961 3787 scribitur

359 3824 475 3878 hmo
504 3824 902 3891 convenientia,
937 3839 1095 3893 quam
1127 3837 1230 3893 ego
1270 3823 1482 3876 lsarnus
1512 3821 1611 3876 Dei
1640 3822 1818 3895 gratia
1849 3822 1960 3877 To-

362 3913 495 3967 losze
523 3913 810 3984 episcopus
841 3919 1015 3967 statuo
1043 3911 1289 3979 etﬁrmo,
1323 3927 1443 3966 cum
1476 3912 1725 3968 Hunaldo
1762 3913 1957 3968 abbate

358 4001 721 4072 Moyssacensi
752 4001 821 4055 de
886 4000 1007 4055 loco
1072 3999 1253 4056 Sancti
1302 4000 1593 4066 Saturnini,
1641 4017 1802 4072 quem
1851 4019 1956 4074 ego

356 4090 520 4145 laudo
551 4098 603 4144 et
633 4089 911 4144 committo
969 4089 1191 4144 domino
1222 4088 1440 4161 Hugoni
1499 4089 1685 4144 abbati
1734 4091 1954 4145 Clunia-

357 4178 526 4245 censi,
561 4187 613 4232 et
668 4178 920 4233 Hunaldo
976 4178 1345 4248 suprascripto
1384 4177 1591 4245 abbati,
1631 4185 1689 4233 ut
1744 4179 1819 4233 ibi
1851 4180 1956 4234 Do-

351 4267 505 4322 mino
538 4266 639 4320 sub
671 4266 966 4321 monastica
995 4266 1186 4337 regula
1216 4266 1361 4321 omni
1396 4275 1636 4339 tempore
1665 4267 1949 4323 serviatur.

350 4356 464 4411 Hoc
495 4355 749 4411 videlicet
770 4363 927 4425 pacto
957 4357 1103 4427 quod
1135 4356 1444 4411 habendum
1500 4372 1718 4426 semper
1743 4358 1950 4413 retineo

348 4455 594 4516 quartam
626 4454 845 4514 partem
876 4445 1115 4500 omnium
1148 4444 1486 4500 oblationum
1539 4444 1800 4501 Ecclesiae
1850 4464 1947 4501 su-

347 4533 574 4604 pradicti
607 4534 871 4604 martyris,
906 4541 956 4588 et
988 4533 1267 4604 preprium
1299 4534 1586 4588 custodem
1635 4534 1839 4601 altaris,
1899 4544 1953 4592 et

347 4622 552 4676 victum
589 4621 757 4692 ipsius
787 4621 1028 4677 custodis
1057 4621 1126 4677 de
1158 4622 1391 4676 claustro
1449 4622 1849 4693 accipiendum,
1903 4637 1955 4684 et

353 4708 573 4765 domum
606 4711 676 4765 ad
707 4727 842 4781 opus
870 4710 1108 4767 custodis
1139 4726 1308 4782 prope
1364 4710 1559 4765 ostium
1598 4710 1842 4767 ecclesiae
1885 4713 1954 4766 ad

350 4797 614 4868 placitum
672 4815 879 4854 meum.
920 4798 1146 4854 Retineo
1195 4813 1409 4870 quoque
1447 4799 1661 4855 clavem
1718 4799 1954 4870 sepulcri

353 4886 606 4955 martyris
636 4890 693 4941 et
721 4888 936 4942 clavem
968 4895 1093 4941 ante
1123 4887 1290 4942 altare
1317 4887 1500 4943 Sancti
1531 4886 1753 4942 Ascicli.
1792 4889 1862 4943 Et
1889 4889 1956 4943 de

347 4975 598 5029 omnibus
628 4991 748 5044 quae
780 4975 834 5029 in
864 4974 1121 5045 prtedicta
1150 4975 1397 5031 Ecclesia
1428 4975 1770 5046 acquirentur
1798 4992 1829 5031 a
1858 4992 1953 5048 ρο·

348 5063 501 5134 pulo,
536 5063 750 5118 retineo
783 5064 995 5119 tertiam
1023 5072 1236 5135 partem
1267 5064 1335 5119 ad
1361 5079 1526 5134 opera
1583 5064 1843 5130 ecclesiae,
1902 5073 1955 5120 et

346 5151 567 5206 tertiam
601 5160 812 5222 partem
844 5153 1121 5223 episcopi,
1153 5160 1206 5207 et
1235 5168 1401 5207 unum
1432 5152 1673 5208 cubitum
1707 5152 1952 5209 candelae

348 5241 740 5312 episcopalem,
764 5241 928 5296 alium
950 5241 1247 5311 praepositi,
1273 5240 1437 5296 alium
1467 5240 1660 5297 decani
1690 5250 1743 5297 et
1787 5241 1952 5297 alium

348 5330 612 5396 sacristae,
674 5337 728 5385 et
782 5330 947 5386 alium
979 5330 1048 5386 ad
1079 5346 1244 5401 opera
1303 5330 1541 5400 ejusdem
1580 5330 1844 5401 ecclesiae,
1899 5335 1955 5387 et

353 5417 650 5475 luminaria
705 5420 775 5475 ad
830 5419 1117 5491 prandium
1175 5420 1307 5475 mihi
1355 5420 1688 5490 necessaria,
1729 5438 1849 5492 quae
1886 5438 1952 5477 ex

350 5507 737 5565 consuetudine
768 5507 973 5566 habere
1019 5509 1192 5579 soleo,
1241 5516 1293 5567 et
1349 5517 1457 5565 tota
1507 5523 1674 5583 Opera
1726 5509 1953 5568 fabricae

1966 4407 2020 4468 D

2085 1767 2392 1824 honoribus
2421 1766 2600 1822 solent
2628 1775 2817 1823 tenere
2847 1768 2973 1823 laici
3011 1784 3111 1839 per
3163 1784 3385 1825 manum
3443 1772 3689 1846 episcopi

2086 1864 2370 1913 remaneat
2403 1856 2605 1912 Sancto
2637 1855 2952 1913 Saturnino.
2991 1858 3218 1915 Retineo
3247 1866 3300 1915 et
3356 1876 3545 1918 omnes
3572 1872 3686 1920 sta-

2086 1946 2270 2002 tiones
2291 1945 2643 2002 festivitatum
2660 1946 2798 2001 sicut
2813 1946 2882 2001 ab
2904 1946 3198 2018 antiquitus
3215 1955 3342 2004 sunt
3386 1951 3690 2010 constituta

2088 2034 2203 2090 fieri
2232 2034 2379 2105 apud
2410 2034 2622 2090 sedem.
2668 2034 2895 2090 Retineo
2948 2034 3110 2090 etiam
3168 2035 3274 2092 hoc
3327 2034 3583 2096 laudante
3638 2050 3693 2097 et

2088 2124 2449 2181 conveniente
2470 2124 2742 2179 Hulnaldo
2771 2123 3032 2194 praedicto
3053 2124 3254 2180 abbate
3285 2133 3339 2181 et
3389 2143 3694 2202 congrega-

2088 2214 2236 2270 tione
2266 2212 2435 2284 ipsius
2463 2213 2670 2279 loci,ut
2725 2212 3030 2286 quicunque
3082 2229 3152 2268 ex
3207 2214 3427 2272 civitate
3465 2217 3697 2276 voluerit

2087 2302 2306 2374 sepeliri
2336 2303 2392 2357 in
2419 2301 2729 2357 coemeterio
2757 2306 2961 2357 nostrae
3017 2302 3183 2369 sedis,
3215 2303 3331 2360 sine
3387 2305 3536 2361 omni
3593 2322 3693 2364 ca-

2086 2391 2292 2447 lumnia
2322 2400 2376 2447 et
2404 2390 2831 2448 contradictione
2859 2391 3150 2461 recipiatur
3178 2408 3241 2448 ac
3261 2394 3558 2464 sepeliatur
3581 2395 3683 2452 ibi.

2088 2480 2285 2537 Omnia
2315 2480 2435 2537 haec
2463 2495 2627 2551 supra
2656 2480 2857 2551 scripta
2885 2495 2992 2552 ego
3022 2481 3239 2537 lsarnus
3267 2482 3554 2553 episcopus
3574 2485 3690 2555 jam

2087 2586 2249 2642 supra
2274 2569 2607 2637 nominatus,
2646 2569 2853 2625 retineo
2901 2569 2972 2624 ad
3021 2583 3160 2639 Opus
3189 2569 3373 2627 Sancti
3418 2572 3689 2645 Stephani

2087 2668 2287 2715 nostra;
2324 2659 2491 2729 sedis,
2532 2666 2586 2715 et
2623 2659 2694 2714 ad
2741 2673 2922 2714 meum
2965 2674 3132 2729 opus,
3188 2667 3245 2714 et
3300 2662 3694 2719 canonicorum

2085 2749 2331 2820 ejusdem
2363 2764 2521 2820 opus,
2581 2754 2635 2803 et
2688 2747 3069 2803 canonicorum
3103 2747 3358 2816 ejusdem
3388 2749 3537 2804 sedis
3562 2766 3693 2822 pro-

2086 2847 2207 2910 pter
2232 2836 2478 2894 laicalem
2507 2837 2696 2892 fevum
2724 2836 2971 2907 superius
3000 2835 3135 2904 dixi,
3166 2844 3226 2892 ut
3249 2838 3320 2892 sit
3349 2837 3529 2894 Sancti
3585 2839 3693 2896 Sa-

2084 2926 2306 2992 turnini,
2339 2933 2393 2983 et
2421 2942 2491 2983 ex
2517 2924 2773 2982 omnibus
2800 2924 2916 2980 istis
2970 2940 3092 2995 quae
3144 2924 3279 2980 mihi
3308 2934 3363 2983 et
3390 2927 3509 2982 sedi
3550 2943 3691 2985 mea

2084 3024 2246 3087 atque
2274 3014 2553 3072 canonicis
2581 3014 2813 3084 retineo,
2847 3013 3102 3070 convenit
3131 3013 3272 3069 inter
3301 3030 3399 3070 nos
3439 3023 3497 3071 ut
3552 3016 3688 3072 nihil

2080 3120 2317 3177 unquam
2350 3104 2645 3176 impediam
2674 3119 2852 3174 neque
2881 3102 3018 3157 alias
3066 3101 3459 3172 transfundam,
3508 3118 3686 3176 neque

2074 3195 2238 3250 ullam
2269 3192 2635 3248 difficultatem
2664 3197 2849 3248 contra
2867 3190 3057 3246 sedem
3080 3205 3283 3257 meam,
3302 3199 3361 3246 et
3375 3192 3674 3250 canonicos

2073 3282 2246 3353 ipsius
2278 3281 2464 3337 sedis':
2498 3279 2730 3335 similem
2785 3278 3202 3334 conventionem
3232 3279 3374 3335 facio
3399 3280 3467 3337 de
3498 3283 3673 3338 omni-

2072 3371 2176 3426 bus
2204 3370 2310 3424 illis
2337 3384 2460 3441 quze
2481 3375 2762 3424 remanent
2787 3365 2922 3438 juris
2950 3365 3137 3423 Sancti
3158 3367 3461 3424 Saturnini.
3525 3369 3673 3427 Pro-

2071 3469 2192 3532 pter
2218 3461 2323 3515 hoc
2349 3457 2631 3527 placitum,
2659 3463 2712 3512 et
2740 3462 2964 3528 propter
2990 3454 3425 3513 constitutionem
3475 3474 3675 3532 supra-

2069 3550 2195 3606 dicti
2228 3548 2433 3605 ordinis
2459 3545 2606 3618 quod
2644 3545 2939 3616 episcopus
2968 3544 3392 3617 prmnominatus
3454 3549 3676 3606 lsarnus

2068 3638 2335 3696 consentit
2362 3652 2427 3694 ac
2454 3635 2722 3707 permittit
2749 3633 2956 3690 institui
3012 3635 3368 3692 monasticam
3423 3638 3671 3711 regulam

2067 3728 2123 3784 in
2151 3729 2274 3785 loco
2305 3726 2493 3783 Sancti
2522 3723 2820 3793 Saturnini,
2851 3738 2957 3797 ego
3005 3723 3326 3780 Guillelmus
3370 3725 3672 3784 Tolosanus

2067 3833 2256 3875 comes
2286 3817 2431 3872 dono
2460 3827 2517 3871 et.
2545 3815 2709 3870 laudo
2738 3821 2793 3869 et
2817 3813 2976 3871 ﬁrmo
3001 3812 3106 3884 ipsi
3147 3813 3405 3886 episcopo
3460 3816 3666 3888 Isarno,

2067 3916 2125 3963 ut
2153 3914 2370 3979 propter
2397 3902 3013 3960 excommunicationem
3044 3902 3349 3972 apostolici,
3407 3905 3495 3960 vel
3549 3907 3668 3976 ejus

2065 3995 2233 4068 legati
2264 4006 2543 4063 nunquam
2574 3998 2757 4046 contra
2786 3989 2988 4060 pellam
3035 3988 3114 4044 illi
3170 3991 3434 4048 honorem
3485 4009 3666 4065 neque

2066 4085 2334 4151 auferam,
2366 4096 2543 4152 neque
2562 4078 2732 4134 ullam
2760 4078 2870 4132 vim
2899 4076 3148 4147 inferam,
3181 4085 3234 4133 et
3279 4088 3506 4152 propter
3560 4086 3666 4141 hoc

2064 4173 2211 4228 idem
2244 4170 2502 4243 placitum
2523 4169 2668 4224 dono
2697 4174 2751 4222 et
2778 4165 2933 4221 firmo
2960 4165 3058 4233 illi,
3089 4174 3146 4220 ut
3174 4165 3245 4221 ab
3264 4168 3530 4226 hodierno
3571 4172 3662 4228 die

2062 4262 2132 4317 de
2157 4260 2303 4316 nullo
2333 4258 2529 4315 clerico
2572 4255 2836 4327 accipiam
2887 4253 3155 4324 justitiam
3209 4256 3300 4326 qui
3349 4257 3556 4316 habitet
3600 4261 3657 4316 in

2062 4350 2323 4407 suburbio
2351 4348 2439 4405 vel
2468 4348 2521 4402 in
2551 4347 2770 4402 civitate
2800 4352 3082 4415 postquam
3110 4359 3371 4401 coronam
3412 4348 3663 4409 habuerit

2058 4441 2114 4497 in
2143 4440 2336 4512 capite,
2368 4452 2546 4509 neque
2573 4434 2840 4506 accipiam
2865 4432 3125 4503 justitiam
3154 4433 3224 4489 de
3272 4434 3491 4506 Bajulis,
3550 4455 3655 4495 ne-

2060 4546 2165 4603 que
2195 4529 2262 4585 de
2291 4526 2653 4584 servientibus
2679 4523 2791 4579 suis
2821 4521 2913 4595 qui
2942 4523 3047 4577 sint
3074 4522 3129 4576 in
3160 4522 3396 4591 civitate,
3454 4526 3543 4583 vel
3596 4528 3656 4585 in

2060 4620 2258 4691 burgo.
2288 4619 2420 4673 Haec
2447 4616 2633 4673 omnia
2660 4615 2797 4670 sicut
2824 4612 2880 4668 in
2906 4612 3010 4668 hac
3038 4613 3225 4668 charta
3252 4613 3453 4685 scripta
3508 4627 3652 4689 sunt,

2060 4710 2134 4765 ita
2159 4708 2305 4765 dono
2333 4723 2436 4780 ego
2466 4704 2809 4775 supradictus
2836 4717 3040 4769 comes,
3068 4709 3122 4757 et
3174 4702 3335 4758 laudo
3390 4711 3443 4761 et
3496 4704 3658 4767 firmo

2062 4800 2177 4854 Deo
2207 4804 2263 4853 et
2283 4803 2469 4851 sancto
2499 4793 2773 4866 Stephano
2798 4790 3073 4862 praedictae
3102 4790 3248 4846 sedis
3292 4800 3344 4848 et
3396 4794 3652 4868 episcopo

2061 4890 2245 4943 lsarno
2301 4884 2717 4955 praenominato,
2741 4886 2905 4951 atque
2925 4879 3197 4936 canonicis
3217 4880 3461 4951 ejusdem
3505 4886 3653 4942 sedis

2062 4975 2428 5048 praesentibus
2449 4981 2502 5028 et
2531 4971 2745 5037 futuris,
2803 4976 2856 5025 et
2913 4976 2969 5024 ut
3024 4985 3299 5041 nunquam
3352 4970 3653 5048 irrumpere

2059 5064 2291 5136 possim,
2322 5062 2417 5118 sed
2446 5076 2662 5132 semper
2689 5058 2846 5114 ﬁrma
2877 5058 3165 5114 stabilitate
3208 5065 3420 5116 teneam
3475 5071 3530 5118 et
3583 5063 3652 5117 ﬁ-

2060 5154 2257 5210 deliter
2283 5152 2589 5219 observem,
2622 5149 2678 5204 in
2706 5148 2924 5204 nomine
2952 5155 3151 5204 sanctae
3194 5146 3326 5205 fidei
3379 5150 3651 5207 osculatus

2058 5259 2181 5299 sum
2237 5240 2557 5313 praedictum
2604 5238 2922 5309 episcopum
2975 5238 3317 5305 Isarnum,et
3365 5238 3657 5295 canonicos

2060 5333 2176 5402 ejus
2203 5329 2370 5386 sedis.
2398 5329 2660 5384 Praeterea
2716 5325 3114 5395 constituimus,
3172 5332 3226 5380 et
3260 5333 3518 5396 perpetua
3546 5326 3655 5383 ob-

2059 5419 2367 5475 servatione
2396 5416 2703 5486 definimus,
2733 5422 2792 5471 ut
2822 5416 2876 5471 in
2904 5413 3295 5487 prmnominato
3314 5412 3436 5470 loco
3464 5415 3655 5474 Sancti

2063 5506 2337 5566 Saturnini
2391 5522 2666 5579 nunquam
2721 5506 2989 5562 instuatur
3043 5501 3236 5572 abbas,
3295 5502 3396 5561 sed
3440 5519 3655 5579 semper
