3972 6072
479 241 582 296 983

873 246 931 302 S.
970 242 1169 301 HUGO
1208 243 1436 299 ABBAS
1468 245 1791 302 CLUNIAG.
1826 279 1895 289 —-
1927 249 2209 306 DIVERS.
2256 251 2722 315 DONATIONES
2754 261 2880 318 ΡΙιΕ
2911 263 3048 320 PRO
3079 264 3395 323 CLUNIAC.

3700 270 3806 324 98$

476 364 680 422 habeat
709 376 762 423 et
791 377 966 425 teneat
994 368 1145 424 illum
1182 384 1303 423 cum
1332 368 1513 438 priore
1544 386 1639 425 suo
1666 374 2079 444 suprascriptus
2106 374 2162 435 A
2191 392 2369 432 meam
2399 379 2629 439 decima:
2657 383 2724 439 de
2756 392 2896 441 terra
2925 387 3166 457 Cetonis,
3198 396 3249 443 et
3280 390 3348 444 de
3376 390 3635 445 omnibus
3696 408 3806 447 ne-

474 454 651 510 abbas
677 457 1061 523 Cluniacensis,
1111 473 1175 511 ac
1197 473 1543 514 successores
1576 461 1695 531 ejus
1727 478 1827 531 per
1856 479 2076 518 manum

476 543 739 615 episcopi,
769 554 821 600 et
849 546 1234 602 canonicorum
1266 546 1442 617 ipsius
1472 548 1638 617 sedis,
1672 552 1912 621 exceptis
1970 551 2082 607 illis

478 649 599 704 quae
628 634 874 704 superius
903 633 1218 689 nominatim
1256 650 1517 705 expressa
1548 646 1757 693 retenta
1810 648 1953 709 sunt,
2013 640 2080 696 ad

477 737 615 792 opus
646 722 887 791 episcopi
912 730 966 777 et
997 724 1384 780 canonicorum
1440 725 1687 795 ejusdem
1742 728 1905 798 sedis,
1929 729 2082 785 salva

479 810 800 865 auctoritate
830 810 1102 881 ipsorum.

548 906 666 963 Hoc
695 914 864 962 totum
915 909 1115 964 factum
1162 917 1243 965 est
1298 912 1351 966 in
1381 914 1670 983 praesentia
1696 916 1933 972 Huualdi
1981 934 2076 973 su-

484 995 773 1065 prascripti
832 996 1069 1066 abbatis,
1128 1004 1181 1053 et
1222 1000 1453 1056 Arualdi
1485 1002 1698 1058 abbatis
1748 1007 1917 1061 sancti
1961 1008 2080 1063 Au-

481 1082 659 1148 dardi,
694 1091 746 1138 et
775 1085 915 1139 Petri
943 1084 1143 1155 prioris
1174 1088 1359 1143 Sancti
1389 1089 1668 1161 Stephani,
1700 1101 1754 1147 et
1810 1094 2083 1151 Ramundi

477 1170 701 1240 ejudcm
736 1170 842 1228 loci
874 1176 1140 1243 canonici,
1174 1184 1227 1231 et
1284 1178 1427 1231 Petri
1484 1180 1776 1248 Benedicti,
1833 1190 1886 1238 et
1941 1185 2080 1240 Ber-

476 1260 635 1314 nardi
675 1262 973 1330 Benedicti,
1016 1272 1067 1318 et
1115 1265 1288 1319 Pontii
1357 1267 1613 1324 Bernardi
1676 1272 1744 1326 de
1814 1273 2080 1346 Lavauro,

471 1355 524 1404 et
554 1349 726 1405 Isarni
751 1350 916 1407 Revel
947 1360 999 1408 et
1028 1353 1201 1408 Pontii
1238 1354 1489 1412 Ebrardi.

1156 1479 1382 1533 XXVII.

477 1570 689 1626 Charta
718 1571 1045 1629 donationis
1064 1574 1340 1632 Ecclesia:
1360 1580 1549 1634 sancti
1572 1583 1728 1638 Petri
1752 1582 2076 1641 Cetonensis

941 1646 1303 1704 Cluniacensi
1332 1651 1595 1708 camobio.
1788 1662 1793 1667 ‘

476 1765 607 1839 [Bav
636 1783 708 1823 nn
738 1783 804 1823 LA
836 1768 1173 1840 CLFRGERIE,
1210 1775 1350 1829 Hist.
1383 1776 1478 1831 des
1512 1783 1720 1834 comtds
1765 1778 2074 1847 d'AIencon

892 1864 949 1914 et
980 1858 1057 1915 du
1090 1863 1322 1929 Perche,
1359 1881 1491 1936 pag.
1533 1866 1649 1939 72.]

542 1971 601 2025 In
633 1971 853 2027 nomine
881 1973 1052 2028 Patris
1083 1982 1135 2029 et
1164 1975 1284 2031 Filii
1313 1985 1367 2032 et
1402 1978 1635 2049 Spiritus
1663 1984 1857 2039 sancti.

536 2059 735 2114 Notum
768 2077 884 2116 esse
904 2062 1157 2118 volumus
1188 2066 1442 2120 omnibus
1466 2077 1668 2124 sanctae
1695 2071 2074 2130 DeiEcclesiae

470 2147 569 2203 Dei
587 2147 838 2203 ﬁdelibus
858 2158 966 2204 tam
985 2154 1343 2221 praesentibus
1383 2172 1545 2225 quam
1588 2159 2071 2232 subsequentibus,

462 2238 607 2307 quod
633 2252 736 2308 ego
768 2238 1042 2294 Galterius
1092 2241 1413 2297 Chesnellus
1462 2245 1606 2302 dono
1662 2248 1903 2305 Domino
1959 2252 2073 2308 Deo

464 2326 844 2396 omnipotenti,
879 2331 931 2382 et
960 2338 1145 2385 sancto
1176 2331 1331 2386 Petro
1361 2335 1612 2402 apostolo
1657 2336 1852 2392 Christi
1913 2348 2073 2410 atque

465 2415 747 2470 monachis
770 2415 1218 2473 Cluniacensibus
1247 2421 1337 2492 qui
1368 2430 1491 2475 sunt
1518 2424 1680 2493 positi
1704 2426 1772 2480 ad
1821 2436 2070 2483 sanctum

464 2503 779 2573 Dionysium
811 2505 867 2558 in
897 2506 1153 2577 Nogeuto
1184 2517 1358 2565 castro
1389 2510 1457 2565 de
1489 2512 1720 2579 Pertico,
1772 2515 2066 2571 Ecclesiam

466 2591 638 2647 sancti
682 2593 822 2648 Petri
866 2594 1203 2665 Cetonensis,
1243 2614 1367 2653 cum
1425 2601 1681 2656 omnibus
1710 2605 2070 2674 \appenditiis

472 2679 603 2747 suis,
662 2682 842 2735 omnia
900 2700 1021 2753 quae
1049 2684 1262 2740 deintus
1318 2688 1404 2742 vel
1455 2690 1523 2744 de
1543 2689 1680 2745 foris
1712 2693 1936 2748 videbar
1967 2696 2068 2748 ba-

469 2767 621 2836 bere,
656 2768 909 2823 videlicet
961 2786 1177 2826 omnem
1240 2782 1436 2830 terram
1466 2779 1672 2833 cultam
1705 2789 1757 2834 et
1812 2782 2069 2837 incultam

460 2871 581 2925 quae
612 2856 873 2911 Ecclesia:
903 2858 1189 2915 videbatur
1206 2861 1331 2931 jure
1359 2864 1650 2934 pertinere,
1697 2872 2067 2925 coemeterium

462 2943 536 2997 ad
568 2942 872 2998 faciendum
905 2946 1052 3000 aedes
1082 2951 1501 3020 monachorum,
1536 2954 1765 3027 burgum
1789 2958 1948 3012 etiam
1965 2959 2068 3013 de-

2188 469 2432 525 moribus
2464 472 2604 529 meis
2631 473 2678 529 si
2709 490 2917 531 messes
2942 475 2996 531 in
3024 477 3104 533 eis
3124 477 3284 534 factae
3313 478 3542 534 fuerint.
3582 479 3646 536 Si
3709 479 3803 551 qui

2193 573 2321 613 vero
2353 558 2419 614 de
2448 560 2611 617 feudo
2633 579 2756 618 meo
2776 563 3083 635 habuerint,
3106 574 3160 622 et
3193 566 3321 622 inde
3342 567 3477 623 dare
3497 584 3593 624 seu
3624 569 3802 624 etiam

2189 647 2445 717 vendere,
2488 650 2576 705 vel
2615 651 2670 706 in
2725 653 3097 710 vadimonium
3135 655 3406 712 voluerint
3442 657 3661 713 mittere
3727 656 3804 712 li-

2187 734 2502 795 bentissime
2530 742 2793 811 concedo,
2828 759 2893 799 ea
2922 744 3130 801 scilicet
3181 746 3411 815 ratione,
3466 753 3529 802 ut
3580 746 3802 801 nullam

2188 825 2534 885 donationem
2568 830 2651 886 vel
2680 831 3046 888 venditionem
3076 834 3147 890 ad
3176 834 3342 890 alium
3371 834 3553 891 locum
3580 833 3799 907 possint

2187 914 2370 972 facere
2406 918 2507 973 nisi
2536 920 2824 975 monachis
2880 921 2943 976 S.
3000 922 3150 977 Petri
3203 922 3537 979 Clunieusis.
3593 922 3795 979 Adhuc

2187 1005 2346 1061 etiam
2372 1007 2516 1063 addo
2547 1015 2752 1064 tantum
2782 1009 2851 1065 de
2904 1011 3072 1080 pratis
3102 1011 3236 1067 meis
3283 1012 3528 1069 ecclesiae
3581 1027 3792 1081 supra-

2185 1093 2345 1151 dicta:
2374 1094 2555 1153 Sancti
2584 1097 2745 1165 Petri,
2776 1107 3036 1169 quantum
3091 1099 3339 1157 suiﬁcere
3385 1101 3566 1171 possit
3611 1100 3791 1156 herba

2185 1184 2276 1238 uni
2307 1187 2488 1241 aratro
2516 1202 2614 1257 per
2643 1191 2812 1242 totum
2843 1203 3063 1243 annum.
3096 1189 3257 1245 Facio
3285 1191 3389 1246 hoc
3416 1189 3625 1245 donum
3683 1205 3790 1260 pro

2182 1273 2562 1346 redemptione
2591 1277 2789 1333 animm
2817 1293 2955 1333 meae
2990 1286 3041 1334 et
3068 1278 3246 1348 patris
3297 1278 3426 1347 mei,
3475 1285 3529 1334 et
3571 1278 3785 1346 matris,

2184 1366 2348 1430 atque
2399 1376 2499 1430 pro
2567 1361 2825 1417 omnibus
2877 1363 3194 1433 parentibus
3263 1363 3422 1432 meis,
3479 1372 3589 1418 tam
3647 1363 3789 1419 vivis

2185 1464 2347 1516 quam
2379 1457 2433 1504 et
2459 1449 2748 1515 defunctis.
2770 1459 2828 1506 ut
2847 1451 3132 1519 Dominus,
3163 1452 3629 1508 intercedentibus
3657 1466 3783 1506 om-

2183 1536 2341 1592 nibus
2370 1540 2590 1606 sanctis,
2648 1540 2705 1594 in
2750 1542 3008 1611 praesenti
3065 1541 3265 1597 saeculo
3293 1549 3347 1596 et
3393 1540 3451 1596 in
3472 1541 3657 1597 futuro
3686 1541 3786 1596 mi-

2181 1634 2429 1681 sereatur
2454 1629 2707 1683 omnibus
2730 1628 2906 1685 nobis.
2922 1629 3085 1686 Facio
3101 1638 3282 1685 autem
3308 1630 3412 1686 hoc
3446 1630 3649 1685 donum
3682 1646 3785 1685 una

2102 1723 2158 1785 Β
2187 1732 2310 1770 cum
2339 1732 2559 1772 assensu
2591 1717 2770 1772 fratris
2801 1719 2907 1773 mei
2938 1720 3121 1774 Ivonis
3151 1719 3441 1784 Chesnelli,
3475 1719 3571 1790 qui
3619 1735 3782 1775 unum

2187 1821 2386 1875 equum
2415 1821 2514 1876 pro
2545 1806 2863 1863 laudatione
2909 1816 3096 1878 postea
3141 1808 3345 1876 habuit,
3392 1823 3514 1864 cum
3573 1823 3685 1879 quo
3731 1808 3783 1862 in

2186 1894 2522 1949 Hierusalem
2554 1895 2813 1965 perrexit.
2844 1895 3109 1951 Laudavit
3151 1897 3310 1952 etiam
3359 1897 3633 1952 Dominus
3687 1911 3785 1952 co-

2186 1998 2300 2037 mes
2358 1983 2650 2054 Rogerius,
2716 1993 2770 2039 et
2838 1985 3230 2052 corroboravit,
3286 1993 3448 2056 atque
3501 1984 3630 2040 ﬁliis
3678 1985 3787 2040 suis

2187 2071 2388 2126 domno
2420 2072 2654 2128 Roberto
2684 2082 2734 2128 et
2765 2074 2968 2130 domno
3008 2074 3225 2146 Hugoni
3280 2072 3588 2131 conﬁrmari
3624 2074 3781 2132 fecit.

2183 2159 2235 2215 Si
2269 2160 2390 2232 quis
2419 2167 2598 2216 autem
2631 2163 2829 2218 donum
2862 2163 3179 2219 calumniari
3222 2163 3478 2231 soluerit,
3522 2163 3783 2233 pietatem

2182 2263 2247 2302 ex
2280 2249 2381 2304 hoc
2412 2264 2521 2303 non
2548 2249 2790 2319 habebit,
2822 2259 2874 2306 et
2901 2251 3004 2306 nisi
3034 2251 3318 2323 resipuerit
3344 2258 3397 2305 et
3442 2251 3512 2306 ad
3559 2251 3786 2305 satisfa-

2185 2338 2419 2393 ctionem
2480 2339 2787 2411 confugerit
2834 2348 3016 2410 pereat
3076 2341 3133 2395 in
3174 2349 3380 2396 aeterna
3435 2340 3785 2396 damnatione

2180 2420 2310 2482 cum'
2331 2427 2554 2483 diabolo
2585 2436 2638 2483 et
2666 2430 2787 2499 ejus
2815 2430 3042 2501 angelis.
3075 2430 3194 2501 Ego
3224 2446 3439 2501 quoque
3465 2445 3785 2503 expugnare

2178 2533 2301 2572 cum
2333 2517 2433 2572 Dei
2462 2517 2731 2587 adjutorio
2771 2519 2995 2588 curabo,
3046 2535 3330 2592 quousque
3388 2519 3675 2575 convictus
3728 2526 3783 2575 et

2179 2607 2250 2661 ad
2279 2606 2508 2661 nihilum
2543 2607 2806 2662 deductus
2829 2608 3124 2676 judiciaria
3150 2615 3416 2678 potestate
3442 2616 3694 2677 cogatur,
3720 2615 3781 2662 ut

2180 2695 2394 2767 triginta
2425 2697 2592 2751 libras
2646 2698 2762 2753 auri
2817 2698 3113 2767 persolvat.
3169 2697 3238 2752 Et
3287 2706 3351 2752 ut
3408 2696 3529 2752 haec
3592 2698 3779 2752 charta

2177 2784 2332 2840 ﬁrma
2362 2795 2703 2855 permaneat,
2731 2787 2859 2841 inde
2888 2795 3013 2841 sunt
3039 2794 3201 2841 testes
3233 2786 3326 2855 qui
3378 2787 3482 2841 hoc
3532 2785 3778 2840 viderunt

2176 2883 2227 2928 et
2259 2875 2565 2940 audierunt,
2594 2877 2828 2931 domnus
2846 2875 3067 2931 Hoellus
3100 2874 3523 2931 Cenomanensis
3556 2876 3774 2944 episco-

2178 2979 2296 3031 pus,
2321 2963 2647 3019 Guicherius
2682 2964 2943 3031 decanus,
2985 2963 3312 3031 Gauﬂ‘ridus,
3332 2972 3384 3018 et
3416 2962 3558 3019 alius
3596 2963 3773 3019 Gauf-

468 3030 603 3143 lforis
627 3032 695 3087 ad
728 3031 1006 3143 faqiendas
1034 3034 1227 3143 domos
1240 3039 1308 3093 ad
1336 3056 1685 3114 quoscunque
1714 3046 1966 3102 homines
1994 3049 2065 3101 il-
2097 3078 2148 3143 α
2180 3030 2349 3105 fridus
2421 3052 2822 3120 archidiaconi,
2900 3053 3235 3109 Fulcbradus
3305 3052 3769 3143 archipresbyter,

454 3120 631 3175 lorum
660 3129 709 3175 et
743 3122 812 3175 ad
843 3130 1008 3177 totam
1040 3125 1372 3183 voluntatem
1403 3146 1556 3185 suam
1589 3132 1895 3188 faciendam
1920 3154 1931 3199 ;
1954 3145 2061 3191 sta-

461 3225 633 3280 gnum
659 3210 906 3265 etiamad
936 3228 1066 3267 usus
1097 3217 1483 3273 monachorum
1513 3218 1645 3276 inibi
1700 3222 2063 3281 habitantium

464 3297 532 3353 ad
564 3298 907 3369 piscandum,
940 3308 992 3356 et
1020 3301 1075 3355 in
1096 3319 1286 3359 omnes
1315 3306 1451 3363 alias
1478 3324 1647 3380 aquas
1674 3327 1823 3369 meas
1878 3315 2063 3385 pisca-

464 3386 688 3444 tionem.
720 3386 997 3444 Volturam
1029 3390 1192 3447 etiam
1222 3395 1520 3452 molendini
1549 3399 1640 3469 qui
1696 3400 1751 3454 in
1784 3401 1905 3473 ipso
1946 3410 2063 3458 sta-

473 3491 585 3546 gno
614 3476 760 3531 situs
790 3485 890 3547 est,
921 3478 990 3534 de
1020 3482 1251 3537 annonis
1279 3484 1389 3540 suis
1418 3488 1658 3544 concedo
1678 3488 1776 3559 eis,
1799 3498 1853 3545 et
1880 3508 2064 3547 aream

468 3562 764 3620 molendini
821 3564 876 3620 in
932 3583 1075 3639 aqua
1105 3570 1374 3627 Marosaia
1403 3574 1596 3631 subtus
1646 3586 1883 3634 montem
1914 3582 2062 3637 Ted-

460 3652 626 3706 barti.
665 3652 922 3724 Adjungo
978 3655 1141 3710 etiam
1170 3659 1459 3717 ecclesiam
1502 3666 1828 3722 sanctissimi
1854 3669 2063 3725 Nicolai

469 3756 593 3794 cum
611 3739 864 3795 omnibus
895 3744 1234 3812 appendiciis
1258 3750 1389 3818 suis,
1420 3759 1621 3807 terram
1651 3755 1849 3811 cultam
1882 3767 1934 3812 et
1975 3759 2063 3813 in-

463 3827 688 3893 cultam,
746 3838 907 3902 atque
955 3833 1250 3889 molendini
1282 3855 1464 3895 aream
1516 3843 1704 3899 subtus
1732 3847 2061 3913 ecclesiam;

467 3916 793 3988 posnadium
824 3934 1038 3990 quoque
1070 3924 1281 3981 remitto
1317 3929 1563 3985 omnium
1616 3949 1908 4002 porcorum
1939 3954 2060 3994 mo-

472 4006 770 4061 nachorum
799 4016 851 4063 et
879 4009 1164 4067 hominum
1194 4015 1407 4072 illorum
1456 4020 1547 4092 qui
1579 4021 1633 4077 in
1661 4023 1824 4080 domo
1855 4026 1932 4080 illi
1958 4027 2061 4083 de-

473 4095 713 4150 serviunt
740 4112 839 4167 per
866 4113 1054 4155 omnes
1083 4103 1251 4158 saltus
1281 4123 1450 4180 meos,
1482 4121 1703 4183 excepta
1718 4114 1841 4169 sola
1862 4114 2061 4172 foresta

466 4183 815 4275 quzedicitur
844 4186 1180 4247 Corbonum.
1215 4192 1372 4261 Quod
1409 4198 1455 4252 si
1485 4198 1538 4253 in
1570 4200 1663 4256 illa
1695 4203 1899 4258 foresta
1917 4203 2063 4275 porci

464 4273 572 4328 mei
588 4272 966 4344 discurrerint,
999 4278 1252 4337 similiter
1278 4300 1495 4356 quoque
1527 4288 1581 4343 in
1608 4289 1701 4345 illa
1758 4272 2062 4362 porci'mo-

462 4362 766 4418 nachorum
796 4364 1122 4421 discurrant.
1186 4372 1268 4425 Ad
1321 4374 1554 4431 aediﬁcia
1600 4396 1818 4449 quoque
1870 4397 2056 4437 eorum

459 4448 547 4504 vel
579 4451 817 4506 omnium
846 4453 1127 4511 hominum
1157 4457 1373 4517 illorum
1405 4448 1674 4533 facienda,
1722 4448 1773 4524 et
1809 4469 1877 4524 ad
1907 4470 2056 4526 cale-

463 4537 772 4595 faciendum
803 4541 857 4595 in
880 4558 1070 4599 omnes
1099 4547 1268 4603 saltus
1297 4567 1450 4609 meos
1479 4554 1627 4627 ligna
1657 4559 1920 4627 concedo,
1953 4576 2056 4614 ex-

458 4635 616 4699 cepto
638 4626 840 4686 foresta
869 4630 1152 4692 Corbono.
1191 4638 1349 4698 Dono
1378 4626 1537 4699 etiam
1568 4660 1787 4702 omnem
1841 4626 2053 4719 partem

2177 3140 2593 3195 Guandabertus
2623 3141 3048 3210 archidiaconus,
3092 3142 3360 3198 Hubertus
3388 3140 3771 3211 archipresby-

2171 3236 2272 3295 ter,
2332 3230 2494 3285 Oddo
2532 3238 2586 3285 et
2641 3231 2954 3303 Hesgodres
3013 3229 3265 3287 canonici
3319 3228 3669 3284 Hildebertus
3715 3236 3770 3284 et

2172 3316 2413 3387 Orricus,
2459 3319 2725 3375 Rodulfus
2759 3328 2918 3390 atque
2944 3319 3240 3376 Gradulfus
3292 3317 3559 3375 canonici.
3594 3318 3768 3373 Dom-

2172 3422 2273 3460 nus
2320 3408 2590 3480 Bogerius
2629 3424 2830 3477 comes,
2889 3416 2944 3465 et
2996 3409 3228 3465 domnus
3285 3408 3558 3464 Robertus
3609 3414 3769 3477 atque

2174 3496 2404 3551 domnus
2424 3497 2583 3568 Hugo
2611 3497 2707 3552 ﬁlii
2737 3498 2872 3568 ejus,
2897 3497 3223 3554 Guillelmus
3254 3496 3521 3562 Goiettus,
3572 3495 3769 3552 Guile—

2171 3601 2263 3640 rus
2292 3584 2363 3641 de
2420 3586 2674 3652 Vilereio,
2729 3587 3033 3642 Bernardus
3085 3586 3155 3643 de
3205 3585 3454 3652 Feritate,
3510 3583 3773 3640 Rotrocus

2172 3674 2240 3729 de
2305 3674 2637 3744 Monteforti,
2700 3675 3025 3732 Guillelmus
3060 3677 3379 3743 Anatomus,
3440 3672 3774 3729 Guillelmus

2173 3763 2515 3832 Guittardus,
2592 3764 2850 3820 Bladinus
2921 3765 3266 3837 praepositus,
3352 3762 3627 3834 Gerogius
3696 3761 3772 3816 de

2170 3853 2348 3917 Ulmo,
2380 3853 2660 3908 Ricberius
2717 3861 2768 3909 et
2824 3853 3086 3910 Girardus
3127 3852 3477 3920 Forestarius,
3535 3853 3629 3906 Ivo
3658 3852 3768 3905 Pa-

2169 3958 2366 4014 ganus,
2399 3943 2466 3997 de
2496 3942 2891 4013 Villa-perdita,
2920 3944 3209 3998 Durannus
3241 3943 3410 3998 homo
3441 3939 3685 4012 Gerogii.

2242 4032 2356 4087 Hoc
2384 4040 2559 4086 autem
2619 4032 2799 4087 sciant
2837 4047 3027 4087 omnes
3065 4031 3334 4100 catholici,
3374 4030 3519 4102 quod
3556 4030 3614 4083 in
3641 4043 3768 4083 om-

2170 4119 2331 4176 nibus
2375 4119 2697 4191 supradictis
2739 4120 2896 4175 donis
2929 4128 2981 4176 et
3036 4121 3091 4175 in
3130 4135 3253 4176 meo
3304 4118 3551 4175 dominio
3601 4126 3654 4172 et
3705 4116 3766 4171 in

2168 4209 2424 4265 omnibus
2489 4225 2610 4279 quas
2668 4208 2775 4265 mei
2837 4210 3085 4265 homines
3143 4208 3409 4264 dederunt
3458 4206 3546 4262 vel
3590 4204 3766 4260 daturi

2167 4306 2310 4364 sunt,
2348 4298 2474 4354 dedi
2505 4304 2557 4353 et
2587 4297 2826 4353 concessi
2853 4313 2978 4353 cum
3009 4313 3239 4353 assensu
3269 4295 3449 4352 fratris
3476 4294 3586 4349 mei
3613 4293 3729 4349 Yvo

2168 4386 2254 4442 nis
2280 4403 2469 4442 omnes
2501 4386 2919 4443 consuetudines
2937 4402 3088 4442 meas
3109 4402 3241 4458 quas
3259 4386 3312 4441 in
3333 4384 3413 4441 eis
3442 4383 3715 4440 habebam
3749 4397 3764 4438 :

2169 4475 2459 4542 teloneum,
2519 4476 2744 4544 scilicet,
2799 4475 3080 4547 vicariam,
3146 4474 3369 4536 furtum.
3426 4471 3764 4536 incendium,

2166 4573 2376 4635 raptum
2408 4573 2461 4620 et
2490 4564 2752 4635 quidquid
2782 4564 3189 4622 consuetudinis
3219 4564 3278 4619 in
3307 4564 3413 4619 hac
3442 4569 3586 4617 terra
3624 4559 3770 4615 solet

2162 4652 2358 4726 inquiri
2386 4655 2474 4711 vel
2504 4653 2792 4710 nominari.
