4030 6084
1666 497 1847 546 ANNO
1896 498 2140 547 DOMINI
2177 498 2314 547 MCX

1290 669 2563 817 VALRAMUS

1476 887 1860 946 EPISCOPUS
1898 889 2452 948 NUMBURGENSIS

1794 1049 2108 1066 *-

877 1188 1764 1305 ΝΟΤΙΤΙΑ
1888 1188 3029 1312 HISTORICA

1001 1415 1250 1486 (ΡΑΒιιιο.
1287 1415 1632 1473 Bibliotheca
1662 1416 1862 1473 media:
1891 1433 1911 1473 ε

2043 1420 2096 1489 if.
2127 1418 2485 1486 Latinitatis,
2520 1427 2565 1477 t.
2603 1418 2694 1490 VI,
2723 1434 2781 1492 p.
2815 1421 2940 1490 313)

1777 1572 2149 1586 _

399 1701 738 1774 Walramus,
767 1702 837 1757 ab
867 1700 991 1756 aliis
1012 1701 1266 1758 scribitur
1288 1701 1655 1768 Waleramus,
1677 1701 2076 1770 Gualeramus,
2107 1701 2494 1771 Walrabanus,
2517 1703 2805 1774 episcopus
2834 1701 3267 1774 Numhurgensis
3294 1701 3364 1757 ab
3393 1719 3445 1759 a.
3483 1705 3617 1760 1090

319 1772 388 1829 ad
420 1777 576 1828 1110.
610 1773 744 1841 Ejus
771 1780 892 1828 sunt
925 1791 937 1827 :

387 1845 442 1898 1.
478 1840 727 1916 Epistula
759 1844 831 1900 ad
863 1842 1240 1909 Ludovieum,
1274 1842 1592 1916 Thuringiae
1625 1843 2041 1916 Landgravium,
2072 1859 2180 1914 qua
2201 1843 2391 1916 ipsum
2422 1851 2710 1916 monetut,
2741 1845 2996 1914 pontiﬁce
3027 1846 3259 1911 deserto,
3295 1840 3618 1916 imperatori

317 1913 480 1971 ﬁdem
510 1913 784 1970 exhibeat.
833 1915 1136 1970 Ediderunt
1167 1931 1286 1969 eam
1335 1913 1676 1969 Dodecbinus
1705 1916 1759 1969 in
1780 1913 2103 1984 Appendice
2147 1914 2216 1968 ad
2259 1915 2561 1976 Marianum
2594 1913 2814 1970 Scotum
2845 1932 2894 1970 a.
2928 1921 3064 1972 1090
3090 1936 3102 1978 ;
3139 1915 3402 1972 Baronius
3432 1915 3491 1984 h.
3521 1928 3599 1984 ξς,

321 2003 376 2040 n.
411 1991 441 2040 8
466 2004 478 2047 ;
514 1985 808 2058 Goldastus
837 1985 890 2040 in
920 1986 1190 2057 Apologia
1221 2000 1317 2058 pro
1330 1986 1576 2058 AHenrico
1612 1988 1701 2051 IV,
1736 2004 1789 2056 p.
1823 1981 1927 2058 _;
1956 1985 2222 2058 ΔΙμιιηίεῇμες
2253 1985 2635 2058 in_Spicilegio
2666 1986 3036 2044 ecclesiastico
3060 1987 3274 2042 Archivi
3298 1981 3602 2058 imperialis

316 2064 457 2127 part.
489 2073 552 2122 ιι,
583 2057 853 2127 Append.,
885 2073 941 2126 p.
974 2060 1074 2111 146
1099 2055 1518 2113 {Leuckfeldius
1539 2057 1590 2110 in
1617 2058 1839 2127 Antiqq.
1873 2055 2434 2127 Halberstadensibus,
2467 2073 2522 2126 p.
2551 2055 2680 2111 693.
2717 2059 2914 2112 Verum
2937 2059 3260 2125 Ludovicus,
3293 2056 3348 2110 in
3379 2069 3601 2124 respon-

310 2126 460 2183 sione
479 2143 638 2198 quam
671 2126 980 2182 llerrandus
1009 2128 1295 2197 episcopus
1323 2126 1789 2183 Halberstadensis
1806 2126 2105 2196 scripsisse
2131 2127 2344 2195 dicitur,
2375 2139 2619 2182 nostrum
2645 2129 2838 2182 acerbe
2869 2129 3084 2184 refutat.

383 2196 536 2280 2.1)};
554 2199 780 2280 unitate
801 2196 1545 2280 Εεειρερί-ιειξθῃδθνυαῃᾱαιει
1563 2199 1628 2280 de
1648 2199 1953 2280 schismate
1970 2199 2543 2280 interimpsrajerem
2553 2203 2609 2280 st
2625 2201 2955 2280 pontiﬁcem
2968 2196 3602 2280 ._I_uventus_est.primu_m

319 2269 389 2348 ab
419 2270 599 2325 Ulrico
629 2270 862 2348 Hutteno
892 2277 945 2348 e_t
977 2268 1628 2348 1529_Moguntiaa,__int4°
1660 2269 1838 2348 editus
1863 2287 1873 2321 :

1902 2276 2089 2338 postea
2117 2265 2304 2324 Simon
2336 2265 2638 2324 Schardius'
2662 2265 2888 2325 inseruit
2913 2270 3218 2327 collectioni
3251 2270 3328 2324 De
3353 2265 3607 2338 j'urisdic-

314 2341 458 2413 tione
483 2349 536 2413 et
564 2340 886 2396 auctoritate
914 2339 1146 2413 imperii,
1172 2338 1404 2413 primum
1433 2339 1506 2392 illi
1529 2340 1720 2413 locum
1748 2339 2002 2413 tribuens
2019 2355 2036 2413 ξ
2059 2338 2257 2394 deinde
2287 2339 2577 2396 Goldastus
2600 2342 2890 2413 Apologia:
2911 2358 3006 2411 pro
3027 2341 3259 2397 Henrico
3293 2338 3386 2408 IV,
3421 2353 3474 2408 p.
3509 2340 3599 2391 53.

314 2412 451 2467 Vide
481 2412 601 2468 Jac.
641 2412 1050 2466 Burckhardum
1079 2411 1146 2465 de
1181 2411 1299 2464 Vita
1331 2411 1564 2475 Hutteni,
1597 2419 1741 2480 part.
1784 2427 1844 2476 ιι,

1875 2426 1936 2479 p.
1974 2409 2065 2476 28,
2098 2418 2153 2465 et
2180 2418 2423 2466 nostrum
2455 2428 2618 2481 supra
2646 2409 2898 2475 libro'm,

2932 2429 2987 2480 p.
3021 2414 3146 2467 420.

386 2486 438 2537 3.
470 2485 559 2555 Ds
575 2485 926 2539 investitura
949 2483 1332 2555 episcoporum
1351 2497 1453 2553 per
1478 2479 1852 2554 imperatores
1875 2481 2142 2551 facienda
2167 2481 2387 2537 libellus
2407 2483 2463 2538 in
2489 2479 2825 2539 Collectione
2849 2479 3105 2539 Schardii
3126 2483 3207 2538 De
3229 2479 3610 2552 jurisdictione

313 2553 606 2623 imperiali,
639 2571 692 2609 n.
727 2556 814 2608 14.

384 2621 436 2680 ἱ.
471 2626 782 2694 Epistolam
813 2623 931 2693 ejus
961 2623 1028 2679 de
1059 2625 1114 2680 S.
1147 2622 1448 2694 Leonardo
1493 2625 1816 2693 confessore
1845 2624 2126 2680 ediderunt
2157 2623 2390 2678 Martene
2422 2631 2475 2694 et
2506 2623 2726 2678 Durand
2759 2623 2982 2680 Collect.
3017 2624 3372 2694 amplissima:
3403 2631 3533 2694 tom.
3561 2621 3609 2684 Ι,

311 2711 370 2765 p.
403 2693 525 2750 635.
561 2697 694 2750 Data
739 2705 822 2750 est
845 2702 1024 2748 autem
1071 2695 1139 2748 ad
1169 2693 1571 2765 serenissimam
1602 2701 1901 2751 matronam
1932 2697 2192 2750 domnam
2244 2693 2587 2765 Gertrudem,
2619 2710 2740 2764 quae
2769 2695 2886 2763 fuit,
2940 2703 2996 2750 ut
3026 2693 3322 2764 conjiciunt
3351 2693 3609 2765 editores:

312 2761 533 2822 Ecberti
579 2766 911 2823 marchionis
955 2765 1208 2822 Saxonis:
1237 2764 1345 2836 (vel
1393 2765 1599 2820 Misniae
1629 2765 1829 2838 potius)
1878 2766 2009 2834 ﬁlia,
2052 2765 2239 2820 relicta
2271 2764 2493 2820 Henrici
2539 2761 2755 2822 comitis
2785 2765 2854 2822 de
2874 2761 3189 2832 'Northeim,
3219 2765 3344 2821 avia
3375 2761 3614 2818 Lotharii

313 2837 676 2907 imperatoris.

385 2903 437 2966 ὃ.
468 2908 642 2962 Aliam
673 2906 973 2980 epistolam
1002 2907 1075 2980 ad
1103 2908 1436 2980 Anselmum
1464 2907 1966 2980 Cantugriensem,
1994 2921 2114 2978 qua
2143 2905 2197 2961 in
2229 2907 2390 2976 hujus
2421 2905 2696 2977 Operihus
2722 2923 2780 2978 p.
2813 2907 2917 2964 137
2945 2923 3065 2978 sqq.
3097 2913 3270 2963 exstat
3293 2903 3494 2961 additis
3521 2918 3618 2959 no-

315 2978 383 3034 tis
409 2995 465 3048 p.
500 2983 626 3041 578.
658 2978 822 3049 supra
852 2987 1000 3034 tomo
1032 2979 1074 3045 Ι,

1111 2995 1163 3047 p.
1197 2979 1320 3044 112,
1352 2986 1620 3032 memorat
1646 2977 1945 3031 Fabricius.

385 3047 440 3122 6}
474 3050 614 3120 Ejus
642 3047 859 3122 quoque
888 3048 1132 3122 epistola
1161 3049 1233 3104 ad
1262 3049 1619 3122 Ecclesium;
1638 3049 2128 3122 Bambergensem,
2186 3063 2287 3118 qua
2319 3049 2844 3122 escommunicatum
2903 3049 3144 3122 aliquem
3176 3047 3475 3122 vitandum
3491 3060 3615 3102 esse

311 3117 537 3188 indicat,
567 3122 622 3176 in
651 3117 842 3178 codice
881 3117 1246 3184 Udalriciano,
1299 3126 1448 3175 tomo
1500 3121 1548 3174 ΙΙ
1585 3119 1838 3190 Corporis
1869 3117 2391 3190 scriptorumfmedii
2421 3118 2524 3174 mvi
2553 3121 2716 3173 Joan.
2758 3117 3263 3190 GeorgiiEccardi,
3295 3134 3357 3190 ι)ὲ
3383 3117 3508 3190 263.

384 3185 537 3274 Adde
567 3193 634 3248 de
681 3193 801 3274 ipso
831 3195 962 3246 Acta
1009 3192 1255 3274 et__Facta
1301 3191 1618 3274 praesulurn‘
1646 3185 2160 3274 liuenburgensium
2190 3188 2245 3244 in
2276 3190 2629 3261 Syntagmate
2658 3185 3020 3260 Paullinia'no,
3051 3206 3106 3262 p.
3141 3191 3243 3246 183
3269 3185 3606 3258 ;’8εεὶιιο.ιιὶί

315 3262 609 3319 Historiam
637 3259 1022 3334 episcoporum
1052 3259 1556 3333 Numburgensium
1587 3259 1618 3333 ἕ
1653 3264 1706 3314 11
1725 3302 1737 3314 .

329 3477 476 3486 ---
495 3477 572 3487 οο-ο
605 3477 674 3487 ο-

1025 3613 1884 3762 VALBAMI
1960 3608 2888 3764 EPISTOLA

848 3885 940 3939 AD
970 3880 1379 3940 LUDOVICUM
1419 3879 1825 3938 THURINGL‘E
1856 3879 2362 3936 LANDGRAVIUM
2408 3880 2549 3938 CUM
2579 3882 3079 3941 REFUTATIONE

557 4061 776 4140 Quam
802 4060 930 4126 sub
961 4059 1238 4126 nomine
1267 4057 1666 4138 Landgravii
1700 4055 1908 4122 edidit
1936 4055 2319 4137 Stephanus
2347 4052 2961 4121 Halverstadiensis
2989 4055 3374 4134 episcopus.

1408 4221 1644 4293 (BABON.
1692 4218 1902 4276 Annal.
1934 4216 2006 4272 ad
2034 4228 2123 4270 an.
2156 4219 2315 4286 1090,
2348 4232 2403 4270 n.
2440 4217 2518 4285 8.)

389 4539 503 4594 Hoc
531 4537 733 4610 pariter
760 4552 924 4607 anno,
971 4536 1577 4610 illustresconfessores
1607 4533 1917 4610 (gath‘olico-
1946 4528 2002 4590 Α
2025 4539 2115 4610 est
2144 4546 2177 4588 a
2227 4529 2480 4587 Valramo
2527 4524 2986 4601 Magdehurgensi
3017 4524 3298 4597 episcopo,
3330 4524 3406 4582 sic
3435 4540 3492 4581 se
3518 4525 3623 4581 ha-

316 4625 436 4664 rum
467 4604 916 4680 propugnatores'
945 4624 1011 4663 ex
1044 4609 1145 4663 hac
1174 4607 1284 4662 vita
1330 4607 1596 4680 migrasse
1621 4604 1912 4680 Heriman-

319 4696 449 4751 num
468 4677 771 4736 Meten—sem
823 4679 1158 4751 episcopum,
1188 4677 1668 4751 etAdalberonem
1699 4677 1918 4751 Vince-

317 4749 647 4822 burgensem
697 4746 1026 4816 antistitem;
1059 4749 1380 4822 Bertholdus
1413 4746 1680 4822 affirmat;
1732 4748 1920 4822 Egge-

319 4819 530 4876 bertam
579 4822 974 4889 marchionem,
1025 4837 1125 4877 nec
1171 4835 1279 4876 non
1329 4820 1675 4875 Bertholdum
1725 4819 1920 4874 ducem

319 4892 522 4963 pariter
547 4907 622 4948 ex
651 4892 901 4947 humanis
928 4890 1174 4948 sublatos
1199 4900 1458 4963 strenuos
1484 4897 1920 4963 propugnatores

321 4961 727 5019 Catholicorum
758 4963 902 5020 idem
943 4964 1160 5019 asserit.
1197 4961 1350 5019 Unde
1382 4962 1552 5033 patuit
1581 4961 1684 5015 via'
1699 4968 1755 5015 ut
1771 4961 1920 5033 "Hen-

319 5032 462 5088 ricus
491 5034 787 5104 imperator
814 5035 867 5088 in
894 5033 1100 5089 Italiam
1133 5034 1311 5090 denuo
1341 5031 1398 5088 se
1424 5031 1691 5104 conferret
1715 5032 1917 5104 adver-

318 5120 413 5159 sus
440 5102 776 5160 Matliildem.
811 5106 891 5160 lta
929 5104 1324 5161 collabentibus
1351 5105 1405 5158 in
1437 5103 1732 5159 Germania
1757 5102 1920 5158 rebus

317 5174 736 5241 Catholicorum,
784 5175 912 5231 data
971 5183 1053 5231 est
1099 5174 1314 5231 occasio
1363 5175 1620 5230 Valramo
1661 5172 1918 5245 episcopo

318 5245 1082 5319 magdeburgensiscrihendi
1125 5245 1332 5302 litteras
1360 5245 1428 5300 ad
1459 5245 1786 5319 Ludoyicum
1817 5259 1917 5300 co-

320 5314 532 5388 mitam.
553 5357 567 5371 .
588 5357 604 5372 .
625 5314 675 5371 Γ.
715 5317 911 5388 quibus
941 5318 1185 5373 hortatus
1216 5325 1300 5372 est
1327 5333 1473 5382 eum,
1505 5324 1562 5388 ut
1597 5314 1858 5372 deﬁciens
1887 5331 1920 5370 a

317 5387 627 5462 Catholicis
657 5387 890 5444 Henrico
917 5389 1052 5462 regi
1085 5389 1399 5462 inhaereret.
1436 5387 1774 5462 Recitateas
1799 5387 1917 5462 Do-

319 5457 587 5514 decbinus
615 5459 669 5514 in
703 5457 1027 5530 Appendice
1047 5460 1117 5515 ad
1163 5459 1484 5530 Marianum,
1519 5457 1788 5530 simulque
1815 5457 1920 5512 ad-

321 5530 592 5601 versarias
646 5530 696 5585 ei
753 5529 1016 5601 redditas,
1076 5530 1271 5601 quibus
1328 5529 1462 5585 scite
1493 5529 1919 5601 prudenterque

321 5599 514 5658 eadem
545 5616 710 5659 causa
737 5599 1039 5674 disseritur,
1069 5599 1299 5673 quarum
1336 5601 1391 5658 in
1421 5599 1613 5672 primis
1643 5615 1764 5673 qua
1792 5600 1915 5656 data

2025 4604 2124 4660 bet
2153 4621 2166 4658 :

2469 4686 2808 4744 EPISTULA
2837 4686 3142 4744 VALRAMI
3153 4727 3168 4742 .

2098 4821 2128 4850 α
2168 4797 2492 4864 VAanus,
2523 4793 2620 4850 Dei
2642 4793 2817 4867 gratia
2844 4792 2900 4849 id
2929 4793 3077 4864 quod
3105 4799 3211 4865 est,
3243 4792 3527 4848 Lunovrco
3547 4804 3630 4846 se-

2026 4888 2326 4946 renissimo
2356 4883 2611 4957 principi,
2642 4899 2766 4940 cum
2795 4882 3051 4940 instantia
3079 4880 3388 4938 orationum
3417 4885 3627 4938 semet-

2027 4979 2203 5052 ipsum
2232 4976 2303 5033 ad
2331 4973 2515 5032 omnia
2544 4973 2980 5030 devotissimum.

2104 5091 2127 5116 α
2171 5065 2338 5124 Omni
2382 5077 2555 5136 regno
2584 5061 2731 5118 utilis
2777 5068 2858 5117 est
2903 5058 3222 5131 concordia,
3251 5057 3632 5117 desiderabilis

2027 5163 2107 5213 est
2120 5153 2366 5226 justitia;
2400 5153 2520 5208 haec
2549 5149 2700 5206 enim
2734 5150 2906 5206 virtus
2933 5155 3107 5206 mater
3135 5155 3218 5206 est
3245 5146 3547 5220 probitatis,
3579 5152 3634 5201 et

2028 5242 2379 5301 conservatio
2424 5240 2585 5298 totius
2611 5237 2930 5296 honestatis.
2980 5236 3084 5306 Qui
3109 5240 3314 5306 autem,
3359 5233 3624 5291 intestina

2028 5331 2333 5408 grassando
2379 5329 2740 5398 dissensione,
2790 5327 2863 5384 ad
2908 5326 3131 5384 humani
3177 5321 3462 5396 sanguinis
3494 5321 3631 5378 alios

2025 5423 2197 5480 irritat
2228 5419 2562 5486 eﬂ’usionem,
2596 5418 2848 5490 profecto
2872 5417 2956 5471 vir
2984 5414 3312 5486 sanguinum
3331 5418 3434 5478 est,
3467 5417 3630 5480 atque

2027 5511 2172 5569 illius
2192 5510 2484 5582 particeps,
2508 5509 2623 5580 qui,
2651 5514 2902 5564 nostrum
2917 5503 3244 5576 sanguinem
3262 5497 3470 5568 sitiens,
3491 5513 3632 5554 sem-

2025 5616 2128 5674 per
2160 5621 2183 5649 α
2226 5597 2421 5657 circuit
2449 5611 2700 5671 quaerens
2736 5610 2899 5667 quem
2935 5593 3163 5651 devoret
3186 5588 3236 5660 (1
3271 5588 3433 5647 Patr.
3471 5586 3549 5658 ν).
3595 5609 3617 5637 ο
