4030 6084
476 269 580 321 987

1646 259 1735 313 VA
1748 258 1954 313 LRAMI
1985 256 2205 312 EPISC.
2238 256 2596 314 NUMBURG.

3668 260 3779 313 988

476 393 553 447 Tu
621 392 804 463 igitur,
856 388 1246 461 gloriosissime
1291 388 1561 458 princeps,
1612 384 1894 440 attendens
1940 397 2070 454 quo-
2099 380 2356 452 Avitqne
2406 398 2551 463 eum,
2604 391 2869 463 quatenus
2919 384 3008 439 his
3063 385 3311 463 diligenti
3362 383 3776 463 examinatione

477 483 641 538 modo
677 506 696 531 ιι
743 481 891 535 Deus
919 480 1069 550 pacis
1111 486 1214 545 est,
1245 486 1297 532 et
1327 494 1432 533 non
1464 475 1824 531 dissensionis
1854 476 1905 542 (I
1934 475 2059 531 Cor.

478 572 593 641 XIV)
636 595 658 621 η
694 570 836 641 quod
866 586 933 624 ex
965 578 1013 623 te
1042 576 1142 636 est,
1183 583 1372 637 pacem
1405 582 1528 622 cum
1559 565 1817 620 omnibus
1850 564 2068 619 habeas.

475 662 621 715 Deus
651 659 885 714 cliaritas
913 666 1015 725 est,
1048 657 1294 710 diabolus
1338 655 1542 710 odium.
1583 656 1716 708 Tota
1746 653 1837 707 lex
1869 661 1918 708 et
1953 668 2072 723 pro-

479 750 656 820 pheta:
684 748 734 801 in
756 747 1043 800 dilectione
1074 742 1551 815 pendent(.llatth.
1587 743 1745 803 χχιι).
1785 766 1806 790 α
1850 741 1953 810 Qui
1988 757 2076 795 au-

484 845 589 893 tem
620 836 732 890 odit
766 836 982 889 fratrem
1013 850 1188 901 suum,
1222 834 1500 888 homicida
1531 841 1609 887 est
1640 834 1684 901 (Ι
1712 831 2001 901 Joan.iii),
2048 856 2068 878 »

478 941 578 981 nec
607 925 769 981 habet
799 932 1004 995 partem
1034 924 1089 977 in
1119 922 1315 978 Christi
1348 939 1516 994 regno
1548 931 1597 977 et
1631 922 1749 976 Dei.

552 1036 573 1065 ι
618 1016 733 1069 Hoc
784 1014 905 1084 ipsa
937 1012 1165 1077 Veritas,
1212 1012 1314 1067 hoc
1356 1011 1650 1081 discipulus
1698 1011 1789 1065 ille
1822 1010 2075 1065 Veritatis

480 1110 827 1175 protestatur,
860 1102 949 1174 qui
980 1101 1047 1155 de
1077 1109 1296 1172 pectore
1327 1100 1608 1154 Dominico
1640 1099 1919 1171 Evangelii
1946 1115 2074 1167 pro-

480 1192 699 1247 fundius
728 1199 942 1261 potatus
987 1190 1288 1258 veritatem,
1322 1188 1568 1243 fluminis
1610 1189 1812 1259 impetu
1843 1186 2078 1243 laetiﬁcat

483 1280 846 1335 abundantius
893 1279 1165 1333 civitatem
1196 1278 1312 1332 Dei.
1368 1278 1475 1332 Sed
1505 1276 1616 1344 ille,
1647 1293 1744 1332 vas
1776 1276 2073 1344 electionis,

483 1371 571 1439 qui
601 1385 772 1437 usque
803 1369 870 1424 ad
903 1368 1114 1423 tertium
1163 1368 1357 1424 coelum
1392 1371 1596 1435 raptus,
1644 1382 1750 1419 non
1779 1364 2075 1421 secundum

481 1458 779 1523 hominem,
832 1458 925 1511 sed
958 1473 1053 1526 per
1077 1448 1460 1511 revelationem
1509 1456 1633 1509 Jesu
1663 1454 1857 1509 Christi
1891 1455 2074 1507 Evan-

488 1548 693 1618 gelium
727 1562 879 1599 suum
911 1545 1119 1599 didicit.
1165 1566 1186 1591 α
1240 1544 1455 1609 Omnis,
1488 1544 1679 1613 inquit,
1707 1544 1887 1598 anima
1916 1550 2073 1611 pole-

482 1635 711 1690 statibus
742 1634 1148 1689 sublimioribus
1179 1634 1395 1689 subdita
1422 1634 1529 1696 sit;
1563 1649 1671 1688 non
1701 1632 1845 1687 enim
1876 1640 1957 1686 est
1989 1647 2079 1700 po-

482 1731 653 1779 testas
705 1723 804 1777 nisi
836 1740 866 1777 a
898 1724 1031 1779 Deo.
1065 1722 1166 1791 Qui
1216 1732 1396 1777 autem
1445 1721 1641 1776 resistit
1670 1721 1940 1792 potestati,
1974 1720 2072 1774 Dei
2103 1743 2156 1803 Β

479 1810 809 1867 ordinationi
839 1813 1037 1866 resistit
1067 1814 1248 1879 (Rom.
1288 1811 1427 1882 xui).
1478 1835 1497 1860 ι
1536 1811 1683 1866 Sicut
1712 1810 1871 1865 amici
1902 1809 2071 1865 nostri

477 1900 617 1955 inter
658 1900 1003 1955 mulierculas
1040 1909 1094 1954 et
1142 1900 1374 1971 simplex
1412 1901 1607 1972 vulgus
1658 1901 1947 1964 somniant,
1980 1913 2073 1953 re-

477 1987 585 2060 giae
614 1989 865 2059 potestati
914 1988 1069 2043 subdi
1102 2004 1209 2044 non
1252 1996 1522 2061 oportere,
1559 1987 1756 2042 falsum
1790 2005 1907 2043 esse
1939 2001 2070 2057 ergo

480 2076 626 2148 quod
657 2094 871 2132 omnem
913 2079 1152 2133 animam
1201 2078 1447 2149 potestati
1480 2078 1637 2132 subdi
1669 2086 1932 2148 oporteat.
1968 2076 2072 2131 Sed

478 2165 726 2235 nunquid
758 2167 971 2221 Veritas
1000 2167 1270 2222 mendacii
1292 2168 1571 2237 arguenda
1600 2176 1679 2220 est
1697 2171 1724 2220 ‘2
1754 2170 1833 2221 An
1870 2165 2076 2235 experi-

479 2263 717 2309 mentum
770 2255 1062 2325 quierimus
1107 2257 1223 2324 ejus
1252 2256 1343 2325 qui
1384 2257 1435 2308 in
1466 2254 1723 2325 Apostolo
1754 2255 2075 2325 loquebatur

480 2343 770 2398 Christus?
805 2368 825 2392 ιι
851 2348 931 2398 An
961 2344 1283 2400 aemulemur
1314 2345 1649 2399 Dominum?
1678 2344 1933 2413 Nunquid
1964 2343 2074 2398 for-

478 2433 640 2489 tiores
686 2433 779 2489 illo
809 2435 1041 2488 sumus?
1073 2434 1132 2503 (I
1190 2434 1313 2490 Cor.
1353 2435 1429 2503 x.)
1475 2457 1495 2480 »
1535 2433 1828 2488 Fortiorem
1860 2449 1920 2488 se
1949 2448 2076 2487 con-

482 2521 617 2589 ﬁdit,
651 2522 741 2592 qui
773 2523 870 2578 Dei
927 2522 1248 2578 ordinationi
1278 2523 1494 2588 resistit,
1547 2523 1804 2593 quoniam
1853 2538 1960 2576 non
1991 2529 2071 2575 est

480 2617 723 2679 potestas
747 2609 853 2662 nisi
884 2624 915 2662 a
956 2610 1088 2664 Deo.
1122 2609 1228 2664 Sed
1259 2609 1387 2679 quid
1418 2609 1491 2663 ait
1522 2609 1789 2679 prepheta
1810 2608 1838 2659 ‘?
1873 2630 1895 2655 α
1940 2608 2078 2661 Con-

483 2697 780 2752 fundantur
810 2713 1021 2764 omnes,
1047 2698 1134 2770 qui
1160 2706 1399 2769 pugnant
1430 2698 1712 2752 adversum
1746 2705 1815 2763 te,
1851 2696 2078 2751 Domine

479 2786 609 2854 (Isa.
660 2786 793 2855 xLi).
832 2809 854 2835 ιι
889 2786 994 2840 Ει;
1032 2809 1053 2834 α
1101 2785 1361 2841 Peribunt
1414 2786 1512 2841 viri
1545 2787 1635 2856 qui
1688 2786 1950 2840 resistunt
1983 2784 2076 2838 tibi

476 2872 700 2943 (ibidem
710 2888 748 2941 ).
794 2898 815 2925 »ι
847 2875 1182 2946 Rudolphus,
1214 2875 1626 2941 lIildebrandus,
1660 2875 1998 2945 Eggebertus
2027 2881 2081 2928 et

484 2962 747 3017 innumeri
778 2964 1054 3034 principes
1086 2965 1179 3017 Dei
1213 2964 1533 3019 ordinationi
1566 2964 1617 3016 in
1640 2964 1870 3018 llenrico
1900 2964 2073 3031 impe-

487 3059 663 3107 ratore
695 3053 1031 3121 restiterunt,
1064 3060 1117 3107 et
1154 3068 1278 3108 ecce
1310 3053 1462 3122 quasi
1508 3068 1616 3106 non
1648 3051 1862 3118 fuerint,
1896 3052 2079 3121 perie-

484 3150 630 3210 runt,
679 3142 801 3212 quia
854 3141 1092 3212 profecto
1141 3158 1358 3197 necesse
1387 3150 1465 3196 est
1494 3141 1695 3195 malum
1724 3140 1887 3195 fuisse
1916 3141 2074 3210 prin-

492 3230 718 3301 cipium,
745 3246 975 3301 quorum
1007 3230 1126 3284 finis
1155 3231 1421 3300 pessimus
1451 3232 1766 3285 subsecutus
1795 3238 1895 3284 est.

558 3344 579 3367 α
624 3320 781 3374 Nunc
813 3335 947 3391 ergo
987 3320 1264 3391 quoniam,
1299 3320 1389 3389 qui
1419 3336 1485 3374 ex
1516 3318 1743 3373 adversa
1773 3327 1893 3372 sunt
1924 3325 2074 3387 parte

480 3408 593 3463 suis
615 3407 903 3462 adversum
934 3423 1033 3463 nos
1075 3408 1287 3462 eminus
1317 3407 1685 3478 digladientur
1713 3406 2077 3461 ratiocinatio-

481 3496 658 3563 nibus,
712 3504 892 3550 vestro
930 3496 1157 3565 judicio,
1203 3496 1292 3549 ubi
1339 3496 1447 3565 jus,
1483 3497 1564 3550 vel
1610 3496 1770 3549 etiam
1802 3495 1855 3549 in
1902 3503 2075 3550 vestro

474 3583 685 3653 judicio
715 3584 1075 3651 conferamus,
1107 3583 1381 3639 domicilio
1414 3592 1616 3639 tantum
1648 3600 1755 3638 non
1786 3600 1886 3639 suo
1912 3599 2076 3636 usua-

478 3671 579 3736 rio,
624 3672 721 3725 sed
752 3673 953 3726 Christi
1002 3679 1054 3725 ct
1101 3671 1440 3741 antiquorum
1492 3672 1707 3726 Patrum
1753 3681 1967 3727 utamur
1993 3679 2076 3725 te-

480 3758 750 3812 stimonio.
782 3761 857 3812 Ac
887 3775 952 3813 ne
984 3760 1121 3813 forte
1149 3768 1441 3826 recusetur,
1483 3760 1569 3815 lex
1603 3761 1761 3830 hujus
1800 3770 1918 3814 esta
1949 3776 2070 3814 eer-

484 3845 722 3911 taminis,
774 3848 857 3902 vel
883 3863 973 3902 me
1022 3848 1077 3901 in
1104 3848 1429 3918 p0pulorum
1480 3850 1703 3903 transire
1730 3850 2075 3916 sententiam,

479 3933 566 3989 vel
603 3950 671 3989 ex
704 3945 883 3991 nostro
914 3936 1186 4006 triumpho
1219 3954 1314 3992 vos
1344 3938 1573 3993 Domino
1608 3947 1793 3993 nostro
1825 3939 2076 4007 impera-

478 4024 578 4079 tori
618 4024 1046 4103 lucrifaciamus.
1095 4026 1415 4083 Attendatur
1461 4035 1510 4083 et
1557 4027 1727 4081 illud:
1780 4050 1801 4077 ιι
1857 4028 1912 4083 Si
1958 4027 2077 4098 quis

475 4112 631 4168 aliter
674 4115 1010 4187 evangelizat
1056 4124 1254 4185 printer
1302 4116 1447 4187 quod
1496 4116 1939 4187 evangelizatum
1997 4125 2077 4171 est

478 4202 653 4269 vobis,
674 4205 959 4258 anathema
990 4204 1059 4258 sit
1088 4204 1241 4273 (Gal.
1263 4209 1326 4275 i).
1356 4230 1376 4253 ι
1408 4206 1522 4259 Hoc
1552 4207 1839 4259 anathema
1874 4221 1981 4259 non
2003 4205 2071 4259 de.

478 4291 718 4360 profanae
770 4292 1021 4346 vanitatis
1048 4294 1283 4355 usuario,
1333 4294 1427 4347 sed
1486 4293 1551 4346 de
1618 4294 1775 4348 tertio
1832 4294 2066 4356 intonuit

475 4379 633 4434 coelo.
672 4382 747 4434 De
779 4380 887 4435 istis
918 4390 1118 4449 autem,
1143 4382 1232 4451 qui
1254 4382 1568 4453 ignorantes
1592 4403 1614 4428 «
1642 4382 1743 4436 Dei
1768 4382 2059 4451 justitiam,

477 4476 531 4524 et
574 4477 871 4539 quaerentes
917 4484 1073 4524 suam
1120 4477 1371 4537 statuere,
1415 4469 1638 4540 justitiae
1678 4471 1775 4524 Dei
1804 4486 1909 4525 non
1942 4481 2071 4525 sunt
2103 4448 2152 4509 D

479 4556 701 4625 subjecti
727 4561 905 4628 (Rom.
941 4560 1015 4627 x),
1067 4582 1084 4607 ι
1133 4558 1450 4613 iiducialiter
1481 4559 1746 4613 dixerim:
1786 4583 1807 4607 ιι
1852 4560 2072 4615 Maledi-

479 4653 602 4700 cent
632 4645 727 4712 illi,
761 4654 812 4701 et
859 4654 915 4701 tu
944 4646 1258 4715 benedices,
1289 4648 1379 4719 qui
1411 4647 1696 4719 insurgunt
1724 4648 1778 4700 in
1810 4664 1894 4702 me
1924 4663 2060 4703 con-

480 4734 793 4789 fundantur.
854 4736 1059 4791 Servus
1119 4743 1297 4790 autem
1354 4746 1473 4791 tuus
1536 4736 1803 4791 laetabitur
1874 4737 2060 4809 (Psal.

480 4824 656 4895 cvm),
709 4847 729 4869 η
778 4824 1053 4893 quoniam,
1104 4833 1162 4879 ut
1190 4825 1263 4879 ait
1307 4825 1567 4880 Dominus
1603 4849 1623 4873 α
1671 4826 1785 4880 sine
1814 4842 1898 4880 me
1929 4826 2059 4879 nihil

482 4911 715 4980 potestis
762 4911 938 4966 facere
971 4912 1159 4979 (Joan.
1219 4918 1342 4983 xv),
1389 4937 1409 4961 ιι
1466 4930 1565 4970 nec
1597 4914 1827 4968 damnas
1861 4914 2070 4984 justum

478 4998 944 5068 cumjudieabitur
963 5002 1063 5055 illi.
1088 5025 1108 5050 (ι
1130 5003 1207 5056 Τιι
1228 5003 1349 5075 quis
1372 5020 1452 5071 es,
1487 5002 1576 5074 qui
1599 5002 1817 5071 judicas
1833 5002 2071 5057 alienum

481 5102 696 5142 servum
717 5089 743 5142 ‘2
795 5087 905 5145 Suo
950 5090 1168 5147 domino
1198 5099 1322 5159 stat,
1354 5099 1444 5146 aut
1473 5091 1610 5147 cadit
1644 5094 1818 5163 (Rom.
1858 5102 1994 5162 xw).
2045 5116 2067 5141 υ

482 5210 772 5285 ﬂuensque
843 5212 1034 5268 littera:
1070 5213 1356 5285 ,Valrami,
1433 5231 1593 5285 quem
1659 5216 1825 5269 nostri
1890 5217 2074 5271 seaculi

476 5282 688 5357 politici
716 5291 948 5339 statuant
976 5284 1190 5357 sibisui
1222 5282 1466 5357 ipsorum
1496 5286 1769 5357 dogmatis
1795 5296 2072 5342 auctorem

480 5360 529 5407 et
558 5353 924 5428 defensorem.
959 5385 1027 5394 —
1053 5356 1161 5409 Has
1191 5353 1322 5428 sane
1350 5356 1553 5410 litteras
1573 5353 1786 5428 (pergit
1809 5358 2073 5413 Dodeclii-

480 5425 600 5497 nus)
642 5425 1164 5497 pi'acdictusucomes
1194 5426 1497 5480 Ludovicus
1528 5425 1846 5497 suscipiens,
1883 5440 2069 5483 vocato

479 5493 549 5546 ad
576 5493 971 5569 seirenerabili
1028 5496 1303 5566 Stephano
1341 5498 1451 5569 (qui
1474 5505 1531 5569 et
1556 5493 1887 5569 Heri-audtis)
1916 5500 2069 5554 Hab-

484 5565 821 5620 verstadensi
862 5566 1125 5638 episcopo
1173 5582 1267 5623 eas
1295 5565 1533 5632 tradidit
1576 5565 1874 5641 legendas,
1905 5587 2070 5642 roga-

2176 453 2493 522 pcrspectis,
2521 454 2680 527 juxta
2726 456 2991 527 rationem
3022 453 3266 512 veritatis
3299 472 3537 527 congrua
3568 454 3778 511 obvia-

2177 531 2256 599 ret
2303 525 2765 599 responsionepet
2814 526 3054 599 linguam
3107 525 3528 599 blasphema‘ntis
3587 530 3771 599 (Rom,

2178 598 2280 665 ili),
2331 611 2391 649 os
2429 612 2644 665 quoque
2687 595 2870 667 iniqua
2898 595 3240 667 'proferentis'
3283 608 3464 653 contra
3502 598 3780 668 justitiam

2179 668 2491 738 auctoritate
2540 669 2711 720 sancti
2742 668 2991 737 Spiritus,
3024 678 3077 724 et
3117 670 3422 725 testimonio
3454 669 3777 738 Scriptura-

2180 753 2297 809 rum
2346 737 2663 801 Obstrueret,
2714 756 2781 792 ne
2826 741 3057 809 amplius
3105 752 3290 795 contra
3336 737 3630 795 Ecclesiam
3672 739 3783 793 Dei

2180 808 2403 862 latratus
2457 810 2721 876 proferret
2768 808 3004 877 insanos,
3051 820 3103 866 et
3156 810 3377 866 fureret.
3444 808 3781 864 Venerabilis

2182 887 2357 952 autem
2382 879 2676 952 ριιίδςοριιδ
2720 882 3016 936 secundum
3061 881 3375 952 petitionem
3408 880 3619 936 comitis
3646 897 3778 933 sus—

2182 951 2350 1019 ceptis
2381 950 2590 1012 litteris,
2642 966 2703 1004 ac
2736 951 2982 1019 diligenti
3014 950 3415 1007 examinatione
3444 951 3775 1021 perspectis,

2182 1029 2374 1094 vocato
2418 1022 2627 1094 notario
2674 1023 2954 1091 epistolam
3003 1024 3243 1089 dictavit,
3292 1024 3344 1076 in
3392 1039 3493 1094 qua
3542 1022 3778 1091 primum

2187 1091 2496 1163 Valramum
2542 1092 2857 1163 episcopum
2908 1096 3236 1163 hazreticum,
3284 1091 3653 1150 Simoniacum
3682 1109 3777 1147 re-

2184 1162 2421 1234 darguit,
2450 1169 2655 1234 regem
2703 1173 2864 1218 etiam
2897 1166 3186 1220 llenricum
3226 1162 3538 1221 haereticum
3589 1172 3643 1218 et
3671 1180 3781 1218 ex-

2184 1233 2662 1307 communicatum,
2697 1234 2929 1305 ideoque
2962 1251 3059 1291 nec
3087 1253 3272 1307 regem
3303 1236 3584 1307 dicendum
3617 1250 3782 1289 com-

2184 1305 2450 1377 probavit,
2500 1305 2844 1373 episcOpatus
2892 1322 2987 1376 pro
3016 1305 3270 1377 pecunia,
3304 1323 3399 1374 pro
3438 1305 3643 1377 gladio,
3680 1321 3784 1373 pro

2183 1375 2468 1435 adulterio.
2520 1392 2620 1445 pro
2670 1375 3393 1433 Sodomitica‘immunditia
3447 1375 3784 1431 vendentem

2184 1447 2499 1501 declaravit.
2534 1448 2641 1501 Sed
2674 1449 2842 1516 ipsius
2884 1449 3002 1516 jam
3032 1450 3278 1518 epistolae
3324 1455 3508 1501 textus
3537 1462 3786 1515 expona-

2186 1526 2288 1581 tur,
2326 1525 2381 1571 ut
2405 1518 2547 1571 illlus
2595 1519 2923 1573 venerabilis
2980 1520 3084 1576 viri
3115 1520 3301 1575 fervor
3331 1520 3387 1573 in
3418 1526 3603 1573 tenore
3630 1519 3789 1588 justi-

2188 1588 2273 1643 tiae
2302 1597 2641 1660 agnoscatur.

2589 1676 2920 1734 LUDOVICI
2951 1677 3346 1734 RESPONSIO
3360 1718 3374 1733 .

2261 1788 2283 1813 η
2328 1765 2523 1821 Comes
2555 1767 2892 1833 Lunovmcs,
2946 1768 3164 1824 domino
3197 1767 3491 1836 VALRAMO,
3522 1765 3789 1840 quidquid

2182 1854 2270 1908 tali
2302 1854 2571 1910 vocabulo
2603 1856 2830 1928 dignum
2862 1865 2967 1912 est.

2258 1967 2276 1989 ι
2323 1944 2471 1999 Sicut
2524 1944 2698 1999 bonus
2727 1946 2889 2000 homo
2922 1946 2988 2000 de
3028 1946 3173 2001 bono
3202 1947 3456 2001 thesauro
3479 1944 3662 2000 cordis
3694 1942 3786 1999 sui

2181 2033 2391 2104 profert
2439 2032 2666 2099 bonum,
2701 2034 2774 2086 ita
2805 2035 2978 2088 malus
3026 2037 3187 2089 homo
3219 2034 3287 2089 dc
3336 2034 3483 2089 malo
3513 2035 3791 2088 thesauro

2184 2119 2386 2190 profert
2419 2121 2634 2175 malum.
2668 2122 2822 2177 Unde
2869 2123 2961 2176 tibi
2998 2131 3143 2179 tanta
3173 2123 3481 2195 arrogantia
3512 2130 3570 2177 ut
3599 2138 3687 2176 me
3716 2122 3790 2176 ad

2184 2208 2615 2281 indignationem
2680 2218 2788 2265 tam
2837 2210 3109 2280 injuriosis
3151 2211 3353 2281 injuriis
3402 2227 3730 2283 provocares
3761 2211 3792 2263 εἰ

2186 2298 2398 2352 Etenim
2429 2299 2674 2354 dominos
2705 2308 2750 2354 el
2778 2308 2958 2370 patres
2990 2317 3164 2368 meos,
3197 2301 3289 2370 qui
3318 2317 3405 2356 me
3435 2301 3488 2355 in
3511 2300 3601 2356 via
3625 2301 3794 2369 justi-

2186 2386 2272 2441 tiaa
2343 2388 2664 2454 contortam,
2716 2389 2861 2443 viros
2916 2390 3236 2461 sanguinum
3307 2389 3512 2443 similes
3569 2389 3791 2444 Satane

2185 2475 2404 2545 oblique
2432 2476 2693 2545 appellas,
2728 2485 2779 2530 et
2823 2478 3027 2531 monita
3059 2477 3273 2545 salutis,
3307 2494 3429 2549 qum
3460 2486 3789 2549 suggerunt,

2185 2562 2324 2619 inter
2355 2564 2699 2619 mulierculas
2730 2573 2780 2620 et
2823 2566 3054 2636 simplex
3085 2565 3279 2638 vulgus
3310 2567 3580 2621 somniare
3620 2566 3784 2620 dicis.

2186 2653 2443 2723 Nunquid
2478 2654 2620 2707 Deus
2649 2653 2858 2724 indiget
2881 2663 2970 2710 tuo
2995 2654 3224 2722 judicio,
3258 2658 3315 2709 ut
3345 2671 3440 2725 pro
3472 2654 3565 2709 illo
3596 2654 3793 2726 loqua-

2186 2742 2264 2795 ris
2295 2742 2496 2796 dolos‘?
2542 2742 2736 2797 Docuit
2766 2741 3019 2811 iniquitas
3046 2758 3109 2797 os
3142 2751 3308 2811 tuum,
3341 2751 3393 2797 et
3422 2742 3651 2796 imitaris
3680 2743 3792 2796 lin-

2188 2846 2351 2902 gnam
2413 2830 2923 2901 blasphemantium,
2984 2832 3054 2885 ita
3112 2840 3171 2885 ut
3218 2841 3360 2886 recte
3417 2832 3484 2886 de
3542 2840 3594 2886 te
3635 2831 3793 2886 dicat

2191 2919 2490 2988 Pr0pliela:
2532 2944 2553 2969 ι
2596 2919 2781 2973 Noluit
2824 2920 3147 2992 intelligere,
3182 2929 3239 2975 ut
3267 2921 3403 2975 bene
3434 2927 3641 2991 ageret,
3678 2920 3790 2975 ini-

2187 3025 2223 3079 q
2246 3008 2443 3061 atatem
2475 3008 2762 3063 meditatus
2791 3016 2871 3064 est
2900 3010 2953 3063 in
2984 3009 3144 3065 cubili
3176 3026 3273 3064 suo
3308 3008 3485 3076 (Psal.
3518 3009 3715 3070 xxxv).
3762 3031 3784 3057 ι»

2109 3097 2158 3159 C.
2188 3094 2447 3164 Quamvis
2470 3112 2600 3167 ergo
2644 3104 2902 3166 quantum
2949 3113 3258 3167 pervorsus,
3290 3103 3496 3152 tantum
3525 3111 3793 3167 perversa

2183 3184 2391 3239 locutus
2437 3185 2501 3251 si,
2528 3200 2627 3238 nos
2678 3193 2855 3239 tamen
2887 3186 2963 3240 ori
3016 3194 3202 3240 nostro
3242 3185 3541 3241 custodiam
3584 3201 3794 3256 ponere

2183 3272 2551 3340 decrevimus,
2582 3281 2633 3327 et
2664 3273 2908 3328 siluimus
2955 3296 2976 3321 ιι
3022 3290 3145 3329 cum
3177 3275 3492 3331 consisteret
3521 3281 3794 3344 peccator

2185 3361 2479 3415 adversum
2536 3378 2636 3416 nos
2685 3364 2857 3432 (Psal.
2910 3365 3159 3437 xxxviii).
3206 3387 3228 3412 ι
3283 3363 3390 3419 Sed
3441 3362 3638 3418 excitat
3686 3380 3793 3418 nos

2186 3464 2365 3503 sermo
2404 3449 2641 3514 divinus,
2691 3449 2874 3505 dicens
2909 3467 2919 3501 :
2979 3474 2999 3498 ιι
3043 3449 3336 3520 Responde
3385 3451 3547 3505 stulto
3578 3466 3787 3505 secun-

2186 3538 2315 3592 dum
2347 3537 2623 3592 stultitiam
2654 3554 2825 3605 suam,
2858 3555 2925 3594 ne
2956 3539 3059 3593 sibi
3077 3540 3295 3609 sapiens
3317 3539 3561 3593 videatur
3601 3540 3787 3603 (Prov.

2184 3626 2356 3697 xxVi).
2413 3648 2435 3673 ιι
2469 3626 2725 3696 Nunquid
2768 3627 2913 3681 enim
2968 3628 3186 3682 fatuitas
3236 3627 3571 3697 personahit,
3606 3635 3659 3683 et
3690 3643 3789 3683 sa-

2184 3714 2384 3783 pientia
2414 3715 2745 3769 obmutescet
2768 3716 2795 3768 ‘?
2837 3716 3095 3787 Nunquid
3138 3715 3385 3785 loquetur
3415 3715 3787 3785 mendacium,

2185 3811 2237 3857 et
2269 3803 2465 3857 veritas
2488 3802 2711 3857 silebit?
2742 3803 3000 3874 Nunquid
3023 3804 3256 3859 tenebrae
3280 3804 3527 3875 Opericnt
3556 3811 3788 3872 terram,

2186 3892 2517 3945 etDominus
2540 3907 2647 3945 non
2671 3891 2878 3947 orietur
2897 3893 2925 3945 ‘?
2956 3892 3069 3946 Imo
3096 3915 3117 3939 α
3143 3892 3240 3947 lux
3260 3893 3314 3946 in
3349 3891 3585 3946 tenebris
3614 3891 3786 3960 lucet,

2186 3989 2237 4035 et
2284 3979 2519 4034 tenebrae
2550 3996 2671 4034 eam
2718 3997 2823 4035 non
2856 3982 3382 4052 comprehenderunt
3431 3983 3612 4051 (Joan.
3648 3982 3711 4051 i).
3760 4003 3782 4029 ιο

2186 4068 2304 4136 Qua
2355 4068 2790 4123 consideratione
2839 4092 2861 4116 «
2904 4070 3178 4125 concaluit
3226 4084 3321 4125 cor
3348 4078 3613 4134 nostrum,
3642 4076 3698 4124 et
3730 4070 3784 4123 in

2185 4157 2535 4212 meditatione
2579 4165 2760 4211 nostra
2802 4158 3003 4212 exarsit
3032 4157 3174 4228 ignis
3224 4159 3399 4223 (Psal.
3450 4158 3711 4221 xxxviii).
3760 4181 3785 4205 ι

2186 4245 2478 4313 Loquiiuur
2522 4244 2682 4315 igitur
2725 4254 2780 4299 et
2826 4247 3117 4314 claramus,
3171 4267 3194 4295 ci
3243 4246 3543 4316 vulpesque
3584 4262 3789 4315 parvu-

2185 4332 2283 4392 las,
2315 4349 2435 4403 qua)
2470 4332 2651 4387 vineas
2692 4334 2907 4388 Domini
2952 4333 3317 4389 demoliuntur
3361 4336 3551 4403 (Cant.
3615 4336 3702 4401 ii),
3752 4358 3777 4383 ιι

2184 4428 2443 4493 quantum
2495 4437 2795 4490 possumus,
2837 4437 3104 4488 arcemus,
3156 4422 3403 4475 timentes
3432 4422 3783 4491 prophetiam

2181 4508 2332 4562 illam
2358 4509 2779 4578 exprobrantem
2814 4528 2824 4562 :
2862 4533 2883 4557 α
2916 4511 3038 4564 Νοιι
3067 4510 3389 4565 ascendistis
3419 4526 3486 4564 ex
3517 4510 3778 4575 adverso,

2181 4613 2280 4651 nec
2320 4596 2648 4667 opposuistis
2693 4615 2906 4651 murum
2938 4614 3040 4668 pro
3069 4598 3235 4654 domo
3262 4598 3445 4666 Israel,
3481 4605 3536 4651 ut
3566 4598 3789 4653 staretis

2181 4685 2233 4739 in
2263 4685 2452 4755 praelio
2474 4685 2526 4738 in
2559 4685 2645 4741 die
2677 4686 2889 4741 Domini
2912 4686 3131 4757 (Bacch.
3167 4688 3304 4755 xm).
3336 4710 3357 4735 υ
3394 4686 3650 4753 Audiant,
3671 4702 3787 4742 non

2182 4782 2233 4828 tu
2282 4773 2372 4843 qui
2401 4790 2557 4828 aures
2589 4775 2757 4829 habes
2806 4783 2857 4830 et
2886 4791 2992 4830 non
3022 4774 3197 4841 audis,
3232 4775 3324 4849 qui
3356 4774 3547 4831 oculos
3576 4775 3774 4843 habes,

2178 4871 2232 4917 et
2260 4878 2369 4917 non
2396 4862 2548 4915 vides
2580 4863 2771 4918 «Psal.
2795 4865 2969 4933 cxiii),
3003 4864 3094 4933 qui
3126 4864 3307 4919 lumen
3330 4863 3479 4934 quod
3507 4863 3565 4917 in
3596 4871 3650 4917 te
3678 4872 3787 4928 est,

2183 4950 2439 5005 tenebras
2482 4950 2691 5004 fecisti:
2725 4952 2963 5019 audiant,
3015 4952 3255 5023 inquam,
3310 4967 3500 5006 omnes
3546 4950 3784 5017 cordati,

2187 5039 2274 5109 qui
2306 5054 2462 5093 aures
2493 5039 2749 5093 audiendi
2780 5041 3000 5105 habent,
3036 5057 3198 5111 quam
3238 5041 3345 5096 alte
3378 5049 3469 5095 aut
3495 5056 3602 5095 non
3632 5040 3768 5095 intel

2183 5128 2344 5199 ligas,
2377 5136 2468 5182 aut
2496 5127 2803 5200 intelligere
2842 5128 3171 5197 dissimules,
3220 5145 3397 5201 neque
3427 5128 3557 5199 quid
3586 5128 3787 5199 loqua-

2182 5216 2284 5281 ris,
2315 5231 2493 5284 neque
2520 5215 2589 5270 dc
2618 5217 2815 5287 quibus
2844 5216 3079 5272 afﬁrmes
3109 5218 3157 5287 (I
3201 5218 3346 5272 Tim.
3383 5234 3448 5287 ι).

2260 5327 2281 5352 α
2328 5305 2408 5359 Ad
2438 5304 2829 5375 subjectionem
2863 5306 3065 5361 domini
3097 5306 3330 5375 Henrici,
3366 5321 3525 5378 quem
3554 5306 3795 5376 impera-

2185 5401 2353 5449 torem
2386 5393 2589 5463 dicunt,
2622 5410 2722 5449 nos
2752 5394 2964 5463 invitas,
2989 5397 3041 5449 et
3063 5395 3137 5464 (in
3171 5404 3438 5465 quantum
3469 5394 3783 5465 intelligere

2178 5482 2354 5552 datur)
2388 5490 2442 5537 ut
2472 5498 2574 5552 per
2606 5483 2795 5538 omnia
2831 5483 3034 5539 subditi
3064 5483 3256 5553 simus,
3291 5484 3443 5554 quasi
3474 5482 3778 5553 apostolico

2179 5579 2506 5643 argumento
2552 5572 2935 5630 necessitatem
2969 5572 3229 5643 imponis,
3257 5572 3476 5629 dicens:
3516 5595 3536 5619 -
3578 5571 3781 5628 Omnis
