4030 6084
279 287 381 342 989

1166 286 1397 345 EPIST.
1437 290 1528 345 AD
1564 292 1889 348 LUDOVIC.
1922 293 2259 352 THURING.
2295 298 2693 354 LANDGRAV.

3476 307 3580 361 990

274 410 460 466 anima
488 412 849 482 potestatibus
890 411 1299 470 sublimioribus
1353 414 1571 470 subdita
1618 415 1717 479 sit;
1764 432 1874 473 non
1897 415 1951 478 A
1985 417 2115 474 dere
2142 419 2170 472 ἱ)
2196 422 2277 474 An
2307 420 2443 477 ordo
2465 420 2679 478 videtur
2704 421 2822 492 tibi,
2853 424 2909 478 in
2940 439 3142 495 corpus
3172 442 3329 482 suum
3376 444 3578 499 pecca-

270 506 353 556 est
400 498 543 555 enim
588 508 844 572 potestas,
896 501 999 557 nisi
1047 518 1080 558 a
1134 502 1271 559 Deo.
1313 502 1419 572 Qui
1456 520 1589 577 ergo
1626 506 1877 577 potestati

268 588 490 658 resistit,
515 590 617 646 Dei
639 589 964 648 ordinationi
994 591 1193 647 resistit
1213 592 1399 662 (Hom.
1434 595 1578 662 xui).
1624 616 1646 643 ιι
1698 594 1875 663 Quam

272 678 521 749 Apostoli
559 681 885 735 sententiam
936 688 988 735 te
1041 681 1180 735 male
1226 682 1546 754 intelligere,
1599 685 1759 754 pejus
1797 684 1876 737 in-

272 768 581 838 terpretari,
614 768 865 824 dicimus.
892 769 952 824 Si
969 770 1113 825 enim
1165 770 1343 826 omnis
1402 779 1645 842 potestas
1692 790 1722 828 a
1757 773 1875 828 Deo

272 863 377 923 est,
424 863 481 911 ut
526 864 582 912 tu
617 857 901 931 intelligis,
946 858 1078 930 quid
1120 865 1205 913 est
1243 859 1391 928 quod
1447 859 1514 914 de
1553 860 1873 931 quibusdam

273 944 405 1000 dicit
420 947 689 1003 Dominus
712 963 813 1018 per
836 947 1162 1019 prophetam
1191 968 1203 1004 :
1258 971 1278 997 «
1321 947 1430 1019 Ipsi
1487 959 1870 1022 regnaverunt,

270 1049 339 1089 ex
367 1050 477 1091 non
506 1051 578 1091 ex
607 1052 695 1091 me
727 1053 740 1099 ;
776 1037 1049 1108 principes
1064 1038 1405 1106 exstiterunt,
1428 1046 1484 1093 et
1503 1054 1613 1095 non
1641 1040 1873 1113 cognovi

267 1135 367 1178 eos
392 1123 421 1176 ‘I
455 1146 478 1173 υ
511 1124 660 1195 (Οεε.
693 1125 912 1196 vm.)Si
932 1126 1106 1181 omnis
1132 1134 1368 1196 potestas
1395 1141 1428 1182 a
1458 1128 1572 1183 Deo
1597 1137 1681 1183 est
1707 1132 1786 1198 (ut
1822 1137 1875 1183 tu

271 1211 581 1284 intelligis),
605 1214 735 1284 quid
764 1221 846 1270 est
870 1215 1015 1285 quod
1054 1215 1128 1270 ait
1165 1215 1433 1270 Dominus
1466 1234 1478 1271 :
1532 1239 1552 1262 ι
1590 1217 1648 1271 Si
1688 1219 1875 1273 oculus

267 1307 390 1358 tuus
409 1302 714 1357 scandaliza
729 1304 891 1370 verit,
912 1311 960 1358 te
976 1318 1104 1360 erue
1134 1319 1257 1359 eum
1286 1312 1339 1359 et
1368 1304 1567 1375 projice
1591 1305 1689 1361 abs
1719 1314 1769 1361 te
1799 1308 1827 1359 ‘2
1846 1330 1868 1355 ι

276 1390 471 1449 (Marc.
514 1393 614 1461 ιχ.)
658 1390 803 1460 Quid
828 1391 973 1447 enim
1016 1399 1095 1447 est
1130 1400 1391 1463 potestas,
1443 1394 1546 1448 nisi
1589 1395 1782 1450 oculus
1845 1395 1873 1447 ‘2

277 1478 433 1534 Certe
459 1480 799 1550 Augustinus
827 1480 882 1535 in
905 1481 1245 1550 expositione
1266 1483 1581 1552 apostolica
1596 1483 1875 1539 sententia

271 1567 466 1638 (Rom.
498 1570 641 1638 nu),
670 1589 692 1620 α
716 1568 907 1625 Omnis
937 1570 1120 1624 anima
1156 1571 1519 1641 potestatibus
1537 1571 1872 1627 sublimiori-

274 1654 605 1712 bussubdita
624 1658 738 1713 sit:
778 1682 799 1706 υ
825 1657 984 1727 Quod
1016 1658 1062 1712 si
1107 1666 1367 1729 potestas,
1425 1659 1619 1732 inquit,
1667 1661 1873 1731 aliquid

1984 522 2043 562 re
2072 508 2558 580 ‘?videlicet(proh
2622 512 2816 582 pudor,
2875 515 3015 583 proh
3066 513 3219 570 nefas
3260 517 3297 585 !)
3346 532 3577 573 uxorem

1983 597 2257 667 propriam
2302 600 2491 655 sceleri
2549 601 2803 656 omnibus
2841 603 3055 657 saculis
3103 604 3289 659 mundi
3337 606 3577 662 inaudito

1985 679 2214 750 lupanar
2244 682 2426 739 facere
2448 684 2476 737 Ξ)
2505 688 2584 739 An
2615 686 2753 742 ordo
2784 686 2882 741 tibi
2918 687 3146 754 videtur,
3203 705 3323 744 cum
3383 689 3576 746 Domi-

1984 784 2085 823 nus
2113 770 2258 825 dicat
2286 789 2300 827 :
2334 795 2356 820 α
2395 774 2677 830 Defendite
2706 774 2923 830 viduam
2957 776 3168 847 (lacu),
3215 800 3235 827 ι»
3271 778 3568 850 viduasju-

1982 857 2109 913 dicii
2139 859 2446 930 aequitatem
2476 863 2813 931 postulantes
2842 865 3079 920 nefanda
3116 867 3573 925 contaminatione

1982 947 2311 1016 prostituere
2338 949 2367 1004 Ἰ
2396 950 2526 1005 Haec
2574 954 2669 1021 qui
2733 953 2999 1021 ordinata,
3046 955 3139 1025 qui
3191 971 3325 1011 sana
3357 956 3571 1027 dixerit,

1984 1034 2128 1090 hunc
2182 1037 2360 1092 insani
2408 1039 2602 1108 capitis
2658 1056 2800 1107 esse,
2852 1041 3073 1098 insanus
3114 1042 3262 1113 jurat
3327 1043 3570 1101 Orestes.

1984 1125 2165 1194 Usque
2188 1126 2255 1180 ad
2276 1128 2395 1181 hac
2425 1128 2734 1184 miserrima
2765 1138 3012 1201 tempora
3060 1140 3251 1187 natura
3305 1140 3578 1190 secretum

1983 1214 2209 1282 amavit,
2242 1214 2336 1269 sed
2366 1216 2591 1271 traditus
2619 1218 2675 1272 in
2706 1218 2997 1288 reprobum
3018 1235 3238 1276 sensum
3266 1237 3361 1277 rex
3406 1231 3583 1278 vester

1982 1309 2188 1357 natura
2239 1303 2573 1359 involucrum
2624 1306 2845 1373 detexit,
2902 1308 2993 1379 qui
3050 1325 3267 1365 omnem
3315 1310 3575 1381 pudorem

1981 1389 2138 1460 ponit
2166 1391 2219 1444 in
2250 1392 2561 1462 propatulo.
2601 1395 2669 1451 Ut
2698 1403 2881 1450 autem
2902 1395 3014 1464 illa,
3046 1413 3167 1467 qua
3189 1398 3305 1453 sine
3352 1414 3577 1456 numero

1981 1486 2121 1543 sunt,
2158 1487 2458 1548 taceamus,
2491 1482 2762 1548 videlicet,
2792 1486 3262 1542 concremationes
3307 1488 3579 1544 ecclesia-

1981 1583 2121 1633 rum,
2149 1568 2595 1639 depradationes,
2630 1572 2946 1640 homicidia,
2978 1574 3247 1644 incendia,
3290 1578 3580 1632 truncatio-

1985 1672 2103 1725 nes,
2136 1666 2188 1712 et
2219 1657 2302 1711 his
2331 1658 2551 1725 similia,
2582 1675 2703 1731 qua
2724 1660 2815 1716 ille
2845 1670 3042 1731 potest,
3096 1678 3198 1718 nos
3252 1679 3571 1721 enumerare

270 1744 463 1813 jubeat
483 1746 627 1817 quod
650 1755 842 1803 eontra
872 1748 1043 1803 Deum
1075 1747 1164 1815 sit,
1198 1747 1286 1803 hic
1311 1756 1596 1804 contemne
1627 1757 1870 1819 potesta-
1903 1777 1957 1838 Β
1987 1760 2095 1800 non
2124 1760 2416 1815 possumus
2448 1766 2459 1800 :
2493 1763 2579 1816 ea,
2626 1765 2746 1818 qua
2809 1752 3052 1807 maxime
3110 1753 3414 1808 Ecclesiam
3475 1754 3576 1809 Dei

275 1839 382 1888 tem
408 1853 422 1898 ;
446 1834 689 1891 timendo
722 1834 847 1907 [non
876 1836 1136 1906 timendo]
1177 1844 1500 1906 potestatem
1537 1855 1551 1892 :
1611 1839 1868 1909 alioquin,

278 1944 304 1971 ι
337 1923 580 1994 nunquid
611 1924 871 1995 iniquitas
917 1924 1060 1996 apud
1089 1926 1381 1981 Dominum
1415 1927 1442 1978 εἰ
1477 1927 1656 1996 (Rom.
1718 1932 1798 1995 ix)
1846 1951 1867 1977 ι)

271 2012 520 2083 nunquid
548 2011 789 2067 Christus
817 2012 1025 2083 peccati
1054 2013 1304 2069 minister
1330 2015 1453 2070 est?
1484 2015 1647 2070 Absit
1672 2017 1684 2069 ι
1731 2015 1873 2085 Quid

275 2114 407 2171 ergo
436 2100 680 2156 dicemus
704 2103 732 2155 ε)
759 2102 1017 2172 Nunquid
1044 2102 1114 2157 ab
1143 2103 1401 2171 Apostolo
1416 2102 1637 2159 diversa
1664 2113 1874 2160 senten-

278 2186 355 2244 tia
382 2190 685 2259 prophetia
715 2190 1004 2260 evulgatur
1030 2191 1059 2243 ‘t
1087 2190 1418 2260 Augustinus
1452 2210 1464 2246 :
1490 2193 1729 2248 Minime.
1786 2194 1875 2248 Di-

281 2293 466 2333 versas
488 2278 648 2334 tibias
675 2279 825 2335 inflat
851 2279 1074 2350 spiritus
1101 2297 1257 2336 unus.

351 2416 388 2444 «υ
410 2399 596 2467 Itaque
626 2394 914 2452 audiamus
951 2397 1267 2467 Apostolum
1319 2398 1765 2466 concordantem,
1825 2407 1877 2454 et

281 2484 521 2555 seipsum
550 2493 938 2555 exponentem,
972 2493 1027 2541 et
1048 2485 1323 2542 inimicum
1355 2487 1691 2557 ultoremque
1720 2504 1875 2542 suum

285 2574 693 2629 destruentem:
741 2596 763 2622 «ι
821 2575 945 2629 Non
993 2582 1093 2644 est,
1140 2575 1330 2645 inquit,
1385 2584 1650 2645 potestas,
1704 2578 1805 2632 nisi
1846 2594 1879 2632 a

284 2662 428 2717 Deo.
473 2686 496 2711 ιι
531 2660 673 2731 Quid
701 2663 942 2732 sequitur
967 2663 996 2715 εἰ
1030 2684 1051 2711 ε
1079 2662 1182 2732 Qui
1202 2678 1355 2735 ergo,
1378 2664 1572 2735 inquis,
1622 2668 1877 2736 potestati

294 2751 497 2806 resistit
526 2753 857 2821 (Rom.xru),
893 2774 914 2800 η
969 2755 1024 2808 et
1070 2752 1297 2824 reliqua.
1344 2754 1548 2810 Absit!
1594 2756 1719 2812 Non
1774 2758 1878 2814 hoc

279 2840 537 2910 sequitur,
556 2840 653 2895 sed
683 2840 812 2910 quid
831 2840 1133 2911 sequitur?
1169 2864 1191 2891 α
1243 2840 1379 2910 Qua
1426 2852 1605 2899 autem
1653 2853 1795 2913 sunt,
1846 2861 1877 2899 a

281 2927 398 2985 Deo
428 2928 676 2984 ordinata
705 2937 829 2985 sunt
858 2930 1063 3001 (ibid).
1122 2954 1144 2979 ιι
1194 2931 1406 3002 Nempe
1453 2933 1557 2988 hoc
1603 2941 1686 2988 est
1731 2933 1876 3006 quod

281 3017 589 3090 quaerimus.
621 3017 668 3075 Ο
699 3017 886 3092 lingua
916 3019 1109 3076 dolosa
1142 3021 1153 3074 ε
1187 3036 1218 3076 ο
1240 3035 1335 3077 cor
1387 3021 1699 3077 machinans
1754 3039 1875 3077 ma-

278 3105 412 3171 lum,
443 3107 662 3177 spiritus
691 3107 896 3163 vadens
921 3116 974 3163 et
1020 3124 1129 3165 non
1174 3109 1411 3177 rediens,
1471 3126 1569 3165 cur
1623 3113 1876 3167 mentitus
1906 3133 1955 3195 Ο

279 3210 342 3249 es
363 3195 585 3265 Spiritui
614 3203 802 3253 sancto
832 3197 861 3250 ?
888 3198 1095 3270 Arguat
1125 3204 1176 3252 te
1203 3199 1535 3254 conscientia
1564 3203 1679 3255 tua.
1738 3201 1875 3256 Ecce

280 3284 421 3356 fugit
447 3284 647 3355 impius
676 3286 893 3341 nemine
923 3296 1296 3358 persequente.
1331 3287 1437 3341 Cur
1465 3296 1523 3342 ut
1570 3288 1874 3359 decipercs,

281 3374 623 3444 supprimere
653 3375 936 3430 veritatem
963 3375 1178 3431 voluisti
1205 3375 1234 3430 7
1254 3376 1368 3431 Cur
1408 3376 1724 3445 medullam,
1782 3393 1879 3433 cur

283 3461 522 3518 animam
554 3463 717 3532 hujus
746 3464 1026 3520 sententia
1048 3462 1260 3519 furatus
1295 3479 1353 3520 es
1395 3465 1425 3518 ‘?
1461 3464 1621 3533 Nam,
1677 3465 1722 3519 si
1758 3467 1878 3523 hac

282 3550 449 3607 verba
471 3551 540 3606 de
560 3551 739 3608 medio
761 3552 1043 3609 sententia
1058 3552 1374 3623 apostolica
1404 3552 1678 3623 tollantur,
1736 3570 1872 3610 con-

279 3640 452 3695 traria
481 3640 591 3694 sibi
622 3641 1016 3697 inconveniens
1047 3652 1100 3697 et
1124 3642 1389 3698 exanimis
1412 3641 1643 3713 jacehit.
1674 3643 1875 3713 Imple-

275 3735 362 3783 tur
387 3745 565 3785 sermo
598 3729 852 3785 divinus:
889 3753 911 3778 υ
948 3730 1051 3799 Qui
1110 3738 1262 3803 parat
1314 3732 1573 3802 proximo
1630 3748 1727 3787 suo
1784 3732 1872 3788 fo-

274 3832 455 3885 veam,
477 3817 683 3873 incidet
706 3817 757 3873 in
781 3833 900 3873 eam
936 3820 1127 3887 (Prov.
1165 3824 1342 3888 xxvr).
1377 3842 1395 3863 ιι
1424 3819 1581 3875 Certe
1614 3835 1714 3876 nec
1752 3820 1871 3875 cul-

274 3920 400 3975 pam
430 3906 556 3962 forti
583 3923 683 3961 nec
708 3923 924 3978 poenam
956 3908 1191 3964 evadere
1221 3908 1442 3979 poteris.
1468 3907 1607 3976 Quid
1664 3908 1869 3980 infelix,

283 3994 411 4064 quid
436 3994 612 4064 judici
668 4004 914 4065 venturo,
966 4012 1090 4053 cum
1146 4014 1179 4051 a
1220 3998 1391 4053 servis
1445 3998 1872 4069 negotiatoribus

274 4081 453 4138 locum
513 4084 580 4155 [Γ.
639 4083 869 4156 lucrum]
912 4085 1170 4157 requiret,
1231 4101 1587 4157 responsurus
1641 4102 1721 4154 es,
1782 4086 1871 4156 qui

272 4170 574 4227 Dominica
593 4172 839 4242 pecunia
886 4173 1164 4229 fraudator
1210 4173 1265 4227 in
1313 4173 1551 4228 medium
1606 4175 1871 4243 produxe-

272 4257 345 4313 ris
372 4259 402 4313 ?
430 4259 610 4329 Quare
639 4276 748 4315 non
772 4260 1035 4331 judicium
1066 4266 1126 4316 et
1153 4262 1407 4332 laqueum
1450 4261 1746 4332 proditoris
1799 4262 1867 4317 ti-

271 4348 472 4416 muisti,
498 4364 566 4404 ne
594 4349 829 4404 similem
858 4355 1065 4404 reatum
1098 4349 1289 4405 similis
1317 4350 1559 4406 vindicta
1614 4366 1865 4421 sequere-

268 4443 359 4491 tur
378 4437 407 4489 ?
437 4436 749 4493 Pravidens
776 4452 877 4507 per
906 4438 1164 4507 Spiritum
1193 4446 1438 4494 sanctum
1469 4440 1760 4509 Apostolus
1789 4447 1857 4507 te,

265 4524 455 4596 tuique
511 4525 721 4580 similes
776 4527 1066 4583 hareticos
1120 4527 1175 4581 in
1231 4526 1475 4582 Ecclesia
1528 4544 1853 4599 emersuros,

266 4614 361 4684 qui
416 4613 620 4669 bonum
676 4613 902 4684 malum,
961 4623 1016 4670 et
1071 4615 1272 4669 malum
1325 4616 1527 4671 bonum
1610 4616 1868 4684 dicerent,

284 4701 376 4772 qui
418 4701 673 4758 tenebras
718 4702 917 4771 lucem,
967 4712 1019 4757 et
1073 4703 1250 4759 lucem
1309 4705 1557 4759 tenebras
1609 4714 1879 4775 ponerent

271 4791 403 4862 (Ira.
437 4791 513 4861 v),
549 4790 640 4861 qui
670 4791 739 4847 de
757 4792 1050 4866 sententiis
1080 4792 1320 4847 veritatis
1351 4794 1691 4849 occasionem
1723 4795 1875 4849 indu‘

280 4879 438 4935 cendi
471 4879 672 4935 erroris
701 4888 981 4951 captarent
1022 4897 1143 4935 cum
1202 4881 1550 4952 pra-misisset
1609 4900 1622 4936 :
1677 4906 1700 4932 α
1752 4885 1873 4939 Non

282 4971 361 5018 est
390 4971 648 5034 potestas,
672 4964 773 5019 nisi
805 4981 836 5019 a
880 4965 1015 5033 Deo,
1054 4988 1075 5014 »ι
1138 4973 1194 5020 ut
1246 4966 1614 5035 conjecturam
1660 4968 1873 5037 reprobi

277 5051 581 5108 intellectus
602 5060 908 5125 amputaret
942 5072 952 5108 :
983 5076 1005 5101 α
1037 5053 1170 5123 Qua
1201 5063 1379 5110 autem
1403 5063 1544 5124 sunt,
1593 5055 1784 5128 inquit,
1841 5074 1873 5110 a

274 5141 389 5196 Deo
427 5140 681 5198 ordinata
706 5150 854 5197 sunt.
897 5166 918 5191 ι
946 5143 1027 5197 Da
1056 5143 1221 5214 igitur
1273 5152 1594 5214 potestatem
1650 5145 1872 5199 ordina-

271 5232 406 5297 tam,
432 5237 484 5284 et
514 5245 622 5285 non
651 5231 981 5299 resistemus,
1015 5230 1125 5287 imo
1155 5231 1405 5288 dabimus
1425 5232 1570 5288 illico
1602 5248 1809 5287 manus.

351 5339 373 5364 ιι
402 5318 568 5373 Miror
596 5327 797 5387 autem,
829 5319 949 5374 siin
979 5328 1030 5375 te
1059 5320 1150 5374 vel
1205 5328 1361 5392 gutta
1416 5321 1717 5393 sanguinis,
1768 5328 1866 5391 est,

270 5408 546 5478 quodnon
573 5407 847 5463 erubescis
878 5407 1160 5463 dominum
1193 5409 1485 5465 Henricum
1542 5425 1729 5481 regem
1784 5410 1873 5464 di-

276 5511 420 5563 cere,
442 5496 530 5551 vel
562 5496 809 5553 ordinem
839 5496 1059 5552 habere.
1091 5499 1171 5551 An
1198 5497 1337 5554 ordo
1367 5497 1462 5552 tibi
1519 5498 1735 5554 videtur
1785 5499 1873 5569 jus

274 5583 405 5640 dare
436 5584 653 5656 sceleri,
683 5584 763 5641 fas
793 5585 1052 5655 nefasque
1073 5584 1254 5641 divina
1284 5593 1337 5641 et
1364 5585 1605 5643 humana
1645 5587 1869 5644 confun-

1984 1838 2238 1905 gravant,
2273 1835 2576 1904 loquamur.
2608 1838 2743 1892 Audi
2766 1854 2897 1910 ergo
2927 1856 3074 1905 vera,
3093 1857 3201 1895 non
3229 1842 3428 1909 fucata,
3451 1842 3578 1897 audi

1982 1921 2161 1988 fortia,
2196 1939 2305 1978 non
2334 1924 2528 1980 faceta.
2564 1925 2755 1982 Omnis
2784 1927 2873 1995 qui
2927 1927 3221 1999 dignitates
3275 1930 3581 1999 spirituales

1982 2010 2188 2077 vendit,
2236 2014 2527 2069 haereticus
2578 2022 2679 2069 est.
2738 2016 3001 2071 Dominus
3051 2026 3232 2072 autem
3289 2019 3576 2087 Henricus,

1984 2115 2143 2171 quem
2174 2116 2361 2172 regem
2389 2102 2593 2171 dicunt,
2627 2104 2971 2175 episcopatus
3000 2114 3052 2160 et
3070 2106 3318 2162 abbatias
3348 2108 3566 2170 vendit;

1985 2188 2183 2243 etenim
2215 2190 2700 2258 Constantiensem,
2745 2192 3274 2265 Babenbergensem,
3335 2197 3572 2267 Mogun-

1987 2276 2272 2347 tinensem,
2292 2286 2344 2333 et
2373 2280 2557 2350 plures
2585 2279 2724 2335 alias
2766 2296 2868 2351 pro
2915 2282 3162 2352 pecunia,
3214 2283 3575 2354 Ratisponen-

1985 2381 2122 2434 sem,
2148 2370 2564 2437 Augustensem,
2598 2369 3080 2441 Strazburgensem
3112 2386 3210 2441 pro
3240 2371 3448 2443 gladio,
3480 2373 3574 2428 ab-

1986 2454 2189 2511 batiam
2235 2456 2555 2511 Fuldenscm
2611 2472 2708 2526 pro
2758 2458 3038 2527 adulterio,
3100 2461 3575 2518 mouasteriensem

1986 2544 2748 2615 episcopatum(quoddicere
2768 2552 2825 2602 et
2880 2548 3067 2604 audire
3111 2548 3265 2605 nefas
3312 2552 3418 2620 est)
3474 2566 3576 2620 pro

1988 2632 2689 2691 Sodomiticaimmunditia
2717 2636 2979 2692 vendidit.
3009 2636 3142 2705 Qua
3192 2638 3237 2692 si
3292 2638 3579 2710 impuden-

1989 2729 2068 2776 ter
2089 2737 2295 2793 negare
2324 2723 2581 2789 volueris,
2613 2727 2747 2780 teste
2763 2732 2927 2791 terra,
2959 2740 3150 2781 omnes
3169 2726 3333 2781 etiam
3360 2728 3571 2785 afurno

1985 2812 2272 2867 redeuntes
2299 2812 2454 2867 scioli
2481 2813 2823 2868 concludent.
2854 2813 2978 2886 Ego
3023 2814 3275 2870 dominus
3314 2816 3581 2872 Henricus

1986 2900 2274 2956 haereticus
2288 2908 2395 2956 est.
2427 2902 2528 2956 Pro
2549 2902 2744 2973 quibus
2773 2900 3021 2958 nefandis
3047 2902 3206 2959 malis
3225 2903 3296 2958 ab
3350 2911 3576 2974 aposto-

1984 2989 2087 3048 lica
2115 2990 2243 3046 sede
2272 2992 2805 3060 excommunicatus,
2838 3007 2936 3047 nec
2957 3007 3206 3061 regnum,
3225 3008 3326 3048 nec
3350 3001 3582 3063 potesta-

1984 3088 2092 3136 tem
2124 3080 2362 3150 aliquam
2384 3096 2691 3151 supernos,
2748 3080 2876 3150 quia
2921 3080 3184 3136 Catholici
3231 3096 3439 3150 sumus,
3480 3096 3579 3151 po-

1983 3169 2106 3225 terit
2137 3169 2404 3223 obtinere.

2061 3304 2081 3331 »
2118 3282 2277 3350 Sane,
2311 3281 2446 3351 quia
2486 3282 2718 3336 fratrum
2749 3297 2849 3336 nos
2879 3280 3020 3337 odiis
3051 3281 3271 3355 fatigas,
3334 3282 3579 3356 intellige

1984 3370 2116 3425 nulli
2148 3386 2246 3423 nos
2266 3370 2452 3424 odium
2483 3370 2551 3424 de
2573 3367 2933 3436 inaﬂ’ectione,
2968 3370 3063 3425 sed
3112 3371 3180 3425 de
3235 3371 3434 3442 pietate
3490 3372 3578 3426 in-

1984 3460 2228 3515 tendere.
2259 3458 2415 3512 Ahsit
2453 3465 2511 3513 ut
2549 3458 2826 3513 dicamus:
2880 3459 3144 3516 Henricus
3187 3459 3326 3515 inter
3378 3460 3580 3517 fratres

1982 3556 2076 3602 aut
2119 3547 2455 3602 Christianos
2511 3554 2805 3617 reputetur,
2839 3546 2928 3617 qui
2988 3547 3142 3602 toties
3198 3548 3576 3619 corripientem

1979 3634 2278 3690 Ecclesiam
2303 3650 2410 3690 non
2441 3634 2687 3701 audiens,
2708 3634 2847 3689 sicut
2872 3635 3119 3690 ethnicus
3166 3644 3215 3691 et
3251 3637 3576 3707 publicanus

1981 3724 2225 3778 habetur.
2276 3724 2443 3795 Cujus
2500 3724 2684 3779 odium
2737 3739 2839 3795 pro
2892 3740 3091 3797 magno
3129 3724 3395 3781 sacriﬁcio
3460 3725 3576 3783 Deo

1980 3811 2279 3880 offerimus,
2331 3812 2544 3869 dicente
2590 3830 2712 3867 cum
2755 3812 3080 3868 Psalmista:
3133 3836 3154 3864 «ι
3208 3814 3401 3870 Nonne
3484 3814 3576 3886 qui

1980 3902 2215 3957 oderunt
2233 3910 2304 3971 te,
2337 3902 2586 3968 Domine,
2610 3903 2856 3970 oderam,
2876 3909 2932 3955 et
2951 3918 3114 3971 super
3156 3902 3405 3959 inimicos
3455 3910 3576 3957 tuos

1981 3989 2329 4046 tabescebam
2352 3990 2380 4043 Ρ
2400 3990 2645 4060 perfecto
2665 3989 2792 4045 odio
2822 3989 3044 4044 oderam
3073 3990 3217 4054 illos,
3269 3999 3322 4045 et
3368 3990 3574 4047 inimici

1976 4076 2103 4133 facti
2136 4087 2257 4133 sunt
2287 4078 2418 4132 mihi
2451 4078 2625 4146 (Psal.
2648 4080 2933 4145 cxxxvm).
2980 4099 3001 4126 ιι
3038 4077 3199 4146 Cujus
3245 4078 3356 4133 odii
3398 4078 3578 4150 digni-

1977 4171 2143 4223 tatem
2168 4166 2379 4222 Veritas
2413 4165 2822 4235 commendans,
2846 4166 2955 4220 ait:
2994 4185 3019 4217 ι
3055 4165 3116 4220 Si
3147 4165 3265 4235 quis
3299 4181 3409 4222 non
3448 4167 3580 4223 ode-

1974 4258 2041 4313 rit
2064 4266 2291 4328 patrem,
2324 4263 2377 4311 et
2406 4263 2658 4320 matrem,
2678 4262 2730 4309 et
2760 4255 2958 4309 fratres
2999 4261 3051 4309 et
3100 4269 3334 4323 sorores,
3396 4256 3574 4313 adhuc

1975 4356 2154 4402 autem
2188 4353 2241 4401 et
2270 4344 2506 4400 animam
2524 4360 2703 4411 suam,
2737 4359 2844 4398 non
2873 4349 3050 4413 potest
3099 4358 3253 4398 meus
3291 4359 3410 4399 esse
3454 4344 3572 4399 dis-

1984 4435 2197 4504 cipulus
2214 4435 2370 4505 (Luc.
2405 4436 2542 4503 xw).
2577 4455 2600 4482 ιο
2633 4434 2756 4488 Non
2785 4432 2998 4503 ergode
3026 4431 3155 4487 odio
3187 4433 3333 4503 juste
3380 4448 3573 4503 repre.

1983 4523 2245 4592 hendunt,
2294 4522 2384 4593 qui
2431 4522 2670 4577 animam
2703 4529 2966 4586 nostram,
3003 4536 3127 4575 cum
3165 4534 3200 4574 ο.
3234 4520 3323 4577 via
3351 4521 3450 4576 Dei
3487 4536 3578 4575 ex-

1980 4612 2301 4678 orbitamus,
2324 4612 2417 4683 qui
2448 4620 2652 4682 patrem
2672 4618 2726 4665 et
2770 4618 3020 4675 matrem,
3056 4617 3111 4665 et
3152 4624 3368 4664 omnem
3406 4607 3576 4665 affec-

1981 4710 2113 4770 tum,
2137 4702 2226 4774 qui
2257 4701 2415 4756 nobis
2444 4701 2498 4755 in
2528 4699 2617 4757 via
2648 4699 2746 4754 Dei
2776 4697 2973 4767 obstat,
3001 4698 3185 4753 odisse
3204 4697 3579 4769 pracipimur.

1980 4791 2200 4845 lndeest
2220 4791 2362 4860 quod
2392 4789 2536 4845 omni
2558 4788 2756 4855 studio,
2784 4786 2935 4842 omni
2982 4794 3178 4842 conatu
3225 4786 3564 4853 laboramus,

1980 4887 2038 4934 ut
2065 4880 2249 4934 hostes
2274 4878 2526 4932 Ecclesia
2542 4892 2639 4932 nos
2664 4891 2880 4946 quoque
2908 4883 2967 4930 ut
2995 4875 3337 4930 adversarios
3375 4891 3578 4933 cavea-

1982 4984 2122 5036 mus,
2147 4975 2200 5023 et
2229 4982 2336 5021 non
2360 4965 2483 5035 quia
2511 4964 2700 5029 nostri,
2720 4964 2817 5018 sed
2868 4963 2995 5034 quia
3028 4962 3129 5019 Dei
3180 4963 3386 5021 inimici
3430 4973 3575 5034 sunt,

1980 5055 2108 5110 odio
2130 5054 2444 5108 habeamus.
2489 5054 2652 5107 Porro
2692 5050 2838 5123 quod
2896 5051 2964 5106 de
3007 5067 3142 5122 pace
3179 5069 3300 5109 cum
3326 5054 3578 5110 omnibus

1980 5142 2295 5198 hominibus
2325 5141 2575 5196 habenda
2613 5138 2933 5210 persuades,
3008 5141 3315 5198 meminisse
3379 5143 3568 5210 debes,

1981 5232 2105 5303 quia
2152 5230 2418 5303 praemisit
2446 5227 2740 5300 Apostolus
2790 5246 2810 5286 :
2834 5251 2857 5277 α
2892 5227 2953 5285 Si
2973 5226 3088 5284 ﬁeri
3144 5238 3322 5302 potest
3356 5231 3570 5302 ,(Rom.

1982 5324 2102 5391 xu).
2130 5342 2152 5369 υ

2056 5432 2078 5457 ι
2117 5408 2254 5464 Fieri
2273 5415 2450 5463 autem
2471 5423 2579 5463 non
2608 5415 2787 5478 potest
2810 5414 2867 5463 ut
2892 5424 3015 5464 cum
3063 5408 3131 5463 iis
3164 5408 3254 5479 qui
3290 5407 3406 5463 Deo
3443 5422 3579 5464 con-

1985 5498 2135 5554 trarii
2188 5506 2306 5553 sunt
2372 5512 2563 5569 pacem
2624 5496 2936 5553 habeamus.
3010 5494 3145 5565 Quis
3206 5502 3385 5552 autem
3471 5510 3581 5551 ne-

1988 5587 2121 5643 sciat
2143 5585 2430 5643 Dominum
2454 5586 2817 5656 Salvatorem,
2837 5602 2951 5642 non
2977 5585 3152 5640 solum
3195 5597 3392 5655 pacem
3425 5598 3581 5640 com-
