3972 6072
493 255 590 310 991
1642 246 1952 302 VALRAMI
1992 241 2214 299 EPISC.
2266 247 2628 306 NUMBURG.

3707 255 3811 307 992

488 377 770 447 mandare,
797 391 918 433 cum
947 373 1112 432 dicitf
1151 397 1173 421 υ
1199 374 1394 429 Pacem
1421 387 1606 430 meam
1637 372 1707 428 do
1735 371 1922 442 vobis,
1981 386 2072 442 pa-
2101 367 2161 431 Α
2189 372 2460 442 patiuntur
2473 384 2698 448 propter
2705 376 2966 447 justitiam
2986 377 3215 448 (Matth.
3248 378 3330 445 v).
3365 402 3386 426 η
3410 377 3533 433 Jam
3586 386 3646 433 et
3697 377 3808 432 Ne-

490 483 611 526 cem
634 466 883 537 relinquo
912 464 1070 520 vobis
1093 465 1270 532 (Joan.
1306 464 1442 533 xxv),
1478 485 1500 511 ιι
1533 463 1629 518 sed
1685 462 1852 519 etiam
1907 461 2086 534 ipsam

488 572 682 627 pacem
712 553 1119 620 existere,sicut
1147 552 1222 606 ait
1249 552 1562 621 Apostolus,
1587 551 1703 623 ipse
1731 558 1810 606 est
1829 567 1937 621 pax
1979 567 2082 605 no-

490 652 621 713 stra,
640 644 726 714 qui
750 643 1120 712 fecitutraque
1147 657 1316 696 unum
1345 641 1374 693 ‘?
1407 641 1635 713 (Ephes.
1673 642 1762 711 ιι.)
1795 640 1936 710 Quid
1952 655 2084 712 ergo

492 733 697 804 aitpax
727 740 909 788 nostra
929 731 1316 787 commendans
1342 746 1531 802 pacem
1573 731 1601 782 ‘?
1654 754 1676 778 ις
1734 730 1934 796 Nolite,
1997 728 2075 782 in-

498 821 636 894 quit,
659 821 927 888 arbitrari,
948 820 1073 893 quia
1102 819 1226 876 veni
1247 819 1458 876 mittere
1489 835 1680 890 pacem
1722 820 1776 873 in
1833 826 2032 873 terram
2066 836 2078 881 ;

488 925 598 966 non
620 910 750 965 veni
777 924 967 981 pacem
997 908 1230 977 mittere,
1271 909 1369 963 sed
1403 907 1644 979 gladium
1687 907 1906 974 (Matth.
1939 907 2016 975 x).
2055 929 2077 955 υ

489 998 632 1068 Quid
662 1005 741 1054 est
759 999 862 1054 hoc
891 1000 919 1050 ‘?
949 997 1131 1067 Quare
1160 1013 1266 1068 pax
1303 997 1593 1069 gladium?
1622 1013 1788 1067 quare
1830 1013 1938 1066 pax
1969 995 2083 1050 bel-

489 1087 600 1142 lum
630 1085 818 1142 indicit
853 1087 882 1139 ‘l
905 1086 1177 1142 Nimirum
1207 1094 1264 1140 ut
1311 1085 1621 1141 destruatur
1677 1101 1785 1156 pax
1839 1083 2070 1139 diaboli.

491 1175 666 1231 Habet
682 1176 825 1230 enim
856 1183 905 1231 et
926 1174 1175 1229 diabolus
1203 1190 1394 1245 pacem
1424 1189 1597 1241 suam,
1631 1172 1699 1227 de
1740 1189 1847 1244 qua
1890 1173 2080 1228 Domi-

491 1281 593 1321 nus
627 1265 756 1321 dicit
789 1282 802 1320 :
842 1288 863 1315 «ι
914 1265 1048 1321 Cum
1084 1264 1245 1320 fortis
1303 1273 1542 1319 armatus
1585 1265 1820 1320 custodit
1876 1265 2081 1318 atrium

487 1370 668 1423 suum,
686 1355 740 1408 in
775 1370 909 1425 pace
945 1361 1068 1409 sunt
1116 1369 1202 1422 ea,
1239 1370 1361 1423 quae
1394 1353 1638 1423 possidet
1679 1354 1836 1423 (Luc.
1887 1357 2005 1422 xu).
2051 1373 2073 1402 ι

486 1441 533 1498 Ο
554 1457 718 1514 quam
749 1449 998 1514 potenter
1015 1458 1117 1512 per
1145 1457 1244 1497 vos
1272 1441 1533 1496 satellites
1551 1458 1683 1497 suos
1714 1443 1905 1496 atrium
1921 1458 2078 1496 suum

488 1530 595 1585 hoc
625 1537 872 1599 tempore
902 1528 1151 1584 diabolus
1178 1529 1428 1596 custodit,
1490 1530 1580 1599 qui
1637 1538 1788 1585 scuto
1835 1529 2079 1584 falsitatis

491 1625 545 1672 et
586 1618 748 1690 galea
795 1617 1035 1687 perﬁdiae
1071 1617 1320 1687 protecti,
1367 1618 1515 1672 nulla
1575 1619 1820 1672 veritatis
1871 1619 2074 1688 jacula,

2198 477 2412 530 ronem,
2439 465 2564 536 quia
2580 467 2840 536 apostolis
2873 467 3025 522 Petro
3057 476 3108 522 et
3139 468 3326 536 Paulo,
3360 468 3475 538 jam
3516 476 3570 522 et
3617 468 3808 522 Hero-

2194 549 2320 605 dem
2343 553 2466 623 quia
2490 555 2691 610 Jacobo
2726 557 2992 624 apostolo,
3019 556 3137 625 jam
3160 564 3212 611 et
3246 557 3474 611 Pilatum
3509 556 3645 627 quia
3689 556 3808 611 Do-

2193 639 2340 695 mino
2383 643 2508 696 Jesu
2554 643 2768 698 Christo
2803 645 3218 714 supervixerint,
3277 646 3466 699 beatos
3531 643 3805 699 aestimas.

2194 727 2314 796 Qua
2341 731 2596 800 opinione
2613 733 2740 802 quid
2767 732 3008 787 insanius
3029 741 3118 787 aut
3141 733 3411 789 infelicius
3429 733 3540 788 dici
3569 733 3808 803 potest?

2193 816 2535 890 Quapropter
2580 830 2634 876 et
2667 821 2736 876 ab
2771 822 2873 876 hac
2921 822 3259 892 blasphemia
3286 822 3534 893 linguam
3582 823 3800 892 magni-

2190 908 2408 978 loquam
2459 924 2767 980 compesce,
2811 910 2914 964 nisi
2962 911 3100 965 forte
3140 912 3193 964 in
3219 926 3445 966 numero
3486 910 3709 964 illorum
3749 918 3806 964 te

2191 997 2472 1053 constituis
2501 998 2669 1068 quiin
2722 998 2848 1062 ﬁne,
2903 1001 3174 1069 justorum
3232 999 3481 1055 videntes
3534 999 3802 1070 gloriam,

2190 1101 2367 1141 seram
2407 1096 2460 1141 et
2487 1086 2879 1142 infructuosam
2925 1095 3148 1159 agentes
3202 1087 3612 1159 pmnitentiam,
3685 1104 3805 1157 pra:

2191 1175 2443 1246 angustia
2463 1176 2680 1246 spiritus
2710 1185 2991 1247 gementes
3019 1176 3206 1231 dicent
3240 1194 3251 1229 :
3280 1196 3296 1227 ι
3337 1176 3402 1230 Hi
3449 1185 3596 1240 sunt,
3654 1191 3799 1247 quos

2191 1263 2484 1332 aliquando
2507 1263 2794 1318 habuimus
2825 1265 2878 1318 in
2907 1265 3165 1332 derisum,
3200 1273 3251 1318 et
3281 1265 3339 1318 in
3370 1264 3792 1318 similitudinem

2188 1351 2543 1422 improperii;
2578 1368 2675 1408 nos
2704 1352 2957 1407 insensati
2998 1353 3163 1407 vitam
3193 1351 3408 1407 illorum
3471 1352 3799 1407 aestimaba-

2191 1440 2687 1507 musinsaniam,et
2719 1440 2879 1496 ﬁnem
2929 1441 3142 1497 illorum
3196 1441 3311 1496 sine
3361 1441 3586 1496 honore.
3651 1441 3790 1495 Ecce

2190 1530 2466 1599 quomodo
2496 1531 2791 1600 computati
2821 1537 2944 1584 sunt
2973 1531 3112 1584 inter
3164 1529 3305 1585 ﬁlios
3357 1529 3477 1594 Dei,
3540 1537 3597 1584 et
3656 1531 3797 1584 inter

2186 1627 2402 1674 sanctos
2431 1635 2552 1672 sors
2582 1619 2796 1674 illorum
2830 1623 2939 1674 est.
2978 1620 3127 1691 Ergo
3156 1618 3459 1673 erravimus
3489 1635 3518 1672 a
3543 1619 3635 1672 via
3663 1618 3796 1673 veri-

486 1706 635 1761 nulla
662 1705 790 1761 ﬁdei
823 1706 1033 1777 spicula
1052 1706 1334 1760 admittitis
1369 1709 1583 1763 lPotest
1615 1715 1794 1762 tamen
1815 1708 2078 1764 Dominus
2109 1724 2164 1784 Β
2194 1707 2339 1776 tatis,
2371 1716 2425 1762 et
2455 1709 2537 1763 sol
2564 1709 2786 1776 justitiae
2814 1724 2921 1763 non
2952 1708 3087 1762 luxit
3114 1707 3292 1762 nobis.
3327 1707 3467 1774 Quid
3495 1706 3665 1761 nobis
3683 1723 3798 1777 pro-

481 1804 686 1863 noster,
720 1804 906 1866 utpote
937 1794 1131 1850 fortior
1152 1804 1392 1850 armatus
1424 1798 1829 1867 superveniens,
1883 1796 2080 1851 fortem

482 1893 724 1941 vestrum
757 1885 992 1946 vincere,
1015 1890 1064 1938 et
1094 1899 1244 1938 arma
1274 1883 1326 1938 in
1356 1885 1551 1954 quibus
1580 1885 1799 1941 conﬁdit
1827 1885 2078 1940 aufferre.

487 1975 610 2030 Non
640 1989 771 2045 ergo
797 1980 1041 2028 correcte
1088 1973 1394 2043 culpamur,
1442 1974 1487 2028 si
1527 1990 1715 2044 pacem
1757 1974 1901 2028 illam
1934 1977 2080 2030 omni

483 2062 629 2117 bello
668 2061 1024 2116 crudeliorem
1077 2061 1431 2129 detestamur,
1491 2079 1654 2133 quam
1705 2063 1816 2134 ipsa
1864 2065 2081 2118 Veritas

477 2151 997 2222 superliierusalem
1031 2151 1208 2206 ﬂendo
1231 2149 1503 2222 reprobat,
1538 2152 1757 2206 dicens:
1797 2178 1816 2198 ιι
1855 2153 1920 2206 Et
1955 2154 2080 2224 qui-

480 2240 606 2296 dem
632 2239 688 2294 in
717 2239 820 2295 hac
851 2238 959 2304 die,
985 2256 1105 2310 qua:
1135 2239 1201 2294 ad
1221 2255 1412 2310 pacem
1445 2239 1540 2294 tibi
1585 2242 1744 2306 (Luc.
1784 2242 1923 2310 xxx).
1950 2265 1970 2289 ι»
2008 2243 2078 2295 Et

482 2344 648 2400 quam
687 2327 933 2398 psalmus
958 2345 970 2382 :
1000 2349 1020 2375 ι
1057 2327 1230 2397 Super
1259 2327 1470 2398 iniquos
1501 2329 1690 2396 zelavi,
1720 2343 1911 2400 pacem
1960 2347 2084 2401 pec-

481 2423 724 2474 catorum
756 2416 952 2472 videns
980 2415 1165 2485 (Psal.
1191 2421 1378 2480 Lxxn).
1409 2438 1430 2466 ι

554 2504 762 2574 ..ρυοά
818 2519 945 2560 vero
988 2520 1189 2577 papam
1239 2504 1585 2578 Gregorium,
1629 2523 1819 2579 regem
1870 2507 2084 2564 Rodul-

479 2593 668 2666 phum,
719 2593 1090 2649 marchionem
1137 2593 1510 2666 Eggebertum
1563 2595 1785 2667 pessimi
1834 2597 2084 2654 interitus

481 2682 726 2746 damnas,
751 2687 804 2735 et
831 2681 1113 2736 dominum
1147 2690 1320 2750 tuum,
1345 2683 1470 2753 quia
1517 2684 1625 2739 illis
1665 2694 1932 2755 superstes
1975 2696 2076 2756 est,

482 2768 766 2836 boniﬁcas,
785 2769 954 2839 liquet
971 2769 1214 2839 profecto
1231 2771 1300 2826 ab
1325 2774 1470 2827 omni
1495 2790 1520 2826 s
1526 2774 1625 2844 piri
1634 2775 1758 2828 tuali
1774 2783 1824 2830 te
1841 2777 2087 2832 conside-

484 2857 692 2912 ratione
711 2871 931 2914 manere
943 2873 1192 2914 vacuum.
1214 2860 1410 2914 Nonne
1428 2861 1635 2916 beatius
1663 2872 1741 2917 est
1768 2864 1904 2918 bene
1951 2866 2087 2920 mori

481 2958 645 3018 quam
664 2945 806 3001 male
827 2944 1016 3002 vivere
1037 2947 1066 2998 ‘2
1092 2969 1113 2995 α
1151 2948 1296 3003 Beati
1336 2949 1480 3004 enim
1519 2951 1610 3022 qui
1648 2953 2087 3022 persecutionem

479 3170 2167 3198 ___.____.___________________________

2192 1797 2291 1852 fuit
2323 1798 2594 1867 superbia,
2619 1805 2673 1852 et
2702 1797 3014 1851 divitiarum
3067 1797 3328 1866 jactantia
3385 1795 3518 1867 quid
3575 1796 3796 1850 contulit

2191 1887 2348 1941 nobis
2378 1888 2405 1941 ?
2431 1887 2786 1941 Transierunt
2816 1886 2998 1939 omnia
3029 1885 3179 1939 velut
3211 1883 3402 1938 umbra
3426 1885 3580 1954 (Scip.
3623 1887 3704 1949 v).
3771 1907 3790 1929 ε

2191 1975 2326 2043 Quae
2357 1992 2457 2030 nos
2473 1975 2644 2030 verba
2675 1976 2728 2028 in
2758 1974 3024 2028 memoria
3065 1965 3417 2028 adamantina
3462 1972 3789 2034 scribentes,

2188 2080 2406 2119 omnem
2439 2064 2844 2117 similitudinem
2876 2063 3223 2116 extollentem
3253 2078 3312 2114 se
3343 2062 3610 2115 adversus
3643 2061 3797 2114 veri-

2191 2161 2355 2208 tatem
2388 2152 2484 2207 Dei
2509 2152 2925 2217 contemnimus,
2957 2159 3006 2205 et
3035 2150 3333 2220 gloriantes
3380 2149 3434 2202 in
3474 2148 3786 2202 tribulatio-

2191 2239 3020 2309 nibus,calumniari,proscribi,
3055 2242 3106 2293 et
3139 2237 3511 2301 exterminari,
3551 2236 3788 2306 denique

2191 2331 2362 2386 occidi
2394 2347 2696 2400 possumus,
2729 2329 2868 2383 flecti
2900 2328 2987 2382 vel
3008 2327 3150 2382 vinci
3202 2342 3308 2381 non
3365 2341 3682 2395 possumus.
3727 2326 3794 2379 Et

2191 2435 2312 2474 cum
2337 2435 2535 2490 magno
2557 2418 2792 2488 tripudio
2823 2417 2976 2483 illud,
3012 2416 3156 2486 quod
3196 2424 3250 2469 tu
3279 2430 3415 2484 puer
3445 2413 3793 2477 adolescms,

2187 2508 2404 2578 juvenis
2432 2508 2803 2578 frequentatus
2833 2505 3070 2561 nondum
3102 2504 3263 2559 corde
3296 2503 3794 2573 senexconcepisti,

2194 2599 2264 2652 de
2296 2598 2540 2668 patribus
2569 2595 2768 2650 nostris
2799 2595 3160 2662 exsultamus,
3204 2593 3314 2664 qui,
3375 2600 3796 2647 contemnentes

2188 2687 2346 2757 jussa
2376 2686 2700 2756 principum.
2728 2692 3038 2738 meruerunt
3066 2683 3292 2752 praemia
3344 2690 3570 2736 aeterna.
3632 2682 3795 2734 Porro

2193 2776 2483 2832 sententias
2515 2783 2630 2828 tuas
2660 2773 2905 2843 diligenti
2939 2772 3251 2828 curiositate
3287 2770 3640 2833 trutinantes,
3661 2785 3794 2839 qua-

2199 2866 2242 2919 si
2264 2864 2568 2934 spiritualia
2594 2861 2973 2932 spiritualibus
2994 2875 3330 2929 comparare
3362 2859 3630 2914 volumus.
3692 2857 3796 2912 Sed

2197 2956 2352 3020 sicut,
2383 2976 2403 3002 υ
2435 2961 2490 3008 et
2518 2952 2729 3021 reliqua
2751 2966 2860 3005 non
2879 2964 3074 3020 pauca.

475 3378 1052 3484 VALRAMI
1092 3384 1719 3490 EPISTOLA
1762 3389 1936 3489 AD
1984 3388 2683 3493 ECCLESIAM
2729 3380 3787 3489 BAMBERGENSEM.

1355 3630 1621 3702 (ΕοοΑῐω,
1658 3631 1873 3706 Corpus
1906 3634 2159 3690 historic.
2192 3634 2366 3690 medii
2394 3634 2518 3701 wvi,
2551 3641 2588 3688 t.
2613 3633 2680 3702 ll,
2703 3649 2756 3703 p.
2793 3632 2943 3700 263.)

1905 3819 2246 3830 .——_——

555 3934 926 3994 Serenissimis
947 3937 1151 3994 domini
1205 3949 1407 3999 sancta
1453 3943 1922 4018 Babenbergensis
1973 3950 2082 4004 Ec-
2119 3933 2168 3996 Ο
2198 3951 2396 4018 vimus,
2439 3959 2492 4006 et
2528 3949 2714 4005 venire
2762 3965 2869 4004 non
2912 3947 3047 4015 vult,
3085 3945 3274 4001 intime
3309 3961 3409 4001 vos
3435 3961 3717 4016 rogamus,
3757 3952 3806 3998 et

484 4023 666 4081 clesiaa
680 4027 1128 4083 reverentisﬁmis
1148 4028 1426 4097 fratribus,
1459 4033 1528 4088 G.
1561 4035 1622 4090 V.
1665 4035 2086 4108 Niumburgen-

487 4113 563 4170 sis
583 4113 889 4186 episcopus,
921 4131 1046 4172 cum
1077 4119 1333 4176 orationis
1379 4121 1634 4178 instantia
1675 4125 1868 4180 servile
1934 4126 2086 4181 obse-

497 4203 682 4274 quium
711 4219 778 4260 ac
805 4206 1157 4276 semetipsum
1175 4211 1242 4263 ad
1265 4211 1449 4265 omnia
1467 4211 1886 4268 deditissimum.

555 4291 868 4347 Fraternum
888 4301 970 4349 est
990 4294 1215 4350 fratrem
1239 4297 1528 4368 adjuvare,
1564 4315 1860 4372 omnesque
1906 4302 2082 4360 bonos

484 4379 1170 4454 condecetmalignantium
1203 4384 1518 4441 violentiam
1554 4391 1895 4460 pr0pulsare.
1925 4393 2084 4447 Noti-

479 4466 705 4524 ﬁeamus
727 4469 1044 4526 fraternitati
1068 4480 1262 4528 vestrae
1279 4475 1427 4545 quod
1448 4477 1516 4534 Η.
1531 4493 1654 4532 cum
1691 4479 1803 4533 suis
1848 4481 2088 4535 satelliti'

490 4556 594 4612 bus
637 4573 816 4614 meam
848 4558 1256 4628 praepositurum
1292 4563 1642 4635 depraedatus
1717 4574 1820 4624 est.
1888 4568 2082 4639 Quem,

478 4645 736 4717 quoniam
773 4647 1051 4704 canonicis
1067 4648 1300 4706 induciis
1320 4652 1388 4707 ad
1431 4653 1852 4712 satisfactionem
1913 4673 2085 4715 voca-

2201 4056 2301 4111 pro
2326 4040 2519 4094 eodem
2551 4039 2805 4093 fraternae
2862 4035 3258 4092 vicissitudinis
3313 4034 3584 4104 obsequio
3627 4047 3807 4087 mone-

2201 4145 2337 4195 mus,
2379 4136 2644 4199 quatenus
2670 4126 2782 4193 ille,
2816 4125 3127 4197 quicunque
3161 4124 3301 4176 inter
3341 4137 3438 4176 vos
3466 4123 3613 4176 hanc
3648 4121 3805 4175 habet

2200 4224 2542 4287 potestatem,
2564 4216 2616 4270 in
2643 4230 2738 4270 sua
2760 4213 3082 4285 prelatione
3134 4209 3389 4273 notificet,
3419 4210 3680 4279 quoniam
3710 4218 3805 4264 eta

2203 4304 2466 4358 limitibus
2496 4303 2753 4358 Ecclesiae
2770 4311 2822 4357 et
2871 4317 2902 4357 a
2951 4299 3194 4355 ﬁdelium
3231 4298 3508 4353 consortio
3546 4297 3805 4352 canonice

2205 4396 2285 4446 85‘
2323 4392 2820 4447 excommunicatus
2870 4408 2882 4452 ;
2932 4405 3032 4445 VOS
3072 4389 3236 4444 etiam
3279 4385 3804 4442 excommunicatum

2203 4481 2480 4548 habetote,
2514 4489 2569 4536 et
2608 4488 2663 4535 ut
2694 4479 2955 4536 rebellem
2976 4485 3028 4533 et
3062 4477 3447 4548 blasphemum
3484 4474 3802 4544 compellite

2204 4569 2271 4623 ad
2305 4569 2732 4625 satisfactionem
2747 4609 2760 4622 .
