4030 6084
233 309 335 363 993

1352 304 1572 362 EPIST.
1605 306 1698 362 DE
1735 302 1897 362 νισι-Α
1935 303 1994 363 S.
2035 301 2412 364 LEONARDI.

3433 326 3532 381 99$

2188 436 3035 462 ῄ

907 547 1774 693 VALRAMI
1907 541 2844 700 EPISTOLA

622 813 794 904 DE
867 813 1178 906 VlTA
1247 814 1352 906 S.
1441 807 2117 904 LEONABDI
2184 813 3108 914 CONFESSORIS.

1336 956 1653 1026 (Mariana,
1686 954 1870 1028 ampl.
1913 955 2169 1024 Cellach,
2201 957 2220 1012 Ι
2255 960 2407 1028 635.)

300 1139 656 1206 VALBBAMUS,
691 1136 788 1193 Dei
825 1138 1004 1208 gratia
1028 1138 1480 1210 Huenburgensis
1518 1138 1828 1209 episcopus,
1860 1136 1916 1196 A
1945 1134 2090 1192 xime
2107 1137 2442 1208 temporibus
2470 1142 2643 1198 sancti
2677 1143 2950 1201 Leonardi
2981 1146 3349 1221 incanduerat,
3382 1150 3539 1209 ideo-

227 1227 600 1284 serenissimae
643 1233 906 1282 matronae
951 1227 1164 1282 domnae
1207 1227 1500 1283 Gnarnunr
1531 1227 1628 1296 (1),
1660 1226 1834 1281 devo-

234 1325 347 1372 tum
377 1317 674 1383 servitium,
705 1316 1015 1370 instantiam
1046 1316 1351 1372 orationum
1381 1331 1446 1371 ac
1475 1315 1832 1385 semetipsum

231 1406 453 1461 omnino
483 1405 538 1459 in
567 1404 818 1460 omnibus
846 1404 1260 1459 deditissimum.

307 1493 568 1548 Mirabilis
602 1493 747 1547 Deus
776 1493 832 1546 in
862 1495 1066 1548 sanctis
1097 1493 1209 1547 suis
1239 1502 1291 1549 et
1320 1494 1475 1564 cujus
1504 1509 1659 1548 mens
1687 1490 1833 1548 divi-

230 1583 374 1637 nitus
403 1590 480 1637 est
499 1581 850 1648 inﬂammata,
882 1582 1082 1651 saepius
1115 1583 1298 1638 divina
1327 1580 1678 1652 praedicanda
1711 1589 1836 1635 sunt

230 1671 510 1726 miracula.
573 1669 849 1740 Optimam
881 1679 1092 1740 partem
1143 1671 1338 1726 dicitur
1367 1672 1536 1726 Maria
1577 1671 1832 1740 elegisse,

231 1761 381 1832 quia,
413 1760 609 1816 sedens
637 1775 795 1814 secus
845 1761 1019 1830 pedes
1047 1760 1272 1828 domini,
1324 1760 1580 1814 audiebat
1611 1758 1833 1816 verbum

230 1850 418 1915 illius;
451 1865 550 1919 pro
599 1848 882 1919 multiplici
927 1849 1396 1904 administratione
1439 1863 1716 1920 corporea:
1742 1864 1827 1902 re-

233 1938 484 1994 fectionis
509 1936 727 1992 Martha
746 1945 962 1991 notatur
993 1938 1216 1992 nimium
1258 1938 1562 2003 sollicitari,
1595 1947 1646 1991 et
1702 1951 1835 2007 erga

235 2027 467 2098 plurima
499 2025 732 2080 turbari.
774 2027 962 2093 Porro,
996 2027 1188 2096 inquit,
1241 2043 1405 2080 unum
1437 2033 1521 2081 est
1576 2041 1831 2080 necessa-

230 2116 389 2184 rium,
436 2115 579 2184 quod
631 2116 684 2168 in
743 2123 922 2184 partes
953 2115 1236 2183 scinditur,
1295 2115 1366 2169 ad
1405 2113 1566 2170 tinem
1615 2115 1828 2176 tendit;

233 2220 402 2258 unum
449 2219 578 2258 vero
619 2219 889 2256 summum
949 2203 1151 2257 bonum
1183 2212 1262 2258 est
1293 2219 1428 2260 vera
1483 2203 1834 2258 internitaset

228 2291 508 2347 beatitudo
565 2291 618 2344 in
663 2291 920 2360 idipsum.
968 2292 1270 2361 Raptentur
1325 2292 1640 2361 insipientes
1688 2291 1833 2346 circa

234 2383 374 2438 viles
395 2381 550 2449 hujus
569 2380 752 2435 saeculi
782 2380 1051 2435 vanitates
1088 2399 1099 2441 ;
1134 2381 1232 2434 tibi
1261 2397 1409 2449 vero,
1435 2381 1590 2450 juxta
1645 2379 1831 2435 Salva-

232 2470 360 2526 toris
381 2468 827 2535 admonitionem,
861 2485 1023 2522 unum
1056 2468 1305 2523 videatur
1360 2468 1748 2533 necessarium,
1777 2475 1836 2522 ut
1859 2492 1915 2552 B

237 2558 514 2614 inhabites
547 2558 599 2611 in
617 2557 778 2612 domo
806 2557 1022 2612 Domini
1056 2558 1308 2612 omnibus
1330 2557 1522 2612 diebus
1553 2558 1676 2612 vita:
1706 2565 1830 2624 tuae,

230 2657 284 2704 et
339 2646 526 2702 videas
578 2645 907 2700 voluntatem
963 2646 1200 2713 Domini,
1255 2654 1308 2700 et
1337 2645 1516 2700 visites
1572 2645 1832 2715 templum

238 2737 378 2806 ejus.
429 2735 578 2792 Filia:
628 2734 916 2805 Babylonis
963 2735 1162 2806 quibus
1193 2735 1448 2807 ignorant
1495 2743 1835 2808 congregant

232 2825 452 2880 divitias
482 2840 494 2884 ;
528 2833 583 2878 tu
613 2839 766 2890 vero,
797 2823 1207 2877 thesaurizando
1227 2823 1279 2876 in
1297 2823 1457 2892 caelo,
1478 2839 1833 2896 supergressa

232 2929 291 2970 es
317 2913 612 2968 universas.
662 2914 778 2984 Age
826 2911 994 2982 igitur
1049 2911 1194 2981 quod
1225 2912 1364 2983 agis,
1417 2927 1639 2983 onerare
1685 2912 1833 2984 quod

237 3001 503 3072 operai-is,
521 3001 740 3055 domum
761 3000 993 3067 Christo,
1026 3001 1322 3055 sacrarium
1373 2999 1592 3071 Spiritui
1623 3009 1830 3072 sancto,

231 3100 291 3145 ut
321 3107 438 3146 cum
473 3090 736 3145 terrestris
765 3089 930 3158 hujus
960 3089 1304 3144 habitationis
1333 3089 1525 3145 domus
1569 3090 1831 3159 solvatur,

235 3180 461 3235 domum
520 3195 626 3234 non
683 3195 845 3232 manu
870 3179 1067 3233 factam
1099 3179 1340 3234 invenias
1361 3179 1413 3234 in
1443 3180 1615 3248 omlis,
1640 3179 1832 3234 urbem

235 3269 567 3324 fortitudinis
595 3275 797 3322 nostra:
829 3267 994 3322 Sinon
1025 3269 1370 3333 salvatorem,
1403 3270 1698 3323 Jerusalem
1717 3285 1832 3324 οω-

230 3359 446 3425 lestem,
507 3358 664 3427 cujus
702 3356 1043 3427 participatio
1095 3357 1210 3426 ejus
1253 3357 1308 3410 in
1356 3357 1612 3426 idipsum.
1675 3358 1836 3411 Beata

231 3464 352 3519 quae
379 3446 574 3510 credis,
608 3447 731 3515 quia
753 3446 896 3516 quod
930 3445 1100 3502 oculis
1129 3445 1327 3514 vidisti,
1387 3445 1644 3515 operibus
1674 3461 1832 3500 exse-

231 3536 439 3606 queris.
475 3535 564 3590 Sic
595 3541 810 3589 sanctus
867 3533 1180 3588 Leonardus
1210 3534 1262 3586 in
1317 3535 1577 3589 honorem
1635 3543 1834 3590 sanctae

233 3624 420 3678 Maria:
458 3622 741 3693 parvulam
791 3623 931 3692 prim
963 3621 1215 3676 fundavit
1245 3622 1554 3689 ecclesiam,
1588 3622 1678 3677 ubi
1711 3639 1833 3677 om-

230 3713 389 3768 nibus
437 3712 634 3767 diebus
690 3712 814 3766 vitae
873 3727 984 3766 suae
1010 3710 1334 3778 inhabitans,
1369 3711 1586 3767 tandem
1635 3711 1702 3767 de
1733 3711 1834 3767 hac

227 3802 371 3858 valle
403 3801 684 3856 translatus
715 3808 797 3854 est.
825 3800 894 3853 ad
952 3807 1193 3854 montem
1225 3799 1506 3874 virtutum,
1557 3799 1648 3854 ubi
1697 3799 1833 3854 sicut

230 3890 536 3946 laetantium
587 3888 853 3943 habitatio
884 3896 963 3942 est
992 3889 1254 3942 omnium.
1289 3889 1611 3943 Benedictus
1665 3889 1830 3957 Deus,

237 3979 364 4049 quia
395 3988 448 4033 et
478 3987 530 4032 tu
548 3978 698 4049 quasi
732 3985 923 4044 turtur,
971 3976 1224 4031 invenisti
1268 3977 1453 4030 nidum
1502 3976 1672 4031 altare
1729 3977 1837 4032 Do-

232 4067 371 4123 mini
432 4068 709 4134 virtutum,
790 4065 900 4132 ubi,
958 4065 1165 4120 utinam
1201 4065 1211 4118 Ι
1246 4081 1345 4134 per
1391 4065 1837 4120 intercessionem

229 4157 401 4213 sancti
459 4154 723 4211 Leonardi
755 4155 810 4208 in
867 4153 1093 4209 salutem
1153 4153 1314 4208 totius
1369 4155 1564 4224 patria:
1618 4154 1838 4209 virtutes

233 4246 388 4312 ﬁant,
421 4245 552 4300 sicut
585 4244 786 4315 ubique
817 4243 871 4296 in
900 4241 1152 4298 oratoriis
1186 4241 1355 4296 sancti
1386 4242 1650 4298 Leonardi
1680 4243 1832 4314 aspi-

231 4335 427 4403 cimus,
491 4333 594 4387 nisi
651 4331 1003 4388 incredulitas
1052 4330 1294 4386 omnium
1317 4330 1492 4386 obstet
1523 4332 1830 4388 virtutibus.

229 4423 621 4479 Haereticorum
649 4420 976 4492 perversitas
1017 4419 1275 4475 adversus
1329 4419 1667 4476 Christianos
1711 4435 1834 4475 ma-

310 4567 386 4636 (1)
419 4567 542 4635 Ipsa
571 4573 670 4632 est,
702 4569 762 4618 ut
791 4562 1129 4636 conjicimus,
1151 4562 1830 4636 Gertrudisﬁcbertimar-

227 4633 459 4693 chionis
496 4636 753 4692 Saxoniae
808 4633 948 4699 ﬁlia),
985 4633 1172 4688 relicta
1226 4633 1444 4688 Henrici
1501 4633 1712 4688 comitis
1761 4635 1830 4689 de

228 4708 548 4776 Nordheim,
581 4708 738 4762 nobis
769 4705 979 4760 Ottonis
1030 4705 1183 4760 Rixaa
1212 4705 1664 4776 uxorisLotharii
1719 4705 1826 4759 im-

227 4775 540 4855 peratoris,’
579 4787 642 4855 et
686 4776 968 4855 Gertriidis
998 4776 1250 4855 palatina;
1278 4775 1573 4855 cornitissae
1616 4784 1822 4855 .mater,

229 4846 352 4920 quae
382 4850 572 4905 allatas
600 4849 838 4903 Treviris
867 4846 1012 4901 beati
1043 4847 1276 4901 auctoris
1306 4846 1582 4916 reliquias,
1613 4846 1669 4900 in
1698 4862 1825 4903 mo-

1863 3847 1912 3910 C

1945 1240 2068 1294 que,
2102 1226 2239 1282 sicut
2273 1227 2395 1283 viva
2450 1245 2584 1286 voce
2642 1232 2873 1289 fratrum
2928 1237 3290 1307 percepimus,
3346 1255 3542 1298 eorum

1945 1313 2150 1370 malitia
2186 1315 2417 1373 miriﬁca
2436 1319 2606 1375 sancti
2631 1321 2906 1378 Leonardi
2928 1324 2980 1378 in
3012 1325 3108 1381 hac
3139 1326 3270 1398 vita,
3293 1335 3346 1383 et
3373 1343 3541 1400 Opera

1944 1401 2156 1470 penitus
2212 1413 2338 1462 sunt
2392 1406 2618 1478 abolita,
2665 1412 2750 1466 vel
2803 1413 3024 1468 sinistra
3064 1414 3535 1486 interpretatione,

1943 1490 2151 1547 sicutin
2184 1493 2301 1564 ipso
2322 1494 2607 1553 Salvatore
2637 1507 2839 1564 nostro,
2871 1501 3157 1559 int'amata.
3210 1505 3333 1560 Post
3363 1515 3540 1563 trans-

1943 1579 2074 1634 itum
2130 1597 2263 1638 vero
2309 1586 2424 1653 ejus
2481 1588 2802 1643 eorumdem
2857 1590 3060 1646 invidia
3119 1593 3293 1648 scelus
3339 1595 3528 1650 addidi

1942 1669 2155 1739 sceleri,
2188 1679 2261 1740 et,
2289 1681 2344 1726 ut
2373 1675 2638 1729 memoria
2692 1677 2810 1746 ejus
2859 1679 3075 1748 penitus
3118 1679 3418 1736 auferretur
3472 1683 3542 1738 de

1942 1764 2109 1825 terra,
2144 1759 2264 1814 Vita
2293 1762 2426 1830 ejus,
2459 1762 2766 1834 ubicunque
2794 1766 3026 1822 inveniri
3074 1769 3268 1838 potuit,
3301 1778 3381 1826 est
3403 1786 3539 1827 con-

1943 1855 2206 1902 cremata.
2263 1848 2439 1916 Quam
2489 1867 2706 1923 magna,
2741 1869 2903 1924 quam
2947 1854 3220 1925 inusitata,
3247 1874 3410 1928 quam
3439 1859 3542 1916 de-

1941 1937 2104 2006 nique
2134 1935 2473 1993 incredibilia
2502 1940 2742 2008 quotidie
2783 1957 2884 2011 per
2911 1958 3032 1998 eum
3063 1943 3196 1999 fiunt
3249 1947 3540 2014 mirabilia,

1943 2025 2093 2078 nulla
2124 2040 2343 2093 prorsus
2364 2027 2721 2096 antiquitatis,
2747 2037 2801 2083 ut
2831 2031 3046 2101 opinor,
3081 2033 3271 2104 pandit
3291 2035 3538 2091 historia.

1943 2113 2177 2168 Sanctus
2205 2115 2547 2180 Leonardus,
2581 2117 2720 2172 sicut
2747 2117 2862 2189 ipse
2893 2120 3155 2176 veraciter
3180 2124 3542 2194 perpendi,ad

1941 2200 2341 2257 invocationem
2387 2203 2754 2260 desolatorum
2785 2223 3004 2278 semper
3046 2217 3130 2266 est
3155 2210 3386 2280 adjutor,
3419 2213 3538 2268 cle-

1943 2290 2312 2344 mentissimus
2368 2291 2424 2345 in
2482 2295 2989 2365 opportunitatibus,
3062 2298 3115 2352 in
3174 2298 3533 2368 tribulatione,

1943 2379 2284 2434 descendens
2311 2381 2380 2434 de
2425 2381 2566 2436 coelo
2596 2383 2744 2436 vultu
2770 2385 2934 2438 instar
2960 2385 3091 2441 solis
3145 2387 3326 2455 rutilo,
3367 2389 3542 2444 oculis

1945 2465 2312 2534 stellantibus,
2360 2467 2548 2523 habitu
2602 2470 3010 2542 candidissimo,
3062 2475 3130 2530 ad
3170 2482 3371 2531 tactum
3421 2477 3541 2548 ejus

1943 2554 2169 2648 quilibet
2202 2555 2329 2648 ferri
2350 2556 2515 2648 rigor
2531 2558 2675 2648 velut
2701 2575 2828 2615 cera
2857 2577 2889 2616 a
2915 2562 3055 2618 facie
3102 2563 3246 2636 ignis
3276 2564 3539 2648 mollitur,

1941 2645 2127 2716 sicque
2161 2644 2383 2715 captivi,
2416 2662 2447 2700 a
2470 2646 2697 2702 vinculis
2724 2648 2976 2719 absoluti,
3037 2651 3177 2707 inter
3224 2644 3542 2726 fugiendum

1941 2732 2253 2787 ﬂuminibus
2279 2733 2619 2790 obstantibus
2638 2736 2898 2793 divinitus
2927 2747 3369 2796 transvectantur.
3404 2742 3540 2798 Plu-

1940 2821 2078 2877 rima
2106 2822 2160 2876 id
2191 2838 2366 2894 genus
2395 2823 2514 2892 ejus
2541 2833 2664 2879 sunt
2693 2826 2958 2881 mirabilia
3002 2827 3167 2883 ﬁdem
3197 2829 3540 2899 excedentia,

1941 2910 2036 2965 sed
2067 2910 2201 2965 nulli
2220 2926 2440 2980 prorsus
2457 2910 2696 2967 fidelium
2741 2913 3011 2971 inﬁcenda
3043 2934 3056 2970 :
3092 2915 3230 2972 sicut
3277 2933 3377 2988 per
3413 2934 3540 2974 san-

1941 3006 2086 3054 ctum
2117 2999 2463 3055 Leonardum
2491 3001 2840 3058 Boamundus
2869 3004 2938 3059 de
2978 3019 3317 3077 paganorum
3373 3007 3542 3079 capti-

1941 3088 2128 3157 vitate,
2179 3096 2230 3144 et
2252 3103 2355 3144 rex
2410 3089 2674 3161 Anglicus
2731 3091 2800 3146 de
2830 3092 3014 3147 fratris
3041 3093 3126 3148 sui
3156 3094 3540 3164 tyrannidein-

1943 3185 2098 3247 tegre
2119 3192 2273 3231 suam
2328 3186 2715 3247 recuperarunt
2770 3187 3112 3250 potestatem,
3145 3182 3220 3236 ita
3250 3197 3346 3252 per
3390 3199 3540 3240 eum-

1941 3264 2066 3319 dem
2098 3262 2382 3318 miriﬁcum
2413 3273 2662 3320 sanctum
2693 3267 2884 3322 dilatet
2913 3269 3074 3322 etiam
3105 3269 3374 3326 Dominus
3405 3281 3456 3328 te
3473 3272 3542 3328 ad

1943 3353 2201 3407 orientem
2234 3361 2287 3406 et
2316 3352 2385 3406 ad
2415 3352 2778 3422 occidentem,
2815 3357 3238 3424 septentrionem
3297 3367 3350 3413 et
3379 3361 3542 3416 meri-

1942 3440 2108 3507 diem,
2167 3449 2479 3512 crescatque
2563 3450 2746 3497 vestra
2790 3443 3028 3512 probitas
3081 3444 3137 3498 in
3160 3446 3307 3502 mille
3337 3448 3532 3504 millia.

1945 3529 2430 3584 Possideatsemen
2461 3537 2698 3585 vestrum
2728 3539 2912 3601 portas
2933 3532 3273 3589 inimicorum
3323 3553 3544 3594 suorum

1942 3626 1992 3673 et
2022 3617 2408 3674 benedicentur
2461 3618 2516 3672 in
2568 3627 2619 3675 te
2665 3633 2858 3676 omnes
2890 3620 3060 3676 tribus
3104 3622 3411 3682 Germanias
3459 3626 3544 3682 Fi-

1941 3707 2133 3762 deliter
2175 3707 2363 3762 credas
2419 3714 2472 3762 et
2501 3706 2804 3764 nullatenus
2859 3709 3096 3779 dubites,
3130 3711 3276 3783 quia,
3309 3714 3455 3786 quod
3474 3715 3544 3771 de

1941 3795 2188 3866 reliquiis
2217 3795 2387 3866 ipsius
2439 3794 2649 3852 miriﬁci
2681 3799 2852 3854 sancti
2890 3806 3066 3855 tecum
3121 3801 3352 3872 partitus
3397 3820 3541 3874 sum,

1941 3884 2125 3939 auditu
2180 3883 2346 3955 ipsius
2387 3885 2538 3941 vocis
2568 3901 2688 3940 sum
2726 3885 2973 3958 adeptus,
3030 3888 3144 3944 sive
3173 3890 3228 3944 in
3285 3906 3537 3962 corpore,

1943 3972 2057 4028 sixe
2077 3981 2228 4028 extra
2251 3989 2470 4043 corpus,
2509 3975 2713 4042 nescio,
2746 3975 2891 4030 Deus
2916 3974 3046 4030 scit.
3075 3978 3147 4031 Et
3168 3993 3236 4033 ne
3259 3978 3542 4037 falsarium

1942 4061 2270 4133 redarguunt
2297 4061 2580 4128 increduli,
2613 4061 2830 4118 conﬁdo
2859 4063 2918 4117 in
2948 4063 3068 4133 ejus
3105 4065 3376 4137 bonitate,
3400 4085 3540 4139 quo-

1943 4149 2106 4206 modo
2123 4165 2220 4221 pro
2250 4156 2343 4204 tua
2367 4148 2651 4205 devotione
2688 4150 2780 4204 tibi
2809 4150 2954 4206 idem
2983 4151 3260 4226 continget
3287 4157 3539 4229 experiri,

1940 4238 2240 4312 praesertim
2271 4253 2394 4293 cum
2425 4238 2717 4293 multorum
2760 4239 3068 4298 testimonio
3125 4244 3539 4314 comprobatum

1942 4329 2010 4383 sit
2058 4327 2527 4384 clementissimum
2577 4335 2820 4384 sanctum
2878 4345 3004 4386 cum
3051 4330 3324 4404 desolatis,
3379 4335 3538 4406 quasi

1941 4417 2179 4491 aliquem
2208 4432 2330 4473 cum
2351 4415 2533 4473 amico
2561 4433 2658 4474 suo
2676 4418 3043 4475 sermocinari.

1941 4557 2174 4615 nasterio
2189 4558 2483 4614 Brunswici
2507 4574 2538 4613 a
2555 4574 2613 4614 se
2629 4567 2812 4616 erecto
2849 4560 3154 4617 recondidit
3191 4577 3336 4621 anno
3375 4565 3539 4624 Chri-

1941 4632 2009 4704 sti
2025 4631 2179 4704 1115.
2197 4631 2266 4684 Et
2282 4634 2408 4704 post
2423 4629 2781 4704 curricujugn
2798 4631 3039 4704 duorum
3059 4649 3365 4704 annorum,
3386 4639 3462 4694 uti
3484 4641 3540 4697 in

1939 4702 2178 4782 Historia
2193 4700 2560 4782 translationis
2579 4717 2608 4754 a
2627 4700 2928 4782 Godet‘rido
2958 4703 3193 4782 I_.ibnitio
3227 4700 3536 4782 editarlegi-

1933 4775 2206 4898 mit-aviam
2226 4775 2507 4829 universa
2522 4773 2718 4828 carnis
2737 4789 2771 4830 v
2800 4771 2934 4831 Idus
2951 4775 3266 4833 Decembris
3284 4771 3538 4849 [ειίοἰῖσν

1935 4860 1992 4898 es
2039 4859 2310 4898 murena.

1935 4859 2019 4901 est
2039 4859 2310 4915 ingressa.

2780 4965 3531 5001 ——_—"_—-—‘

1198 5066 1808 5162 VALRAMI
1911 5065 2559 5160 EPISTOLA

1571 5237 1665 5291 AD
1693 5235 1750 5292 S.
1778 5237 2183 5294 ANSELMUM.

238 5338 677 5420 Conqueritur
695 5336 772 5402 de
798 5335 1111 5400 varietate
1135 5332 1679 5398 caeremoniarum
1709 5333 1881 5477 intra:
1916 5334 2156 5400 altaris
2199 5333 2610 5414 sacriﬁcium
2643 5335 2828 5401 varie
2873 5356 2918 5403 a
2956 5340 3167 5405 variis
3203 5339 3532 5407 observari

1710 5431 1779 5477 so
1809 5433 1832 5477 ι
1859 5433 2090 5477 arum.

1710 5431 2061 5478 ,ςοιιιανυγη
2073 5460 2090 5478 .

305 5530 515 5598 (Exstat
542 5528 682 5584 inter
711 5525 891 5596 Opera
948 5524 1004 5579 S.
1065 5519 1322 5591 Anselmi,
1372 5518 1626 5578 tractatui
1655 5519 2231 5650 ngsaciarqiiililtomm
2289 5519 2606 5581 diversitate
2656 5524 2961 5596 praemissa.
3025 5525 3165 5585 Vide
3205 5525 3539 5600 Pstrologie
