4030 6084
510 305 2355 335 ’ΜΛ

506 328 2355 377 —

2370 308 2703 323 νὴ*

3748 330 3799 331 ἡ

1752 520 1914 562 οῐιισλ
1948 522 2148 564 ANNO.
2185 520 2388 565 unum
2424 521 2533 565 ICX

1551 728 2740 881 GILBEBTUS

1044 994 1655 1089 EPISCOPUS
1761 998 1881 1088 IN

1985 998 2530 1091 HIBERNIA
2632 1000 3301 1095 LUNICENSIS

1475 1284 2004 1388 NOTITIA
2168 1285 2863 1393 HISTORICA

1302 1501 1546 1571 (FABRIC.
1579 1500 1919 1558 Bibliotheca
1947 1503 2142 1559 medim
2172 1510 2225 1559 et
2254 1501 2456 1559 inﬁmae
2484 1502 2738 1573 Latinit.,
2770 1506 2868 1575 Ill,
2894 1503 2987 1576 57)

566 1676 1190 1754 Gilbertus,_episcopus
1228 1678 2039 1754 in!Hibe_rni_alninicensis[aL
2070 1680 2462 1754 Lumnicensis]
2513 1681 2680 1737 hodie
2722 1682 3136 1748 Limericensis,
3187 1680 3333 1737 circa
3381 1697 3581 1737 annum
3638 1686 3803 1751 mo,

499 1758 775 1820 superstes
795 1750 973 1822 adhuc
994 1750 1325 1822 annoti39,
1358 1750 1834 1820 scripsitlibellum
1870 1750 2128 1807 ne’statu
2150 1750 2671 1818 Ecclexioefeditum
2702 1754 2769 1807 ab
2801 1754 3023 1809 Usserio
3077 1754 3133 1807 in
3188 1753 3448 1822 Epistolis
3494 1750 3809 1809 Hiber-uicis

588 1823 675 1887 78,
706 1828 758 1892 et
788 1820 1037 1892 Gilberto
1067 1821 1328 1890 Crispino
1357 1837 1644 1892 perperam
1685 1822 1943 1877 tributum
1976 1839 2008 1877 a
2041 1825 2213 1878 Pitseo

2244 1840 2299 1893 p.
2336 1825 2461 1879 196.
2490 1824 2761 1879 Praemisit
2792 1826 3047 1880 Usserius
3076 1825 3325 1895 ejusdem
3346 1823 3574 1880 Gilberti
3605 1826 3806 1895 episto-

497 1835 553 1945 ξι.
589 1835 675 1887 Ίδ,
706 1835 758 1874 et
788 1835 1037 1901 unlnerto
1067 1835 1328 1890 urispmo
1357 1837 1644 1902 perperam
1685 1835 1943 1903 tributum
1976 1839 2008 1877 a
2041 1835 2213 1904 Pitseo
2244 1840 2299 1893 p.
2336 1835 2461 1879 196.
2492 1835 2761 1879 Praemisit
2795 1835 3047 1905 psserius
3076 1835 3325 1895 ejusdem
3346 1835 3575 1906 Untberti
3605 1835 3801 1895 episto-

520 1908 607 1946 am
664 1891 734 1947 ad
789 1907 1074 1961 episcopos
1103 1900 1156 1948 et
1176 1892 1523 1964 presbyteros
1544 1892 1814 1949 Hiberniae
1841 1910 1899 1964 p.
1933 1896 2022 1963 77,
2054 1894 2342 1965 subjuncta
2370 1899 2437 1949 88
2464 1895 2634 1955 altera
2662 1896 2811 1951 brevn
2870 1896 2936 1950 ad
2959 1897 3279 1952 Anselmum
3325 1895 3801 1952 Cantuanensem.

1450 2233 2042 2375 GILBERTI
2118 2232 2854 2340 LUNICENSIS

1236 2479 1329 2534 AD
1368 2476 1752 2536 EPISCOPOS
1789 2478 2153 2535 HIBERNIE
2190 2478 2285 2535 DE
2326 2477 2464 2537 USU
2502 2478 3043 2538 ECCLESIASTICO

1612 2657 1932 2729 (Ussamus,
1966 2658 2144 2731 Epist.
2179 2657 2424 2729 Hibem.,
2446 2674 2503 2731 ρ.
2535 2659 2665 2729 77.)

568 2939 855 3012 EpiscOpis
886 2938 974 3013 [et]
1009 2936 1335 3010 presbyteris
1360 2936 1520 2992 totius
1548 2935 1841 3001 Hibernia),
1875 2935 2092 2991 inﬁmus
2122 2936 2180 2998 Α
2211 2936 2356 2990 facta
2385 2934 2671 3006 dispersio,
2702 2935 2770 2990 ad
2792 2935 3051 2992 unitatem
3085 2936 3138 2991 in
3163 2936 3463 3008 apostolica
3503 2935 3810 2992 humilitate

496 3030 799 3102 praesulum
823 3030 997 3084 GtLLB
1027 3026 1345 3082 Luuicensis
1374 3026 1428 3080 in
1459 3025 1670 3080 Christo
1693 3024 1947 3080 salutem.

569 3119 804 3191 Rogatu,
837 3133 939 3174 nec
970 3132 1077 3172 non
1108 3124 1161 3172 et
1192 3123 1464 3187 praecepto
1496 3115 1791 3170 multorum
1824 3129 1890 3169 ex
1918 3113 2098 3181 vobis,
2132 3144 2137 3149 -

500 3208 818 3274 charissimi,
850 3204 1218 3261 canonicalem
1251 3203 1700 3260 consuetudinem
1758 3202 1811 3257 in
1859 3202 2102 3257 dicendis

500 3297 655 3352 horis
676 3303 729 3350 et
757 3294 1072 3366 perdgendo
1102 3295 1264 3350 totius
1293 3292 1651 3350 ecclesiastici
1688 3290 1892 3348 ordinis
1922 3289 2100 3347 officio

496 3385 736 3440 scribere
765 3391 990 3439 conatus
1020 3399 1158 3450 sum,
1191 3398 1299 3438 non
1328 3381 1736 3452 praesumptivo,
1768 3379 1860 3434 sed
1907 3384 2101 3434 vestrae

501 3473 726 3543 cupiens
750 3488 945 3542 parere
974 3472 1232 3543 piissimae
1268 3470 1525 3541 jussioni,
1559 3478 1616 3523 ut
1646 3468 1843 3524 diversi
1866 3476 1919 3522 et
1944 3468 2098 3523 schi-

504 3560 716 3617 smatici
746 3560 824 3614 illi
854 3561 1090 3627 ordines,
1124 3560 1321 3630 quibus
1351 3557 1610 3613 Hibernia
1623 3573 1761 3627 pene
1785 3564 1894 3611 tota
1911 3555 2100 3611 delusa

498 3658 600 3718 est,
634 3648 726 3703 uni
775 3648 1040 3704 catholico
1094 3657 1146 3703 et
1198 3648 1442 3703 Romano
1476 3644 1671 3700 cedant
1700 3644 1910 3700 Oﬂicio.
1953 3642 2098 3711 Quid

495 3736 641 3790 enim
674 3736 852 3806 magis
888 3735 1147 3789 indecens
1187 3743 1277 3789 aut
1298 3733 1697 3790 schismaticum
1742 3732 1850 3786 dici
1881 3732 2094 3802 poterit,

499 3840 663 3893 quam
700 3822 1070 3878 doctissimum
1102 3823 1262 3878 unius
1292 3823 1493 3879 ordinis
1522 3821 1575 3875 in
1614 3820 1834 3876 alterius
1852 3820 2097 3875 Ecclesia

500 3911 726 3967 idiotam
758 3920 809 3966 et
843 3912 1044 3967 laicum
1078 3910 1188 3967 ﬁeri
1220 3913 1248 3967 ?
1279 3911 1597 3981 Quicunque
1628 3925 1761 3981 ergo
1816 3908 2096 3965 catholica:

497 4001 802 4056 membrum
831 4016 888 4055 se
919 3999 1199 4072 proﬁtetur
1214 3999 1494 4065 Ecclesiae,
1518 4000 1651 4054 sicut
1675 4012 1782 4052 una
1817 3995 1941 4064 ﬁde,
1975 4012 2091 4067 spe,

495 4091 781 4159 cliaritate,
814 4090 867 4144 in
899 4106 1131 4161 corpore
1161 4090 1424 4162 jungitur,
1457 4089 1530 4144 ita
1559 4089 1730 4143 Deum
1761 4103 1855 4142 ore
1908 4092 1965 4141 et
1994 4101 2091 4141 or-

497 4179 625 4235 dine
677 4195 801 4235 cum
858 4180 1068 4237 czeteris
1127 4179 1385 4236 membris
1416 4177 1642 4233 laudare
1667 4176 1903 4247 jubetur.
1938 4174 2094 4230 Unde

494 4269 813 4340 Apostolus:
841 4271 905 4327 Ut
919 4271 1221 4326 unanimes
1242 4285 1354 4325 uno
1371 4283 1464 4325 ore
1492 4266 1875 4329 honoriﬁcetis
1904 4263 2088 4319 Deum
2119 4291 2170 4351 Β

493 4358 672 4429 (Rom.
704 4373 797 4427 xv,
831 4362 907 4429 6).
941 4358 1091 4416 Sicut
1120 4358 1284 4431 igitur
1310 4357 1619 4429 linguarum
1649 4371 1747 4427 per
1776 4352 2089 4425 superbiam

2212 3024 2372 3081 ducta
2421 3034 2523 3095 est,
2568 3025 2647 3079 sic
2696 3025 2950 3080 ordinum
3006 3042 3108 3095 per
3151 3026 3541 3099 negligentiam
3565 3034 3617 3080 et
3655 3041 3807 3097 pre-

2210 3115 2574 3183 sumptionem
2608 3121 2796 3169 exorta
2843 3114 3092 3170 confusio
3150 3116 3221 3170 ad
3270 3122 3640 3171 consecratam
3705 3114 3811 3171 Ro~

2208 3219 2384 3259 manas
2431 3202 2693 3259 Ecclesia
2746 3203 2994 3275 regulam
3050 3220 3150 3274 per
3194 3212 3434 3259 vestrum
3486 3203 3726 3259 studium
3757 3212 3810 3259 et

2208 3291 2583 3346 humilitatem
2642 3291 2892 3347 ducenda
2949 3300 3047 3347 est.
3107 3292 3377 3361 Quantum
3424 3307 3556 3365 ergo
3610 3291 3810 3348 debeat

2208 3396 2423 3435 morum
2443 3379 2616 3434 unitas
2635 3381 2843 3435 servari
2875 3397 2905 3435 a
2926 3380 3194 3451 ﬁdelibus,
3246 3381 3497 3453 quamvis
3526 3397 3595 3437 ex
3623 3380 3809 3435 multis

2206 3470 2341 3525 locis
2370 3485 2541 3525 sacrae
2564 3469 2863 3540 Scriptura:
2893 3470 3242 3525 manifestum
3275 3470 3365 3537 sit,
3425 3484 3672 3540 praesens
3720 3478 3808 3524 ta-

2206 3574 2332 3613 men
2361 3557 2620 3613 Ecclesiae
2648 3557 2864 3629 depicta
2891 3558 3077 3631 imago
3096 3559 3269 3614 oculis
3289 3557 3533 3628 subjecta
3557 3566 3807 3630 patenter

2206 3646 2465 3703 ostendit.
2523 3647 2771 3716 Namque
2794 3648 2976 3702 omnia
3007 3646 3267 3703 Ecclesia
3297 3646 3560 3701 membra
3580 3647 3675 3701 uni
3697 3646 3813 3716 epi-

2206 3752 2374 3807 scopo
2412 3734 2661 3790 videlicet
2692 3735 2927 3802 Christo,
2954 3737 3179 3808 ejusque
3207 3735 3410 3791 vicario
3438 3735 3603 3791 beato
3650 3735 3811 3792 Petro

2203 3823 2472 3896 apostolo,
2506 3833 2665 3894 atque
2695 3824 2747 3878 in
2777 3826 2895 3894 ejus
2924 3825 3051 3879 sede
3108 3823 3418 3897 praesidenti
3476 3823 3807 3895 apostolico,

2204 3914 2397 3983 subjici
2425 3920 2478 3967 et
2500 3913 2569 3967 ab
2599 3912 2677 3967 eis
2706 3913 3024 3968 manifestat
3054 3912 3371 3985 gubernari.
3424 3914 3554 3969 Haec
3585 3914 3808 3969 tandem

2201 4000 2423 4074 praemia
2452 4016 2551 4073 pro
2582 4002 2784 4057 tantulo
2815 4016 2986 4072 opere
3036 4018 3069 4056 a
3126 4002 3281 4057 vobis
3337 4001 3588 4057 omnibus
3643 4017 3809 4073 expo-

2202 4087 2339 4143 stulo
2375 4104 2388 4149 ;
2422 4093 2499 4151 ut,
2538 4085 2674 4140 sicut
2701 4084 2789 4141 hic
2819 4086 2992 4141 Deum
3028 4102 3137 4141 uno
3168 4085 3334 4141 corde
3363 4093 3418 4141 et
3460 4100 3555 4141 ore
3584 4085 3806 4141 laudare

2200 4175 2485 4242 debemus,
2537 4174 2617 4229 sic
2654 4174 2725 4243 ei,
2765 4175 2961 4230 vestris
3006 4173 3257 4245 precibus
3298 4174 3535 4245 adjutus,
3566 4190 3677 4229 una
3698 4189 3802 4230 vo-

2200 4263 2410 4320 hiscum
2484 4262 2715 4335 psallere
2804 4263 2863 4318 in
2910 4262 3237 4320 cmlestibus
3304 4262 3492 4319 valere
3564 4278 3798 4320 merear.

2199 4355 2372 4409 Amen
2404 4352 2502 4422 (t).

558 4555 635 4627 (1)
669 4553 1072 4624 Subjiciebatur
1126 4552 1183 4627 in
1236 4568 1369 4627 mss,
1425 4552 1619 4627 quibus
1648 4549 1735 4627 hic
1764 4550 1848 4627 usi
1899 4566 2085 4627 sumus
2186 4549 2370 4627 medio
2390 4551 2579 4627 era_nt_
2600 4546 2858 4627 homines
2872 4548 3115 4627 (scilicet
3142 4547 3272 4627 Nae,
3295 4547 3604 4627 “familia
3633 4547 3779 4627 eius)

493 4622 916 4697 exemplaribus,
949 4626 1212 4681 Ecclesia
1240 4625 1465 4697 depicta
1494 4626 1677 4697 imago
1708 4622 1885 4697 (cujus
1902 4623 1968 4697 in
1999 4639 2087 4697 su-

2192 4625 2465 4693 tanquam
2478 4622 2541 4674 in
2559 4620 2659 4693 hoc
2677 4620 2910 4693 mundo.
2930 4620 3000 4675 In
3019 4619 3429 4693 im9_auimali_a
3449 4623 3507 4693 et
3527 4635 3627 4693 rep
3638 4622 3794 4687 tilia,

491 4689 689 4770 periori
721 4689 952 4770 prologo
967 4697 1105 4770 facta
1120 4703 1208 4751 est
1229 4689 1458 4770 mentio,
1476 4689 1882 4762 etin'proximo
1902 4694 2089 4770 libello
2191 4689 2465 4770 taaQuam
2485 4692 2695 4747 anime
2724 4692 2786 4745 in
2812 4692 3063 4770 inferno.
3098 4690 3327 4770 Verum,
3351 4689 3424 4745 ob
3448 4689 3796 4770 .chalcograf

483 4759 1064 4839 s‘equitur‘explic'atio),
1092 4768 1193 4822 hac
1221 4759 2090 4847 circumdatanﬁpzypasiﬁrca
2188 4759 2473 4847 phicorum
2530 4770 2790 4847 typ‘orum
2827 4759 3115 4828 defectum,
3166 4762 3389 4817 schema
3443 4759 3579 4816 illud
3617 4759 3800 4819 coacti

487 4849 731 4919 ﬁguram
746 4850 946 4906 mundi
959 4848 1152 4903 habuit
1169 4866 1181 4909 ;
1197 4847 1312 4917 fuit
1329 4847 1483 4901 enim
1501 4845 1891 4919 tricar'nerata.
1914 4845 1981 4919 Ia
1995 4861 2090 4919 su-

485 4916 699 4991 piriori
715 4924 887 4993 parte
915 4922 1087 4976 erant
1101 4916 1256 4991 avos,
1276 4922 1549 4991 tanquam
1567 4918 1833 4990 angeliin
1846 4917 2001 4973 creto.
2025 4916 2090 4971 In

2189 4849 2376 4889 sumus
2395 4833 2483 4889 hic
2506 4833 2773 4889 omittere.
