4030 6084
265 354 368 406 997

266 474 2296 513 Μ

1166 357 1487 411 GILBERTI
1519 356 1928 413 LUNICENSIS
1952 336 2052 410 EE
2081 354 2311 412 STATU
2345 357 2712 412 ECCLESLE.

3463 360 3582 418 998.
3612 366 3617 371 ’

2310 478 3535 516 Em

1213 566 1811 751 GILBERTI
1886 587 2626 753 LUNICENSIS

1739 867 2070 961 LIBER

556 1078 881 1253 DE
988 1077 1814 1257 STATU
1910 1080 3266 1262 ECCLESUE.

1541 1318 1858 1390 (Ussaaws,
1904 1321 2063 1389 ibid.,
2094 1338 2151 1394 p.
2185 1322 2300 1391 78.)

1756 1445 2070 1466 *ιη-αι.-

341 1604 588 1678 παιδείηο
616 1603 886 1678 generalis
942 1601 1203 1660 Ecclesia,
1247 1619 1412 1674 supra
1438 1611 1641 1672 notata,
1672 1605 1878 1674 primas
1902 1579 1958 1639 A
1989 1576 2059 1678 ab
2088 1577 2423 1678 aliis‘victus
2487 1582 2776 1652 penuriam
2841 1585 3065 1678 repellat
3089 1605 3111 1678 ξ
3170 1589 3329 1678 tertia
3386 1593 3588 1651 militiae

272 1695 554 1751 nominum
584 1695 791 1750 litteras
818 1708 917 1764 pro
946 1693 1076 1764 ipsis
1122 1693 1432 1748 nominibus
1474 1694 1682 1749 idcirco
1738 1708 1876 1748 con-

268 1783 401 1839 tinet
432 1801 445 1846 ;
486 1783 617 1854 quia
646 1784 882 1855 spatium
911 1782 1181 1837 scribendi
1211 1782 1328 1853 ipsa
1356 1781 1576 1837 nomina
1605 1790 1715 1836 tota
1769 1797 1878 1837 non

273 1873 460 1929 habet.
524 1871 715 1926 Inﬁma
745 1879 929 1927 tamen
956 1871 1098 1925 linea
1145 1872 1246 1925 tria
1277 1871 1392 1927 haec
1448 1878 1556 1926 tota
1611 1870 1878 1927 vocabula

270 1960 554 2029 describit,
588 1960 872 2026 moniales,
906 1960 1272 2025 canonicales,
1305 1960 1390 2015 vel
1428 1958 1777 2015 universales.
1811 1960 1879 2014 Et

276 2057 387 2106 tota
441 2050 666 2120 quidem
696 2050 877 2121 imago
931 2049 1226 2118 pyramidis
1274 2048 1504 2103 formam
1546 2048 1871 2117 praetendit;

276 2140 403 2211 quia
430 2138 661 2193 inferius
686 2138 870 2209 ampla
898 2146 998 2206 est,
1032 2137 1124 2192 ubi
1162 2137 1407 2192 carnales
1451 2145 1506 2192 et
1552 2137 1876 2208 conjugatos

275 2227 505 2297 recipit;
540 2226 792 2297 superius
822 2234 1000 2282 autem
1034 2235 1209 2293 acuta,
1242 2226 1335 2282 ubi
1365 2234 1569 2281 arctam
1603 2226 1744 2280 viam
1784 2241 1874 2280 re-

278 2316 492 2389 ligiosis
530 2324 584 2371 et
625 2316 891 2371 ordinatis
939 2316 1212 2387 proponit.
1263 2317 1381 2371 Nec
1427 2315 1550 2370 sola
1603 2314 1877 2384 generalis

267 2405 450 2462 forma
480 2405 725 2475 superius
754 2412 991 2461 arctatur
1017 2424 1029 2469 ;
1062 2404 1157 2460 sed
1188 2412 1241 2460 et
1278 2404 1579 2476 singulares
1623 2403 1876 2459 formula:

274 2509 411 2567 quas
440 2494 564 2564 ipsa
592 2494 849 2563 continet,
880 2494 937 2548 in
963 2509 1212 2565 supremo
1236 2501 1515 2551 acuuntur.

342 2610 525 2666 Prima
553 2625 683 2682 ergo
714 2609 996 2680 pyramide
1029 2612 1220 2680 (quam
1241 2611 1295 2664 in
1324 2611 1535 2665 sinistra
1573 2617 1727 2679 parte
1781 2626 1871 2666 re-

266 2699 461 2769 spicis,
492 2699 551 2753 P.
585 2698 968 2769 subscriptum)
993 2698 1323 2769 parochiam
1366 2699 1647 2754 nominant
1678 2716 1691 2761 ;
1751 2714 1874 2770 qum

270 2787 325 2842 in
355 2803 575 2843 summo
607 2788 957 2843 sacerdotem
978 2786 1160 2853 habet,
1189 2795 1244 2842 et
1272 2787 1372 2841 sub
1400 2787 1518 2856 ipso
1548 2787 1868 2856 diaconum,

270 2876 485 2933 tertium
512 2876 940 2942 subdiaconum,
974 2884 1224 2947 quartum
1254 2877 1560 2948 acolytum,
1625 2876 1869 2948 quintum

1991 1667 2171 1722 studio
2203 1667 2404 1738 dedita,
2437 1679 2663 1727 caeteros
2721 1689 2752 1728 a
2807 1675 3048 1747 corporis
3088 1675 3334 1734 hostibus
3372 1696 3591 1739 securos

1977 1755 2201 1815 reddat.

2061 1844 2312 1900 Sccunda
2336 1862 2465 1902 vero
2496 1850 2732 1918 pyramis
2760 1850 3116 1907 subscribitur
3142 1859 3547 1916 monasterium
3568 1882 3592 1925 ,-

1984 1941 2038 1988 et
2068 1934 2230 1989 abbet
2262 1936 2315 1989 in
2343 1938 2592 1992 acumine
2620 1939 2896 2006 abbatem,
2922 1950 2975 1996 et
3005 1943 3105 1996 sub
3136 1943 3254 2013 ipso
3299 1961 3396 2000 sex
3451 1964 3586 2020 gra-

1984 2022 2123 2085 dus;
2159 2025 2250 2093 qui
2283 2025 2404 2094 ipse
2434 2028 2686 2082 sacerdos
2715 2037 2811 2096 est,
2849 2037 3008 2099 atque
3050 2031 3152 2085 sub
3200 2034 3283 2089 liis
3336 2042 3591 2093 oratores

1982 2118 2231 2178 tantum;
2264 2114 2521 2183 quoniam
2570 2131 2678 2171 non
2726 2124 2805 2171 est
2846 2120 3239 2175 monachorum
3289 2122 3585 2194 baptizare,

1987 2198 2417 2265 communicare,
2445 2208 2535 2253 aut
2565 2199 2787 2270 aliquod
2818 2203 3239 2261 ecclesiasticum
3297 2207 3449 2264 laicis
3479 2212 3589 2265 mi-

1982 2283 2246 2347 nistrare;
2282 2286 2390 2341 nisi
2419 2287 2576 2356 forte,
2612 2299 2838 2360 cogente
2905 2294 3239 2362 necessitate,
3300 2296 3587 2368 imperanti

1984 2373 2252 2443 episcOpo
2285 2375 2563 2431 obedient.
2595 2375 2837 2444 Quorum
2867 2382 3151 2450 proposito
3197 2391 3276 2440 est
3318 2386 3421 2441 soli
3453 2388 3585 2460 Deo,

1982 2460 2184 2516 relictis
2214 2463 2583 2534 saecularibus,
2617 2466 2675 2520 in
2706 2467 2953 2525 oratione
2982 2486 3203 2526 vacare.

2053 2577 2166 2632 Has
2194 2578 2385 2648 itaque
2418 2580 2554 2634 duas
2580 2582 2894 2652 pyramides
2922 2585 3277 2657 (parochiam
3305 2589 3518 2647 scilicet
3536 2600 3590 2648 et

1983 2666 2312 2737 coenobium)
2344 2668 2617 2737 subjectas
2643 2670 2890 2739 possidet
2916 2674 3267 2744 pontiﬁcalis
3295 2677 3581 2743 Ecclesia;

1983 2770 2104 2823 quae
2132 2762 2186 2809 et
2211 2755 2347 2825 ipsa,
2367 2756 2422 2810 in
2449 2757 2672 2812 modum
2703 2760 3028 2830 pyramidis,
3062 2763 3131 2818 ad
3172 2764 3346 2820 basim
3376 2767 3588 2824 duabus

1980 2841 2282 2898 minoribus
2314 2845 2515 2915 ampla,
2548 2845 2603 2900 in
2627 2863 2886 2917 supremo
2916 2851 3127 2906 acuitur
3153 2861 3207 2908 et
3233 2854 3591 2911 subscribitur

276 2963 645 3030 emorcistam,
677 2969 887 3016 sextum
922 2932 1204 3026 lectorem,
1240 2932 1528 3031 septimum
1548 2932 1863 3017 lostliarum.
1902 2938 1956 2998 Β
1990 2932 2369 3031 θρίξέθραίυξθ
2399 2949 2499 3003 pro
2530 2950 2594 2989 ⁸ο
2607 2936 2751 3031 qm?“
2769 2938 3101 3031 θρίδοορρίη
3122 2956 3338 3031 summa
3357 2944 3489 2999 sede
3509 2945 3590 2999 di”

275 3053 620 3107 Amelarius
667 3058 850 3105 tamen
902 3066 1096 3105 novem
1155 3050 1285 3104 dicit
1322 3050 1527 3121 gradus
1584 3050 1880 3115 Ecclesiae;

268 3140 479 3195 addens
505 3141 871 3211 psalmistam
901 3144 955 3194 et
984 3141 1327 3210 episcopum.
1348 3138 1460 3194 Sed
1477 3147 1655 3194 tamen
1677 3141 1885 3212 cpisco-

269 3247 396 3302 pus,
415 3228 894 3299 archiepiswpus,
908 3227 1259 3299 patriarcha:
1285 3234 1339 3282 et
1373 3228 1683 3299 prophetae,
1710 3244 1883 3299 gene-

272 3318 407 3373 ralis
431 3317 691 3372 Ecclesize
714 3318 915 3388 gradus
938 3323 1059 3370 sunt
1084 3335 1096 3379 ;
1140 3315 1432 3387 singularis
1466 3331 1594 3370 vero
1624 3316 1747 3370 ideo
1779 3316 1888 3369 illis

274 3408 485 3457 tantum
516 3401 888 3471 superioribus
918 3400 1158 3471 perfecta
1180 3408 1261 3454 est
1284 3417 1296 3461 ;
1319 3400 1444 3469 quia
1462 3399 1516 3453 in
1536 3399 1888 3469 bapstismate

273 3500 327 3546 et
391 3506 621 3562 corpore
686 3490 906 3545 Domini
967 3489 1182 3544 veniam
1244 3488 1545 3559 largiendo,
1586 3487 1725 3543 ﬁlios
1762 3503 1889 3542 suos

279 3578 471 3636 ﬁdeles
503 3580 571 3634 ad
603 3579 883 3635 caelestem
913 3578 1145 3648 patriam
1190 3577 1516 3631 transmittit.
1564 3574 1704 3643 Quia
1756 3592 1888 3633 vero

278 3670 519 3742 quilibet
567 3669 637 3723 de
682 3670 849 3723 choro
906 3667 1019 3722 sola
1055 3666 1304 3736 jussione
1369 3665 1667 3735 presbyteri
1712 3672 1891 3734 potest

282 3758 465 3815 ofﬁcio
494 3758 813 3830 psalmistaz
842 3755 1013 3827 fungi,
1037 3755 1269 3826 psallere
1298 3753 1503 3809 scilicet
1529 3754 1644 3809 sive
1672 3761 1890 3810 cantare

291 3849 347 3904 in
379 3862 603 3902 numero
634 3846 901 3917 graduum
930 3844 1190 3900 Ecclesiae
1215 3844 1544 3915 psalmistas
1572 3858 1681 3897 non
1727 3842 1889 3913 poni-

288 3953 428 3991 mus.
462 3937 683 4005 Septem
715 3949 851 4005 ergo
881 3935 1087 4005 gradus
1117 3948 1149 3987 a
1169 3931 1471 4003 septiformi
1492 3931 1685 4002 spiritu
1710 3933 1891 4003 singu-

288 4025 360 4079 lis
392 4024 573 4079 collati
602 4031 723 4077 sunt
752 4021 1054 4090 Ecclesiis;
1088 4020 1214 4092 quia
1245 4020 1493 4089 quamvis
1547 4019 1777 4091 singulae
1836 4021 1889 4074 in

288 4114 366 4169 eis
394 4128 645 4185 personae
678 4127 783 4166 non
815 4112 1069 4177 serviant,
1102 4125 1292 4165 omnes
1319 4117 1499 4163 tamen
1528 4118 1731 4181 septem
1765 4124 1887 4180 gra-

281 4199 381 4253 dus
410 4198 678 4253 sustinens
708 4195 856 4251 solus
884 4194 1159 4265 sacerdos,
1195 4193 1567 4264 Omnipotenti
1606 4201 1890 4266 gratanter

279 4287 560 4342 ministrat.

357 4412 459 4481 Qui
511 4420 690 4467 autem
739 4410 839 4465 sub
881 4410 966 4464 his
1009 4408 1272 4482 gradibus
1318 4407 1453 4462 intra
1494 4406 1668 4461 sinum
1719 4421 1886 4477 paro-

285 4502 479 4557 chialis
547 4501 808 4556 Ecclesiae
878 4500 1237 4566 continentur,
1292 4496 1497 4551 trifarie
1544 4494 1878 4552 dividuntur.

284 4592 361 4647 Ex
393 4590 591 4661 quibus
621 4590 933 4660 superiores
963 4589 1020 4641 in
1048 4587 1333 4658 pyramide
1349 4584 1884 4656 oratoresintellige;

286 4688 341 4735 et
373 4680 500 4752 quia
532 4679 754 4749 quidam
788 4695 852 4733 ex
885 4678 966 4732 eis
996 4675 1267 4747 conjugati
1294 4683 1434 4741 sunt,
1467 4674 1620 4730 ideos
1659 4674 1808 4728 viros
1839 4680 1892 4728 et

284 4767 520 4824 feminas
551 4766 972 4823 nominavimus.
1014 4764 1329 4821 Sinistrales
1359 4779 1492 4819 vero
1523 4764 1579 4816 in
1606 4762 1894 4834 pyramide

284 4860 542 4911 aratores
573 4862 715 4921 sunt,
736 4861 842 4907 tam
876 4852 975 4909 viri
1008 4867 1169 4923 quam
1202 4851 1439 4905 femina}.
1461 4850 1744 4904 Dextrales
1761 4864 1891 4919 quo-

288 4959 392 5014 que
423 4944 721 4999 bellatores
751 4950 889 5009 sunt,
930 4940 1030 4997 viri
1087 4948 1243 5009 atque
1295 4938 1541 4993 feminae.
1597 4938 1712 4993 Nec
1768 4936 1892 4991 dico

287 5031 623 5087 feminarum
655 5048 773 5087 esse
805 5030 1039 5086 oﬁicium
1070 5044 1243 5095 orare,
1277 5043 1451 5095 arare,
1478 5034 1571 5081 aut
1599 5033 1743 5080 certe
1770 5024 1892 5079 bel-

289 5121 443 5183 lare;
478 5120 575 5175 sed
607 5129 786 5175 tamen
817 5120 902 5174 his
950 5119 1254 5189 conjugatae
1298 5123 1421 5171 sunt
1462 5122 1624 5187 atque
1668 5113 1893 5168 subser-

287 5210 457 5276 viunt,
490 5211 580 5282 qui
614 5217 791 5277 orant,
828 5212 879 5263 et
911 5214 1063 5262 arant
1093 5215 1146 5261 et
1172 5212 1434 5278 pugnant.
1482 5205 1597 5260 Nec
1626 5201 1897 5272 sejunctas

292 5299 362 5354 ab
392 5299 639 5355 Ecclesia
676 5306 930 5370 putamus
964 5295 1251 5366 praesenti,
1294 5310 1428 5364 quas
1477 5293 1717 5347 Christus
1772 5308 1895 5346 cum

297 5395 471 5443 matre
502 5403 601 5443 sua
631 5387 862 5443 collocat
890 5386 943 5439 in
976 5384 1204 5441 ccelesti.
1263 5383 1332 5439 Et
1362 5385 1459 5438 hos
1486 5389 1594 5437 tres
1625 5379 1898 5452 legitimos

291 5476 534 5532 ﬁdelium
564 5476 784 5532 ordines
815 5475 883 5530 ab
914 5474 1066 5529 initio
1095 5472 1329 5528 admittit
1356 5470 1626 5537 Ecclesia,
1659 5476 1719 5525 ut
1771 5485 1897 5540 pars

289 5564 348 5620 in
374 5580 442 5622 ea
471 5565 674 5636 (clerus
702 5564 973 5635 videlicet)
1008 5561 1240 5619 orationi
1268 5576 1487 5631 vacans,
1521 5560 1655 5616 alios
1684 5558 1755 5615 ab
1784 5557 1893 5612 im-

1990 3019 2205 3091 rigitur.
2238 3022 2356 3087 Cui,
2404 3037 2507 3091 pro
2553 3024 2824 3092 parvitate
2865 3027 3047 3095 spatii,
3096 3030 3325 3097 parvula
3377 3034 3592 3101 punctis

1991 3117 2175 3164 notata
2204 3110 2527 3180 supponitur
2555 3113 2799 3181 pyramis
2824 3127 2837 3179 ;
2862 3122 2919 3167 ut
2947 3115 3182 3170 declaret
3202 3118 3589 3190 episcopumin

1994 3197 2225 3254 ecclesia
2254 3200 2489 3269 propriae
2514 3200 2656 3255 sedis
2686 3200 2889 3256 habere
2930 3203 3235 3259 sacerdotes
3272 3214 3325 3260 et
3362 3214 3593 3265 caeteros

1995 3298 2089 3335 sex
2121 3283 2342 3352 gradus,
2394 3292 2445 3337 et
2500 3292 2607 3338 tres
2653 3285 2997 3354 supradictas
3043 3285 3282 3342 ﬁdelium
3339 3291 3590 3358 ordines;

1998 3371 2142 3439 quod
2173 3386 2239 3424 ex
2260 3386 2489 3425 numero
2518 3382 2836 3442 punctorum
2865 3379 3033 3443 patet.
3060 3376 3173 3430 Nec
3216 3377 3422 3435 idcirco
3468 3380 3596 3437 dum

2001 3466 2206 3513 tantum
2239 3459 2497 3515 Ecclesiae
2514 3462 2779 3530 pontiﬁci
2797 3462 3176 3534 subjiciuntur,
3209 3469 3353 3537 quod
3384 3468 3600 3526 duabus

1996 3547 2166 3617 possit
2195 3563 2312 3602 esse
2334 3556 2643 3611 contentus;
2668 3550 2760 3604 sed
2773 3566 2875 3620 per
2890 3567 3053 3606 unam
3076 3567 3266 3609 omnes
3276 3559 3593 3628 parochias,

1997 3644 2050 3690 et
2068 3652 2171 3705 per
2201 3636 2426 3692 alteram
2452 3652 2641 3693 omnes
2669 3640 2938 3708 abbatias,
2972 3658 3107 3712 quas
3148 3642 3307 3715 regit,
3354 3646 3599 3704 obtinere

1996 3722 2280 3795 ﬁguratur.
2307 3725 2531 3781 Obtinet
2547 3726 2691 3781 enim
2711 3734 2766 3782 ut
2782 3728 3065 3785 minimum
3088 3730 3277 3787 decem
3298 3733 3596 3807 Ecclesiae,

1997 3814 2051 3868 ui
2080 3813 2378 3883 plurimum
2406 3830 2539 3871 vero
2569 3815 2734 3873 mille.

2069 3929 2186 3983 Hoc
2214 3929 2409 3983 eodem
2439 3929 2633 3984 ordine
2661 3929 2796 3985 duas
2825 3940 3115 4002 sequentes
3144 3938 3455 4007 pyramides
3477 3941 3597 4011 (pa-

1998 4017 2251 4072 rochiam
2278 4016 2530 4071 videlicet
2545 4025 2597 4071 et
2618 4022 3055 4091 monasterium)
3072 4025 3312 4079 secundo
3343 4028 3598 4097 supposi-

2000 4112 2079 4159 tas
2100 4105 2349 4177 episcOpo
2379 4112 2607 4160 constat.
2638 4105 2739 4173 Qui
2771 4123 2979 4162 rursum
3013 4110 3120 4164 duo
3168 4114 3428 4185 episcopi,
3470 4130 3596 4170 cum

1997 4193 2106 4247 suis
2136 4192 2397 4248 Ecclesiis
2422 4193 2515 4247 uni
2537 4195 2952 4268 archiepiscopo
2973 4197 3396 4270 subjunguntur.
3432 4201 3600 4273 Cujus

1906 4273 1957 4336 C
1988 4282 2239 4339 Ecclesia
2269 4282 2628 4337 subscribitur
2666 4284 2924 4341 diwcesi:
2954 4294 3007 4341 et
3052 4286 3217 4342 habet
3264 4289 3318 4343 in
3373 4292 3590 4363 propria

1996 4373 2131 4428 sede
2161 4378 2367 4442 septem
2398 4371 2623 4445 gradus,
2656 4380 2707 4428 et
2738 4380 2846 4428 tres
2876 4375 3096 4430 ordines
3124 4375 3389 4432 ﬁdelium.
3421 4380 3598 4436 Habet

1998 4475 2132 4533 ergo
2160 4469 2311 4516 extra
2339 4461 2627 4530 parochias
2655 4470 2709 4517 et
2736 4465 3118 4519 monasterium
3156 4483 3169 4520 :
3217 4473 3272 4521 et
3317 4475 3376 4522 ut
3421 4468 3598 4539 pluri-

1997 4566 2146 4605 mum
2176 4550 2367 4622 viginti
2396 4550 2683 4620 episcopos
2711 4552 2873 4623 regit,
2904 4560 2961 4607 ut
2990 4552 3276 4608 minimum
3307 4571 3435 4611 vero
3466 4565 3592 4613 tres.

1997 4639 2089 4693 Ad
2119 4639 2371 4695 eumdum
2398 4639 2619 4694 modum
2652 4639 2740 4695 alii
2772 4641 2879 4695 duo
2909 4642 3151 4713 episcopi
3208 4643 3596 4700 subnectuntur

2000 4727 2153 4782 alteri
2182 4727 2619 4799 archiepiscopo.
2656 4728 2761 4783 Sed
2791 4735 2844 4782 et
2868 4729 2976 4784 duo
3014 4730 3408 4802 archiepiscopi
3464 4749 3590 4790 cum

2003 4816 2112 4870 suis
2174 4816 2421 4870 ecclesiis
2456 4824 2510 4870 et
2547 4816 2816 4887 episc0pis
2852 4817 3115 4872 obediunt
3181 4819 3277 4874 uni
3343 4821 3586 4891 primati.

2003 4905 2170 4975 Cujus
2206 4905 2451 4961 Ecclesia
2481 4904 2839 4961 subscribitur
2880 4907 3199 4978 primatus:
3231 4912 3287 4965 et
3335 4910 3497 4968 habet
3544 4914 3600 4968 in

2000 4995 2219 5066 propria
2250 4995 2379 5050 sede
2410 5003 2615 5065 septem
2647 4994 2851 5066 gradus
2882 5002 2933 5049 et
2961 5002 3076 5051 tres
3105 4997 3320 5054 ordines
3338 4998 3600 5071 ﬁdelium,

2004 5088 2161 5138 extra
2190 5098 2322 5139 vero
2353 5082 2664 5154 parochiam
2697 5091 2749 5137 et
2776 5084 3165 5141 monasterium
3190 5105 3202 5152 ;
3226 5095 3279 5143 et
3320 5097 3379 5144 ut
3423 5090 3599 5162 pluri-

2004 5188 2153 5227 mum
2182 5171 2443 5227 obediunt
2486 5172 2535 5227 ei
2580 5186 2675 5227 sex
2723 5172 3137 5245 archiepiscopi,
3190 5183 3250 5231 ut
3312 5178 3601 5234 minimum

2006 5277 2163 5316 unus.
2197 5261 2405 5316 Eodem
2438 5275 2653 5332 quoque
2680 5260 2844 5317 modo
2873 5262 3023 5318 alteri
3041 5265 3271 5336 primati
3291 5266 3346 5320 in
3366 5267 3605 5323 secunda

2003 5349 2225 5422 pagina,
2257 5349 2517 5405 obediunt
2546 5349 2654 5405 duo
2683 5350 3080 5426 archiepiscOpi
3097 5368 3221 5411 cum
3241 5354 3353 5411 suis
3381 5354 3604 5427 episco-

2002 5440 2086 5512 pis
2114 5446 2361 5512 quatuor.

2074 5544 2181 5615 Qui
2211 5553 2542 5618 postremum
2568 5546 2675 5605 duo
2702 5550 2981 5622 primates
3010 5547 3247 5606 serviunt
3265 5548 3357 5604 uni
3387 5555 3439 5605 et
3460 5566 3605 5607 sum-

288 5658 421 5722 petu
449 5630 659 5707 fallacis
687 5648 897 5705 inimici
916 5630 1207 5711 defendat;
1241 5645 1367 5717 alia,
1397 5630 1585 5703 labore
1603 5642 1895 5709 desudans,
1926 5630 1981 5694 D
2009 5650 2101 5693 mo
2121 5636 2372 5695 Romano
2398 5636 2637 5709 pontiﬁci
2663 5654 2850 5710 papae,
2883 5637 3037 5706 cujus
3068 5637 3309 5695 Ecclesia
3361 5639 3605 5698 subseri-
