3972 6072
430 313 533 371 999

1671 295 2006 354 GILBER’I‘I
2041 294 2471 356 LUNTCENSIS.

3609 311 3755 368 1000

427 439 572 496 bitur
595 433 898 511 generalis,
928 436 982 488 et
1018 426 1184 484 habet
1223 422 1556 498 parochiam,
1603 422 2010 488 monasterium.
2041 419 2102 484 Α
2123 421 2444 496 dragesimas
2469 424 2765 483 induuntur
2791 425 3049 485 diaconus
3079 429 3133 486 et
3165 429 3531 489 subdiaconus
3567 450 3737 492 casu-

427 528 732 602 episcopos,
764 531 816 579 et
840 521 1116 577 dimceses.
1149 516 1258 572 Noe
1279 513 1442 569 etiam
1462 528 1646 569 secum
1666 513 1722 568 in
1748 529 2020 568 summum

428 632 571 674 arcas
598 613 841 670 residet:
867 607 1013 680 quia,
1053 606 1190 660 sicut
1234 604 1344 660 Noe
1399 618 1538 658 arcae
1594 611 1827 674 praeerat
1885 602 2024 658 inter

427 699 822 766 undasdiluvii,
850 699 926 753 ita
953 699 1235 755 Romanus
1255 694 1522 765 ponti/ea:
1551 692 1691 764 regit
1720 691 2020 746 Ecclesiam

429 795 486 851 in
513 791 760 849 ﬂuctibus
788 785 991 844 saeculi.
1011 783 1220 854 Quibus
1251 783 1488 854 utrisque
1518 780 1834 852 prmeminet
1862 780 2025 836 Chri-

429 892 572 944 stus;
611 881 703 952 qui
776 878 1052 946 utriusque
1113 871 1442 927 Testamenti
1496 869 1772 942 legislator
1827 876 1926 936 est,
1971 875 2027 922 et

426 975 670 1043 utraque
684 969 822 1041 fecit
850 981 1030 1022 unum
1067 962 1291 1034 (Ephes.
1314 974 1374 1026 ιι,
1401 961 1486 1029 ii)
1519 976 1530 1020 ;
1564 974 1808 1012 summus
1836 958 2026 1011 Pater-

426 1058 684 1122 familias,
714 1056 806 1130 qui
835 1052 1164 1112 excubantes
1183 1048 1412 1104 ﬁdeliter
1441 1047 1497 1101 in
1537 1047 1640 1102 hoc
1671 1045 2022 1101 tabernaculo

426 1145 724 1204 honoriﬁce
752 1149 980 1201 coronat
1006 1141 1061 1196 iu
1090 1153 1289 1212 regno.
1330 1134 1690 1208 Conjungitur
1719 1141 1903 1190 autem
1927 1132 2036 1188 im-

424 1244 648 1310 perator
673 1249 859 1306 papae.
882 1247 980 1287 rex
1001 1227 1248 1302 primati,
1271 1226 1382 1281 dux
1411 1225 1559 1281 archi
1567 1222 1827 1296 pontiﬁci,
1851 1237 2037 1277 comes

427 1327 711 1398 episcopo,
747 1321 901 1378 miles
927 1317 1220 1384 sacerdoti,
1246 1315 1374 1387 quia
1419 1314 1535 1370 istm
1579 1327 1824 1382 personae
1883 1326 2040 1382 pares

430 1414 518 1469 llis
551 1410 915 1470 saecularibus
949 1408 1076 1478 jure
1113 1405 1497 1460 decernuntur.

505 1499 787 1573 Expeditis
854 1511 992 1568 ergo
1050 1494 1104 1549 in
1127 1489 1400 1548 communi
1439 1488 1804 1559 speculatione
1833 1486 2041 1560 ﬁguris,

433 1599 488 1648 et
531 1587 791 1645 membris
841 1593 896 1641 et
950 1582 1125 1654 capite
1185 1579 1466 1647 Ecclesiae,
1511 1594 1651 1632 nunc
1689 1578 1780 1650 qui
1817 1577 2044 1648 singulis

435 1677 717 1735 ordinibus
736 1673 1028 1731 conveniat
1049 1670 1400 1742 explicemus.
1428 1668 1908 1738 Conjungatorum
1940 1672 2040 1730 est,

2131 511 2200 576 [is
2227 513 2284 566 in
2313 517 2426 568 tota
2456 515 2636 582 missa,
2672 515 2772 570 nisi
2803 532 2927 572 eum
2957 517 3164 591 legunt.

2203 602 2571 660 Sacerdotum
2633 613 2809 662 autem
2877 615 3001 661 sunt
3073 608 3481 677 quatuordecim
3535 611 3743 680 ofﬁcia,

2135 705 2395 760 praeesse,
2428 691 2668 760 subesse,
2704 709 2878 764 orare,
2909 693 3134 763 oﬁ'erre,
3171 698 3492 767 praedicare,
3521 700 3744 771 docere,

2140 778 2437 850 baptizare,
2471 781 2816 851 benedicere,
2848 786 3336 857 excommunicare,
3368 789 3747 858 reconciliare,

2139 884 2362 940 ungere,
2404 871 2830 940 communicare,
2886 872 3098 929 animas
3153 875 3268 931 Deo
3322 878 3747 946 commendare,

2141 971 2376 1027 corpora
2391 958 2625 1029 sepelire
2651 974 2664 1013 :
2697 959 2766 1017 de
2796 960 2992 1032 quibus
3047 963 3274 1036 singulis
3304 967 3753 1036 pertractandum

2142 1047 2510 1102 est.Praeesse
2537 1062 2672 1120 ergo
2701 1050 2998 1105 sacerdotis
3017 1059 3134 1119 est;
3190 1051 3336 1122 juste
3399 1054 3469 1108 de
3503 1054 3738 1127 singulis

2143 1133 2404 1204 subjectis
2433 1137 2747 1206 decernere,
2779 1139 3150 1208 paenitentiam
3179 1149 3328 1197 recte
3357 1149 3412 1196 et
3437 1143 3753 1200 misericor-

2145 1223 2285 1278 diter
2312 1223 2621 1297 injungere,
2642 1234 2696 1281 et
2716 1227 3018 1297 praecipere
3039 1237 3346 1286 mansuete.
3367 1231 3598 1288 Subesse
3617 1248 3750 1288 vero

2145 1319 2245 1379 est,
2277 1313 2536 1384 episcopo
2565 1329 2633 1369 ex
2663 1315 2845 1370 animo
2877 1317 3149 1372 humiliari
3179 1326 3232 1373 et
3259 1320 3487 1376 servire.
3531 1319 3750 1392 Oﬂerre

2147 1408 2328 1455 autem
2352 1402 2470 1471 ejus
2501 1410 2584 1458 est
2609 1421 2621 1467 ;
2663 1419 2862 1473 panem
2902 1413 2956 1460 et
2983 1407 3167 1461 vinum
3190 1423 3310 1462 cum
3339 1424 3484 1480 aqua
3514 1410 3748 1482 singulis

2147 1487 2340 1543 diebus
2365 1489 2668 1556 immolare,
2698 1500 2749 1547 et
2780 1493 2834 1546 in
2864 1494 3146 1549 solemniis
3181 1497 3249 1551 Te
3279 1497 3478 1566 Deum,
3498 1500 3746 1554 etBene-

2147 1577 2353 1647 dictus,
2383 1588 2432 1634 et
2466 1580 2805 1652 Magni/icui,
2838 1589 2892 1637 et
2921 1590 3046 1638 ante
3065 1583 3392 1640 sacriﬁcium
3425 1585 3554 1640 thus
3584 1603 3752 1658 super

2150 1674 2202 1722 et
2230 1669 2378 1723 circa
2439 1668 2607 1725 altare
2667 1679 2720 1724 et
2759 1670 3086 1727 sacriﬁcium
3125 1672 3436 1730 incendam.
3480 1676 3753 1732 Diaconus

429 1767 638 1824 nullam
668 1778 840 1836 usque
868 1762 922 1816 in
950 1769 1164 1817 sextam
1194 1758 1278 1813 vel
1311 1757 1473 1812 etiam
1510 1756 1792 1826 septimam
1825 1771 2028 1827 proge-
2057 1755 2112 1820 Β
2145 1756 2286 1810 enim
2308 1766 2430 1812 ante
2454 1758 2809 1830 Evangelium
2841 1761 3082 1816 iucensat
3103 1761 3294 1817 altare.
3321 1764 3493 1819 Orare
3523 1781 3747 1838 quoque

434 1856 578 1910 niem
601 1851 868 1926 sanguine
885 1849 985 1904 sibi
1000 1847 1472 1917 conjunctam,aut
1491 1844 1569 1898 illi
1599 1860 1758 1913 quam
1791 1843 2041 1898 habuerit

436 1951 529 2000 aut
551 1957 708 2015 quam
733 1939 922 1994 habuit
942 1937 1043 1993 sibi
1062 1935 1367 2008 proximus,
1382 1933 1467 1988 vel
1480 1940 1829 1988 commatrem
1841 1932 2039 1987 ducere

434 2047 662 2089 uxorem
688 2049 700 2093 ;
726 2045 850 2086 cum
879 2026 1073 2098 quibus
1092 2025 1234 2080 enim
1254 2023 1420 2079 semel
1445 2022 1630 2092 juncta
1659 2029 1741 2076 est
1776 2021 2038 2088 Ecclesia,

442 2137 566 2179 cum
605 2119 809 2176 eisdem
849 2117 1042 2172 iterum
1081 2114 1344 2184 replicare
1381 2111 1628 2166 illicitum
1685 2111 1816 2166 dicit
1856 2109 2044 2182 [ducit]

448 2207 708 2267 Ecclesia.
737 2205 1056 2277 Conjugatis
1083 2203 1242 2258 etiam
1273 2207 1604 2272 praeceptum
1635 2207 1733 2266 est,
1767 2207 1896 2254 utet
1937 2198 2040 2269 ipsi

443 2298 665 2355 domum
695 2294 914 2350 Domini
949 2293 1308 2364 frequentant,
1331 2289 1516 2360 ibique
1531 2289 1701 2343 Deum
1732 2287 2046 2358 suppliciter

439 2387 669 2443 adorent
699 2393 749 2440 et
777 2389 1097 2455 precentur;
1129 2378 1416 2452 primitias,
1447 2377 1773 2444 oblationes,
1807 2385 1857 2433 et
1887 2377 2040 2431 deci-

441 2492 566 2532 mus
605 2489 728 2530 suas
763 2471 995 2528 ﬁdeliter
1031 2468 1380 2541 persolvant;
1423 2465 1566 2522 mala
1621 2466 1848 2522 solerter
1881 2466 2039 2520 devi-

432 2571 569 2632 tent,
609 2563 757 2620 bona
793 2559 1170 2618 desideranter
1203 2556 1509 2625 inquirant,
1557 2563 1612 2611 et
1647 2555 1868 2611 omnino
1908 2571 2038 2627 pas-

431 2653 636 2710 toribus
663 2651 774 2707 suis
801 2649 1084 2705 obediant.

507 2743 885 2799 Ostiariorum
925 2752 1054 2792 vero
1111 2742 1212 2804 est,
1252 2742 1427 2791 certas
1475 2735 1637 2790 horas
1695 2730 2038 2788 observando

441 2829 746 2900 designare,
780 2834 833 2881 et
868 2825 1173 2890 ecclesiam,
1214 2840 1339 2878 cum
1379 2822 1462 2876 bis
1497 2837 1616 2892 quae
1652 2822 1708 2876 in
1753 2837 1817 2876 ea
1855 2821 2038 2876 reclu-

441 2918 658 2983 duntur,
682 2931 900 2971 servare
924 2932 937 2976 ;
963 2922 1022 2968 ut
1043 2911 1471 2977 nullusJudeus,
1511 2911 1597 2966 vel
1643 2909 1882 2980 gentilis,
1924 2909 2039 2966 sive

437 3007 877 3071 catechumenus,
918 3003 1059 3057 hora
1094 2998 1339 3056 sacriﬁcii
1399 2999 1625 3069 intersit,
1681 3015 1781 3054 nec
1815 2999 2036 3054 omnino

432 3095 584 3153 canis
613 3102 704 3149 aut
733 3091 930 3162 aliquis
968 3089 1282 3144 immundus
1322 3087 1436 3143 sive
1483 3087 1929 3160 sanguinolentus
1978 3087 2034 3142 in
2063 3108 2116 3172 ο

430 3201 552 3242 eam
582 3185 764 3248 intret,
789 3195 1009 3247 cavere,
1033 3177 1530 3234 excommunicatos
1567 3176 1874 3231 eliminare.
1930 3179 2034 3233 Le-

431 3279 654 3332 ctorum
677 3279 858 3326 autem
882 3277 980 3333 est,
997 3277 1184 3338 aperte
1197 3275 1248 3322 et
1266 3266 1515 3323 distincte
1527 3265 1579 3320 in
1593 3265 1816 3322 ecclesia
1829 3267 2032 3336 omnia,

437 3369 638 3436 praeter
656 3359 960 3430 Epistolam
979 3366 1030 3412 et
1057 3356 1432 3428 Evangelium,
1462 3356 1661 3426 legere.
1703 3356 2035 3412 Exoreista—

439 3469 574 3509 rum
600 3457 680 3505 est
709 3450 890 3516 etiam,
920 3445 1240 3501 ﬁducialiler
1266 3443 1569 3515 adjurando
1613 3451 1666 3498 et
1719 3443 2037 3515 imperando

430 3540 488 3595 in
523 3537 744 3595 nomine
774 3535 1013 3597 Domini,
1043 3534 1112 3588 de
1142 3533 1375 3588 obsessis
1402 3533 1720 3604 corporibus
1762 3533 2038 3588 daemones

441 3626 718 3700 eﬁugare;
781 3623 895 3678 sive
971 3620 1342 3677 catechumeni
1390 3620 1516 3688 sint,
1572 3621 1686 3676 sive
1742 3620 2029 3691 baptizati.

439 3717 793 3786 Acolytorum
824 3718 924 3779 est,
954 3708 1243 3764 luminaria
1268 3709 1427 3764 certis
1453 3709 1600 3762 horis
1645 3709 1942 3764 accendere
1986 3718 2039 3765 et

435 3802 821 3873 exstinguere;
851 3797 1035 3852 altaris
1062 3805 1115 3852 et
1134 3796 1381 3852 sacriﬁcii
1401 3796 1700 3852 necessaria
1721 3797 1790 3852 ad
1817 3813 2035 3852 manum

435 3888 756 3947 aubdiaconi
786 3894 1089 3960 praeparata
1116 3885 1335 3942 habere.
1368 3888 1542 3958 Atque
1571 3886 1624 3940 hi
1655 3889 1888 3956 quatuor
1940 3902 2034 3942 or-

429 3979 657 4035 dinesin
683 3976 880 4034 ofﬁciis
899 3974 1201 4032 suissolent
1241 3975 1393 4030 indui
1429 3974 1877 4046 superhumerali,
1909 3976 2036 4032 alba

429 4075 483 4124 et
510 4067 748 4140 cingulo,
771 4073 823 4122 et
853 4073 1034 4121 tamen
1064 4071 1289 4135 possunt
1317 4063 1517 4134 perfrui
1549 4064 1829 4137 conjugio.

501 4157 981 4216 Subdiaconorum
1031 4162 1130 4218 est,
1175 4153 1459 4224 epistolam
1498 4153 1702 4224 legere,
1747 4168 1944 4225 aquam
1982 4160 2037 4210 et

427 4245 614 4304 vinum
630 4244 789 4302 calici
811 4241 1120 4309 infundere,
1135 4240 1375 4296 oblatam
1394 4250 1602 4313 patente
1635 4242 1934 4313 imponere,
1982 4249 2036 4298 et

428 4335 512 4391 sic
539 4333 610 4390 ad
631 4333 800 4388 altare
829 4331 1063 4388 diacono
1091 4331 1342 4393 deferre;
1371 4338 1423 4384 et
1449 4330 1654 4386 idcirco
1683 4339 1862 4388 castos
1891 4347 2030 4388 esse.

429 4424 566 4479 Cum
599 4420 926 4494 supradictis
979 4427 1157 4475 autem
1211 4418 1476 4486 vestibus,
1515 4420 1573 4474 in
1609 4419 1832 4476 sinistra
1868 4437 2030 4476 manu

426 4511 740 4578 fannouem,
772 4517 828 4566 et
854 4507 1005 4582 quasi
1036 4523 1260 4579 scopam
1283 4507 1525 4579 tergendi
1550 4508 1722 4564 altare
1749 4516 1802 4564 et
1847 4508 2028 4581 quod-

429 4600 558 4658 dam
586 4616 724 4657 onus
761 4597 976 4654 Domini
1006 4596 1125 4653 leve
1152 4602 1397 4668 portant;
1444 4603 1499 4653 et
1544 4597 1779 4652 tunicam
1836 4597 2030 4654 strictis

429 4689 658 4746 manicis
675 4689 732 4744 in
749 4685 1026 4744 solemniis
1046 4684 1296 4740 induunt.
1318 4685 1693 4742 Diaconorum
1713 4692 1792 4741 est
1809 4684 1989 4742 dicere
2011 4704 2024 4741 :

429 4778 754 4850 Exiantqui
789 4793 906 4834 non
926 4776 1386 4841 communicant;
1405 4781 1458 4829 et
1481 4793 1499 4829 :
1523 4775 1835 4831 Humiliate
1856 4791 1945 4832 vos
1958 4775 2032 4831 ad

434 4866 882 4922 benedictionem
894 4885 917 4928 ,-
933 4871 1014 4920 et:
1030 4863 1371 4920 Humilitate
1385 4866 1574 4935 capita
1591 4867 1777 4920 vestra
1790 4865 1896 4922 Deo
1907 4883 1929 4927 ,°
1941 4872 1993 4919 et
2011 4881 2023 4918 :

431 4953 540 5022 Ite,
557 4955 735 5009 missa
751 4957 834 5008 est
846 4973 869 5017 ί
885 4960 937 5008 et
957 4970 968 5006 :
989 4952 1394 5009 Benedicamus
1419 4950 1654 5008 Domino
1669 4971 1688 5020 ;
1703 4959 1753 5007 et
1773 4953 2029 5026 Evange-

429 5041 566 5096 lium
592 5040 776 5113 legere
803 5048 858 5096 et
909 5041 1282 5111 pronuntiare,
1322 5037 1594 5097 sacriﬁcia
1627 5057 1792 5113 super
1827 5056 2028 5112 corpo-

434 5129 575 5187 ralia
611 5135 864 5194 statuere,
896 5128 1165 5184 sacerdoti
1193 5129 1522 5197 ministrare,
1552 5129 1867 5199 paschalem
1928 5145 2027 5187 ce-

433 5235 586 5276 reum
603 5216 928 5273 benedicere
951 5233 963 5278 ;
990 5216 1115 5270 etin
1133 5215 1376 5272 absentia
1401 5216 1701 5288 presbyteri
1730 5217 2026 5288 baptizare,

435 5316 490 5365 et
521 5309 688 5364 horas
724 5304 1027 5373 celebrare,
1080 5303 1269 5360 stolam
1325 5305 1489 5360 etiarn
1534 5323 1696 5378 super
1752 5307 2026 5363 sinistrum

433 5398 713 5454 humerum
744 5393 900 5462 ferre,
924 5401 975 5449 et
1005 5391 1156 5448 indui
1184 5393 1475 5450 dalmatica
1503 5394 1558 5449 in
1586 5396 1942 5465 solemnibus,
1973 5397 2027 5454 id

429 5493 529 5555 est,
563 5484 744 5543 tunica
772 5481 973 5555 amplis
1003 5481 1257 5538 manicis.
1313 5483 1376 5539 In
1423 5481 1598 5541 festivi
1645 5493 1826 5544 autem
1872 5485 2027 5557 Qua-

499 5607 579 5681 (2)
607 5606 746 5668 Vide
771 5605 947 5664 Jureti
973 5603 1252 5665 observat.
1282 5602 1355 5660 ad
1378 5603 1539 5676 epist.
1571 5605 1640 5662 74
1667 5606 1867 5664 Ivonis.

2059 4467 2113 4532 D

2148 1844 2318 1914 ipsius
2347 1855 2424 1900 est
2451 1863 2462 1906 ;
2497 1847 2818 1916 suppliciter
2840 1849 3014 1904 Deum
3043 1849 3277 1906 adorare
3305 1851 3619 1921 (utfactura
3635 1856 3755 1920 sua)

2148 1940 2202 1988 et
2230 1949 2332 2003 pro
2363 1933 2702 1989 admirandis
2739 1937 2994 2006 operibus
3014 1937 3250 2007 laudare,
3297 1947 3349 1994 et
3402 1938 3752 2010 benedicere,

2150 2038 2248 2093 pro
2288 2023 2559 2094 perceptis
2595 2023 2876 2080 beneﬁciis
2913 2027 3118 2098 gratias
3139 2036 3396 2099 agere,et
3431 2045 3534 2099 pro
3569 2031 3754 2101 perci-

2148 2111 2364 2180 piendis
2378 2112 2681 2182 deprecari.
2712 2113 2868 2182 Quod
2892 2119 3064 2170 totum
3086 2116 3319 2172 maxime
3340 2117 3394 2170 in
3407 2117 3757 2174 celebrandis

2151 2199 2299 2255 horis
2333 2208 2386 2256 et
2414 2202 2582 2256 missa
2628 2203 2941 2275 peragitur;
2994 2204 3064 2258 de
3101 2205 3313 2274 quibus,
3347 2207 3476 2278 quia
3510 2207 3755 2263 breviter

2150 2305 2258 2344 non
2309 2298 2506 2362 potest,
2546 2291 2601 2344 in
2638 2291 2986 2362 sequentibus
3024 2293 3367 2349 tractabitur.
3435 2297 3753 2354 Praedicare

2149 2378 2308 2433 etiam
2340 2378 2458 2448 ejus
2480 2387 2598 2442 est;
2637 2380 2886 2451 gentiles,
2927 2379 3165 2451 Iudaeos,
3203 2381 3449 2439 inﬁdeles
3482 2385 3571 2439 vel
3602 2394 3755 2441 cate-

2148 2468 2446 2523 chumenos
2475 2468 2550 2523 ad
2578 2469 2811 2540 gratiam
2836 2470 3090 2540 baptismi
3121 2485 3336 2540 vocare,
3374 2480 3426 2529 et
3465 2474 3753 2531 hareticos

2147 2555 2216 2610 ad
2237 2557 2560 2612 catholicam
2591 2556 2758 2614 ﬁdem
2787 2574 3070 2615 revocare.

2219 2643 2520 2713 Baptizare
2547 2642 2668 2712 ejus
2694 2647 2813 2705 est;
2847 2643 3180 2700 exorcizatos
3199 2645 3502 2715 credentes,
3526 2654 3581 2703 et
3615 2662 3749 2703 san-

2146 2737 2290 2784 ctam
2320 2731 2637 2786 Trinitatem
2664 2730 3001 2798 conﬁtentes,
3032 2733 3132 2787 sub
3168 2735 3306 2789 trina
3345 2736 3619 2792 mersione
3654 2753 3748 2792 sa-

2146 2833 2240 2874 cro
2271 2819 2406 2873 fonti
2430 2820 2716 2892 intingere.
2753 2820 2931 2890 Quod,
2975 2821 3112 2878 sicut
3130 2831 3180 2878 et
3216 2822 3405 2891 missa,
3431 2825 3484 2879 in
3509 2825 3750 2881 ecclesia

2147 2907 2309 2962 debet
2337 2906 2488 2970 ﬁeri;
2527 2908 2630 2963 nisi
2666 2909 2950 2980 prohibeat
2980 2911 3289 2966 necessitas.
3325 2911 3388 2966 Et
3422 2913 3750 2970 sacriﬁcium

2146 2996 2366 3067 quidem
2397 2999 2644 3069 corporis
2672 3007 2724 3054 et
2752 2999 3037 3070 sanguinis
3076 3001 3295 3055 Domini
3340 3017 3486 3073 saepe
3541 3000 3622 3069 ﬁt,
3682 3003 3750 3058 ob

2146 3086 2575 3141 recordationem
2625 3087 2894 3157 passionis
2934 3087 3074 3158 ejus,
3111 3089 3248 3146 sicut
3285 3090 3410 3161 ipse
3465 3091 3747 3163 prmcepit,

2144 3173 2333 3229 dicens
2358 3177 2494 3232 :Hoc
2508 3180 2591 3232 est
2608 3193 2812 3248 corpus
2832 3192 3041 3243 meum,
3065 3181 3122 3233 et
3151 3180 3386 3250 sanguis
3416 3195 3577 3236 meus
3598 3200 3619 3235 :
3635 3183 3749 3236 lure

2141 3265 2340 3334 facile,
2357 3265 2782 3336 quotiescunque
2802 3265 3030 3333 sumitis,
3052 3273 3113 3322 in
3132 3283 3315 3323 meam
3337 3284 3757 3325 commemora-

2145 3355 2358 3409 tionem
2377 3354 2426 3424 (I
2454 3355 2576 3410 Cor.
2607 3369 2688 3421 χι,
2714 3357 2802 3423 24,
2827 3356 2944 3426 25).
2983 3355 3256 3425 Baptisma
3284 3372 3415 3412 vero
3445 3373 3552 3412 non
3586 3358 3750 3413 itera-

2143 3449 2245 3508 tur,
2277 3458 2345 3496 ne
2375 3441 2644 3497 invocatio
2687 3452 2887 3499 sanctae
2924 3443 3202 3498 Trinitatis
3259 3445 3539 3500 exinanita
3584 3456 3749 3516 pute-

2143 3536 2254 3592 tur;
2272 3531 2400 3601 quia
2418 3531 2674 3588 Christus
2687 3549 2789 3604 pro
2806 3535 3050 3604 peccatis
3062 3535 3276 3589 nostris
3297 3536 3470 3590 semel
3486 3540 3752 3592 mortuus

2144 3623 2227 3675 est
2253 3619 2306 3689 (l
2331 3622 2484 3676 Petr.
2508 3636 2586 3689 ιιι,
2623 3621 2739 3690 18).
2779 3623 2984 3678 Docere
3014 3621 3136 3690 ejus
3164 3630 3246 3676 est
3267 3641 3280 3687 ;
3299 3622 3600 3694 baptizatos
3621 3641 3753 3696 qua-

2144 3705 2270 3763 liter
2308 3717 2500 3763 contra
2533 3708 2844 3780 superbiam
2899 3711 3221 3781 humilitate,
3280 3720 3473 3766 contra
3525 3713 3751 3769 inanem

2143 3796 2375 3868 gloriam
2425 3797 2754 3868 dejectione,
2805 3807 2994 3854 contra
3035 3798 3293 3855 invidiam
3349 3799 3750 3870 benevolentia,

2143 3893 2332 3958 contra
2363 3885 2496 3940 iram
2528 3887 2812 3955 modestia,
2873 3895 3067 3944 contra
3123 3888 3393 3943 tristitiam
3450 3889 3748 3962 hilaritate,

2141 3983 2333 4031 contra
2363 3974 2647 4030 avaritiam
2680 3975 2952 4048 largitate,
2985 3984 3170 4032 contra
3191 3976 3378 4049 gulam
3397 3977 3746 4046 abstinentia,

2141 4073 2337 4121 contra
2366 4065 2637 4120 luxuriam
2659 4065 2906 4120 castitate
2933 4065 3268 4133 muniantur,
3293 4066 3587 4123 instruere.
3620 4069 3750 4125 Haec

2142 4154 2291 4209 enim
2331 4162 2452 4210 octo
2490 4154 2644 4220 vitia,
2685 4161 2739 4209 et
2775 4153 2954 4208 omnia
3010 4170 3131 4224 quae
3178 4170 3249 4211 ex
3300 4155 3378 4210 eis
3433 4165 3744 4226 nascuntur,

2143 4243 2394 4314 quamvis
2456 4250 2676 4313 peccata
2717 4259 2825 4298 non
2866 4245 2993 4310 sint,
3035 4251 3219 4300 tamen
3257 4259 3480 4315 semper
3516 4260 3748 4316 peccare

2140 4338 2458 4404 suggerunt,
2477 4331 2614 4402 ipsis
2639 4331 2890 4388 videlicet
2919 4333 3266 4396 consentire;
3305 4333 3543 4404 quandiu
3581 4350 3745 4390 nam-

2140 4437 2246 4492 que
2267 4435 2376 4474 non
2404 4419 2667 4476 consentit
2695 4418 2773 4474 eis
2797 4419 3030 4489 animus,
3063 4435 3414 4494 nequaquam
3452 4430 3744 4492 transgre-

2143 4507 2310 4578 ditur,
2343 4508 2440 4563 sed
2470 4507 2648 4578 potius
2669 4515 2975 4562 coronatur.
3010 4508 3214 4564 Docere
3243 4509 3408 4564 etiam
3434 4510 3572 4580 ejus,
3624 4512 3744 4566 sin-

2138 4597 2282 4670 gulis
2312 4597 2632 4665 Dominicis,
2664 4595 2861 4666 quibus
2889 4596 2944 4651 in
2974 4597 3320 4654 hebdomada
3347 4598 3540 4654 diebus
3567 4599 3744 4656 absti-

2139 4701 2269 4742 nere
2300 4694 2352 4741 et
2382 4684 2576 4740 feriare
2597 4684 2784 4739 ﬁdeles
2813 4683 3065 4753 debeant,
3095 4685 3417 4756 pradicare.

2210 4774 2547 4830 Benedicerc
2577 4781 2773 4844 potest,
2805 4781 3069 4844 praesente
3116 4774 3393 4847 episcopo,
3448 4790 3649 4848 aquam
3689 4786 3744 4833 et

2137 4861 2220 4917 sal
2245 4863 2301 4917 in
2329 4861 2629 4918 Dominicis
2657 4861 2916 4918 sacerdos
2941 4879 2954 4924 ;
2987 4870 3039 4918 et
3052 4863 3368 4933 prandium,
3391 4872 3739 4936 etsponsum,

2136 4959 2190 5007 et
2218 4967 2498 5022 sponsam,
2531 4959 2586 5006 et
2614 4952 2849 5006 lecturos
2866 4949 3124 5007 lectiones
3139 4961 3337 5023 praeter
3356 4952 3736 5024 Evangelium,

2136 5047 2191 5094 et
2219 5043 2297 5111 (2)
2327 5055 2525 5111 aquam
2551 5038 2740 5109 judicii
2768 5039 2853 5094 vel
2882 5054 3080 5110 panem
3109 5047 3162 5095 et
3189 5047 3406 5096 caetera.
3438 5041 3501 5094 In
3529 5042 3741 5096 absen-

2135 5129 2211 5185 tia
2240 5145 2370 5184 vero
2401 5127 2663 5200 episcopi,
2695 5134 2877 5198 potest
2906 5127 3228 5184 benedicere
3254 5143 3518 5184 coronam
3548 5128 3740 5186 clerici

2137 5227 2191 5275 et
2218 5219 2397 5274 velum
2427 5217 2626 5285 viduze,
2659 5232 2831 5272 novos
2860 5217 3084 5283 fructus,
3117 5217 3376 5273 candelas
3398 5217 3455 5272 in
3477 5216 3740 5273 Puriﬁca-

2135 5307 2282 5363 tione
2307 5313 2510 5361 sanctae
2535 5305 2739 5372 Mariae,
2769 5305 2982 5361 cineres
3009 5304 3064 5359 in
3092 5305 3271 5375 capite
3295 5305 3510 5376 jejunii,
3555 5321 3741 5361 ramos

2134 5396 2191 5451 in
2219 5395 2508 5452 Dominica
2539 5393 2866 5465 Palmarum,
2895 5401 2948 5451 et
2976 5394 3436 5467 peregrinatums,
3477 5401 3532 5450 et
3560 5395 3736 5451 lectu-

2136 5501 2253 5545 rum
2284 5483 2668 5558 Evangelium,
2700 5483 3034 5558 etpopulum
3051 5498 3174 5541 cum
3196 5483 3514 5549 dimittitur;
3540 5498 3739 5556 aquam
