4030 6084
323 311 454 368 1001

1575 313 1668 373 DE
1707 314 1931 376 STATU
1968 319 2341 379 ECCLESIrE.

3476 351 3614 405 1002

318 433 660 490 benedictam
710 435 971 508 aspergit,
1003 435 1071 492 ad
1102 436 1498 535 benedicendas
1527 456 1697 496 novas
1725 443 1916 499 domos
1942 444 1997 505 A
2027 445 2310 506 benedicta
2373 454 2611 527 aspergit
2675 456 3150 535 [aspersorium],
3192 472 3363 522 textus
3442 473 3616 528 sancti

318 530 371 578 et
400 530 595 578 cratera
625 538 787 579 nova.
816 526 1328 582 Excommunicare
1344 527 1463 598 ejus
1480 536 1578 598 est,
1602 530 1918 587 criminibus

312 610 518 681 lapsos,
548 613 738 679 semel,
772 613 854 667 bis
884 616 936 667 et
966 613 1121 669 tertio
1150 624 1465 679 revocatos;
1506 626 1562 673 et
1593 634 1700 674 non
1731 620 1917 690 poeni-

313 707 487 754 tentes
517 715 546 753 a
578 700 961 755 communione
1010 700 1254 756 ﬁdelium
1300 704 1609 774 eliminare,
1644 714 1700 760 ut
1729 723 1829 763 nec
1862 709 1918 761 in

313 788 454 843 victu
488 802 586 842 nec
614 788 669 840 in
701 786 917 858 loquela
949 789 1234 859 quisquam
1265 791 1340 845 eis
1369 794 1748 849 communicet.
1809 798 1915 852 Rc-

313 872 622 951 conciliare
671 872 785 940 ejus
829 881 941 933 est;
984 874 1307 942 poenitentes
1352 893 1526 946 prope
1571 886 1802 933 mortem
1850 878 1919 933 de

315 960 707 1029 criminalibus,
741 978 808 1017 ex
837 976 1104 1017 consensu
1153 972 1334 1018 tamen
1380 966 1643 1037 episcOpi,
1674 968 1743 1021 ad
1788 969 1915 1021 uni-

316 1057 483 1105 tatem
512 1050 754 1105 ﬁdelium
784 1049 1045 1120 recipere.
1082 1054 1291 1124 Ungere
1320 1062 1493 1123 potest
1522 1055 1816 1124 quemlibet
1847 1054 1914 1109 fi-

315 1137 496 1193 delem
531 1138 697 1193 semel
728 1138 783 1193 in
813 1139 1054 1210 quolibet
1099 1140 1255 1212 gravi
1305 1142 1514 1210 dolore,
1556 1143 1685 1213 quia
1731 1144 1913 1199 unctio

318 1235 504 1282 sancta
558 1243 667 1283 non
722 1228 898 1283 solum
950 1229 1175 1292 animae.
1233 1229 1328 1285 sed
1382 1239 1436 1285 et
1484 1232 1726 1301 corporis
1761 1248 1911 1302 saepe

317 1314 586 1371 medelam
618 1316 826 1371 tribuit.
866 1317 1299 1374 Communicare
1327 1319 1502 1374 statim
1534 1320 1698 1375 debet
1722 1320 1906 1389 bapti-

317 1411 487 1473 zatos,
518 1412 571 1459 et
598 1403 787 1460 ﬁdeles
816 1421 1007 1460 omnes
1055 1414 1135 1461 ter
1180 1406 1236 1460 in
1282 1423 1424 1462 anno
1470 1409 1548 1478 (in
1594 1408 1823 1477 Pascha,
1851 1409 1905 1462 in

313 1491 652 1559 Pentecoste,
683 1502 733 1547 et
760 1493 940 1548 Natali
970 1493 1209 1564 Domini)
1241 1501 1296 1549 et
1323 1510 1495 1565 prope
1534 1503 1764 1551 mortem
1802 1512 1904 1566 po-

308 1578 458 1646 sitos,
488 1580 536 1634 si
565 1581 879 1650 quaesierint
924 1582 1091 1637 verbo
1139 1582 1224 1638 vel
1269 1582 1445 1654 signo,
1478 1584 1563 1640 vel
1593 1591 1729 1640 teste
1756 1582 1903 1639 ﬁdeli

308 1666 456 1735 quod
485 1667 633 1736 prius
663 1669 996 1738 quaesissent.

2022 535 2328 609 Evangelii,
2358 542 2696 613 psalterium,
2738 547 2977 613 missale,
3028 551 3293 624 horarius,
3338 560 3613 630 manuale,

2025 631 2077 678 et
2103 628 2376 717 synodalis
2414 629 2569 696 liber,
2617 635 2753 699 vela,
2806 637 3134 695 candelabra
3180 659 3302 696 cum
3350 628 3611 717 candelis,

2025 727 2149 766 arca
2198 715 2660 786 vestimentorum,
2708 722 2850 790 pixis
2897 741 3019 779 cum
3069 727 3266 784 oblatis
3313 740 3365 787 et
3412 715 3613 790 ferrum

2025 813 2229 891 eorum,
2254 804 2488 875 ampulla
2518 823 2639 861 cum
2672 809 2794 865 vino
2824 819 2876 865 et
2905 812 3077 869 altera
3105 831 3226 871 cum
3258 835 3416 891 aqua,
3440 823 3616 891 pelvis

2025 886 2093 941 ad
2123 904 2315 943 manus
2346 890 2602 949 lavandas
2630 912 2751 951 cum
2783 904 3142 974 manutergio,
3168 886 3381 962 truncus
3409 886 3499 964 aut
3526 911 3614 965 la-

2022 975 2106 1045 pis
2134 993 2297 1032 cavus
2328 980 2417 1033 ubi
2448 996 2589 1050 aqua
2618 986 2763 1042 unde
2806 1002 2958 1043 sacra
3007 991 3251 1048 lavantur
3297 995 3612 1068 effunditur,

2020 1063 2285 1120 absconsa
2327 1068 2487 1123 etiam
2517 1073 2617 1125 sub
2647 1075 2890 1141 candela,
2923 1086 2977 1132 et
3004 1079 3278 1138 lecturiale
3307 1085 3409 1139 sub
3438 1063 3604 1146 libro.

2094 1153 2157 1207 Et
2186 1155 2491 1224 superiores
2529 1160 2727 1229 quique
2775 1164 2982 1233 gradus
3028 1178 3254 1236 possunt
3292 1172 3611 1231 inferiorum

2020 1238 2197 1335 oﬁicia
2226 1243 2544 1301 ministrare.
2576 1248 2883 1319 Episcopus
2912 1269 3043 1326 ergo
3072 1260 3368 1315 sacerdoti:
3397 1263 3615 1335 singula.

2018 1327 2310 1420 ministrat;
2344 1331 2489 1399 licet,
2514 1334 2677 1389 etiam
2706 1338 2825 1406 ipso
2851 1351 3140 1412 prasente,
3164 1348 3315 1415 quasi
3338 1327 3613 1420 quoddam

2015 1416 2085 1470 sit
2146 1420 2423 1487 proprium
2490 1424 2784 1479 sacerdotis
2825 1426 3043 1496 offerre,
3093 1416 3383 1504 baptizare,
3452 1440 3615 1495 horas

2014 1504 2308 1575 celebrare,
2341 1524 2560 1579 ungere,
2589 1514 3011 1583 communicare,
3065 1523 3466 1593 commendare,
3518 1544 3611 1583 se-

2014 1590 2200 1679 pelire.
2232 1593 2368 1650 Sunt
2394 1603 2658 1664 praeterea
2699 1608 2904 1670 septem
2948 1606 3199 1673 praesulis
3248 1590 3612 1679 oﬁicia,rcon-

2011 1678 2251 1746 ﬁrmare,
2286 1681 2627 1752 benedicere,
2651 1687 2959 1758 absolvere,
2992 1694 3257 1762 synodum
3284 1678 3487 1769 tenere,
3518 1701 3612 1757 de-

353 1755 783 1813 »Commendare
806 1757 968 1813 debet
995 1759 1201 1815 orando
1221 1760 1434 1814 animas
1461 1758 1650 1815 ﬁdeles
1681 1760 1749 1815 de
1773 1775 1897 1815 cor-
1924 1788 1979 1849 B
2010 1767 2212 1835 dicare,
2244 1784 2590 1841 consecrare,
2622 1775 2891 1832 ordinare.
2944 1755 3290 1850 Cobﬁrmare
3335 1787 3454 1857 ejus
3474 1755 3606 1853 Iest;

305 1845 529 1916 poribus
557 1845 920 1917 egredientes,
951 1854 1003 1901 et
1032 1861 1216 1902 earum
1263 1848 1586 1903 memoriam
1634 1847 1688 1902 in
1736 1848 1902 1903 missa

305 1940 357 1987 et
386 1933 718 1989 orationibus
748 1933 1098 2003 frequentare.
1141 1933 1405 2002 Quamvis
1445 1936 1590 1990 enim
1632 1938 1902 2006 promissa

305 2022 373 2075 sit
400 2021 738 2092 indulgentia
764 2023 1039 2091 peccatori
1069 2039 1406 2095 quacumque
1434 2026 1569 2078 hora
1596 2025 1899 2096 paeniteret,

305 2113 489 2163 tamen
520 2124 679 2180 poena
706 2118 1016 2179 peccantem
1048 2112 1303 2182 quaelibet
1332 2116 1639 2183 exspectat;
1688 2128 1900 2186 purga-

306 2197 476 2251 torius
510 2197 761 2252 videlicet
808 2198 972 2271 ignis,
1021 2200 1111 2269 qui
1158 2216 1383 2270 corpore
1425 2200 1603 2255 statim
1651 2217 1902 2273 egressos

304 2292 357 2340 et
384 2286 561 2339 minus
590 2302 689 2357 per
719 2287 951 2342 lamenta
971 2288 1313 2357 poenitentiae
1332 2299 1591 2362 purgatos
1621 2291 1691 2345 ad
1719 2289 1900 2360 pleni-

305 2374 549 2428 tudinem
580 2375 774 2444 recipit
801 2377 1139 2447 purgandos.
1164 2375 1320 2443 Quod
1343 2393 1473 2448 ergo
1504 2394 1602 2448 pro
1631 2379 1708 2434 eis
1728 2380 1815 2433 hic
1844 2376 1901 2432 ﬁt

303 2461 359 2515 in
386 2463 726 2518 orationibus
755 2471 808 2518 et
837 2463 1217 2536 eleemosynis,
1250 2465 1458 2536 proﬁcit
1488 2466 1564 2521 eis
1594 2467 1663 2521 ad
1692 2482 1898 2539 purga-

301 2550 520 2619 tionem,
556 2551 681 2621 quia
708 2552 874 2607 sudor
900 2554 1151 2608 vivorum
1182 2554 1396 2626 requies
1427 2563 1513 2609 est
1541 2562 1897 2611 mortuorum.

300 2640 552 2711 Sepelire
590 2650 823 2711 corpora
872 2640 1134 2711 ﬁdelium,
1184 2643 1433 2697 ultimum
1481 2651 1561 2699 est
1602 2645 1902 2700 sacerdotis

300 2726 570 2791 oﬁicium;
605 2728 723 2799 ipse
753 2730 899 2784 enim
930 2731 1085 2785 tertio
1118 2739 1308 2784 terram
1356 2748 1518 2801 super
1554 2748 1749 2802 corpus
1777 2749 1900 2788 cum

302 2814 513 2871 fossore
545 2816 801 2887 infundit,
836 2818 1070 2874 dicendo
1105 2837 1116 2872 :
1152 2822 1227 2875 De
1259 2823 1412 2875 terra
1440 2820 1745 2891 plasmasti
1772 2839 1890 2877 me.

299 2904 567 2974 Adjacent
596 2906 756 2960 etiam
789 2907 1119 2962 coemeteriis
1164 2915 1469 2963 sanctorum
1521 2909 1627 2963 alia
1673 2909 1813 2974 loca,
1846 2910 1902 2964 in

298 2992 492 3062 quibus
521 2994 925 3049 submersarum
968 3002 1021 3050 et
1065 2995 1368 3051 occisorum
1400 2996 1636 3052 ﬁdelium
1672 3012 1899 3068 corpora

298 3080 621 3149 conduntur,
676 3083 801 3154 quia
846 3082 1084 3153 ipsorum
1127 3084 1323 3139 animae
1370 3085 1487 3140 Deo
1535 3085 1900 3141 commendari

296 3185 403 3224 non
450 3170 824 3239 prohibentur.
891 3171 1031 3225 Nam
1074 3171 1376 3228 inﬁdelium
1421 3181 1472 3228 et
1519 3174 1899 3229 sceleratorum

295 3274 519 3328 corpora
571 3258 731 3329 longe
777 3267 900 3313 sunt
948 3276 981 3313 a
1026 3258 1269 3314 ﬁdelium
1301 3261 1670 3331 projicienda;
1705 3263 1901 3334 quibus

292 3346 436 3401 enim
467 3346 605 3402 vivis
635 3363 744 3402 non
774 3338 1268 3411 Communicamus;
1301 3364 1403 3404 nec
1430 3350 1673 3405 mortuis.

2009 1854 2214 1911 frontes
2240 1857 2483 1914 ﬁdelium
2513 1861 2907 1932 baptizatorum
2939 1868 3228 1927 chrismate
3255 1854 3477 1945 ungere.
3513 1880 3608 1936 Be-

2008 1945 2268 2002 nedicere
2289 1954 2468 2004 autem
2491 1949 2614 2005 dico
2635 1954 2928 2022 praesulem
2951 1972 3015 2011 ea
3036 1974 3160 2029 quae
3180 1975 3293 2015 non
3314 1973 3439 2019 sunt
3460 1974 3616 2024 uten-

2009 2032 2131 2086 silia
2167 2034 2442 2099 ecclesiae;
2477 2053 2793 2096 consecrare
2825 2058 2952 2098 vero
2982 2044 3101 2114 ipsa
3132 2049 3398 2105 utensilia.
3432 2053 3610 2110 Bene-

2008 2120 2138 2177 dicit
2168 2137 2301 2194 ergo
2329 2126 2579 2193 pontifex
2608 2129 2853 2200 reginam
2885 2139 2936 2186 et
2967 2133 3238 2205 virginem
3286 2153 3410 2193 cum
3457 2142 3610 2198 vela-

2010 2215 2111 2278 tur,
2145 2217 2196 2265 et
2237 2212 2536 2282 quemlibet
2578 2214 2798 2271 ﬁdelem
2846 2218 3091 2276 benedici
3139 2225 3526 2296 postulantem,
3559 2238 3612 2287 et

2011 2304 2176 2352 totum
2208 2300 2468 2370 populum
2495 2310 2617 2357 ante
2646 2320 2871 2373 pacem;
2918 2308 3192 2365 benedicit
3220 2314 3383 2368 etiam
3413 2334 3608 2389 supra-

2010 2395 2334 2455 memorata,
2359 2405 2478 2457 quae
2507 2405 2617 2445 non
2646 2392 2773 2448 licet
2791 2396 3057 2451 sacerdoti
3083 2397 3137 2451 in
3158 2400 3274 2468 ejus
3291 2406 3606 2471 praesentia.

2008 2474 2262 2563 Absolvit
2282 2476 2472 2544 praesul
2494 2478 2752 2548 populum
2781 2480 2847 2535 de
2867 2482 3173 2540 venialibus
3191 2487 3243 2540 in
3273 2491 3449 2560 capite
3463 2493 3607 2563 jeju-

2008 2561 2100 2631 nii,
2135 2563 2203 2617 de
2233 2563 2602 2619 criminalibus
2632 2566 2685 2620 in
2719 2568 2883 2624 Coena
2912 2570 3150 2630 Domini.
3194 2577 3360 2633 Tenet
3391 2561 3607 2652 quoque

2008 2652 2286 2721 synodum
2318 2651 2400 2705 bis
2428 2652 2480 2706 in
2513 2670 2674 2722 anno,
2709 2655 2764 2710 in
2793 2663 2982 2714 aestate
3014 2670 3065 2715 et
3096 2661 3149 2716 in
3181 2672 3459 2723 autumno.
3491 2651 3609 2726 Hoc

2007 2739 2172 2793 modo
2201 2741 2546 2812 congregatis
2575 2744 2824 2799 omnibus
2852 2748 3184 2819 presbyteris
3215 2752 3374 2807 totius
3401 2757 3609 2825 episco-

2008 2835 2183 2896 patus,
2213 2836 2580 2898 perscrutatur
2620 2831 2911 2902 episcopus
2940 2850 3007 2890 ne
3038 2837 3163 2906 quid
3212 2839 3372 2896 alicui
3416 2859 3610 2901 eorum

2011 2913 2148 2969 desit
2174 2915 2229 2969 in
2258 2916 2404 2971 omni
2436 2918 2645 2985 ordine,
2678 2920 2766 2975 vel
2794 2922 3140 2979 ustensilibus
3174 2927 3436 2999 ecclesiae,
3471 2949 3612 2991 neve

2009 3002 2296 3073 quisquam
2349 3019 2535 3059 eorum
2586 3006 2737 3061 alteri
2784 3010 3079 3082 quidquam
3128 3012 3316 3069 fecerit
3358 3015 3605 3086 injuriae;

2008 3090 2151 3162 quod
2183 3091 2356 3146 tribus
2381 3092 2572 3147 diebus
2601 3093 2677 3170 ﬁt.
2711 3096 2920 3151 Pacatis
2943 3098 3126 3171 itaque
3154 3102 3427 3171 omnibus,
3460 3107 3608 3164 abso-

2008 3177 2100 3232 luti
2133 3178 2513 3248 permittuntur
2542 3181 2722 3236 arbire
2752 3182 2805 3236 in
2834 3182 2998 3254 pace.

2077 3267 2309 3322 Dedicat
2338 3266 2503 3322 etiam
2533 3269 2775 3337 pontifex
2808 3271 3024 3341 atrium,
3077 3272 3365 3346 templum,
3415 3279 3604 3352 altare,

2009 3352 2249 3407 tabulam
2269 3354 2470 3408 altaris.
2491 3355 2759 3411 Dedicare
2782 3358 2925 3412 enim
2946 3369 3026 3414 est
3047 3361 3224 3417 locum
3253 3366 3367 3420 Deo
3389 3366 3605 3437 offerre,

363 3434 704 3489 Enumeratis
768 3444 947 3490 autem
1016 3444 1176 3507 atque
1239 3436 1530 3507 descriptis
1608 3436 1904 3492 sacerdotis
1932 3449 1982 3513 Ο
2013 3442 2335 3496 benedicere
2365 3450 2416 3496 et
2446 3442 2807 3499 sanctiﬁcare.
2842 3447 3141 3504 Consecrat
3172 3456 3352 3506 autem
3382 3434 3603 3524 episco¥

298 3522 521 3585 oﬁiciis;
556 3522 752 3594 quibus
782 3522 835 3578 in
866 3524 950 3577 his
978 3524 1052 3577 uti
1082 3523 1279 3578 debeat
1320 3524 1559 3580 vestibus
1605 3524 1902 3595 perspicia-

281 3627 432 3665 mus.
458 3609 615 3666 Sicut
641 3626 781 3683 ergo
812 3620 1020 3681 septem
1042 3613 1244 3685 gradus
1261 3621 1402 3680 sunt,
1429 3612 1625 3681 quibus
1645 3613 1903 3668 sacerdos

289 3699 552 3768 elevatur,
586 3699 659 3754 ita
687 3707 895 3770 septem
940 3708 1062 3755 sunt
1092 3708 1272 3755 vestes
1320 3700 1517 3770 quibus
1562 3701 1848 3756 ordinatur
1880 3718 1893 3755 :

298 3788 671 3843 indumentum
723 3788 1114 3859 quotidianum,
1163 3788 1384 3855 amicta,
1418 3787 1560 3855 alba,
1595 3789 1894 3861 cingulum,

294 3876 516 3944 fannon,
548 3876 690 3931 stola
733 3885 786 3932 et
829 3878 1040 3932 casula.
1087 3878 1157 3931 Et
1204 3886 1406 3932 caetera
1453 3876 1669 3948 quidem
1711 3878 1894 3933 omnia

294 3964 470 4020 officia
518 3965 633 4019 sine
679 3965 886 4032 casula,
919 3970 972 4020 et
1000 3981 1121 4019 cum
1151 3965 1289 4019 stola
1318 3965 1433 4020 sola
1463 3964 1756 4036 aliquando
1781 3982 1889 4035 po-

287 4057 413 4109 test.
440 4052 766 4123 Quotidiana
799 4053 868 4108 ad
900 4053 1141 4122 missam,
1164 4061 1220 4107 ut
1239 4053 1585 4123 paucissima,
1608 4061 1730 4108 sunt
1759 4071 1887 4124 qua-

287 4150 425 4209 tuor,
458 4142 701 4211 camisia,
735 4143 938 4208 tunica,
983 4141 1284 4209 femoralia,
1333 4140 1721 4197 calceamenta.
1763 4144 1884 4198 Ad-

289 4231 414 4284 dunt
448 4238 632 4286 tamen
659 4232 896 4286 Romani
917 4229 1139 4301 caligas.
1163 4229 1310 4283 Dicit
1335 4245 1557 4300 quoque
1579 4231 1884 4288 Amalarius

282 4319 620 4374 sacerdotem
651 4318 851 4373 debere
881 4318 1029 4373 indui
1062 4317 1325 4373 sandaliis
1355 4326 1407 4373 et
1432 4318 1724 4375 dalmatica
1746 4336 1759 4373 :
1784 4321 1881 4377 sed

276 4406 562 4475 pontiﬁces
592 4406 739 4477 apud
767 4421 866 4461 nos
892 4407 977 4460 his
1004 4414 1248 4461 utuntur.

349 4494 485 4552 Octo
512 4503 635 4551 sunt
663 4510 795 4567 ergo
840 4494 1032 4565 quibus
1074 4503 1402 4550 sustentatur
1441 4497 1691 4553 sacerdos
1724 4512 1737 4552 :
1769 4513 1875 4567 pa-

270 4585 478 4654 rochia,
510 4600 752 4652 mansus,
779 4583 996 4653 atrium,
1028 4584 1418 4652 coemeterium,
1452 4586 1736 4655 templum,
1787 4585 1874 4643 al-

270 4682 402 4743 tare,
434 4674 575 4730 calix
602 4689 722 4728 cum
752 4681 970 4743 patena,
1003 4687 1202 4741 corpus
1238 4688 1363 4727 cum
1407 4674 1692 4745 sanguine,
1744 4678 1874 4746 quia

2010 3545 2111 3600 pus
2141 3529 2387 3584 utensilia
2415 3530 2655 3585 ecclesia:
2687 3533 2830 3603 (quae
2870 3533 2984 3590 fere
3024 3538 3205 3593 omnia
3231 3543 3605 3599 sacerdotibus

2009 3624 2138 3671 sunt
2166 3618 2497 3688 communia)
2527 3619 2847 3675 vestimenta
2874 3622 3127 3682 videlicet
3153 3629 3510 3686 sacerdotalia
3551 3641 3607 3688 et

2005 3704 2356 3775 pontiﬁcalia,
2391 3706 2572 3761 altaris
2609 3708 2897 3777 velamina,
2947 3712 3193 3783 calicem,
3244 3725 3501 3787 patenam
3547 3723 3602 3776 et

2005 3792 2331 3863 corporalia,
2362 3794 2637 3851 vasculum
2687 3797 3057 3868 Eucharistiaa,
3109 3803 3369 3874 chrisma,
3420 3808 3600 3863 oleum

2003 3892 2056 3937 et
2082 3897 2177 3938 vas
2204 3881 2512 3949 chrismale,
2545 3886 2665 3938 thus
2703 3892 2755 3939 et
2802 3886 3155 3957 thuribulum,
3200 3891 3594 3966 baptisterium,

1999 3987 2176 4025 arcam
2212 3969 2292 4025 vel
2320 3970 2574 4025 scrinium
2623 3972 2996 4041 reliquiarum,
3022 3976 3349 4034 cimbarium
3384 3982 3461 4051 (id
3489 3992 3590 4050 est,

1996 4058 2181 4113 altaris
2208 4057 2605 4127 umbraculum)
2638 4074 2870 4127 crucem,
2914 4062 3326 4119 tintinnabulum
3375 4076 3428 4122 et
3476 4069 3590 4124 fer-

1992 4162 2111 4200 rum
2137 4144 2394 4216 judiciale
2423 4145 2519 4213 (3).
2553 4145 2631 4199 Ea
2678 4147 2820 4201 enim
2871 4154 3070 4202 tantum
3116 4162 3414 4222 consecrat,
3468 4173 3591 4227 quae

1991 4250 2023 4289 a
2052 4231 2325 4289 communi
2355 4248 2457 4287 usu
2488 4233 2541 4287 in
2570 4233 2770 4288 cultum
2801 4234 3041 4290 divinum
3062 4248 3399 4308 separantur.
3427 4242 3586 4300 Ordi-

1989 4326 2096 4377 nat
2123 4321 2407 4391 episcopus
2453 4319 2724 4386 abbatem,
2758 4321 3106 4393 abbatissam,
3140 4328 3503 4400 sacerdotem,
3533 4341 3584 4389 et

1987 4418 2218 4467 caeteros
2264 4424 2360 4463 sex
2406 4408 2628 4479 gradus.
2681 4408 2858 4465 Utitur
2898 4412 3060 4466 etiam
3108 4414 3429 4485 episcopus,
3478 4434 3581 4490 pro

1986 4498 2268 4573 dignitatis
2295 4498 2519 4562 honore,
2552 4496 2746 4553 baculo
2793 4506 2845 4553 et
2886 4499 3110 4569 annulo,
3159 4502 3482 4560 chirotbecis
3525 4515 3580 4563 et

1980 4586 2156 4649 mitra,
2187 4584 2387 4649 balteo,
2419 4581 2720 4649 dalmatica,
2752 4592 2805 4639 et
2833 4585 3107 4640 sandaliis.
3141 4587 3372 4658 Oportet
3396 4600 3578 4648 autem

1980 4690 2099 4728 eum
2131 4687 2339 4727 sacram
2369 4670 2701 4741 Scripturam
2731 4679 2782 4725 et
2812 4673 3128 4729 traditiones
3150 4675 3368 4731 Patrum
3399 4679 3574 4735 habe-

268 4762 501 4834 singulm
552 4761 677 4828 sibi,
730 4760 992 4831 subjectis
1018 4760 1165 4829 quasi
1214 4760 1538 4831 quibusdam
1580 4764 1861 4841 gradibus,
1891 4781 1948 4845 D
1980 4777 2058 4828 re,
2081 4767 2138 4814 ut
2166 4759 2330 4830 possit
2357 4758 2426 4813 de
2455 4757 2687 4828 singulis
2710 4757 2855 4826 juste
2883 4760 3205 4830 discernere,
3230 4771 3283 4818 et
3313 4766 3571 4841 quaelibet

270 4852 479 4906 honore
506 4856 559 4904 et
586 4849 845 4921 dignitate
876 4848 1258 4919 praeferuntur.
1306 4849 1623 4903 Pardchiam
1672 4855 1865 4922 appel-

266 4955 325 5010 ιο
352 4939 634 5011 populum,
667 4936 945 5009 primitias,
976 4934 1280 4991 oblationes
1306 4944 1360 4991 et
1386 4935 1624 4992 decimas
1652 4942 1864 5009 persol-

267 5037 506 5085 ventem.
539 5028 781 5082 Mansum
811 5027 933 5082 dico
959 5034 1153 5082 terram
1181 5026 1365 5092 aratri,
1398 5041 1560 5097 quam
1589 5028 1659 5081 ad
1688 5028 1867 5085 minus

266 5116 430 5172 debet
474 5116 674 5171 habere
721 5115 996 5184 sacerdos,
1031 5114 1228 5168 atrium
1275 5128 1397 5169 cum
1446 5113 1698 5169 domibus
1746 5117 1864 5173 suis

262 5205 585 5262 clausuram.
618 5205 749 5259 Haee
776 5210 956 5259 autem
976 5209 1097 5257 sunt
1119 5202 1379 5257 utensilia
1401 5202 1675 5259 sacerdoti
1705 5220 1862 5274 opor-

259 5301 409 5365 tuna,
435 5307 555 5363 qua
584 5291 703 5348 sine
729 5288 1110 5348 benedictione
1137 5285 1663 5361 episcOpisuﬂiciunt
1684 5308 1696 5344 :
1719 5305 1861 5363 aqua

1978 4847 2338 4920 quaerentibus
2364 4845 2758 4901 rationabiliter
2787 4849 3136 4919 respondere.

2047 4935 2473 5007 Archiepiacopo
2494 4935 2679 4989 omnia
2696 4935 3001 5004 supradicta
3021 4938 3382 5004 conveniunt;
3415 4941 3570 4999 insu-

1972 5040 2072 5094 per
2096 5023 2259 5094 pallio
2277 5022 2503 5078 honoris
2520 5022 2789 5085 induitur;
2824 5023 2950 5093 quia
2976 5024 3112 5094 ipse,
3138 5027 3362 5097 adjutus
3383 5038 3566 5089 tamen

1972 5113 2041 5168 ab
2071 5111 2319 5168 omnibus
2348 5110 2603 5166 dioecesis
2631 5126 2744 5165 suae
2773 5111 3056 5183 episcopis,
3088 5115 3301 5172 ordinat
3344 5118 3565 5190 episco-

1968 5217 2117 5272 pum.
2151 5200 2209 5255 Si
2237 5200 2358 5270 quis
2387 5200 2530 5254 enim
2557 5199 2801 5270 ipsorum
2844 5201 3168 5258 ordinationi
3216 5205 3405 5262 adesse
3451 5222 3562 5263 non

1966 5288 2156 5359 possit,
2189 5287 2381 5344 litteris
2410 5288 2526 5343 suis
2555 5304 2615 5344 se
2645 5303 2905 5344 excusans
2933 5298 3093 5361 atque
3122 5292 3342 5364 legatis,
3367 5307 3557 5350 assen-

329 5488 408 5559 (3)
440 5487 576 5542 Vide
594 5483 1165 5559 glossarium‘GuAill._
1184 5482 1472 5559 Lambardi
1504 5482 1810 5557 (praeﬁxum
1846 5476 1895 5543 ’Δ

2008 5465 2256 5551 ιιιονομίᾳ)
2287 5474 2344 5531 in
2370 5474 2614 5533 0rdalic.
2646 5476 2713 5533 D.
2744 5473 2914 5532 Henr.
2954 5473 3292 5548 Spelmanni,
3342 5476 3397 5532 in
3445 5477 3543 5546 iu-

255 5554 406 5615 dicio
434 5560 559 5616 Dei.
592 5558 682 5614 Fr.
712 5556 926 5625 Pithoei,
954 5555 1011 5611 in
1039 5554 1352 5627 Capitular.,
1384 5563 1485 5610 etc.

539 5706 786 5765 Panos.
826 5705 1014 5763 CLIX.

3195 5695 3265 5753 32
