4030 6084
464 332 604 389 1007

1380 322 1795 381 GISLEBERTI
1815 323 2120 380 CBISPINI
2151 323 2296 378 ABB.
2328 320 2843 378 WESTMONAST.

3611 322 3641 374 1
3654 316 3771 373 ὖο8

458 781 1564 943 DISPUTATIO
1595 779 2184 927 JUD/EI
2216 776 2592 925 CUM
2637 773 3776 927 CHRISTIANO

1516 1106 1667 1198 DE
1724 1102 1979 1196 FIDE
2029 1100 2716 1196 CHRISTIANA

822 1385 1156 1453 SCRIPTA
1210 1386 1261 1447 A
1318 1380 1605 1448 DOMNO
1662 1376 2171 1448 GISLEBERTO
2225 1374 2556 1441 ABBATE
2617 1372 3384 1439 WESTMONASTERII.

1092 2078 1315 2123 ιιιωιειιε
1339 2078 1377 2109 ιθ
1390 2105 1405 2119 .

531 2158 672 2230 Quia
701 2155 988 2215 Christiani
1007 2155 1191 2212 dicunt
1209 2162 1264 2208 te
1292 2149 1488 2207 litteris
1544 2147 1812 2204 eruditum
1867 2153 1919 2200 et
1976 2145 2053 2199 fa-

464 2249 664 2306 cultate
694 2246 908 2302 dicendi
941 2243 1267 2316 expeditum,
1301 2240 1500 2295 vellem
1519 2245 1578 2292 ut
1606 2235 1854 2292 toleranti
1870 2234 2053 2289 animo

462 2353 674 2392 mecum
751 2350 903 2406 agas,
948 2349 1053 2403 qua
1110 2347 1215 2402 ope
1234 2327 1460 2384 rationis
1479 2333 1534 2382 et
1578 2340 1684 2396 quo
1715 2322 2053 2379 auctoritatis

460 2424 770 2481 testimonio
792 2422 1014 2478 Iudaeos
1052 2417 1307 2489 culparis,
1327 2416 1451 2486 quia
1468 2414 1645 2481 legem
1675 2429 1707 2467 a
1725 2413 1840 2467 Deo
1863 2413 2053 2467 datam

455 2515 826 2579 observamus,
858 2518 912 2565 et
939 2508 1111 2580 Moysi
1141 2504 1443 2579 legislatori
1476 2501 1927 2558 obsecundamns.
1989 2499 2052 2554 Si

451 2602 608 2658 enim
628 2601 712 2656 lex
734 2600 898 2664 bona,
933 2606 983 2653 et
1005 2612 1039 2652 a
1066 2598 1190 2651 Deo
1219 2594 1346 2650 data
1374 2600 1472 2660 est,
1531 2589 1877 2647 observanda
1931 2597 2044 2652 est;

453 2690 609 2758 cujus
628 2687 772 2743 enim
802 2688 1078 2742 decretum
1109 2682 1507 2739 observandum
1538 2679 1657 2747 erit,
1689 2678 1732 2733 si
1762 2678 1861 2733 Dei
1891 2693 2053 2732 man-

452 2778 639 2831 datum
657 2791 766 2830 non
781 2782 860 2829 est
876 2772 1277 2829 observandum
1303 2771 1332 2823 ‘?
1362 2767 1419 2825 Si
1448 2783 1576 2823 vero
1606 2768 1695 2821 lex
1712 2766 2052 2822 observanda

450 2872 533 2918 est
560 2879 632 2931 ιι,
695 2879 790 2917 cur
826 2862 947 2931 ejus
994 2859 1373 2915 observatores
1428 2854 1653 2910 canibus
1723 2854 2050 2909 assimulatis

452 2947 681 3003 fustibus
708 2953 954 3001 extrusos
982 2956 1370 3013 usquequaque
1400 2938 1676 2994 insectatis
1721 2940 1750 2991 ‘?
1804 2938 1860 2993 Si
1916 2954 2049 2994 vero

450 3052 574 3091 eam
630 3034 852 3089 minime
915 3031 1314 3089 observandam
1371 3027 1568 3093 dicitis,
1617 3025 1916 3097 culpandus
1970 3034 2050 3081 est

448 3125 688 3195 Moyses,
723 3122 815 3194 qui
851 3122 1011 3177 nobis
1042 3135 1162 3175 eam
1193 3118 1331 3174 adeo
1357 3117 1498 3172 inani
1542 3115 1776 3173 venitate
1832 3114 2051 3170 tradidit

451 3211 866 3269 observandam.
901 3209 1059 3279 Quod
1082 3209 1127 3263 si
1154 3211 1369 3278 partem
1391 3204 1731 3275 excipiendo,
1765 3203 1818 3257 id
1849 3203 2047 3259 obser-

447 3301 684 3356 vandum
714 3315 830 3354 esse
860 3299 1056 3367 dicitis,
1089 3296 1227 3350 illud
1268 3310 1402 3350 vero
1468 3293 1688 3347 minime
1740 3292 2047 3347 observan-

2087 2045 2143 2105 A
2172 2056 2334 2129 idque
2387 2056 2566 2128 potius
2611 2057 2725 2113 veri
2770 2073 2934 2114 causa
2961 2074 3001 2105 ιι
3043 2065 3096 2115 et
3144 2058 3220 2115 tui
3275 2074 3462 2115 amore
3488 2073 3527 2103 ιε
3597 2058 3769 2123 facio.

2162 2161 2321 2215 quam
2353 2145 2528 2201 studio
2558 2145 2886 2217 disputandi,
2932 2162 3033 2203 nec
3088 2148 3368 2203 hominum
3409 2148 3769 2204 acclamatio-

2160 2249 2258 2288 nes
2287 2248 2449 2302 curo;
2481 2234 2575 2289 sed
2609 2236 2797 2291 vincat
2825 2234 2911 2291 cui
2938 2235 3073 2291 ratio
3116 2236 3469 2302 attestabitur,
3501 2230 3555 2291 et
3611 2237 3769 2292 Scri.

2159 2329 2335 2392 pturae
2358 2322 2650 2378 auctoritas
2696 2322 3110 2379 contestabitur.
3147 2324 3390 2379 Primum
3436 2325 3618 2396 itaque
3678 2324 3768 2380 le-

2159 2426 2285 2483 gem
2314 2410 2514 2466 bonam
2543 2418 2596 2466 et
2618 2426 2650 2465 a
2705 2411 2821 2466 Deo
2850 2411 3034 2467 datam
3064 2428 3181 2468 esse
3199 2413 3451 2480 dicimus,
3495 2421 3766 2480 tenemus,

2162 2498 2452 2554 astruimus
2482 2514 2580 2561 ;ac
2608 2500 2824 2569 prointe
2852 2500 3118 2572 quidquid
3149 2501 3201 2555 in
3232 2516 3300 2557 ea
3348 2500 3607 2571 scriptum
3659 2509 3766 2569 est,

2162 2586 2346 2643 divino
2365 2603 2525 2641 sensu
2556 2587 2908 2653 intellectum,
2944 2589 3053 2643 suis
3105 2589 3439 2660 temporibus
3493 2589 3769 2644 observa-

2159 2683 2271 2730 tum
2304 2684 2357 2730 et
2386 2675 2789 2730 observandum
2820 2692 2941 2733 esse
2969 2677 3269 2733 sancimus.
3308 2678 3506 2733 Divino
3537 2677 3765 2748 quidem

2159 2780 2328 2819 sensu
2349 2763 2487 2835 legis
2515 2765 2774 2819 mandata
2802 2765 3157 2837 intelligenda
3187 2782 3315 2821 esse
3345 2766 3599 2834 dicimus,
3631 2766 3769 2838 quia

2156 2851 2202 2905 si
2232 2851 2471 2907 humano
2514 2868 2676 2907 sensu
2695 2868 2760 2909 ea
2788 2854 2972 2908 omnia
3000 2859 3057 2909 et
3084 2854 3152 2907 ad
3182 2854 3414 2909 litteram
3436 2853 3762 2924 accipimus,

2158 2940 2328 2995 multa
2353 2940 2459 2994 sibi
2489 2941 2721 2996 invicem
2753 2942 3102 2998 adversantia
3132 2951 3185 2997 et
3207 2942 3438 2997 multum
3457 2958 3767 3014 repugnan-

2160 3028 2231 3082 tia
2260 3028 2532 3083 videmus.
2595 3030 2730 3085 Cum
2789 3030 2934 3085 enim
2978 3039 3196 3100 peracta
3249 3031 3522 3086 creatione
3570 3030 3765 3086 mundi

2156 3117 2367 3186 Moyses
2396 3117 2543 3172 dicat
2574 3135 2585 3170 :
2625 3140 2646 3166 α
2684 3118 2993 3173 ViditDeus
3021 3127 3212 3174 cuncta
3266 3136 3389 3191 qua:
3428 3119 3654 3187 fecerat,
3708 3123 3765 3174 et

2160 3212 2313 3259 erant
2341 3205 2503 3261 valde
2532 3206 2677 3261 bona
2708 3206 2867 3275 (Gen.
2887 3222 2928 3273 ι,
2962 3207 3073 3277 31).
3105 3228 3135 3256 υ
3167 3206 3454 3276 Quomodo
3478 3208 3533 3260 in
3563 3206 3765 3262 discre-

2158 3290 2304 3344 tione
2334 3305 2374 3335 ιο
2406 3290 2722 3346 animalium
2752 3299 2940 3361 postea
2969 3292 3287 3348 scribithaac
3316 3293 3541 3359 munda,
3565 3299 3620 3346 et
3667 3292 3765 3346 illa

449 3389 578 3443 dum
596 3388 682 3445 vel
712 3387 1039 3442 abolendum
1098 3400 1218 3440 esse
1265 3381 1514 3448 censetis,
1574 3380 1700 3436 date
1756 3381 2047 3437 consilium
2080 3398 2135 3459 Β
2167 3377 2420 3432 animalia
2459 3393 2582 3433 esse
2610 3378 2911 3446 immunda,
2944 3380 3028 3433 his
3045 3379 3121 3433 uti
3166 3381 3445 3450 permittit,
3505 3379 3595 3433 illa
3651 3394 3763 3435 non

451 3477 731 3547 quomodo
762 3473 1082 3545 effugiemus
1112 3472 1247 3526 illud
1278 3470 1540 3524 indictum
1564 3484 1596 3522 a
1642 3469 1758 3523 Deo
1817 3469 2051 3523 maledi-

450 3573 596 3619 ctum
633 3582 647 3618 :
684 3586 705 3612 «
741 3562 1059 3616 Maledictus
1088 3560 1179 3629 qui
1211 3574 1318 3613 non
1364 3556 1737 3627 permanserit
1786 3557 1841 3611 in
1871 3557 2054 3612 omni-

448 3653 550 3706 bus
580 3666 699 3720 quae
728 3650 784 3702 in
803 3650 925 3719 lege
980 3648 1181 3717 scripta
1227 3654 1351 3700 sunt
1403 3647 1587 3714 (Deut.
1645 3660 1814 3711 xxvu,
1850 3648 1964 3717 26).
2026 3668 2049 3694 υ

459 3737 767 3808 Legislator
793 3735 926 3789 nihil
956 3733 1183 3803 excipit,
1216 3732 1312 3787 sed
1339 3732 1719 3787 universaliter
1757 3748 1822 3786 ea
1874 3732 2057 3787 omnia

457 3825 680 3880 mandat
706 3822 1008 3880 observari.
1044 3822 1151 3877 Vos
1184 3829 1363 3876 autem
1393 3821 1462 3875 ad
1483 3828 1723 3876 vestrum
1744 3820 2053 3888 arbitrium,

458 3914 601 3985 legis
648 3920 702 3967 et
745 3910 1125 3965 mandatorum
1183 3909 1585 3964 observantiam
1660 3908 2053 3964 determinatis.

456 4002 542 4068 Et,
574 4008 631 4055 ut
661 3999 801 4055 scias
831 3998 958 4071 quia
988 3999 1072 4053 his
1101 3998 1155 4052 in
1190 3997 1352 4053 rebus
1383 3996 1580 4051 rationi
1626 3997 1804 4066 potius
1860 4012 2060 4053 vacare

457 4089 584 4143 volo
614 4104 777 4158 quam
808 4085 1160 4152 contentioni,
1186 4084 1255 4140 ab
1299 4083 1421 4140 aliis
1468 4084 1801 4151 secedamus,
1862 4093 1914 4139 et
1970 4084 2058 4139 cui

455 4184 697 4232 nostrum
719 4173 1223 4231 favoraudientium
1276 4171 1572 4245 applaudat
1624 4172 1847 4228 omnino
1897 4188 2057 4229 recu-

456 4278 641 4320 semus
675 4260 719 4290 ”
736 4303 751 4318 .

1050 4362 1435 4404 CHRISTIANUS.

532 4436 947 4494 Rationahiliter
982 4437 1111 4493 satis
1141 4438 1257 4492 haec
1286 4435 1468 4492 omnia
1501 4443 1557 4490 tu
1594 4434 1827 4506 requiris
1846 4443 1900 4490 et
1941 4436 2059 4491 hzec

465 4526 648 4583 omnia
670 4525 839 4596 quaeri
863 4524 1155 4591 convenit;
1187 4523 1285 4579 sed
1315 4539 1347 4578 a
1377 4531 1427 4578 te
1449 4522 1571 4578 vice
1600 4523 1715 4593 pari
1736 4536 1775 4565 ιι
1845 4523 2060 4593 requiro

464 4622 524 4670 ut
552 4629 766 4669 mecum
782 4612 964 4667 animo
990 4611 1217 4683 patienti
1234 4627 1385 4683 agas.
1407 4611 1549 4665 Nam
1577 4610 1621 4664 si
1656 4609 1852 4665 modus
1894 4610 2060 4666 alter-

2161 3466 2336 3519 solum
2390 3481 2501 3521 non
2556 3473 2797 3538 tangere,
2856 3467 2952 3521 sed
3004 3483 3127 3522 eum
3164 3469 3254 3537 qui
3300 3467 3531 3540 tetigerit
3585 3472 3765 3522 morte

2162 3553 2373 3607 multari
2430 3562 2485 3609 et
2541 3554 2717 3624 puniri
2770 3554 3039 3610 mandat?
3086 3555 3375 3624 Quomodo
3453 3557 3601 3611 enim
3680 3564 3767 3611 est

2163 3641 2498 3695 immundum
2521 3643 2662 3711 quod
2692 3651 2768 3697 est
2798 3644 2958 3698 valde
2984 3643 3184 3699 bonum
3213 3645 3242 3697 εἰ
3265 3645 3370 3699 Ubi
3403 3646 3548 3699 enim
3569 3653 3766 3700 cuncta

2165 3730 2481 3797 nominavit,
2514 3738 2568 3784 et
2598 3730 2758 3785 valde
2786 3730 2930 3785 bona
2960 3747 3078 3787 esse
3100 3732 3256 3800 dixit,
3288 3750 3467 3804 neque
3489 3736 3607 3801 hoc,
3656 3748 3763 3788 ne-

2167 3834 2273 3888 que
2301 3818 2433 3872 illud
2454 3818 2655 3873 animal
2672 3820 2903 3890 excepit.
2927 3818 3213 3887 Quomodo
3232 3821 3396 3893 igitur
3410 3823 3553 3876 Deus
3571 3830 3765 3877 cuncta

2166 3905 2367 3962 creavit
2393 3906 2555 3961 valde
2584 3907 2728 3962 bona
2751 3908 3020 3972 animalia,
3050 3917 3101 3963 et
3128 3918 3321 3979 postea
3350 3918 3494 3965 vetat
3550 3909 3764 3965 comedi

2168 3995 2280 4050 haec
2311 3994 2397 4049 ml
2429 3994 2523 4048 illa
2551 3996 2830 4062 animalia,
2871 4004 2922 4050 et
2941 4012 3159 4051 causam
3198 3999 3401 4067 reddit,
3448 3999 3638 4055 dicens
3697 4013 3766 4054 ea

2167 4097 2287 4137 esse
2317 4082 2595 4137 immunda
2622 4083 2875 4137 animalia
2904 4084 2933 4137 ‘I
2961 4082 3028 4157 [ιν
3058 4086 3173 4141 Nec
3203 4086 3377 4141 solum
3408 4103 3473 4142 ea
3489 4086 3766 4158 prohibuit

2168 4184 2290 4239 quae
2319 4170 2398 4223 sui
2428 4178 2627 4225 natura
2656 4171 2860 4226 homini
2882 4172 2953 4226 ad
2994 4173 3325 4228 vescendum
3372 4174 3535 4229 noxia
3590 4181 3715 4228 sunt
3747 4191 3761 4235 ;

2168 4271 2357 4312 verum
2386 4266 2440 4313 et
2468 4259 2636 4313 multa
2673 4275 2796 4329 quae
2840 4267 3001 4331 gustu
3044 4261 3301 4329 jucunda,
3359 4270 3413 4317 et
3456 4279 3555 4317 usu
3608 4279 3768 4334 aeque

2167 4345 2406 4401 salubria
2434 4346 2504 4401 ad
2532 4347 2925 4402 comedendum
2952 4348 3203 4404 existunt.
3233 4349 3449 4420 Aliquid
3480 4367 3617 4423 ergo
3673 4368 3767 4408 sa-

2170 4434 2428 4489 cramenti
2467 4434 2585 4491 haec
2612 4435 2667 4489 in
2694 4452 2755 4491 se
2786 4435 3078 4505 continent,
3110 4453 3250 4509 quae,
3275 4439 3404 4495 licet
3424 4455 3456 4494 a
3476 4441 3593 4497 Deo
3618 4440 3772 4498 dicta

2168 4520 2293 4589 sint,
2318 4529 2497 4577 tamen
2526 4537 2559 4577 a
2583 4538 2642 4577 se
2671 4521 2904 4580 invicem
2935 4524 3005 4579 ad
3048 4525 3285 4581 litteram
3339 4529 3565 4585 omnino
3618 4530 3770 4586 dissi-

2169 4608 2321 4663 dent.
2354 4609 2760 4665 Sacramentum
2802 4627 2967 4668 sacrae
3022 4614 3100 4668 rei
3148 4614 3320 4671 latens
3370 4617 3588 4690 signum
3643 4634 3766 4675 esse

461 4700 687 4757 cationis
725 4707 921 4755 nostra:
966 4700 1013 4753 is
1060 4699 1339 4763 habeatur,
1397 4705 1455 4753 ut
1519 4696 1787 4753 concedas
1837 4697 2061 4769 quiquid
2091 4739 2139 4803 Ο
2171 4696 2444 4803 dicimus]
2474 4698 2606 4753 Item
2643 4699 2843 4755 scimus
2873 4701 2996 4772 quia
3042 4702 3180 4758 dixit
3233 4706 3379 4760 Deus
3424 4706 3491 4761 ad
3547 4706 3761 4761 Adam:

462 4793 572 4843 tuae
599 4788 737 4859 legis
767 4787 969 4859 pagina
997 4790 1244 4854 testatur,
1279 4785 1365 4839 vel
1416 4785 1623 4840 ratione
1681 4792 1790 4840 tam
1824 4785 2062 4841 evidenti

468 4875 737 4940 astruitur,
769 4881 827 4929 ut
855 4889 889 4929 a
915 4881 968 4929 te
998 4874 1147 4929 nulla
1181 4872 1501 4930 evidentiori
1532 4871 1810 4941 refutetur,
1856 4880 2064 4944 praesto

467 4976 588 5016 sum
615 4970 670 5018 ut
686 4963 753 5017 de
776 4963 861 5017 his
890 4969 1071 5019 tecum
1091 4978 1273 5035 agam,
1333 4968 1387 5017 et
1427 4960 1784 5033 undecunque
1807 4960 2061 5028 volueris,

2174 4802 2199 4835 ι
2232 4784 2373 4839 Ecce
2403 4786 2532 4841 dedi
2558 4786 2713 4843 vobis
2739 4803 2952 4843 omnem
2985 4790 3205 4845 herbam
3234 4791 3552 4848 aﬂ‘erentem
3580 4810 3763 4863 super,

2172 4879 2371 4927 terram
2405 4886 2445 4915 ι·
2476 4890 2685 4942 semen,
2736 4885 2789 4931 ct
2835 4878 3084 4935 universa
3126 4880 3277 4951 ligna
3316 4896 3437 4951 quas
3474 4881 3677 4937 habent
3710 4884 3767 4937 in

2169 4959 2470 5032 semetipsis
2517 4971 2819 5021 sementem
2848 4978 2887 5009 ιν
2930 4967 3149 5039 generis
3177 4968 3281 5039 sui,
3330 4977 3389 5025 ut
3412 4970 3522 5026 sint
3540 4969 3763 5028 vobisin

1762 5181 1994 5239 VARIB
2021 5180 2451 5239 LECTIONES.

546 5357 589 5392 ³⁸
618 5362 755 5436 Vict.
801 5357 1105 5436 non‘habet
1127 5356 1366 5416 nomina
1423 5359 1547 5436 hac
1564 5358 2068 5436 ﬁnget-locatorum,
2097 5356 2765 5436 Judaaus,__Christi_anns._
2789 5376 2827 5408 ιι
2856 5362 2956 5419 Hs.
2998 5361 3184 5436 Vict,
3213 5366 3335 5422 erit.
3367 5382 3410 5413 ιι
3454 5370 3548 5425 ys,
3589 5364 3758 5425 Rem,

474 5447 620 5494 etne
647 5434 814 5489 cui...
846 5433 1026 5488 animo
1056 5446 1383 5485 recusemus.
1412 5444 1451 5474 ι·
1496 5430 1597 5485 Ms.
1636 5431 1808 5491 Vict.
1839 5428 2016 5484 vicem

2061 5428 2194 5500 pati.
2252 5426 2295 5457 “
2336 5428 2472 5485 Mss.
2535 5431 2596 5500 κν.
2639 5435 2697 5487 et
2732 5433 2818 5500 Β..
2862 5448 3027 5490 causa
3067 5426 3214 5491 ﬁdei.
3248 5451 3290 5481 ιι
3335 5438 3433 5494 Hs.
3484 5439 3555 5493 S.

3622 5439 3755 5496 Ger.

474 5508 516 5538 "
539 5510 636 5565 Ms.
668 5505 829 5569 Vict,
888 5501 1233 5559 distinctione
1252 5498 1495 5557 omnino.
1528 5498 1571 5531 ⁸⁷
1638 5499 1736 5555 Ms.
1788 5501 1931 5556 Vict.
1960 5499 2016 5555 S.
2053 5499 2177 5555 Ger.
2211 5500 2374 5556 omit.
2407 5499 2572 5557 uncis
2589 5498 2835 5561 inclusa.
2868 5501 2909 5532 ”
2947 5505 3044 5562 Ιε.
3072 5508 3240 5574 Vict,
3262 5508 3319 5562 in
3350 5516 3515 5566 terra.
3574 5505 3615 5535 ”
3664 5511 3762 5567 ιε.

485 5579 648 5648 γίειη
682 5587 895 5630 semen.
