4030 6084
307 268 443 320 1009

1298 263 1716 318 DISPUTATIO
1751 263 1967 319 JUDIEI
2006 263 2147 319 CUM
2187 265 2604 321 CHRISTIANO

3460 270 3598 323 1010

307 402 487 443 escam
514 386 674 454 (Gen.
719 403 754 456 1,
787 387 898 453 29).
937 409 957 434 ››
994 386 1113 455 Qua
1142 385 1310 459 igitur
1339 386 1546 441 ratione
1576 386 1724 441 dedit
1752 387 1896 440 Deus
1922 387 1977 448 Α
2008 387 2248 441 rietatem
2264 389 2514 444 videmus
2538 407 2550 452 ;
2579 390 2684 443 nisi
2702 404 2768 444 ea
2786 391 3111 461 competenti
3135 406 3296 446 sensu
3317 391 3596 446 intellexe-

301 475 478 546 primo
525 475 735 530 homini
779 476 1032 531 universa
1077 475 1229 546 ligna
1276 475 1329 528 in
1360 490 1561 543 escam,
1616 483 1670 529 et
1709 475 1896 529 statim

303 571 495 632 postea
523 561 810 631 probihuit
838 579 907 617 ne
944 570 1119 616 sumat
1147 562 1214 616 de
1243 562 1394 632 ligno
1425 562 1657 616 scientiae
1689 562 1816 616 boni
1846 569 1899 616 et

303 651 435 706 mali
465 651 520 704 in
553 665 727 704 escam
750 651 777 701 εὶ
798 651 901 705 Ubi
927 651 1311 705 universaliter
1329 650 1480 721 ligna
1511 665 1775 704 concessa
1806 651 1898 703 ho-

299 739 432 792 mini
480 739 846 804 commendat,
894 739 1097 793 nullum
1146 743 1435 807 exceptum
1487 737 1656 792 fuisse
1689 739 1896 809 lignum

299 827 552 881 insinuat.
596 828 718 881 Non
768 827 932 896 igitur
977 827 1186 898 absque
1235 825 1487 896 mysterio
1521 827 1577 879 id
1621 825 1894 896 accipien-

300 913 427 968 dum
458 921 560 968 est.
601 915 663 967 In
711 914 904 968 Exodo
936 913 1074 968 inter
1104 914 1208 969 alia
1239 921 1516 984 praecepta
1549 913 1615 967 de
1647 912 1896 967 faciendo

301 1001 461 1056 altari
516 1002 782 1057 Dominus
837 1002 1004 1072 Moysi
1035 1001 1107 1056 ita
1165 1002 1466 1072 praecepit:
1507 1024 1528 1050 «
1588 1001 1774 1054 Altare
1830 1001 1897 1055 de

301 1098 444 1144 terra
496 1090 710 1146 facietis
763 1091 915 1157 mihi,
966 1096 1017 1144 et
1066 1089 1301 1144 oli‘eretis
1355 1105 1523 1158 super
1550 1089 1686 1144 illud
1737 1088 1897 1143 bolo-

300 1186 485 1233 causta
514 1187 568 1232 et
595 1178 823 1246 paciﬁca
845 1187 1021 1232 vestra
1044 1177 1241 1246 (Exod.
1266 1195 1359 1244 xx,
1391 1180 1504 1247 24).
1542 1201 1563 1225 n
1599 1179 1665 1231 Et
1695 1177 1764 1231 de
1794 1193 1900 1246 qua

300 1266 530 1320 materia
557 1267 732 1320 altare
760 1266 876 1320 ﬁeri
908 1266 1118 1333 liceret,
1152 1276 1200 1319 et
1224 1266 1497 1334 quomodo
1527 1266 1600 1320 ita
1630 1266 1894 1320 subdidit:

302 1378 324 1402 α
360 1354 520 1422 Quod
561 1354 604 1407 si
636 1355 704 1408 de
736 1354 950 1422 lapidus
999 1353 1137 1407 illud
1187 1353 1457 1408 aedificare
1501 1354 1795 1422 volueritis,
1829 1353 1899 1408 de

298 1459 411 1496 non
441 1443 600 1496 sectis
648 1442 921 1512 lapidibus
967 1442 1304 1497 aediﬁcabitis
1334 1442 1464 1496 illud
1491 1443 1626 1513 (Ibid
1638 1483 1680 1510 .,
1710 1444 1824 1509 25).
1871 1464 1891 1490 υ

298 1532 358 1584 In
410 1530 717 1601 expletione
766 1539 943 1584 autem
993 1531 1349 1599 tabernaculi,
1396 1539 1445 1585 et
1496 1547 1767 1598 vasorum,
1809 1538 1896 1584 at-

219 1683 222 1686 ,
300 1634 406 1689 que
461 1619 770 1673 utensilium
832 1619 1179 1686 tabernaculi,
1238 1619 1312 1674 ita
1368 1619 1613 1691 legitur:
1685 1642 1706 1668 α
1751 1619 1898 1674 Fecit

301 1708 522 1777 Moyses
569 1707 739 1762 altare
771 1707 1136 1777 thymiamatis
1183 1707 1250 1762 de
1279 1708 1447 1779 lignis
1477 1707 1653 1774 setim,
1685 1708 1896 1762 habens
1926 1737 1980 1798 B

304 1810 404 1864 per
431 1795 696 1866 quadrum
726 1795 970 1866 singulos
995 1796 1228 1862 cubitos,
1282 1804 1333 1850 et
1362 1797 1416 1848 in
1449 1795 1730 1849 altitudine
1761 1797 1898 1851 duos

301 1878 500 1945 (Exod.
552 1900 759 1951 xxxvn,
790 1886 900 1950 25).
948 1909 970 1932 ιι
1039 1885 1108 1937 Ει
1157 1892 1280 1952 post
1308 1898 1527 1954 pauca:
1587 1905 1607 1931 «
1675 1883 1822 1937 Fecit
1850 1891 1904 1938 et

305 1973 474 2027 altare
506 1971 808 2027 holocausti
838 1973 904 2026 de
934 1971 1098 2042 lignis
1120 1972 1297 2038 setim,
1331 1971 1572 2041 quinque
1596 1971 1901 2026 cubitorum

301 2077 399 2130 per
413 2060 700 2129 quadrum,
723 2068 775 2114 et
795 2061 848 2114 in
864 2061 1146 2114 altitudine
1162 2060 1321 2113 trium
1333 2060 1534 2130 (Exod.
1551 2060 1859 2127 xxxvm,l).
1872 2081 1893 2107 η

300 2150 426 2202 Non
457 2149 743 2203 temerario
775 2149 995 2218 quidem
1038 2163 1173 2202 ausu
1205 2164 1299 2203 seu
1340 2149 1766 2217 praesumptione
1795 2146 1899 2202 ﬁe-

299 2237 411 2303 bat,
464 2237 608 2307 quod
653 2245 760 2291 tam
810 2237 1043 2291 discreta
1096 2237 1436 2291 dimensione
1485 2236 1798 2290 altidudinis
1845 2243 1900 2290 et

301 2325 638 2395 quadraturae
662 2325 848 2381 ﬁebat.
875 2328 1008 2380 Item
1030 2334 1152 2395 post
1177 2325 1478 2396 aliquanta:
1507 2348 1527 2372 α
1563 2325 1897 2379 Fuditbases

299 2429 478 2468 aeneas
523 2413 579 2467 in
609 2414 825 2469 introitu
869 2414 1218 2484 tabernaculi,
1262 2422 1314 2468 et
1343 2414 1508 2468 altare
1537 2429 1745 2467 aeneum
1775 2428 1897 2467 eum

299 2501 552 2555 craticula
601 2517 700 2555 sua
733 2503 1024 2572 (Ibid.,30)
1071 2525 1092 2548 ια
1136 2504 1270 2555 Item
1302 2501 1354 2554 in
1384 2501 1527 2555 ﬁne:
1566 2525 1586 2548 «
1624 2501 1897 2556 Candela-

301 2590 458 2643 brum
491 2590 654 2643 stabit
704 2606 825 2644 cum
857 2589 1089 2645 lucernis
1119 2591 1244 2657 suis,
1275 2599 1329 2644 et
1366 2590 1534 2644 altare
1563 2604 1809 2654 aureum,
1844 2589 1897 2642 in

301 2693 406 2746 quo
435 2677 682 2732 adoletur
704 2677 983 2732 incensum
1012 2694 1196 2734 coram
1221 2694 1344 2732 arca
1368 2677 1660 2732 testimonii
1691 2677 1892 2745 (Exod.

299 2781 387 2831 xc,
437 2767 512 2833 5).
562 2789 582 2812 ιι
618 2765 906 2834 Quomodo
937 2783 1068 2838 ergo
1120 2766 1279 2835 jubet
1322 2767 1466 2821 Deus
1493 2773 1568 2825 ,ut
1612 2767 1780 2819 altare
1829 2765 1897 2818 de

301 2861 443 2907 terra
475 2854 708 2921 faciatis,
741 2862 794 2909 et
823 2871 987 2925 super
1034 2855 1166 2908 illud
1193 2855 1513 2909 holocausta
1543 2861 1726 2909 vestra
1755 2852 1894 2908 offe-

304 2942 434 2996 ratis
466 2983 482 3008 ,
517 2949 738 2998 econtra
816 2944 1028 3012 Moyses
1092 2943 1259 2996 altare
1343 2943 1704 3012 thymiamatis
1771 2942 1897 2996 fecit

301 3028 562 3101 ligneum,
621 3030 749 3085 fecit
795 3040 849 3086 et
903 3031 1070 3085 altare
1118 3031 1418 3085 holocausti
1466 3031 1727 3101 ligneum,
1770 3029 1896 3084 fecit

299 3118 467 3172 altare
529 3133 760 3183 aeneum,
821 3119 948 3173 fecit
990 3127 1041 3173 et
1097 3134 1338 3186 aureum,
1399 3118 1524 3174 fecit
1575 3119 1736 3174 etiam
1783 3119 1891 3172 ali-

298 3207 518 3275 quando
550 3206 825 3277 lapideum
848 3209 875 3259 ‘2
907 3207 1330 3277 Multumitaque
1360 3208 1646 3261 adversum
1677 3207 1893 3261 videtur

295 3303 353 3348 ut
381 3294 527 3347 aliud
559 3303 611 3349 et
639 3293 799 3349 aliter
823 3310 980 3364 quam
1013 3295 1274 3350 Dominus
1300 3311 1401 3364 per
1427 3295 1661 3365 Moysem
1688 3295 1844 3364 jubet
1873 3311 1886 3347 :

295 3381 363 3436 ab
396 3382 512 3450 ipso
543 3383 729 3452 Moyse
772 3391 968 3454 agatur
1016 3383 1170 3438 aliter
1207 3399 1342 3453 ergo
1391 3399 1558 3452 quam
1589 3382 1763 3436 littera
1792 3397 1888 3436 so-

295 3477 405 3537 nat,
434 3478 486 3523 et
535 3471 636 3525 hoc
665 3471 838 3541 accipi
887 3479 1127 3541 Oportet.
1179 3472 1413 3526 Rursum
1443 3486 1566 3526 cum
1614 3485 1678 3524 ea
1707 3469 1890 3525 omnia

295 3558 542 3611 humanis
589 3558 776 3612 usibus
806 3560 977 3612 Deum
1021 3573 1239 3614 creasse
1281 3561 1490 3628 Moyses
1518 3558 1683 3625 dicat,
1715 3573 1888 3627 eaque

293 3645 472 3700 omnia
500 3646 714 3701 homini
746 3646 1050 3702 subdidisse
1086 3655 1494 3713 commemoret,
1530 3669 1551 3693 «ι
1597 3653 1652 3700 ut
1681 3645 1883 3715 praesit,

292 3733 485 3802 inquit,
534 3734 778 3803 piscibus
822 3735 1006 3802 maris,
1071 3734 1384 3790 volatilibus
1429 3733 1573 3802 cmli,
1629 3733 1881 3788 animan~

297 3820 438 3876 tibus
483 3831 654 3890 terrae,
704 3831 756 3877 et
785 3823 931 3878 omni
987 3823 1166 3894 reptili
1218 3823 1364 3893 quod
1391 3829 1637 3876 movetur
1661 3821 1716 3875 in
1749 3829 1881 3876 terra

293 3909 453 3978 (Gen.
503 3926 542 3975 ι,
595 3912 706 3981 26),
762 3934 784 3958 η
836 3927 931 3966 cur
976 3917 1165 3981 postea
1212 3919 1356 3967 vetat
1383 3926 1449 3964 ne
1485 3911 1650 3965 homo
1680 3917 1794 3964 aret
1821 3909 1879 3963 in

290 3997 437 4052 bove
474 4001 706 4054 etasino
728 4000 756 4050 ‘2
805 4015 939 4054 onus
969 3998 1209 4069 aliquod,
1244 3997 1606 4069 quodcunque
1635 3998 1729 4052 tibi
1753 3999 1879 4068 pla-

290 4095 394 4153 cet,
445 4086 596 4142 asino
639 4087 917 4157 imponere
971 4087 1116 4154 licet,
1173 4094 1224 4140 et
1269 4101 1474 4155 ponere
1514 4087 1709 4158 jugum
1747 4087 1878 4142 bovi

287 4190 412 4228 cum
433 4175 584 4230 asino
606 4192 776 4247 quare
801 4191 906 4230 non
929 4175 1098 4230 licet?
1118 4175 1198 4228 Ad
1219 4189 1422 4244 pascua
1451 4175 1647 4229 ducere
1672 4174 1877 4229 bovem

287 4277 415 4315 cum
465 4263 614 4317 asino
679 4262 880 4330 licebit,
925 4271 978 4316 et
1007 4263 1060 4316 in
1103 4262 1318 4333 pascuis
1360 4277 1424 4316 ea
1470 4261 1633 4315 simul
1681 4277 1798 4316 esse
1826 4270 1880 4317 et

285 4350 556 4418 compasci
603 4351 691 4405 lex
739 4351 1016 4420 permittit,
1067 4358 1119 4404 et
1147 4365 1298 4404 arare
1339 4365 1404 4404 ea
1434 4350 1596 4404 simul
1627 4350 1878 4420 prohibet

1922 3077 1972 3141 C

2007 475 2198 532 rimus.
2249 477 2500 532 Discreto
2549 478 2730 547 itaque
2759 487 2812 533 et
2841 478 3024 533 divino
3055 496 3216 534 sensu
3243 481 3359 535 hac
3391 479 3596 533 intelli-

2003 563 2182 633 genda
2230 571 2282 618 et
2329 565 2668 621 discutienda
2710 574 2848 632 sunt,
2882 567 3008 638 quia
3052 567 3163 621 ﬁeri
3196 583 3304 622 non
3331 569 3516 636 potest
3544 575 3603 621 ut

2005 651 2074 704 ad
2121 651 2352 706 litteram
2383 663 2595 724 sumpta
2645 671 2706 710 ea
2757 655 2938 709 omnia
2985 655 3332 723 impleantur.
3384 655 3441 710 Si
3471 671 3600 710 vero

2003 737 2180 809 legem
2230 741 2412 796 debito
2462 759 2621 797 sensu
2671 743 2990 812 accipimus,
3043 743 3226 797 omnia
3271 743 3410 813 legis
3440 758 3600 798 man-

2007 827 2133 881 data
2161 829 2340 882 debita
2370 830 2746 886 observatione
2776 831 3067 886 observare
3095 830 3417 900 poterimus,
3451 847 3599 899 quae-

2004 915 2131 967 dam
2182 917 2246 970 ad
2280 917 2532 984 litteram,
2580 927 2632 973 et
2655 920 2772 974 sine
2816 919 2926 973 ullo
2972 919 3266 989 ﬁgurarum
3297 918 3596 988 profundo,

2005 1005 2257 1072 quadam
2299 1004 2592 1076 figurarum
2642 1007 2907 1062 velamine
2953 1007 3267 1060 adumbrata
3298 1022 3414 1060 esse
3443 1006 3601 1060 intel-

2003 1091 2142 1160 ligo.
2209 1091 2473 1160 Quaedam
2530 1095 2599 1148 ad
2657 1103 2868 1164 tempus
2924 1094 3208 1149 observari
3258 1094 3410 1162 jussa
3450 1102 3596 1165 sunt,

2005 1180 2254 1249 quaedam
2283 1181 2398 1236 sine
2429 1182 2537 1235 ulla
2570 1187 2877 1252 temporum
2918 1182 3375 1236 determinatione
3402 1180 3601 1236 obser-

2006 1268 2189 1321 vanda
2234 1277 2378 1323 sunt.
2420 1269 2554 1337 Quae
2595 1271 2739 1324 enim
2774 1270 3096 1324 sacramenti
3127 1269 3165 1298 ”
3197 1271 3426 1341 alicujus
3456 1288 3600 1343 prae—

2005 1357 2309 1410 nuntiativa
2372 1367 2546 1425 erant,
2593 1367 2646 1412 et
2706 1359 2948 1413 veritatis
2994 1359 3186 1414 futura:
3248 1359 3440 1430 ﬁgura,
3502 1375 3600 1414 suo

2004 1450 2257 1513 tempore
2304 1445 2592 1500 manifesta
2637 1447 2719 1501 rei
2770 1454 2933 1515 atque
2982 1447 3229 1501 veritatis
3288 1448 3599 1515 prmsentia,

2006 1548 2120 1586 non
2167 1533 2401 1602 Oportuit
2459 1542 2514 1588 ut
2557 1549 2746 1589 eorum
2793 1542 3097 1588 remaneret
3141 1535 3520 1604 praenuntiatio
3552 1543 3605 1589 et

2006 1620 2208 1692 ﬁgura.
2264 1623 2428 1688 Num,
2480 1621 2618 1676 sicut
2660 1622 2782 1691 ipso
2822 1639 2919 1676 usu
2967 1621 3240 1692 loquendi,
3305 1623 3605 1677 verborum

2006 1710 2216 1764 utimur
2263 1710 2728 1765 vicissitudinibus
2775 1709 3026 1777 dicendo,
3069 1709 3188 1774 erit,
3241 1710 3482 1778 quandiu
3515 1710 3606 1764 fu-

2009 1806 2186 1852 turum
2233 1805 2334 1866 est,
2382 1798 2669 1869 ipsumque
2716 1797 2833 1866 erit,
2883 1813 3100 1868 prorsus
3147 1797 3476 1865 omittentes,
3549 1798 3606 1851 in

2006 1886 2281 1956 praesenti,
2350 1890 2432 1940 est
2494 1886 2841 1952 assumimus,
2925 1885 3180 1954 quodque
3241 1885 3416 1954 ipsum
3490 1886 3608 1954 jam

2005 1974 2336 2044 prmteriisse
2381 1973 2778 2045 signiﬁcantes,
2815 1973 3017 2027 utimur
3065 1973 3186 2041 fuit,
3237 1973 3315 2027 sic
3344 1973 3399 2026 in
3443 1974 3608 2028 rebus

2006 2062 2432 2133 praenuntiativis
2497 2061 2735 2130 alicujus
2798 2061 3144 2128 sacramenti,
3206 2060 3299 2114 ubi
3359 2076 3607 2130 praesens

2006 2147 2379 2200 manifestatur
2414 2153 2830 2214 sacramentum,
2873 2144 2989 2213 ejus
3030 2145 3144 2214 jam
3177 2144 3455 2214 superﬂuo
3485 2160 3605 2198 ser-

2004 2239 2223 2290 varetur
2267 2251 2364 2288 seu
2395 2234 2570 2305 figura
2597 2249 2696 2288 seu
2738 2233 2957 2304 signum
2986 2234 3014 2285 ‘?
3045 2232 3178 2300 Qua:
3211 2248 3343 2287 vero
3374 2232 3607 2302 alicujus

2005 2323 2246 2393 mysterii
2303 2322 2667 2393 signiﬁcativa
2724 2336 2829 2376 non
2881 2328 3057 2382 erant,
3117 2321 3214 2375 sed
3273 2329 3466 2390 aperte
3509 2336 3607 2374 seu

2005 2410 2133 2465 ﬁdei
2182 2410 2468 2466 veritatem
2518 2409 2811 2476 insinuant,
2856 2424 2951 2463 seu
2977 2409 3254 2463 charitatis
3282 2412 3325 2440 ”
3355 2408 3606 2465 aediﬁca-

2003 2501 2205 2554 tionem
2253 2499 2661 2565 commendant,
2710 2513 2776 2552 ea
2816 2505 2868 2552 et
2899 2513 2931 2551 a
2973 2497 3131 2551 nobis
3161 2505 3215 2552 et
3244 2513 3275 2552 a
3303 2497 3463 2552 vobis
3494 2513 3606 2552 non

2003 2587 2070 2642 ad
2101 2595 2335 2656 tempus,
2386 2586 2483 2640 sed
2512 2586 2565 2639 in
2595 2593 2917 2656 perpetuum
2967 2585 3307 2640 observanda
3336 2593 3482 2652 sunt,
3520 2601 3604 2640 eo-

2001 2690 2229 2744 rumque
2281 2674 2639 2744 transgressio
2690 2674 3000 2728 nullatenus
3040 2689 3162 2728 esse
3188 2682 3366 2742 potest
3393 2674 3591 2728 inulta.

2003 2765 2208 2817 Harum
2254 2779 2377 2834 qum
2407 2762 2462 2815 in
2504 2762 2630 2832 lege
2658 2769 2817 2816 erant
2856 2761 3151 2832 figurarum
3183 2761 3382 2817 veritas
3412 2761 3602 2815 tandiu

2003 2859 2054 2905 et
2083 2867 2183 2920 per
2213 2859 2290 2905 tot
2313 2850 2514 2905 saecula
2550 2858 2880 2920 exspectata,
2915 2849 3130 2904 tandem
3161 2857 3277 2903 erat
3307 2849 3606 2918 aliquando

2002 2937 2327 2992 exhibenda.
2376 2937 2627 3007 Nunquid
2690 2953 2906 3008 semper
2952 2937 3379 3008 promittendum
3436 2944 3601 2991 erat:

2007 3048 2027 3073 «ι
2055 3027 2314 3096 Aperiam
2336 3027 2392 3079 in
2418 3025 2698 3096 parabolis
2728 3041 2789 3080 os
2816 3042 3027 3088 meum;
3061 3026 3257 3094 loquar
3285 3023 3603 3094 pr0positio-

2002 3133 2096 3172 nes
2145 3116 2213 3170 ab
2244 3115 2396 3170 initio
2443 3115 2616 3183 (Psal.
2652 3130 2860 3181 Lxxvn,
2904 3117 2980 3183 2).
3029 3134 3051 3163 »
3085 3113 3346 3181 Nunquid
3377 3127 3598 3181 semper

2002 3206 2239 3259 futurum
2270 3210 2383 3257 erat
2417 3220 2428 3255 :
2468 3224 2490 3250 ιε
2526 3203 2715 3258 Donec
2753 3203 2934 3257 veniat
2962 3203 3055 3271 qui
3086 3199 3379 3256 mittendus
3409 3207 3510 3266 est,
3543 3207 3598 3254 et

1999 3293 2118 3362 ipse
2147 3292 2246 3346 erit
2292 3289 2626 3357 exspectatio
2671 3291 2917 3361 gentium
2948 3290 2976 3342 ‘I
3025 3291 3244 3359 {(Gen.
3296 3303 3444 3355 χιιι,
3479 3288 3592 3359 10.)

1998 3379 2240 3436 Tandem
2264 3394 2395 3450 ergo
2424 3377 2826 3448 praedestinatis
2847 3393 2879 3430 a
2906 3378 3022 3432 Deo
3051 3376 3389 3446 temporibus
3418 3375 3587 3440 venit,

1999 3467 2262 3523 Mediator
2290 3466 2388 3523 Dei
2418 3474 2471 3522 et
2499 3465 2796 3532 hominum,
2819 3467 2982 3520 homo
3014 3465 3257 3520 Christus
3283 3465 3438 3519 Jesus
3466 3479 3591 3533 ape-

1996 3557 2143 3610 riens
2190 3555 2345 3611 nobis
2391 3571 2631 3621 sensum,
2677 3561 2734 3609 ut
2790 3553 3216 3626 intelligeremus
3257 3553 3584 3622 Scripturas,

1993 3643 2301 3700 dissolvens
2330 3643 2602 3715 profunda
2645 3641 2914 3713 mysteria,
2950 3658 3072 3711 quae
3102 3641 3171 3696 de
3199 3657 3264 3696 eo
3293 3640 3349 3694 in
3377 3639 3503 3711 lege
3532 3646 3586 3694 et

1990 3731 2282 3803 praphetis
2329 3731 2528 3802 scripta
2573 3737 2749 3797 erant,
2800 3728 2857 3784 in
2900 3744 3062 3800 quem
3107 3737 3156 3783 te
3208 3734 3420 3799 oportet
3457 3740 3579 3782 cre-

1990 3820 2138 3877 dere.

2661 3965 2902 4006 ῐυοίιζυε.

2060 4085 2122 4141 Si
2166 4085 2235 4138 ad
2264 4090 2475 4154 tempus
2521 4083 2624 4138 hoc
2653 4082 2737 4138 vel
2767 4081 2901 4137 illud
2946 4096 3123 4137 sermo
3149 4080 3249 4136 Dei
3278 4081 3581 4136 servandus

1987 4182 2088 4242 est,
2122 4157 2294 4241 eoque
2329 4182 2453 4226 tunc
2482 4170 2780 4238 annullato,
2827 4171 2953 4225 item
2984 4170 3128 4224 alius
3159 4169 3228 4224 ad
3259 4168 3406 4224 aliud
3438 4177 3577 4224 tem-

1987 4279 2086 4332 pus
2112 4260 2488 4315 observandus
2541 4267 2638 4327 est,
2671 4258 2858 4328 sicque
2886 4273 2984 4327 per
3025 4266 3332 4328 temporum
3362 4257 3579 4312 vicissi-

1987 4349 2223 4418 tudines,
2274 4349 2472 4403 divinae
2519 4349 2875 4402 immutantur
2921 4345 3249 4413 sanctiones,
3307 4346 3580 4416 quomodo

286 4445 338 4491 et
385 4437 679 4494 interdicit.
744 4438 800 4492 Si
851 4447 1030 4492 autem
1074 4448 1361 4509 propterea
1410 4439 1575 4504 venit,
1622 4437 1747 4507 quia
1782 4425 1963 4493 hocD
1991 4438 2155 4493 stabit
2187 4460 2207 4486 ιι
2251 4435 2424 4492 semel
2469 4436 2680 4491 locutus
2710 4443 2789 4491 est
2816 4435 3010 4490 Deus‘?
3054 4435 3432 4502 »(Psal.Lx1,
3469 4434 3582 4504 12.)

288 4525 630 4580 immundum
651 4527 852 4580 animal
874 4526 956 4580 lex
991 4525 1137 4594 dicit,
1163 4541 1328 4594 quare
1357 4526 1498 4581 circa
1527 4524 1660 4578 illud
1691 4534 1884 4581 caatera

290 4629 413 4682 quae
444 4615 588 4669 dicta
609 4623 730 4668 sunt
751 4614 1031 4683 permittit,
1055 4615 1224 4668 solum
1243 4628 1395 4668 arare
1426 4613 1628 4684 excipit
1650 4614 1676 4665 ‘2
1696 4614 1884 4683 Equus

292 4700 346 4754 in
377 4703 497 4772 lege
539 4703 877 4758 immundum
923 4703 1124 4757 animal
1155 4718 1275 4757 esse
1317 4702 1650 4772 perhibetur,
1700 4710 1753 4757 et
1781 4701 1887 4756 alia

293 4789 482 4858 multa,
515 4807 618 4846 nec
669 4799 850 4846 tamen
881 4806 1068 4845 arrare
1108 4791 1306 4846 bovem
1336 4807 1457 4846 cum
1489 4805 1629 4861 equo
1659 4790 1749 4845 vel
1781 4789 1887 4844 alio

292 4879 514 4933 animali
543 4879 824 4934 immundo
872 4879 1189 4949 prohibetur
1217 4878 1270 4932 in
1301 4878 1443 4950 lege.
1478 4879 1629 4934 Hanc
1658 4893 1766 4934 non
1795 4893 1889 4932 so-

294 4966 405 5020 lum
435 4967 489 5020 in
539 4968 620 5021 his
649 4984 773 5038 quae
818 4967 968 5022 dicta
1008 4974 1127 5020 sunt
1177 4966 1466 5034 mandatis,
1516 4967 1614 5021 sed
1643 4966 1807 5022 etiam
1833 4966 1888 5020 in

297 5054 712 5126 quampluribus
757 5056 880 5110 aliis
923 5053 1196 5126 legalibus
1223 5053 1568 5111 cazrcmoniis
1596 5055 1636 5084 ’°
1665 5061 1893 5110 contra-

1993 4526 2112 4594 Quo
2130 4533 2285 4596 pacto
2308 4533 2479 4579 ratum
2511 4525 2611 4580 erit
2643 4545 2665 4575 ι
2691 4523 2745 4578 in
2773 4531 3054 4591 aeternum,
3074 4522 3325 4589 Domine,
3357 4521 3589 4577 verbum

1992 4624 2141 4670 tuum
2171 4623 2450 4685 permanet
2478 4614 2535 4666 in
2576 4612 2711 4668 caelo
2737 4612 2765 4666 ‘?
2800 4634 2821 4660 »
2859 4611 3033 4683 (Ρεαι.
3057 4626 3243 4677 cxvm,
3278 4611 3390 4676 89.)
3421 4609 3586 4677 Quid,

1994 4717 2202 4774 quaeso,
2235 4717 2357 4757 mea
2385 4701 2607 4756 interest
2634 4716 2730 4757 cur
2757 4701 2903 4755 Deus
2932 4701 3037 4754 hoc
3067 4698 3267 4753 animal
3298 4698 3583 4765 mundum,

1995 4791 2131 4846 illud
2177 4789 2517 4844 immundum
2568 4787 2782 4857 judicet
2824 4788 2928 4842 hoc
2956 4786 3032 4841 uti
3061 4786 3354 4857 permittat,
3385 4784 3480 4840 illo
3509 4784 3589 4840 uti

1997 4877 2328 4950 prohibeat?
2351 4876 2483 4945 Quis
2525 4875 2669 4931 enim
2695 4875 2910 4945 adjuvit
2938 4874 3198 4945 Spiritum
3227 4872 3466 4941 Domini,
3497 4881 3592 4929 aut

1999 4965 2116 5036 quis
2161 4964 2502 5021 consiliarius
2549 4965 2662 5034 ejus
2695 4963 2816 5032 fuit,
2865 4966 2927 5019 ut
2969 4963 3110 5018 istud
3158 4962 3249 5036 agi
3287 4963 3586 5035 permittat.

1999 5054 2133 5110 illud
2182 5053 2294 5108 ﬁeri
2323 5053 2632 5124 prohibeat.
2680 5051 2863 5107 Iussit.
2905 5051 3328 5122 Obsequendum
3356 5051 3396 5081 ³⁸
3425 5051 3592 5123 igitur

1601 5259 1828 5316 VARUS
1871 5259 2051 5317 LECT
2056 5259 2178 5317 ION
2181 5261 2282 5317 ES.

374 5437 414 5466 ’°
442 5438 516 5494 Ms
581 5439 636 5494 S.
695 5441 844 5507 Gem,
889 5440 1172 5496 institutis.
1241 5438 1278 5469 ²¹
1315 5443 1410 5499 Ms.
1461 5441 1516 5498 S.
1555 5434 1708 5508 Gen,
1756 5441 2009 5517 quaedam
2057 5437 2201 5496 enim
2245 5446 2604 5496 sacramenta.
2673 5437 2830 5498 “Ms.
2869 5441 3045 5508 Item,
3079 5437 3346 5496 veritatis.
3416 5435 3456 5464 "
3490 5439 3589 5494 Ms.

307 5529 434 5585 Rem
449 5568 464 5582 .
478 5568 494 5601 ,
538 5528 958 5590 observandum.
