3972 6072
411 181 547 236 1011

1301 170 1717 230 GISLEBERTI
1755 166 2053 222 CRISPINI
2095 166 2247 218 ΛΒΒ.
2290 163 2805 220 WESTMONAST.

3662 173 3821 226 10ιέ

408 315 512 372 est,
571 302 733 373 eique
788 299 1017 371 obsequi
1059 314 1269 353 summa
1325 298 1498 354 virtus
1528 303 1631 350 est.
1690 291 1996 349 Prohibuit.
2034 290 2091 349 Α
2123 288 2318 342 diebus
2346 298 2685 359 Ρτωρανίιιιιε
2716 306 2874 345 mons
2904 290 3100 347 domus
3129 294 3362 348 Domini
3394 294 3462 347 in
3494 294 3812 350 verticem

418 392 560 449 Fieri
617 392 783 464 igitur
806 391 919 460 jam
977 404 1086 443 non
1115 387 1288 450 licet;
1353 387 1518 455 idque
1548 384 1593 439 si
1649 389 1843 454 postea
1898 380 2013 450 fiat,

419 487 706 552 peccatum
736 493 857 533 esse
903 476 1155 541 dicimus,
1181 491 1243 530 ac
1266 475 1451 529 debita
1479 488 1640 544 pana
1665 467 2016 541 puniendum.

416 570 487 625 Ut
537 584 667 640 ergo
740 580 1017 620 servemus
1072 563 1263 619 littera
1318 562 1568 634 ﬁguram,
1614 566 2021 615 contemnemus

422 657 659 711 litteram
680 655 708 707 ‘2
743 660 801 708 ut
831 668 1109 708 servemus
1154 651 1403 718 alterum,
1439 666 1560 720 qua
1589 648 1729 704 ratio
1760 654 1842 701 est
1870 645 2020 699 dam-

422 759 559 798 nare
612 742 653 771 "
684 741 960 797 alterum?
1018 740 1310 795 Servemus
1366 739 1622 804 litteram,
1669 750 1944 791 servemus
1969 740 2025 789 et

423 830 614 885 littera
646 829 896 903 figuram.
949 831 1166 884 Maneat
1196 844 1369 899 parvo
1400 825 1586 882 sensui
1617 833 1800 880 nostro
1820 823 2018 888 littera,

423 926 649 974 maneat
678 927 731 974 et
782 922 986 987 vestro,
1018 922 1184 987 atque
1222 918 1454 971 addatur
1482 912 1777 985 spiritualis
1805 919 1856 965 et
1884 925 2020 965 con-

426 1021 584 1063 cessa
631 1005 790 1061 nobis
838 1006 878 1035 ”
908 1021 939 1060 a
977 1006 1094 1060 Deo
1125 1003 1365 1076 mysterii
1404 1002 1617 1058 latentis
1646 997 2019 1069 intelligentia.

423 1095 811 1149 Abstineamus
862 1110 892 1147 a
923 1109 1111 1164 porco,
1167 1094 1292 1163 quia
1341 1093 1423 1147 lex
1449 1090 1627 1161 jubet,
1660 1088 2023 1144 abstineamus

427 1190 481 1238 et
514 1182 585 1237 ab
611 1197 675 1238 eo
705 1182 750 1236 si
798 1182 945 1251 quod
991 1189 1072 1235 est
1101 1182 1248 1252 quod
1288 1196 1387 1249 per
1412 1194 1637 1249 porcum
1667 1174 2020 1245 signiﬁcatur.

424 1275 650 1339 peccato
699 1267 761 1324 ".
804 1270 927 1322 Non
977 1283 1191 1322 aremus
1220 1266 1273 1320 in
1306 1266 1447 1323 bove
1492 1272 1544 1319 et
1584 1263 1756 1330 asino,
1809 1263 1936 1331 quia
1965 1262 2022 1315 id

426 1356 709 1428 legislator
736 1355 1032 1426 prohibuit,
1065 1362 1137 1422 et,
1170 1354 1214 1408 si
1245 1369 1350 1423 qua
1377 1352 1631 1408 evitanda
1651 1348 2023 1405 intellexeris”

424 1459 524 1514 per
566 1444 709 1498 hanc
748 1442 888 1497 asini
916 1450 970 1497 et
1018 1443 1177 1497 bovis
1223 1441 1493 1511 copulam,
1546 1440 1629 1493 fas
1672 1447 1751 1493 est
1796 1440 2017 1503 evitare,

427 1530 540 1584 imo
562 1537 843 1601 peccatum
874 1535 961 1585 est
1003 1545 1112 1584 non
1142 1530 1367 1585 evitare.
1396 1529 1476 1582 Ita
1506 1535 1557 1582 et
1586 1528 1656 1582 de
1684 1526 1911 1581 caeteris.
1944 1526 2019 1579 Ita

2127 376 2414 442 montium,
2465 385 2517 432 et
2544 376 2709 433 fluent
2754 380 2826 433 ad
2875 396 2996 435 eum
3040 396 3234 437 omnes
3284 389 3522 454 gentes,
3592 392 3663 437 et
3726 385 3812 438 di-

2127 471 2248 518 cent
2274 482 2286 517 :
2320 465 2531 533 Venite,
2555 467 2918 522 ascendamus
2948 469 3017 524 ad
3038 477 3276 524 montem
3312 470 3590 537 Domini,
3635 480 3701 525 et
3733 472 3807 525 ad

2129 552 2352 607 domum
2398 554 2498 608 Dei
2527 555 2695 610 Jacob
2726 556 2854 624 (Ira.
2888 572 2946 622 ιι,
2998 558 3078 627 3).
3132 580 3154 605 υ
3310 559 3369 613 Si
3406 575 3565 630 ergo
3607 560 3801 613 Chri—

2129 647 2243 694 stus
2290 641 2408 710 jam
2458 643 2622 710 venit,
2672 643 2767 697 ubi
2796 645 2851 698 in
2882 652 2992 700 toto
3040 646 3173 701 orbe
3202 654 3515 716 terrarum,
3550 658 3801 717 prater

2128 729 2418 797 pauculam
2465 739 2682 801 gentem
2717 731 3049 799 Judaorum,
3094 734 3324 789 dicitur:
3377 758 3404 783 α
3458 736 3798 790 Ascende-

2129 831 2251 870 mus
2280 817 2350 872 ad
2380 818 2599 872 domum
2630 819 2729 873 Dei
2756 820 2925 875 Jacob
2959 822 2987 874 ?
3031 843 3054 869 ν
3089 822 3192 877 Alii
3232 831 3500 878 vestrum
3542 824 3797 889 dicunt,

2130 919 2318 959 eamus
2364 906 2434 959 ad
2480 906 2701 961 domum
2749 908 2913 974 Petri,
2965 909 3057 963 alii
3102 910 3173 963 ad
3217 910 3457 965 domum
3511 913 3796 967 Martini.

2128 992 2275 1046 Nulli
2301 1009 2429 1049 vero
2459 994 2679 1049 dicunt:
2716 996 2914 1050 Eamus
2947 1019 2969 1044 α
2992 998 3061 1052 ad
3092 999 3317 1053 domum
3353 1000 3460 1055 Dei
3495 1000 3728 1055 Iacob.
3766 1026 3786 1045 υ

2130 1081 2269 1134 Audi
2320 1082 2497 1137 adhuc
2547 1083 2615 1136 de
2662 1084 2897 1139 adventu
2945 1085 3138 1140 Christi
3178 1089 3475 1157 sequentia
3525 1107 3539 1142 :
3625 1112 3652 1135 ει
3726 1091 3796 1143 Et

2131 1169 2441 1223 conflahunt
2463 1171 2676 1242 gladios
2706 1188 2832 1226 suos
2853 1172 2907 1226 in
2938 1189 3203 1241 vomeres,
3236 1184 3289 1230 et
3319 1176 3619 1231 lanccans
3658 1195 3790 1231 suas

2130 1257 2186 1310 in
2218 1258 2405 1312 falces.
2436 1260 2558 1312 Non
2590 1259 2790 1314 levabit
2832 1277 2965 1331 gens
2994 1270 3183 1316 contra
3211 1270 3443 1334 gentem
3478 1265 3783 1335 gladium,

2130 1360 2231 1401 nec
2259 1346 2659 1400 exercebuntur
2678 1347 2815 1402 ultra
2836 1350 2907 1403 ad
2928 1350 3170 1418 pralium
3192 1350 3382 1420 (Ibid.,
3415 1354 3505 1419 4).
3548 1376 3570 1399 υ
3616 1354 3781 1406 Νιωο

2131 1432 2388 1502 quidnam
2420 1435 2553 1489 ordo
2575 1436 2821 1490 militaris
2850 1445 3031 1491 nostra
3063 1440 3167 1493 hac
3196 1448 3362 1493 atate
3390 1441 3617 1494 confiat
3652 1442 3776 1511 gla-

2128 1520 2254 1575 dios
2284 1537 2412 1577 suos
2432 1521 2486 1575 in
2512 1538 2787 1588 vomeres,
2810 1532 2861 1578 et
2877 1525 3095 1579 lanceas
3120 1525 3176 1579 in
3207 1526 3429 1583 falces?
3466 1528 3577 1581 Vix
3623 1528 3768 1582 fabri

425 1618 570 1672 enim
619 1616 708 1672 lex
755 1618 1103 1687 adimpletur,
1137 1624 1191 1672 et
1229 1616 1577 1686 adimplenda
1605 1631 1720 1669 esse
1750 1621 2014 1669 censetur.
2048 1633 2101 1693 Β
2132 1607 2426 1675 sufﬁciunt,
2455 1610 2545 1663 vix
2578 1611 2779 1665 ferrum
2819 1612 3011 1666 sufficit
3042 1611 3375 1669 fabricandis
3405 1616 3769 1670 militaribus

430 1704 539 1759 Sed
571 1706 647 1760 ita
676 1704 759 1759 his
774 1706 1064 1777 pralibatis
1099 1706 1167 1761 ad
1194 1704 1464 1761 Christum
1494 1704 1796 1769 veniamus,
1830 1703 1883 1756 in
1912 1717 2019 1772 quo

425 1793 744 1863 quastionis
773 1802 825 1849 et
846 1793 1234 1850 controversia
1254 1808 1417 1849 causa
1449 1801 1559 1847 tota
1584 1792 1825 1847 consistit
1849 1809 1861 1855 ;
1892 1807 2019 1844 nam

424 1894 550 1933 eum
597 1878 721 1934 novi
764 1878 967 1946 cultus,
1026 1894 1289 1933 novarum
1336 1877 1730 1932 institutionum
1776 1891 1838 1929 ac
1886 1874 2021 1945 legis

421 1981 644 2037 prorsus
685 1964 986 2020 immutata
1028 1965 1204 2021 dicitis
1248 1981 1347 2021 vos
1389 1965 1591 2019 habere
1637 1971 1933 2032 auctorem,
1964 1963 2019 2017 in

421 2070 584 2125 quem
616 2053 752 2108 dicis
783 2055 907 2124 quia
924 2056 1138 2123 oportet
1164 2069 1252 2108 me
1266 2053 1519 2109 credere.
1554 2051 1822 2106 Christum
1852 2052 2018 2106 credo

417 2144 742 2213 prophetam
790 2142 1009 2213 quidem
1043 2141 1191 2197 omni
1236 2142 1492 2197 virtutum
1520 2141 1886 2213 prarogativa
1910 2156 2017 2194 ex-

415 2229 885 2297 cellentissimum,
911 2229 1198 2286 etChristo
1229 2231 1457 2285 credam
1483 2245 1496 2297 ;
1530 2229 1630 2284 sed
1659 2230 1717 2283 in
1748 2228 2015 2283 Christum

418 2334 596 2390 neque
621 2317 807 2386 credo,
839 2334 1016 2388 neque
1054 2318 1299 2387 credam,
1333 2318 1462 2391 quia
1491 2333 1599 2373 non
1629 2319 1793 2373 credo
1823 2317 1932 2371 nisi
1963 2317 2016 2370 in

423 2406 625 2471 Deum,
677 2414 732 2460 et
776 2406 832 2460 in
863 2422 1049 2461 unum.
1109 2429 1131 2453 α
1176 2408 1339 2475 Audi,
1385 2406 1580 2478 inquit,
1634 2408 1823 2474 Israel,
1873 2407 2017 2461 Deus

417 2502 563 2562 tuus,
613 2495 759 2549 Deus
788 2510 925 2548 unus
948 2502 1030 2549 est
1075 2495 1257 2564 (Deut.
1292 2512 1367 2564 v1,
1400 2496 1493 2565 4):
1538 2516 1568 2545 η
1600 2511 1759 2561 unus,
1792 2510 1898 2548 non
1927 2494 2015 2548 tri-

429 2581 583 2651 plex,
635 2581 776 2637 sicut
820 2597 921 2637 vos
959 2582 1247 2638 Christiani
1274 2592 1325 2638 et
1350 2584 1603 2655 negando
1632 2583 1811 2649 dictis,
1845 2590 1897 2637 et
1926 2582 2014 2636 di-

422 2670 596 2723 cendo
617 2668 850 2740 negatis.
873 2670 1049 2726 Dictis
1082 2671 1245 2735 enim,
1280 2672 1425 2726 Deus
1455 2678 1534 2725 est
1564 2672 1741 2737 Pater,
1772 2672 1917 2726 Deus
1937 2678 2016 2725 est

416 2755 602 2822 Filius,
634 2756 783 2810 Deus
813 2764 894 2810 est
943 2757 1176 2827 Spiritus
1208 2766 1462 2828 sanctus;
1497 2759 1633 2814 alius
1664 2761 1842 2827 Pater,
1874 2759 2016 2813 alius

415 2841 603 2911 Filius,
635 2843 775 2897 alius
796 2842 1028 2914 Spiritus
1056 2853 1273 2900 sanctus
1296 2863 1311 2913 ;
1343 2855 1397 2901 et
1423 2855 1603 2902 tamen
1630 2864 1739 2903 non
1768 2856 1874 2902 tres
1901 2848 2011 2907 Dii.

416 2931 512 2986 sed
544 2947 683 2985 unus
711 2939 793 2986 est
813 2932 984 2986 Deus.
1019 2931 1186 2989 Dictis
1205 2942 1496 3004 utrumque
1521 2953 1532 2988 :
1567 2936 1661 3005 qui
1690 2936 1805 2990 vult
1828 2937 2013 2991 credat

414 3017 504 3074 vel
535 3018 783 3089 alterum,
816 3020 906 3074 vel
955 3027 1266 3092 utrumque.
1306 3021 1474 3077 Israel
1500 3039 1629 3079 vero
1660 3031 1847 3080 nostra
1876 3040 2013 3095 gens

416 3106 570 3163 audit
621 3116 673 3163 et
704 3108 912 3164 credit:
940 3130 963 3157 ιι
1006 3109 1151 3165 Deus
1196 3117 1334 3179 tuus,
1366 3111 1512 3167 Deus
1540 3128 1677 3167 unus
1702 3121 1800 3181 est,
1848 3134 1869 3160 ι»
1905 3128 2013 3167 non

420 3202 635 3250 creatus
666 3196 721 3250 in
750 3204 1014 3268 tempore,
1040 3213 1146 3253 non
1178 3198 1353 3255 factus
1382 3215 1450 3254 ex
1478 3200 1722 3267 muliere,
1758 3201 2015 3271 quoniam

424 3283 466 3337 si
517 3284 737 3355 proprie
784 3284 898 3341 dici
941 3295 1149 3355 posset,
1183 3295 1472 3358 antequam
1502 3296 1716 3359 tempus
1748 3289 1863 3358 fuit,
1897 3290 2019 3360 ipse

426 3366 566 3429 fuit;
618 3374 831 3439 tempus
884 3369 1000 3439 ipse
1044 3371 1269 3440 creavit,
1320 3379 1372 3427 et
1398 3372 1498 3427 sub
1528 3382 1772 3443 tempore
1801 3372 2018 3438 calum,

426 3462 481 3510 et
514 3470 712 3511 terrom
741 3464 796 3511 et
824 3473 949 3528 qua
979 3458 1032 3511 in
1048 3458 1126 3512 eis
1156 3466 1283 3513 sunt
1311 3462 1497 3514 omnia
1524 3460 1647 3532 ipse
1675 3463 1897 3517 creavit.
1930 3463 2023 3516 Se-

431 3543 610 3612 quitur
629 3544 776 3598 aliud
795 3545 854 3598 in
884 3545 1162 3617 Decalogo
1179 3548 1491 3602 mandatum
1517 3567 1530 3604 :
1569 3572 1591 3596 κ
1623 3550 1746 3606 Non
1776 3567 2026 3606 assumes

429 3644 633 3684 nomen
665 3630 766 3685 Dei
793 3630 866 3685 tui
898 3630 954 3685 in
980 3648 1181 3688 vanum
1213 3634 1413 3701 (Exod.
1437 3651 1533 3702 xx,
1565 3638 1641 3709 7).
1687 3658 1710 3690 ι
1738 3640 1797 3693 In
1826 3656 2025 3694 vanum

434 3732 637 3772 nomen
683 3717 781 3772 Dei
819 3718 1061 3788 assumit,
1099 3720 1191 3791 qui
1221 3722 1426 3777 homini
1472 3739 1670 3780 nomen
1718 3727 2030 3797 cultumque

440 3803 739 3859 divinitatis
807 3805 1067 3862 attribuit.
1111 3809 1253 3863 Nam
1301 3809 1344 3864 si
1381 3812 1421 3841 ³⁸
1468 3813 1677 3869 vanitas
1723 3823 1806 3870 est
1853 3817 2030 3871 omnis

442 3892 608 3948 homo
654 3891 888 3962 vivens;
921 3894 1012 3965 qui
1040 3895 1313 3952 hominem
1362 3900 1533 3954 Deum
1559 3902 1746 3971 credit,
1779 3912 1833 3958 et
1859 3905 2033 3959 Deum

441 3980 703 4053 appellat,
737 3982 941 4037 homini
970 3998 1168 4040 nomen
1215 3986 1527 4059 cultumque
1551 3989 1846 4047 divinitatis
1875 3997 2032 4047 attri-

442 4070 580 4127 buit.
626 4071 749 4126 Non
796 4069 964 4143 igitur
1007 4073 1171 4129 credo
1230 4074 1285 4129 in
1335 4077 1626 4149 Christum,
1684 4096 1862 4151 neque
1906 4098 2034 4152 spes

441 4173 566 4214 mea
594 4166 673 4214 est
716 4158 773 4212 in
813 4158 1044 4228 Christo,
1096 4163 1384 4234 quoniam:
1427 4188 1448 4213 «
1492 4167 1685 4222 Beatus
1728 4170 1832 4237 vir,
1878 4170 2034 4238 cujus

440 4255 522 4302 est
549 4262 749 4302 nomen
778 4248 996 4302 Domini
1025 4265 1148 4319 spes
1176 4250 1296 4319 ejus
1316 4255 1494 4316 (Psat.
1524 4271 1708 4324 χχχιχ,
1742 4260 1819 4327 5).
1867 4281 1889 4306 ι»
1925 4259 2033 4314 Sed

2131 1697 2318 1751 armis.
2371 1697 2473 1752 Ubi
2520 1706 2780 1753 terrarum
2811 1701 3040 1754 inveniri
3078 1707 3276 1770 potest,
3316 1726 3340 1750 η
3386 1719 3509 1758 non
3546 1704 3769 1759 levabit

2127 1801 2261 1855 gens
2282 1794 2466 1840 contra
2488 1795 2707 1858 gentem
2725 1788 2987 1857 gladium,
3021 1805 3121 1844 nec
3150 1791 3579 1846 exercebantur
3610 1794 3765 1846 ultra

2128 1874 2197 1927 ad
2245 1874 2493 1943 pralium
2526 1876 2554 1928 ‘2
2604 1875 2817 1947 Ubique
2864 1876 3015 1931 orbis
3054 1885 3327 1933 terrarum
3359 1879 3592 1933 vicinus
3626 1880 3765 1934 insi-

2126 1960 2310 2016 diatur
2337 1962 2535 2029 vicino,
2586 1964 2864 2033 opprimit,
2896 1974 3090 2025 necat;
3124 1982 3263 2037 gens
3292 1975 3491 2022 contra
3524 1976 3761 2039 gentem

2126 2048 2310 2104 effusis
2340 2049 2543 2104 viribus
2592 2051 2885 2120 praliatur,
2921 2068 3145 2123 regnum
3193 2054 3465 2108 adversus
3500 2071 3751 2127 regnum

2128 2139 2409 2204 excitatur,
2461 2139 2613 2192 etab
2658 2139 2875 2193 ineunte
2923 2140 3043 2210 ipsa
3084 2141 3277 2210 puerili
3307 2150 3475 2197 atate
3509 2144 3755 2213 quisque

2127 2236 2412 2281 exercetur
2457 2227 2525 2281 ad
2553 2228 2820 2296 praelium.
2870 2230 3089 2283 Constat
3116 2244 3248 2300 ergo
3277 2231 3406 2301 quia
3440 2246 3545 2285 vos
3576 2232 3748 2285 Chri-

2125 2314 2306 2383 stiani,
2335 2315 2495 2386 longe
2524 2315 2593 2371 de
2621 2316 2836 2371 Christo
2866 2324 2918 2371 et
2946 2315 3014 2371 de
3043 2317 3165 2388 ejus
3199 2318 3439 2373 adventu
3470 2320 3698 2374 erratis.

2718 2463 3114 2505 CHRISTMNUS.

2194 2583 2406 2637 Revera
2452 2581 2623 2636 semel
2668 2580 2881 2637 locutus
2936 2590 3022 2637 est
3068 2583 3232 2652 Deus,
3265 2589 3319 2637 et
3359 2583 3522 2638 nefas
3551 2592 3635 2637 est
3666 2592 3723 2637 ut

2121 2685 2357 2740 unquam
2390 2670 2530 2724 ullus
2565 2684 2742 2725 sermo
2772 2670 2869 2724 Dei
2899 2670 3221 2737 annulletur,
3251 2670 3452 2726 divina
3481 2674 3721 2726 sanctio-

2121 2774 2223 2813 nes
2270 2774 2378 2813 non
2424 2758 2775 2813 immutantur
2815 2774 2912 2827 per
2938 2759 3075 2813 ullas
3102 2766 3407 2828 temporum
3437 2760 3718 2814 vicissitu-

2119 2845 2295 2914 dines,
2329 2845 2455 2914 quia
2485 2844 2728 2900 Christus
2754 2861 2861 2901 non
2893 2847 3042 2901 venit
3076 2870 3097 2893 ‹‹
3141 2846 3322 2918 legem
3348 2847 3586 2913 solvere,
3619 2846 3718 2902 sed

2119 2933 2437 3003 adimplere.
2460 2956 2559 2982 »—
2575 2956 2597 2981 α
2624 2935 2822 3003 Amen,
2840 2934 3034 3003 inquit,
3058 2934 3180 2991 dico
3201 2935 3373 3002 vobis,
3398 2935 3512 2990 iota
3532 2950 3716 3001 unum,

2122 3030 2211 3075 aut
2251 3037 2390 3075 unus
2430 3038 2589 3091 apex,
2620 3038 2729 3077 non
2762 3022 3055 3092 prateribit
3079 3039 3111 3076 a
3154 3023 3295 3094 lege,
3326 3024 3506 3077 donec
3534 3024 3719 3077 omnia

2120 3109 2253 3163 fiant
2321 3110 2543 3179 (Matth.
2603 3127 2657 3181 v,
2732 3111 2840 3178 18).
2915 3133 2935 3159 η
2998 3111 3253 3181 Nunquid
3305 3112 3422 3168 vult
3475 3111 3718 3165 Christus

2124 3198 2307 3269 legem
2355 3197 2630 3268 damnare,
2685 3199 2773 3268 qui
2820 3200 3176 3253 comminatur
3223 3200 3497 3270 inquiens,
3551 3222 3573 3245 α
3615 3200 3719 3254 iota

2125 3301 2291 3339 unum
2339 3293 2432 3340 aut
2469 3302 2607 3341 unus
2657 3301 2797 3357 apex
2844 3302 2952 3341 non
2999 3287 3292 3358 praeteribit
3323 3304 3356 3343 a
3386 3289 3513 3359 lege
3538 3288 3713 3343 donec

2125 3373 2309 3429 omnia
2362 3373 2535 3428 fiant?
2578 3397 2599 3423 ι»
2650 3376 2773 3429 Non
2817 3390 2940 3430 eam
2987 3375 3157 3447 igitur
3198 3377 3313 3431 vult
3359 3376 3593 3448 solvere,
3624 3377 3723 3431 sed

2129 3461 2450 3531 adimplere.
2485 3463 2592 3517 Lex
2628 3463 2884 3534 prohibet
2913 3463 3289 3532 homicidium,
3322 3465 3567 3520 Christus
3594 3465 3724 3519 iram

2131 3556 2184 3604 et
2212 3550 2393 3604 odium
2422 3568 2435 3613 ;
2468 3550 2561 3605 lex
2593 3551 2844 3620 prohibet
2891 3552 3220 3606 adulterium
3252 3552 3449 3621 carnis,
3481 3553 3724 3607 Christus

2132 3637 2311 3707 ipsum
2354 3638 2513 3693 etiam
2544 3638 2840 3708 appetitum
2870 3640 3048 3695 cordis
3075 3638 3134 3692 ".
3168 3640 3335 3696 Vobis
3359 3642 3453 3695 lex
3480 3642 3724 3711 prohibet

2136 3725 2214 3780 uti
2262 3726 2522 3797 porcina:
2557 3734 2609 3781 et
2650 3741 2683 3781 a
2734 3734 2862 3782 tunc
2891 3727 2962 3781 ab
2992 3743 3057 3783 eo
3104 3728 3376 3784 animante
3405 3729 3721 3783 abstinentia

2134 3813 2292 3868 vobis
2338 3814 2644 3868 necessaria
2690 3820 2806 3869 erat
2850 3815 2921 3883 '°,
2961 3815 3216 3885 quoniam
3264 3817 3504 3872 veritatis
3536 3818 3720 3872 futura

2138 3900 2310 3971 ﬁgura
2351 3910 2482 3969 erat,
2516 3910 2570 3956 et
2611 3903 2786 3974 figura
2833 3903 3100 3958 servanda
3142 3912 3275 3968 erat,
3312 3906 3489 3961 donec
3517 3906 3719 3960 adesset

2138 3989 2257 4058 ipsa
2291 3990 2517 4045 Veritas.
2541 3992 2696 4046 Nunc
2724 3998 2905 4045 autem
2934 3991 3094 4045 nobis
3123 4008 3221 4047 seu
3243 3993 3398 4048 vobis
3428 3992 3719 4048 necessaria

2139 4092 2249 4131 non
2280 4085 2379 4143 est,
2427 4079 2683 4149 quoniam
2713 4079 2833 4149 ipsa
2872 4077 3060 4151 ﬁgura
3102 4079 3309 4135 veritas
3352 4082 3465 4149 jam
3492 4097 3718 4152 praesens

2139 4166 2311 4220 adest.
2360 4166 2617 4234 Quamvis
2661 4168 2930 4223 abstinere
2978 4168 3154 4236 liceat,
3205 4176 3259 4223 et
3296 4170 3452 4224 multi
3489 4178 3717 4224 nostrum

2145 4254 2445 4309 abstineant
2488 4271 2595 4311 non
2644 4256 2817 4311 solum
2879 4257 2949 4310 ab
2994 4272 3078 4324 ea,
3126 4272 3312 4313 verum
3363 4267 3412 4312 et
3461 4257 3530 4312 ab
3581 4259 3721 4313 omni

441 4334 715 4390 Christum
757 4333 943 4402 credo,
995 4342 1049 4391 et
1091 4337 1303 4393 Christo
1350 4342 1589 4410 credam,
1632 4322 2029 4415 cum'venerit,
2063 4322 2114 4381 D
2148 4357 2308 4398 carne
2358 4344 2482 4411 alia,
2528 4359 2731 4416 magno
2775 4352 2827 4399 et
2865 4345 3058 4400 eodem
3101 4345 3327 4422 judice,
3360 4346 3599 4416 quisquis
3623 4360 3721 4400 no-

438 4423 697 4495 quoniam
744 4423 813 4477 de
843 4439 907 4479 eo
947 4424 1158 4495 Moyses
1210 4434 1434 4483 testatur
1462 4438 1516 4485 et
1564 4432 1692 4486 dicit
1726 4451 1737 4488 :
1790 4436 2037 4505 PrOphe-

438 4520 552 4567 tam
582 4511 867 4567 suscitabit
915 4511 1073 4567 vobis
1098 4514 1244 4569 Deus
1273 4516 1342 4571 de
1364 4517 1627 4575 fratribus
1667 4524 1879 4589 vestris,
1913 4532 2030 4579 tan-

434 4616 600 4672 quam
628 4615 717 4655 me
744 4599 979 4655 audietis
1007 4616 1129 4655 eum
1150 4603 1335 4674 (Deut.
1360 4622 1511 4676 xvm,
1538 4610 1646 4678 15).
1677 4610 1740 4665 Et
1769 4612 2025 4681 quoniam

439 4688 578 4744 votis
624 4688 875 4744 omnibus
920 4691 1217 4759 optandum
1249 4701 1362 4749 erat
1395 4704 1455 4750 ut
1482 4697 1709 4767 veniret,
1740 4709 1793 4755 et
1822 4717 1929 4773 quo
1959 4702 2029 4757 si-

441 4790 553 4863 gno
582 4776 844 4832 adventus
873 4778 992 4847 ejus
1023 4778 1271 4851 dignosci
1312 4792 1520 4853 posset,
1550 4788 1676 4841 audi
1706 4789 1834 4859 quid
1865 4806 2031 4863 super

443 4861 551 4918 hoc
578 4863 742 4920 Isaias
766 4868 1030 4938 propheta
1073 4868 1356 4927 denuntiat
1386 4889 1400 4931 :
1440 4897 1462 4924 α
1496 4875 1614 4931 Erit
1639 4876 1695 4931 in
1724 4861 2034 4934 novissimis

2148 4439 2315 4485 strum
2347 4447 2406 4486 se
2438 4440 2631 4488 tuetur.
2665 4433 2875 4503 Moyses
2906 4448 3124 4487 carnem
3153 4433 3371 4487 suillam
3402 4434 3718 4488 immundam

2149 4520 2412 4589 appellat,
2446 4521 2523 4574 uti
2542 4536 2603 4576 ea
2625 4521 2891 4591 prohibet,
2923 4529 2975 4576 et
2991 4528 3282 4592 propterea
3311 4522 3488 4576 dicitis
3518 4522 3635 4591 quia
3660 4537 3720 4577 ea

2151 4608 2230 4661 uti
2285 4624 2396 4663 non
2452 4608 2592 4664 licet.
2652 4611 2863 4679 Moyses
2916 4626 3023 4664 non
3074 4610 3234 4677 alius,
3293 4612 3391 4665 sed
3434 4611 3578 4665 idem
3616 4610 3719 4680 ipsc

2152 4713 2370 4753 carnem
2427 4698 2637 4752 suillam
2704 4698 2838 4753 dicit
2901 4698 3153 4753 mundam
3217 4705 3271 4752 et
3317 4699 3481 4755 valde
3516 4699 3715 4765 bonam,

2148 4792 2202 4839 et
2240 4800 2361 4839 eam
2417 4786 2484 4840 ad
2524 4786 2843 4841 vescendum
2892 4786 3028 4843 sicut
3090 4796 3289 4842 catera
3338 4787 3522 4842 scribit
3559 4787 3716 4841 Deum

2152 4874 2346 4930 fecisse
2405 4874 2622 4945 bonam,
2678 4884 2733 4931 et
2769 4874 2891 4931 ideo
2929 4875 3159 4931 dicimus
3198 4876 3321 4946 quia
3359 4877 3436 4931 uti
3473 4892 3535 4930 ea
3587 4875 3715 4930 licet.

1756 5082 1984 5138 VARUE
2013 5080 2427 5138 LECTIONES.

530 5251 572 5281 ²⁴
600 5254 697 5308 Ms.
739 5254 902 5321 Vict,
928 5261 986 5308 ut
1015 5252 1353 5308 damnemus.
1412 5254 1453 5282 ³⁵
1485 5257 1582 5311 Ms.
1610 5259 1764 5315 Rem.
1795 5260 1851 5313 et
1889 5258 1951 5310 S.
1988 5258 2133 5324 Gen,
2165 5256 2345 5312 vobis.
2395 5256 2436 5284 "
2467 5257 2568 5312 Ms.
2620 5259 2703 5327 ιι,
2747 5256 2790 5310 si
2822 5255 3023 5332 quid...

530 5324 821 5380 ellexerim1
839 5339 890 5380 ε.
961 5328 1001 5360 ²⁸
1055 5325 1155 5381 Ms.
1203 5326 1259 5381 S.
1308 5324 1439 5380 Ger.
1473 5329 1634 5383 omit.
1682 5329 1824 5384 Nam
1850 5328 1921 5384 si.
1999 5327 2039 5356 ”
2070 5329 2165 5384 Ms.
2194 5328 2256 5385 S.
2299 5328 2445 5386 Ger"
2504 5328 2700 5385 carnis.
2774 5329 2815 5357 ⁸⁰
2845 5329 2948 5385 Ms.
3022 5350 3023 5376 ι

2122 5343 2165 5383 ε.
2194 5343 2256 5385 δ.
2299 5343 2445 5396 uer.,
2504 5343 2700 5385 carnis.

441 5324 890 5382 intellexerimts.
961 5328 1001 5360 "
1055 5325 1155 5381 Ms.
1203 5326 1259 5381 S.
1308 5324 1439 5380 Ger.
1473 5329 1634 5383 omit.
1682 5329 1824 5384 Nam
1850 5328 1921 5384 si.

448 5395 773 5453 abstinentia
801 5404 928 5453 tunc
957 5395 1117 5453 vobis
1144 5396 1448 5452 necessaria
1477 5405 1608 5453 erat.

3100 5254 3287 5309 eccati.
3346 5252 3389 5282 ’⁷
3416 5255 3513 5311 Ms.
3546 5258 3711 5324 Rem.,

2774 5326 2948 5385 "illa.
3018 5326 3197 5394 Vict.,
3255 5339 3438 5393 carne,
3491 5334 3545 5381 et
3567 5326 3713 5397 ipsius
