4030 6084
354 257 488 309 1013

1344 255 1722 313 DISPUTAIO
1759 255 1975 313 JUDEI
2024 256 2171 312 CUM
2210 256 2653 316 CHRISTIANO.

3499 267 3640 325 10H»

352 378 639 458 Postquam
670 376 816 432 enim
840 374 1215 433 enuntiaverat
1257 378 1298 407 ⁸¹
1345 379 1518 435 Deum
1557 395 1770 436 creasse
1813 380 1943 435 uni-
1971 379 2030 443 Α
2065 402 2085 427 α
2127 380 2330 450 scripta
2367 390 2492 438 sunt
2530 392 2711 438 autem
2757 384 2829 439 ad
2868 384 3262 457 correptionem
3310 397 3570 458 nostram,
3592 390 3653 446 in

352 457 525 532 versa,
550 465 727 536 pisces
749 466 930 534 maris,
952 465 1203 522 volucres
1230 466 1376 535 coeli,
1416 476 1610 523 cuncta
1651 469 1945 523 animantia

354 560 531 619 terrae,
563 552 618 606 in
647 553 845 623 quibus
875 561 960 609 est
990 553 1172 608 anima
1204 555 1408 621 vivens,
1436 571 1546 611 non
1584 555 1748 628 longe
1804 557 1947 611 infra

354 640 603 695 subdidit
635 658 648 694 :
688 664 708 690 α
744 642 891 697 Vidit
918 643 1064 698 Deus
1091 651 1280 698 cuncta
1309 659 1429 713 qum
1462 643 1682 711 fecerat,
1716 650 1769 698 et
1797 648 1949 698 erant

354 727 514 784 valde
543 728 688 783 bona
719 728 950 797 (Germ,
972 731 1122 799 31).»
1150 729 1310 799 Quod
1342 730 1497 785 valde
1527 731 1729 786 bonum
1760 740 1860 797 est,
1883 748 1951 786 ex

357 816 506 871 nulla
542 821 669 888 pate
707 818 908 872 malum
960 827 1058 873 cst.
1110 818 1271 887 Quod
1318 834 1449 873 vero
1495 818 1645 873 nulla
1691 835 1759 873 ex
1798 828 1951 889 parte

356 904 560 960 malum
609 914 707 974 est,
762 906 1036 978 quomodo
1092 906 1295 962 malum
1340 914 1393 962 et
1445 906 1782 962 immundum
1832 907 1954 963 est?

360 992 637 1063 Quidquid
681 1010 813 1066 ergo
866 1002 1071 1050 naturae
1108 1010 1141 1050 a
1174 996 1289 1051 Deo
1329 996 1488 1051 facta:
1517 996 1571 1049 in
1601 1011 1761 1052 carne
1790 996 1955 1050 suilla

360 1082 754 1151 consideratur,
788 1082 1048 1137 mundum
1080 1091 1133 1137 et
1162 1083 1323 1138 valde
1379 1083 1580 1138 bonum
1636 1092 1735 1152 est,
1795 1092 1955 1154 atque

363 1169 440 1223 uti
470 1169 615 1225 licet.
650 1170 783 1238 Quia
827 1186 958 1226 vero
1012 1188 1112 1241 per
1168 1172 1270 1226 hoc
1326 1171 1546 1240 animal,
1598 1172 1849 1241 voluptas
1904 1179 1958 1226 et

280 1275 287 1279 '
360 1257 706 1313 immunditia
731 1257 1007 1330 ﬁguratur,
1038 1258 1398 1326 immundum,
1431 1269 1652 1330 propter
1697 1262 1821 1326 hoc,
1855 1262 1959 1316 hoc

362 1345 564 1400 animal
595 1361 718 1401 esse
748 1346 1066 1419 designatur
1097 1345 1160 1419 [η
1188 1354 1244 1402 ut
1270 1346 1459 1403 vitium
1508 1348 1610 1403 hoc
1663 1348 1959 1403 studiosius

362 1440 638 1499 caveatur,
667 1435 829 1489 etiam
858 1434 1061 1489 animal
1113 1435 1182 1489 ad
1229 1434 1559 1491 vescendum
1604 1435 1959 1503 interdicitur,

364 1538 465 1591 per
491 1523 637 1592 quod
660 1522 1014 1595 designatur],
1046 1531 1097 1579 et
1126 1539 1191 1579 ea
1220 1524 1567 1578 immunditia
1586 1524 1661 1578 uti
1679 1524 1951 1580 nonlicet.

368 1610 433 1663 Si
464 1626 595 1681 ergo
623 1614 663 1643 "
695 1611 959 1665 mundum
991 1620 1043 1666 et
1071 1611 1413 1667 immundum
1458 1628 1573 1667 esse
1619 1614 1725 1669 hoc
1760 1612 1961 1668 animal

2055 482 2188 537 quos
2216 468 2348 524 ﬁnes
2374 471 2697 526 saeculorum
2726 472 3080 541 devenerunt,
3126 499 3148 523 η
3180 475 3319 531 sicut
3346 476 3476 531 dicit
3507 479 3650 534 Pau-

2056 555 2137 609 lus
2167 572 2231 610 ex
2262 564 2441 611 vestra
2470 566 2633 629 gente
2665 569 2847 616 noster
2876 563 3154 632 apostolus
3185 563 3235 631 (Ι
3270 566 3393 621 Cor.
3430 581 3483 633 x,
3536 567 3650 635 11).

2059 644 2217 698 Fines
2271 644 2598 700 saeculorum
2660 656 2789 703 sunt
2834 650 3114 705 novissimi
3158 650 3293 719 dies,
3343 652 3411 707 de
3461 654 3656 723 quibus

2058 731 2230 786 Isaias
2260 735 2607 803 prmnuntiat,
2641 735 2825 791 dicens
2855 755 2869 791 :
2909 760 2930 785 α
2966 737 3083 793 Erit
3113 738 3168 792 in
3197 739 3511 796 novissimis
3531 742 3654 798 die-

2060 819 2161 873 bus
2217 830 2553 891 praeparatus
2604 839 2757 879 mons
2825 824 3018 880 domus
3082 827 3303 881 Domini
3352 828 3408 882 in
3455 829 3659 885 vertice

2062 909 2327 962 montium
2357 909 2507 978 (Isai.
2541 925 2603 981 ιι,
2637 914 2713 977 2),
2754 934 2776 960 ιι
2811 912 2880 967 ad
2909 928 3068 982 quem
3130 930 3324 970 revera
3386 917 3661 972 conﬂuent

2062 1010 2249 1050 omnes
2281 1004 2486 1067 gentes,
2519 997 2655 1053 sicut
2685 999 2969 1055 Psalmista
3017 1016 3231 1072 quoque
3275 1004 3613 1073 praedixerat
3643 1022 3657 1058 :

2067 1104 2089 1128 α
2126 1083 2581 1154 Reminiscentur,
2615 1094 2668 1142 et
2697 1096 3078 1144 convertentur
3106 1091 3175 1144 ad
3216 1091 3507 1147 Dominum
3530 1092 3659 1147 uni-

2065 1171 2207 1225 versi
2252 1169 2385 1227 ﬁnes
2433 1181 2607 1244 terrae,
2656 1182 2706 1229 et
2748 1176 3048 1231 adorabunt
3094 1176 3149 1231 in
3209 1186 3505 1249 conspectu
3547 1181 3664 1249 ejus

2065 1259 2333 1315 universae
2364 1260 2586 1316 familiae
2614 1262 2852 1333 gentium
2905 1266 3081 1332 (Psal.
3126 1281 3240 1333 xxx,
3289 1269 3403 1335 28).
3442 1290 3463 1315 ι»
3521 1268 3664 1323 Uni-

2068 1348 2210 1403 versi
2226 1349 2265 1377 "
2286 1347 2421 1403 ﬁnes
2452 1356 2607 1405 terrae
2630 1351 2747 1420 jam
2779 1350 3001 1406 credunt
3025 1351 3081 1406 in
3107 1354 3285 1408 Deum
3305 1354 3367 1421 ³⁹,
3385 1354 3503 1424 jam
3532 1355 3670 1411 ado-

2069 1443 2186 1491 rant
2217 1437 2490 1491 Christum
2546 1437 2819 1493 universaa
2876 1439 3098 1495 familiae
3150 1442 3416 1511 gentium,
3475 1459 3582 1498 una
3613 1451 3672 1499 et

2070 1524 2325 1580 concordi
2351 1540 2487 1581 voce
2515 1525 2731 1581 dicunt:
2764 1526 2967 1582 Eamus
3019 1550 3041 1575 «ι
3077 1528 3146 1583 ad
3179 1536 3420 1584 montem
3451 1530 3668 1585 Domini

2072 1616 2127 1666 et
2154 1613 2221 1668 ad
2251 1611 2468 1667 domum
2492 1613 2593 1670 Dei
2621 1614 2789 1670 Jacob
2822 1615 2973 1682 (Isai.
3005 1631 3066 1684 η,
3102 1618 3178 1685 3),
3216 1638 3237 1664 υ
3294 1632 3400 1671 non
3451 1617 3521 1672 ad
3568 1618 3676 1673 do-

367 1698 705 1770 intelligitur,
739 1708 791 1754 et
820 1715 885 1754 eo
915 1699 989 1754 uti
1020 1707 1074 1755 et
1104 1715 1211 1755 non
1241 1699 1317 1754 uti
1347 1715 1379 1755 a
1408 1701 1521 1756 Deo
1551 1701 1708 1755 nobis
1730 1700 1960 1771 permit-
1989 1735 2045 1796 Β
2074 1716 2226 1755 mum
2255 1700 2451 1769 Jacob,
2481 1702 2577 1756 sed
2612 1726 2636 1747 α
2670 1703 2741 1757 ad
2771 1703 2998 1758 domum
3031 1702 3129 1759 Dei
3158 1704 3349 1773 Jacob,
3385 1729 3407 1754 ι»
3434 1706 3541 1760 hoc
3569 1714 3675 1774 est,

372 1786 515 1853 titur,
548 1786 694 1841 unde
724 1796 772 1841 et
799 1803 955 1842 sacra
983 1794 1213 1843 testatur
1241 1788 1533 1843 auctoritas
1568 1806 1579 1842 :
1617 1810 1639 1836 α
1673 1790 1794 1843 Non
1818 1789 1962 1859 quod

367 1874 535 1928 intrat
565 1874 619 1927 in
648 1890 729 1943 os,
761 1876 1077 1946 coinquinat
1118 1875 1416 1945 hominem,
1474 1874 1567 1932 sed
1628 1893 1754 1948 quae
1804 1876 1846 1904 “
1903 1877 1973 1931 de

367 1962 532 2017 corde
561 1971 757 2018 exeunt
788 1964 1171 2020 fornicationes
1219 1972 1273 2020 et
1318 1972 1535 2031 caetera,
1586 1982 1706 2035 quas
1761 1973 1974 2021 enarrat

367 2050 517 2119 vitia,
550 2066 615 2106 ea
661 2051 1010 2122 coinquinant
1049 2053 1325 2107 hominem
1382 2052 1602 2123 (Matth.
1639 2071 1730 2122 xv,
1792 2054 1899 2117 11).
1947 2076 1969 2102 ο

367 2138 490 2194 Non
521 2138 700 2209 itaque
730 2155 854 2195 caro
883 2140 1062 2206 suilla,
1096 2157 1215 2210 quae
1253 2141 1307 2195 in
1342 2156 1403 2196 os
1433 2140 1615 2210 intrat,
1662 2141 1975 2212 coinquinat

369 2226 674 2295 hominem,
706 2229 803 2283 sed
860 2229 1132 2299 voluptas,
1181 2229 1237 2284 in
1298 2230 1580 2284 immunda
1615 2229 1657 2257 ³⁵
1689 2231 1976 2300 voluptatis

372 2315 666 2386 cujuslibet
694 2316 1156 2389 concupiscentia,
1188 2334 1309 2388 quae
1335 2319 1403 2373 de
1435 2318 1596 2374 corde
1625 2319 1892 2387 procedit,
1911 2333 1975 2373 ea

377 2404 692 2474 coinquinat
722 2405 1017 2460 hominem.
1047 2407 1278 2476 Propter
1331 2407 1433 2461 hoc
1462 2407 1736 2477 apostolus
1764 2421 1978 2477 quoque

381 2492 584 2547 Paulus
614 2494 735 2548 ait:
783 2515 805 2540 α
846 2493 1062 2558 Omnia,
1123 2510 1244 2565 quae
1299 2494 1452 2549 vobis
1507 2503 1851 2565 apponuntur
1904 2495 1976 2549 ad

376 2582 735 2650 vescendum,
785 2581 977 2636 sumite
1033 2597 1156 2635 cum
1204 2581 1498 2653 gratiarum
1558 2581 1790 2646 actione,
1838 2582 1975 2635 nihil

368 2670 770 2739 interrogantes
795 2677 1019 2739 prOpter
1034 2669 1420 2724 conscientiam
1438 2668 1477 2696 "
1511 2670 1689 2737 (lCor.
1716 2687 1771 2737 x,
1804 2670 1915 2739 27).
1946 2692 1966 2718 ο

364 2757 575 2812 Eadem
606 2757 814 2812 ratione
843 2756 971 2811 licet
998 2772 1152 2813 arare
1181 2757 1234 2810 in
1266 2756 1407 2812 bove
1435 2765 1487 2812 et
1506 2758 1680 2822 asino,
1712 2766 1765 2812 et
1792 2757 1977 2827 prohi-

368 2846 527 2900 betur
554 2845 596 2875 "’
625 2861 695 2900 ne
722 2860 939 2899 aremus
967 2843 1020 2898 in
1052 2844 1194 2900 bove
1219 2853 1273 2899 et
1300 2845 1471 2901 asino.
1509 2868 1533 2893 α
1584 2846 1846 2916 Nunquid
1905 2845 1974 2899 de

367 2934 561 3002 bobus,
583 2940 642 2988 ut
671 2933 747 2988 ait
775 2933 1059 3002 apostolus
1090 2932 1308 3003 Paulus,
1340 2948 1470 2988 cura
1499 2942 1581 2988 est
1635 2933 1757 2988 Deo
1786 2936 1814 2987 ‘?
1843 2954 1873 2982 υ
1929 2935 1982 3005 (1

369 3021 491 3078 Cor.
517 3038 590 3089 ιχ,
624 3022 701 3091 9.)
730 3023 810 3075 An
841 3028 1067 3092 propter
1095 3037 1193 3077 nos
1224 3022 1315 3077 lex
1345 3022 1448 3077 hoc
1478 3022 1651 3078 dicit?
1682 3020 1785 3090 Qui
1836 3037 1969 3094 ergo

2078 1788 2146 1843 ad
2176 1788 2396 1843 domum
2427 1788 2524 1844 Dei
2554 1805 2712 1859 quem
2743 1789 2912 1846 coluit
2958 1791 3251 1859 Abraham,
3303 1809 3465 1862 quem
3513 1794 3681 1849 coluit.

2079 1878 2250 1944 Isaac,
2282 1893 2443 1946 quem
2473 1877 2638 1932 coluit
2663 1879 2852 1944 Jacob,
2884 1894 3046 1950 quem
3074 1879 3241 1935 coluit
3277 1881 3494 1952 Moyses
3536 1898 3678 1954 quo-

2082 1981 2187 2037 que
2234 1970 2291 2020 et
2335 1966 2555 2034 Aaron,
2603 1972 2661 2019 ut
2713 1966 3001 2043 ostendant
3038 1983 3204 2021 unum
3246 1968 3421 2023 Deum
3451 1985 3574 2025 esse
3631 1978 3686 2026 et

2083 2069 2273 2109 eorum
2304 2053 2393 2123 qui
2422 2061 2545 2108 ante
2585 2053 2764 2126 legem
2794 2052 2983 2109 ﬁdeles
3008 2054 3251 2124 fuerunt,
3282 2062 3337 2111 et
3365 2071 3551 2112 eorum
3592 2058 3684 2127 qui

2082 2142 2183 2197 sub
2226 2141 2348 2213 lege
2390 2142 2738 2209 exstiterunt,
2787 2150 2841 2198 et
2885 2157 3074 2199 eorum
3122 2142 3213 2213 qui
3257 2159 3401 2200 nunc
3449 2145 3685 2201 existunt.

2081 2229 2362 2286 credentes
2391 2228 2446 2283 in
2474 2230 2651 2284 Deum
2692 2229 2963 2286 universae
3011 2229 3369 2286 multitudinis
3416 2231 3693 2304 gentium;

2083 2318 2241 2386 Quod
2272 2326 2452 2372 autem
2482 2317 2663 2374 dicere
2690 2333 2791 2374 nos
2821 2319 3011 2391 arguis
3042 2320 3289 2375 :Eamus
3339 2319 3408 2376 ad
3466 2321 3690 2376 domum

2083 2406 2247 2471 Petri,
2279 2421 2469 2461 eamus
2496 2405 2566 2460 ad
2593 2406 2817 2461 domum
2849 2406 3004 2461 Pauli
3035 2414 3088 2462 et
3112 2408 3185 2462 ad
3206 2407 3428 2463 domum
3450 2408 3684 2477 Martini,

2082 2494 2278 2559 nullus,
2311 2494 2399 2563 qui
2431 2508 2557 2549 sane
2586 2493 2747 2564 sapit,
2803 2494 2907 2549 hoc
2949 2493 3023 2550 ita
3063 2495 3265 2550 dictum
3315 2512 3435 2551 esse
3478 2497 3691 2554 intelli-

2084 2582 2165 2653 git
2189 2599 2201 2635 :
2236 2581 2439 2636 nullam
2465 2581 2666 2653 quippe
2695 2580 2915 2637 domum
2946 2581 3106 2638 Petro
3122 2598 3215 2638 seu
3239 2584 3405 2640 Paulo
3428 2584 3686 2654 facimus,

2085 2669 2180 2724 sed
2211 2669 2265 2723 in
2315 2671 2576 2724 honorem
2618 2672 2783 2740 atque
2826 2669 3146 2725 memoriam
3196 2672 3336 2726 Petri
3381 2687 3474 2727 seu
3520 2673 3683 2729 Pauli

2084 2759 2200 2812 Deo
2221 2774 2342 2812 eam
2358 2757 2668 2812 condimus.
2686 2758 2804 2813 Nec
2823 2757 2920 2812 ulli
2941 2757 3255 2828 pontiﬁcum
3301 2757 3382 2813 fas
3397 2767 3480 2814 est
3497 2759 3681 2816 dicere

2084 2847 2140 2899 in
2188 2845 2686 2901 consecrationibus
2731 2844 3130 2901 ecclesiarum:
3183 2846 3301 2900 Tibi
3348 2847 3537 2916 Petro,
3588 2864 3682 2903 seu

2082 2934 2272 3000 Paulo,
2305 2936 2444 2990 hanc
2466 2934 2708 3002 domum,
2758 2934 2846 2989 vel
2903 2935 3009 2989 hoc
3064 2933 3234 2989 altare
3264 2948 3681 2992 consecramus.

2085 3021 2143 3095 [⁴⁰
2175 3023 2285 3078 Sed
2316 3022 2410 3077 tibi
2463 3022 2580 3078 Deo
2637 3021 2694 3076 in
2740 3022 2948 3078 honore
3004 3021 3149 3078 Petri
3211 3038 3307 3078 seu
3350 3023 3499 3078 Pauli
3542 3024 3688 3080 hanc

633 3075 640 3076 κ
681 3075 696 3091 ,
841 3075 856 3092 .
924 3075 1025 3092 ~.r
1144 3075 1151 3077 ξ
1254 3075 1287 3077 νγ
1690 3075 1761 3090 ...κν
1846 3075 1954 3094 μοί
2085 3075 2100 3095 ι
2178 3075 2283 3078 --μ
2322 3075 2349 3077 η
2399 3075 2407 3076 κ
2464 3075 2571 3078 -ς-
3218 3075 3306 3078 η-
3350 3075 3498 3078 -τ-τ-
3543 3075 3682 3080 vm—

359 3117 561 3165 terram
592 3108 745 3175 colit,
779 3118 895 3164 aret
926 3110 981 3163 in
1015 3110 1156 3165 bove
1185 3117 1238 3165 et
1281 3111 1458 3179 asino,
1510 3110 1555 3165 si
1615 3110 1809 3165 melius
1862 3125 1969 3166 non
1997 3075 2047 3141 C
2076 3112 2299 3167 domum
2329 3110 2416 3167 vel
2445 3112 2549 3166 hoc
2577 3110 2751 3165 altare
2777 3109 3202 3181 consecramus.]
3226 3111 3521 3179 Propterea
3553 3128 3682 3168 vero

362 3205 564 3268 potest,
596 3198 728 3268 quia
754 3198 901 3252 Deus
925 3198 1213 3268 permittit,
1246 3198 1371 3267 quia
1398 3198 1581 3253 omnia
1624 3200 1739 3253 haec
1767 3198 1965 3254 huma—

362 3286 445 3341 nis
474 3285 664 3340 usibus
689 3285 929 3341 creavit.
965 3284 1075 3341 Sed
1106 3286 1240 3355 quia
1266 3286 1368 3341 bos
1418 3287 1678 3357 ungulam
1731 3284 1888 3340 ﬁndit
1917 3296 1972 3343 et

363 3374 621 3441 ruminat,
654 3380 707 3428 et
734 3373 804 3427 ad
835 3373 1196 3429 excolendam
1228 3381 1428 3428 terram
1459 3373 1685 3428 omnino
1715 3378 1801 3428 est
1841 3373 1968 3430 ido-

360 3477 526 3517 neum
557 3460 777 3527 animal,
810 3469 1085 3516 rectorem
1119 3462 1175 3515 in
1203 3461 1455 3516 Ecclesia
1483 3461 1727 3532 designat
1756 3460 1968 3517 discre-

357 3557 495 3617 tum,
530 3549 584 3604 in
617 3550 700 3605 his
730 3566 853 3621 qua;
883 3550 997 3621 agit
1024 3566 1245 3604 sensum
1276 3549 1590 3616 habentem,
1637 3549 1728 3621 qui
1758 3557 1966 3604 rectum

352 3638 612 3694 discernit
640 3654 671 3693 a
698 3654 895 3708 pravo,
920 3646 972 3693 et
1002 3638 1094 3709 qui
1125 3638 1385 3692 mandata
1414 3638 1536 3704 Dei,
1568 3653 1689 3708 quas
1732 3637 1887 3692 audit
1913 3646 1966 3692 et

353 3743 473 3798 quae
504 3726 661 3798 legit,
696 3726 1012 3792 meditatur,
1044 3733 1097 3780 et
1122 3725 1441 3780 meditando
1471 3725 1707 3780 ruminat
1736 3725 1882 3796 apud
1905 3741 1967 3781 se

354 3816 446 3869 die
477 3831 541 3870 ac
569 3819 749 3881 nocte,
781 3829 883 3869 nec
911 3813 1087 3868 solum
1116 3813 1221 3867 sibi
1253 3812 1402 3867 utilis
1431 3814 1631 3881 existit,
1686 3813 1786 3868 sed
1827 3813 1967 3869 alios

348 3902 605 3971 aediﬁcat,
638 3910 690 3957 et
717 3903 967 3958 docendo
997 3902 1237 3956 instruit.
1274 3902 1413 3957 Hinc
1443 3908 1553 3954 tam
1584 3900 1781 3957 idoneo
1810 3917 1960 3971 prae-

353 3990 589 4045 dicatori
620 4006 726 4045 non
756 3998 838 4044 est
864 3988 1219 4045 associandus
1250 3988 1319 4044 ad
1366 3989 1774 4059 praedicandum
1830 4006 1958 4045 ver-

356 4078 485 4131 bum
518 4077 617 4132 Dei
644 4078 782 4132 alter
838 4077 1084 4132 moribus
1139 4076 1491 4145 indiscretus,
1552 4093 1650 4132 seu
1702 4077 1871 4132 idiota
1909 4085 1962 4133 et

349 4166 541 4221 litteris
572 4166 881 4236 imperitus,
915 4166 1041 4235 quia
1072 4179 1182 4220 non
1211 4164 1385 4219 solum
1412 4165 1515 4219 sibi
1553 4164 1697 4219 male
1724 4164 1958 4221 vivendo

341 4263 423 4310 est
439 4254 664 4323 inutilis,
687 4253 786 4309 sed
808 4253 952 4308 malo
973 4269 1069 4309 suo
1083 4253 1330 4323 exemplo
1354 4260 1404 4307 et
1424 4253 1700 4307 immunde
1721 4253 1957 4308 vivendo

344 4343 468 4397 aliis
498 4342 695 4398 noxius
723 4341 936 4396 existit.
978 4341 1143 4396 Porro
1173 4343 1293 4395 haec
1320 4340 1448 4397 vitia
1475 4356 1575 4410 per
1597 4340 1807 4395 asinum
1851 4341 1954 4397 de-

2078 3201 2199 3255 haec
2229 3199 2421 3255 domus
2456 3198 2797 3269 potissimum
2853 3196 3158 3268 appellatur
3202 3219 3223 3244 ι
3260 3198 3455 3253 domus
3476 3199 3579 3254 Dei
3598 3201 3686 3255 Ja-

2077 3287 2202 3355 cob,
2239 3307 2261 3336 ι
2296 3300 2363 3341 ac
2390 3285 2699 3355 specialiter
2725 3284 3033 3339 nominatur
3066 3306 3088 3331 α
3119 3284 3309 3352 Jacob,
3353 3307 3375 3333 υ
3411 3286 3538 3356 quia
3565 3287 3684 3358 pri-

2076 3390 2199 3428 mus
2256 3373 2500 3429 omnium
2568 3371 2764 3444 legitur
2823 3371 2996 3428 Jacob
3043 3372 3161 3427 Deo
3198 3371 3490 3427 instituisse
3538 3375 3683 3430 hanc

2076 3462 2318 3516 domum.
2357 3483 2379 3509 «ι
2412 3459 2617 3526 Erexit,
2641 3458 2834 3531 inquit,
2864 3459 3035 3515 Jacob
3083 3458 3323 3529 lapidem
3378 3460 3440 3514 in
3467 3460 3680 3517 titulum

2074 3549 2306 3604 fundens
2345 3549 2521 3603 oleum
2570 3547 2824 3618 desuper,
2870 3555 2921 3602 et
2967 3546 3130 3616 dixit,
3188 3563 3319 3604 vero
3367 3547 3522 3604 locus
3574 3551 3678 3607 iste

2073 3644 2300 3693 sanctus
2329 3644 2410 3691 est
2431 3635 2604 3705 (Gen.
2634 3650 2827 3700 xxviii,
2860 3638 2972 3706 t8),
3012 3658 3033 3684 «
3069 3643 3123 3691 et
3172 3636 3496 3691 enumeratis
3552 3654 3674 3709 quae

2073 3726 2301 3793 viderat,
2333 3723 2640 3781 coelestibus
2668 3723 2937 3795 mysteriis
2967 3724 3378 3795 obstupefactus
3411 3726 3623 3782 addidit
3653 3744 3667 3782 :

2072 3835 2105 3865 α
2134 3813 2308 3884 Quam
2338 3813 2590 3868 terribilis
2618 3817 2701 3868 est
2732 3811 2894 3868 locus
2924 3812 3048 3881 iste,
3099 3828 3209 3869 non
3256 3821 3339 3869 est
3382 3814 3471 3871 hic
3519 3814 3672 3871 aliud

2068 3902 2171 3958 nisi
2192 3902 2386 3958 domus
2403 3901 2502 3957 Dei
2535 3909 2589 3957 et
2614 3907 2772 3971 porta
2791 3900 2913 3956 caeli
2935 3901 3116 3969 (Ibid.,
3139 3900 3281 3972 17).»
3304 3902 3509 3958 Domus
3533 3919 3667 3977 ergo

2066 3992 2167 4046 Dei
2188 3990 2356 4046 nostri
2385 3998 2464 4044 est
2492 3990 2694 4043 domus
2726 3988 2825 4043 Dei
2848 3988 3039 4057 Iacob,
3071 3988 3199 4058 quia
3250 3990 3446 4057 Deum,
3504 4008 3666 4061 quem

2068 4078 2319 4145 colimus,
2338 4075 2815 4141 coluitAbraham,
2846 4076 2998 4130 Isaac
3026 4090 3241 4146 quoque
3288 4084 3343 4130 et
3368 4077 3566 4133 Jacob.
3601 4080 3663 4133 In

2066 4166 2167 4219 hac
2212 4165 2377 4220 domo
2428 4163 2526 4217 Dei
2602 4161 2840 4233 quotidie
2893 4161 3105 4218 divinus
3158 4177 3336 4217 sermo
3382 4163 3658 4232 recitatur,

2063 4252 2297 4324 populus
2315 4250 2507 4318 ﬁdelis,
2528 4267 2647 4321 qua:
2666 4250 2810 4305 bona
2833 4256 3073 4320 appetat,
3089 4256 3137 4305 et
3156 4266 3277 4319 quae
3298 4250 3445 4307 mala
3464 4251 3653 4323 fugiat,

2063 4342 2336 4409 edocetur,
2369 4356 2433 4396 ac
2462 4339 2623 4395 simul
2653 4354 2773 4411 quae
2803 4337 3239 4409 appetendarum
3274 4339 3379 4394 sint
3406 4340 3651 4410 praemia,

337 4433 641 4502 signantur,
674 4430 765 4501 qui
798 4446 974 4499 neque
1013 4428 1274 4500 ungulam
1319 4428 1492 4497 ﬁndit,
1543 4445 1716 4499 neque
1774 4429 1944 4484 rumi-
1974 4420 2027 4480 D
2058 4435 2111 4483 et
2146 4441 2270 4497 quae
2308 4423 2453 4479 mala
2492 4439 2612 4495 quae
2650 4429 2823 4495 agunt
2859 4436 3027 4493 parua
3062 4422 3366 4477 comitetur.
3428 4423 3560 4477 Inde
3598 4432 3653 4478 et

337 4528 451 4588 nat,
484 4529 537 4574 et
562 4518 785 4574 omnino
814 4526 894 4573 est
925 4518 1315 4573 inertissimum
1365 4517 1585 4572 animal.
1633 4516 1766 4585 Quae
1815 4534 1942 4573 vero

338 4607 482 4663 dicta
511 4615 637 4662 sunt
697 4608 766 4662 de
840 4606 1093 4662 faciendo
1142 4605 1319 4674 altari,
1381 4613 1434 4660 et
1467 4621 1636 4676 quare
1675 4606 1940 4660 Dominus

337 4696 613 4767 prohibuit
641 4711 708 4751 ne
738 4696 904 4751 homo
934 4694 1245 4751 comederet
1273 4693 1341 4749 de
1369 4693 1520 4765 ligno
1548 4692 1787 4749 scientiae
1810 4694 1938 4749 boni

336 4791 391 4838 et
422 4783 573 4852 mali,
601 4782 939 4854 profundum
970 4783 1026 4837 in
1056 4800 1112 4837 se
1160 4783 1399 4838 continet
1453 4782 1786 4852 mysterium,
1840 4781 1938 4836 sed

336 4872 472 4927 alias
500 4879 553 4927 et
580 4873 651 4927 ad
681 4873 821 4927 alios
851 4874 974 4928 haec
1017 4870 1361 4927 discutienda
1405 4869 1695 4940 pertinent.
1755 4892 1776 4917 α
1812 4869 1940 4924 Haec
2044 4868 2181 4923 sicut
2209 4865 2448 4921 Christus
2501 4864 2617 4934 ipse
2671 4862 2889 4933 adjecit,
2940 4884 2962 4909 α

2044 4971 2165 5024 suo,
2202 4970 2329 5011 reus
2358 4952 2459 5011 erit
2480 4951 2687 5025 judicio
2716 4951 2940 5023 (Matth.
2979 4967 3033 5017 v,
3065 4947 3250 5021 22).'»
3286 4949 3385 5008 Cui
3433 4965 3565 5024 ergo
3593 4952 3638 4983 "

336 4960 561 5032 quidem
582 4960 639 5016 in
669 4960 844 5034 ﬁgura
855 4959 1258 5032 contingebant,
1286 4982 1308 5009 ο
1330 4957 1714 5031 θιξάίοθδδιιιυν
1742 4955 1934 5023 vobis;

2051 4517 2297 4571 forenses
2350 4528 2529 4568 causae
2580 4526 2614 4566 a
2669 4509 2986 4565 Christianis
3025 4516 3278 4581 aguntur,
3314 4526 3347 4563 a
3384 4509 3647 4579 proximis

2046 4603 2421 4676 proximorum
2449 4599 2732 4656 calumniae
2763 4597 3071 4665 audiuntur,
3121 4613 3184 4651 ac
3229 4596 3410 4652 debita
3446 4598 3645 4670 cuique

2048 4691 2218 4749 reatui
2256 4705 2416 4762 poma
2453 4688 2700 4744 infertur.
2739 4709 2761 4736 «ι
2811 4687 2935 4742 Non
2986 4685 3221 4753 occides,
3259 4707 3280 4733 ι
3330 4684 3503 4756 inquit
3547 4686 3643 4742 lex

2051 4777 2489 4846 (Exod.xx,13)
2529 4790 2543 4831 :
2587 4798 2608 4824 α
2652 4773 2744 4846 qui
2798 4781 2978 4830 autem
3013 4773 3054 4801 “
3115 4771 3399 4843 occiderit,
3437 4795 3459 4822 η
3525 4773 3640 4830 imo

3024 4860 3118 4933 qui
3172 4860 3421 4917 irascitur
3475 4860 3635 4918 fratri

1630 5134 1853 5190 VARUE
1900 5129 2295 5188 LECTIONES
2308 5169 2322 5184 .

406 5258 562 5315 "Ms.
588 5261 657 5314 S.
693 5260 851 5323 Gen,
874 5259 1229 5315 enumeravit.
1262 5259 1305 5288 "
1328 5259 1493 5315 ηαδ.
1518 5261 1717 5316 Genet
1740 5258 1790 5312 V.
1822 5257 1981 5313 omit.
2016 5254 2179 5325 uncis
2214 5253 2516 5325 inclusa.”
2543 5250 2637 5306 Ms.
2677 5251 2854 5325 Rem,
2878 5250 2972 5325 sic
3002 5263 3158 5321 ergo.
3207 5249 3263 5325 _“‘
3298 5248 3394 5304 Ms.
3462 5247 3614 5325 Vict.

337 5330 502 5386 omit.
536 5347 681 5400 quae.
720 5331 760 5362 ⁸⁸
806 5318 897 5386 Ms.
945 5333 1011 5386 Β.
1084 5334 1141 5386 et
1208 5330 1274 5384 S.
1329 5330 1478 5395 Gen,
1523 5337 1575 5383 et
1632 5326 2002 5400 immunditia.
2050 5323 2098 5400 ’ξ
2139 5323 2349 5400 Yulg.:
2412 5322 2585 5400 Omne
2614 5320 2768 5400 quod
2800 5318 3319 5400 yphis_ap'gonititr
3360 5318 3623 5400 rixandu-

332 5403 489 5475 cata,
516 5388 667 5475 nihil
688 5404 1105 5475 interrogantes
1124 5388 1905 5475 propter_con_r_ciontiam.__"
1937 5397 2030 5452 Ms.
2137 5388 2292 5475 ςῖθνς,
2326 5388 2702 5475 ριόῃξὶῃηιιὶιο,ἱ
2727 5390 2769 5418 ⁸⁸
2799 5391 2891 5447 κδ.
3036 5388 3051 5392 ”
3071 5388 3200 5475 δεῖ.
3221 5388 3422 5475 "amis:
3482 5388 3620 5475 gni-

338 5456 512 5525 versi.
542 5469 709 5543 "Is.
738 5456 1289 5543 Vict.,Christum.'“
1331 5470 1429 5528 Ma.
1486 5469 1635 5529 Vict.
1707 5470 1879 5526 omit.
1933 5468 2098 5527 uncis
2134 5456 2384 5523 incluta.
2441 5459 2484 5491 “
2514 5462 2610 5519 Ms.
2659 5462 2841 5530 Rem,
2892 5468 3075 5521 etiam.
3120 5458 3164 5488 ⁴²
3212 5459 3307 5515 Hs.
3367 5456 3431 5512 S.
3486 5456 3611 5514 Ger.

338 5543 500 5605 omit.
530 5541 617 5600 cui
643 5557 797 5619 ergo.
