4030 6084
289 264 425 321 1017

1242 262 1660 320 DISPUTATIO
1722 261 1938 319 JUDEI
2000 261 2140 321 CUM
2194 261 2640 318 CHRISTIANO.

3457 252 3594 311 1018

289 388 425 443 ratio
462 387 790 458 perduxerit.
820 388 906 444 Ad
937 388 1211 443 Christum
1240 388 1548 457 redeamus,
1607 386 1661 439 in
1718 400 1879 454 quem
1908 386 1961 447 A
1991 395 2151 455 atque
2176 395 2458 456 utrumque
2486 386 2753 456 populum
2782 385 2837 439 in
2866 398 2927 438 se
2962 396 3126 437 unum
3185 379 3409 445 faciens,
3456 376 3596 447 lapis

290 475 406 529 dixi
438 483 492 530 et
519 474 645 532 dico
676 477 803 548 quia
827 481 1040 547 oportet
1068 485 1121 531 te
1158 476 1400 532 credere.

359 563 626 631 Quamvis
659 564 797 619 enim
832 580 966 635 pace
996 580 1117 620 mea
1145 563 1385 619 concedo
1415 578 1534 618 esse
1563 561 1784 627 dictum,
1836 569 1891 616 et

286 650 438 705 salva
467 649 591 706 ﬁdei
622 651 918 707 assertione
947 660 1217 708 contestor
1236 667 1353 707 esse
1388 649 1799 721 approbandum
1832 647 1893 714 ⁸ο,

300 738 426 806 quia
455 754 565 794 non
586 739 849 794 debemus
877 740 1095 795 credere
1125 740 1224 794 nisi
1249 739 1303 793 in
1324 740 1498 795 Deum
1529 746 1582 793 et
1605 737 1661 791 in
1703 748 1893 797 unum,

286 833 472 881 tamen
502 827 617 880 dixi
659 836 712 882 et
769 827 891 883 dico
947 829 1077 899 quia
1130 828 1186 882 in
1235 827 1506 882 Christum
1565 833 1618 881 te
1672 827 1895 894 oportet

295 914 537 969 credere.

357 1002 571 1057 Nomen
602 1002 700 1058 Dei
731 1002 787 1057 in
815 1018 1016 1058 vanum
1036 1019 1377 1074 nequaquam
1390 1002 1741 1072 assumimus,
1767 1003 1894 1072 quia

288 1090 422 1144 nulli
452 1099 710 1146 creatura:
738 1107 940 1147 nomen
969 1092 1284 1165 cultumque
1312 1091 1605 1147 divinitatis
1635 1090 1891 1146 attribui-

292 1192 447 1239 mus;
481 1179 596 1232 etsi
630 1179 752 1250 quis
806 1179 1211 1235 attribuendam
1270 1179 1405 1235 dicit
1462 1195 1605 1243 esse,
1672 1178 1893 1233 omnino

291 1265 702 1337 redarguimus.
741 1267 809 1322 Et
838 1276 1019 1322 tamen
1052 1268 1165 1322 dixi
1188 1275 1241 1323 et
1296 1269 1419 1323 dico
1465 1267 1589 1337 quia
1640 1267 1694 1321 in
1737 1266 1894 1321 Chri-

292 1360 436 1408 stum
493 1358 710 1423 oportet
766 1362 816 1410 te
866 1356 1108 1423 credere,
1162 1356 1286 1426 quia
1347 1355 1619 1410 Christum
1682 1361 1897 1409 constat

289 1440 463 1494 Deum
494 1449 546 1496 et
575 1442 851 1496 hominem
874 1458 1016 1497 esse.
1048 1444 1200 1499 Licet
1229 1443 1369 1498 enim
1403 1443 1690 1497 credamus
1720 1443 1895 1496 Deum

302 1529 660 1599 assumpsisse
691 1531 966 1586 hominem
997 1532 1049 1585 in
1078 1532 1332 1586 unitatem
1354 1546 1624 1601 personae,
1657 1539 1710 1585 et
1738 1528 1898 1585 Chri-

293 1623 439 1670 stum
469 1617 759 1672 credamus
790 1619 963 1673 Deum
986 1627 1038 1674 et
1075 1619 1354 1673 hominem
1384 1635 1523 1686 esse,
1559 1628 1736 1673 tamen
1756 1618 1894 1672 duas

2003 475 2289 545 pretiosus,
2323 476 2450 545 quia
2481 491 2624 530 mors
2645 474 2761 543 ejus
2790 471 2936 542 opud
2966 472 3139 525 Deum
3188 466 3320 522 tanti
3372 466 3594 531 exstitit,

2004 571 2060 619 ut
2090 572 2311 634 peccata
2331 563 2489 620 totius
2522 563 2732 618 tolleret
2764 559 2975 615 mundi.
3008 557 3140 621 Sed,
3162 554 3413 626 quamvis
3457 551 3597 621 lapis

2004 653 2281 721 probatus,
2312 651 2607 722 angularis,
2640 648 2914 719 pretiosus
2963 645 3143 709 fuerit,
3204 659 3310 698 non
3360 640 3414 694 in
3454 655 3597 707 eum,

2003 742 2103 796 sed
2128 741 2175 796 ei
2205 741 2395 796 debita
2418 737 2800 795 observatione
2830 734 3119 790 credimus.
3164 730 3302 799 Quia
3349 737 3402 783 et
3456 729 3601 782 Deus

1998 836 2083 882 est
2110 830 2275 899 (unde
2305 836 2358 883 et
2384 827 2734 897 consequitur
2771 840 2784 879 :
2818 845 2839 872 «
2884 821 2979 894 qui
3028 819 3316 875 crediderit
3365 817 3420 870 in
3476 830 3600 871 eum

1998 931 2106 970 non
2126 915 2485 970 confundetur
2511 915 2562 985 υ)
2593 922 2644 968 et
2664 913 2711 967 ei
2728 916 2782 967 et
2810 911 2865 965 in
2905 926 3028 965 eum
3067 908 3252 963 debito
3302 902 3601 961 divinitatis

1998 1004 2144 1061 cultu
2174 1004 2466 1058 credimus.
2500 1001 2657 1069 Quod
2688 1007 2867 1055 autem
2896 1000 2935 1030 “
2957 996 3092 1052 dicis
3120 1003 3173 1050 et
3203 1009 3301 1049 nos
3348 989 3599 1063 negando

1998 1093 2196 1160 dicere,
2216 1090 2512 1147 etdicendo
2541 1104 2741 1160 negare
2778 1102 2941 1140 unum
2978 1093 3031 1139 et
3074 1082 3340 1152 triplicem
3400 1080 3598 1144 Deum,

1998 1180 2175 1236 modis
2203 1179 2453 1234 omnibus
2501 1191 2767 1248 negamus
2823 1188 2987 1227 unum
3044 1178 3095 1226 et
3151 1168 3416 1240 triplicem
3472 1165 3599 1233 dici,

2000 1270 2124 1340 quia
2179 1275 2236 1322 tn
2290 1269 2404 1321 Deo
2460 1265 2663 1319 nullam
2735 1262 2967 1317 dicimus
3033 1257 3422 1328 triplicitatem,
3504 1253 3601 1307 sed

1994 1373 2159 1412 unum
2193 1355 2398 1411 trinum
2427 1353 2675 1418 dicimus,
2708 1349 2835 1419 quia
2864 1348 2920 1401 in
2953 1346 3170 1401 deitatis
3202 1343 3407 1398 unitate
3464 1356 3597 1419 per-1

1998 1459 2261 1499 sonarum
2315 1441 2585 1496 credimus
2633 1438 2950 1492 trinitatem.
3010 1434 3186 1502 Quare
3245 1439 3424 1485 autem
3492 1413 3599 1482 diei

1998 1549 2108 1588 non
2138 1531 2299 1586 debet
2315 1528 2625 1600 triplicitas,
2659 1534 2712 1581 et
2741 1539 2908 1595 quare
2966 1522 3073 1576 dici
3132 1526 3313 1591 potest
3364 1516 3597 1583 trinitas,

1998 1637 2096 1676 suo
2126 1622 2245 1675 loco
2269 1618 2528 1684 dicemus,
2562 1623 2613 1669 et
2642 1613 2789 1684 quod
2835 1611 3099 1676 dicemus,
3155 1607 3363 1661 ratione
3406 1612 3457 1658 et
3505 1618 3598 1656 au-

289 1710 510 1758 naturas
547 1704 602 1758 in
634 1721 697 1760 eo
728 1707 1025 1771 credimus,
1054 1713 1107 1760 et
1131 1706 1352 1761 omnino
1384 1706 1651 1761 discretas
1689 1705 1889 1760 utrius-
1917 1733 1970 1793 B
2003 1708 2249 1764 ctoritate
2279 1713 2600 1761 astruemus.

290 1806 397 1883 que
424 1797 632 1846 naturae
664 1794 1021 1866 proprietates
1050 1794 1367 1850 asserimus.
1400 1794 1626 1848 Manens
1686 1792 1890 1864 quippe

288 1880 804 1937 incommutabiliter
885 1882 1030 1936 Deus
1084 1881 1139 1935 id
1206 1883 1356 1952 quod
1412 1888 1548 1951 erat,
1602 1880 1894 1951 assumpsit

292 1967 437 2036 quod
468 1983 574 2021 non
605 1977 743 2023 erat.
783 1969 1024 2024 Verbum
1056 1969 1199 2039 quod
1221 1977 1338 2024 erat
1365 1969 1419 2023 in
1446 1968 1712 2039 principio
1745 1968 1891 2038 apud

290 2053 486 2123 Deum,
508 2056 767 2126 perquod
797 2057 980 2112 omnia
1011 2057 1151 2112 facta
1175 2065 1313 2122 sunt,
1361 2066 1416 2112 et
1472 2056 1589 2111 sine
1646 2072 1754 2127 quo
1802 2056 1894 2109 fa-

289 2148 436 2197 ctum
464 2152 544 2197 est
573 2144 725 2212 nihil,
757 2160 882 2199 caro
909 2144 1112 2200 factum
1143 2154 1243 2214 est,
1277 2150 1329 2200 et
1348 2144 1619 2199 habitavit
1678 2145 1734 2197 in
1787 2160 1893 2198 no-

288 2229 375 2284 bis
402 2231 585 2301 (Joan.
618 2250 657 2296 ι,
691 2236 779 2300 11,
815 2235 893 2303 4).
921 2234 1064 2300 Quia
1092 2249 1223 2306 ergo
1274 2232 1515 2287 Christus
1570 2233 1715 2286 Deus
1786 2238 1889 2296 est,

294 2319 462 2373 Filius
493 2319 591 2374 Dei
630 2328 713 2375 est
742 2320 961 2387 virtute,
992 2337 1100 2376 non
1157 2320 1353 2392 gratia,
1418 2319 1560 2374 Patri
1620 2318 1892 2374 consubs-

290 2406 549 2473 tantialis,
582 2424 680 2477 par
707 2416 760 2463 et
788 2416 1107 2475 coaeternus,
1140 2416 1264 2462 ante
1292 2407 1470 2462 omnia
1500 2407 1730 2462 existens
1752 2414 1891 2461 tem-

291 2510 451 2564 pora,
490 2502 544 2550 et
571 2495 626 2549 in
647 2512 771 2551 eum
801 2496 1095 2552 credimus.
1128 2495 1144 2566 Ι
1171 2493 1208 2524 ⁵³
1239 2495 1377 2564 Quia
1404 2494 1575 2566 vero]
1612 2496 1784 2549 tactus
1838 2494 1894 2547 in

292 2590 557 2652 tempore,
591 2583 756 2639 homo
786 2594 888 2651 est,
922 2585 1089 2639 Filius
1115 2583 1216 2639 Dei
1246 2592 1351 2651 est,
1383 2599 1493 2638 non
1521 2583 1736 2649 virtute,
1796 2581 1894 2637 sed

288 2670 486 2738 gratia,
505 2671 619 2725 Deo
642 2671 888 2739 inferior,
921 2672 1220 2727 minoratus
1271 2672 1435 2726 etiam
1486 2670 1647 2741 paulo
1707 2674 1887 2723 minus

288 2757 359 2811 ab
388 2759 619 2829 angelis,
653 2759 755 2813 sub
788 2768 1033 2830 tempore
1055 2760 1254 2827 factus,
1285 2768 1441 2815 natus
1469 2775 1534 2815 ex
1566 2758 1793 2813 muliere
1826 2756 1889 2824 δ’,

291 2851 344 2899 et
369 2844 424 2899 in
453 2860 574 2901 eum
604 2847 811 2903 scilicet
827 2849 1097 2904 hominem
1117 2856 1446 2918 assumptum
1478 2863 1582 2903 non
1597 2847 1887 2902 credimus.

292 2933 472 2986 Item:
524 2935 649 3003 quia
698 2934 840 2990 Deus
899 2945 996 3002 est,
1057 2952 1163 2991 nec
1218 2937 1375 3001 mon’,
1435 2952 1539 2991 nec
1604 2935 1732 3007 pati,
1792 2949 1892 2989 nec

292 3019 442 3075 nasci
472 3022 680 3090 potuit;
715 3024 842 3092 quia
867 3023 1032 3079 homo
1063 3031 1163 3092 est,
1196 3030 1251 3078 et
1271 3024 1406 3079 mori
1437 3032 1488 3078 et
1506 3024 1635 3095 pati,
1659 3032 1711 3078 et
1741 3022 1891 3078 nasci

293 3108 491 3177 potuit,
519 3117 572 3164 et
600 3110 769 3165 voluit
802 3130 815 3175 ;
849 3118 905 3165 et
932 3128 1032 3181 per
1049 3112 1320 3182 passionis
1342 3128 1453 3167 suae
1496 3112 1803 3182 mysterium
1862 3125 1897 3165 a

299 3203 475 3251 morte
502 3213 602 3252 nos
630 3199 876 3253 redemit.
908 3200 1178 3269 Propheta
1207 3201 1323 3271 ipse
1373 3200 1540 3254 Isaias
1596 3201 1770 3254 Deum
1843 3207 1897 3253 et

309 3283 586 3339 hominem
617 3286 854 3341 futurum
884 3303 999 3342 esse
1030 3288 1294 3342 Christum
1325 3287 1714 3357 praenuntians,
1763 3285 1836 3339 ait
1878 3302 1889 3338 :

309 3392 331 3419 α
378 3373 542 3441 Ecce,
600 3373 775 3443 inquit
830 3375 1116 3441 Dominus,
1165 3390 1364 3446 ponam
1418 3374 1472 3428 in
1529 3372 1897 3427 fundamentis

300 3460 431 3514 Sion
492 3461 726 3531 lapidem
785 3463 1090 3533 probatum,
1150 3463 1485 3535 angularem,
1537 3462 1829 3531 pretiosum
1879 3478 1892 3523 ;

302 3549 392 3619 qui
451 3550 739 3605 crediderit
786 3551 839 3605 in
887 3567 1031 3618 eum,
1092 3566 1202 3605 non
1269 3550 1665 3605 confundentur
1727 3549 1885 3620 (Isai.

302 3650 460 3705 xvm,
495 3640 609 3707 16).
644 3639 945 3708 »Ιιειρίάοω
977 3640 1124 3709 dicit,
1185 3649 1239 3694 et
1294 3643 1479 3709 aperte
1530 3636 1895 3705 subsequitur,

309 3745 331 3772 κ
368 3724 459 3794 qui
485 3726 772 3781 crediderit
816 3727 871 3781 in
920 3742 1061 3795 eum,
1103 3742 1208 3782 non
1257 3725 1633 3782 confundetur.
1671 3747 1691 3773 ››
1727 3723 1765 3752 ⁸³
1800 3726 1899 3778 Per

306 3812 542 3880 lapidem
574 3814 752 3885 itaque
783 3815 863 3869 sic
880 3815 1190 3884 probatum,
1222 3814 1894 3886 angularem,pretiosum,

303 3915 575 3954 summum
606 3901 861 3972 aliquem,
921 3903 1200 3958 Christum
1258 3904 1437 3974 utique
1494 3902 1741 3973 designat
1790 3901 1893 3955 ho-

300 3987 525 4041 minem.
556 3989 682 4057 Sed,
716 3991 761 4044 si
791 3991 954 4046 homo
975 3998 1176 4045 tantum
1214 4000 1376 4056 esset,
1413 3990 1666 4060 profecto
1711 3989 1894 4043 idolo-

301 4074 511 4130 latriam
543 4085 596 4132 et
624 4077 895 4146 profanari
926 4080 1191 4149 propheta
1221 4078 1490 4143 suaderet,
1532 4078 1622 4149 qui
1679 4076 1735 4131 in
1789 4078 1894 4131 ho-

302 4164 505 4217 minem
537 4165 682 4219 credi
717 4174 971 4234 oportere
1002 4182 1099 4221 nos
1128 4167 1403 4221 admonet.
1437 4165 1574 4234 Quia
1605 4180 1734 4220 vero
1785 4180 1895 4219 non

301 4255 384 4304 est
412 4252 576 4306 homo
600 4257 829 4320 tantum,
872 4269 1060 4307 verum
1117 4263 1167 4308 et
1218 4255 1383 4322 Deus,
1443 4254 1527 4308 cai
1573 4253 1625 4307 in
1684 4251 1893 4323 psalmo

301 4337 535 4394 dicitur:
576 4360 597 4390 α
643 4341 734 4409 qui
768 4341 1030 4395 sustinent
1060 4349 1129 4408 te,
1163 4358 1271 4396 non
1303 4341 1889 4409 confundentur(Psal.

2691 1804 2933 1844 JUDEUS.

2060 1880 2206 1952 Quae
2234 1898 2323 1937 me
2353 1882 2489 1937 ratio
2539 1880 2598 1948 ⁵⁵,
2632 1894 2757 1950 quae
2781 1893 2871 1931 me
2911 1874 3316 1943 Scripturarum
3340 1866 3488 1939 cogit
3508 1880 3600 1920 au-

2004 1950 2223 2027 ctoritas
2250 1979 2308 2025 ut
2328 1969 2545 2025 credam
2576 1966 2719 2036 quod
2748 1966 2891 2019 Deus
2917 1965 3079 2016 homo
3110 1958 3227 2013 ﬁeri
3274 1961 3455 2025 queat,
3514 1950 3603 2007 vel

2001 2060 2167 2115 homo
2198 2059 2373 2112 factus
2400 2058 2516 2127 jam
2548 2056 2739 2110 existat
2766 2055 2793 2106 ‘2
2822 2052 2879 2106 Si
2908 2049 3055 2104 nulla
3094 2047 3239 2117 apud
3297 2045 3471 2097 Deum
3524 2046 3606 2093 est

2006 2146 2406 2213 transmutatio,
2466 2159 2569 2198 nec
2610 2143 2721 2197 ulla
2795 2135 3184 2195 vicissitudinis
3258 2127 3605 2187 obumbratio

2009 2238 2201 2305 (Jac.1,
2236 2234 2345 2305 17),
2377 2231 2649 2303 quomodo
2670 2245 2840 2301 penes
2864 2243 2987 2283 eum
3032 2232 3177 2305 tanta
3241 2234 3424 2275 rerum
3484 2214 3605 2270 ﬁeri

2001 2299 2453 2393 potest'alte'ratio
2492 2318 2532 2347 ⁸⁸
2557 2361 2571 2387 ,
2604 2299 2829 2373 utDeus
2849 2318 3011 2370 homo
3034 2299 3142 2379 fiat,
3178 2310 3399 2365 Creator
3438 2320 3600 2361 crea-

2001 2417 2146 2479 tura,
2175 2419 2227 2465 et
2284 2405 2713 2476 incorruptibilis
2761 2404 3012 2459 credatur
3067 2399 3240 2455 factus
3296 2412 3415 2451 esse
3465 2408 3598 2449 cor-

2004 2498 2259 2569 ruptela?
2287 2495 2597 2564 Quomodo,
2622 2507 2822 2564 quaeso,
2847 2489 3109 2559 accipitur
3142 2504 3153 2540 :
3184 2508 3204 2533 α
3232 2484 3293 2538 In
3307 2481 3594 2554 principio,

2001 2586 2253 2651 Domine,
2285 2592 2483 2639 terram
2514 2580 2774 2646 fundasti,
2808 2588 2863 2634 et
2890 2592 3060 2648 Opera
3105 2589 3325 2629 manum
3382 2578 3597 2625 tuarum

2001 2682 2124 2729 sunt
2153 2673 2300 2728 coeti.
2336 2673 2443 2742 Ipsi
2476 2671 2726 2742 peribunt
2754 2684 2768 2736 ;
2803 2676 2861 2722 tu
2887 2674 3064 2721 autem
3093 2659 3454 2734 permanebis.
3486 2657 3599 2710 Mu-

2000 2763 2148 2817 tahis
2178 2777 2293 2828 eos,
2325 2768 2377 2815 et
2404 2759 2757 2814 mutabuntur
2786 2774 2799 2817 ;
2835 2764 2891 2809 tu
2941 2760 3115 2807 autem
3184 2762 3398 2818 semper
3451 2744 3599 2799 idem

1999 2852 2119 2921 ipse
2150 2851 2246 2905 es?
2280 2872 2301 2898 u
2326 2848 2501 2920 (Psal.
2526 2863 2598 2915 cr,
2632 2849 2719 2911 26,
2751 2845 2865 2912 27.)
2890 2838 3178 2904 Quomodo
3208 2838 3356 2891 Deus
3378 2856 3398 2879 «ι
3449 2847 3599 2921 εθηιῖ

2000 2919 2097 3010 per
2124 2938 2271 2993 idem
2299 2937 2415 3007 ipse
2441 2940 2541 2999 est,
2576 2958 2598 2981 υ
2634 2933 2679 2987 si
2710 2932 2965 2986 alteratus
2987 2929 3149 2982 homo
3180 2923 3296 2980 ﬁeri
3328 2927 3506 2993 potest
3560 2919 3588 2970 ‘1

2001 3027 2044 3081 si
2075 3028 2221 3082 Deus
2250 3033 2329 3080 est
2353 3025 2663 3089 immensus,
2697 3017 2972 3090 quomodo
2990 3014 3081 3069 vili
3099 3022 3150 3068 et
3180 3026 3349 3082 parva
3398 3010 3597 3062 huma-

2002 3130 2200 3170 norum
2232 3110 2572 3167 dimensione
2602 3108 2967 3163 membrorum
2996 3101 3169 3172 potuit
3199 3094 3599 3153 dimensuscir-

2004 3200 2340 3261 Cumscribi‘?
2368 3200 2415 3251 si
2446 3199 2593 3252 Deus
2649 3204 2728 3249 est
2776 3188 3302 3258 incircumscriptus,
3352 3198 3459 3252 quo
3504 3197 3596 3235 ar-

2002 3286 2430 3360 gumentationis
2457 3298 2658 3355 genere
2687 3280 2899 3335 dicetur
2927 3276 3074 3347 quod
3103 3273 3442 3329 dimensione
3469 3284 3596 3323 cor-

2002 3358 2171 3446 porea
2190 3371 2634 3440 circumscriptus
2661 3375 2800 3422 totus
2816 3366 2916 3421 sub
2947 3370 3184 3435 angusto
3218 3358 3397 3413 matris
3443 3362 3598 3410 utero

2002 3462 2179 3534 potuit
2206 3461 2630 3529 comprehensus
2656 3454 2823 3510 teneri
2853 3455 2881 3505 ἢ
2914 3452 2997 3506 Ad
3036 3453 3172 3515 haec,
3216 3447 3262 3502 si
3316 3447 3461 3501 Deus
3516 3448 3599 3497 est

2005 3565 2112 3621 quo
2142 3548 2274 3603 nihil
2294 3547 2474 3616 majus
2529 3544 2642 3599 sive
2697 3540 3056 3597 sufficientius
3101 3535 3343 3607 cogitare
3399 3538 3595 3602 potest,

2003 3619 2110 3710 qua
2134 3636 2461 3692 necessitate
2490 3641 2710 3689 coactus
2766 3631 3016 3684 humanae.
3073 3622 3394 3681 calamitatis
3432 3619 3596 3692 parti-

2003 3742 2152 3797 ceps,
2186 3733 2240 3780 et
2269 3732 2534 3779 tantorum
2565 3722 2739 3776 factus
2768 3727 2858 3774 est
2886 3731 3113 3774 consors
3133 3722 3186 3769 et
3214 3711 3423 3783 patiens
3471 3722 3594 3762 ma-

2003 3795 2178 3870 lorum
2208 3814 2237 3867 ?
2264 3814 2510 3883 Denique
2536 3811 2581 3865 si
2599 3811 2748 3865 Deus
2776 3808 2941 3864 homo
2972 3807 3143 3861 factus
3175 3810 3274 3867 est,
3326 3795 3599 3871 quomodo

2000 3903 2162 3957 stabit
2188 3902 2335 3972 quod
2364 3902 2481 3970 ipse
2509 3900 2716 3955 locutus
2743 3898 2814 3952 ad
2843 3898 3075 3965 Moysen
3130 3891 3268 3947 dixit
3322 3907 3333 3942 :
3399 3910 3422 3934 κ
3478 3887 3600 3940 Non

2003 3989 2147 4045 enim
2166 3988 2369 4044 videbit
2389 4004 2479 4041 me
2510 3989 2692 4053 homo,
2726 3993 2779 4039 et
2807 3981 2995 4037 vivet?
3056 4004 3077 4027 »ι
3144 3977 3341 4046 (Exod.
3395 3987 3596 4037 XXXIII,

2001 4078 2128 4143 20.)
2160 4075 2388 4130 Multum
2414 4089 2714 4144 repugnare
2742 4071 2952 4125 videtur
2980 4076 3036 4122 ut
3066 4068 3208 4121 Deus
3235 4065 3406 4117 homo
3425 4060 3601 4114 factus

2000 4166 2069 4220 sit
2096 4161 2137 4193 "’
2157 4173 2209 4219 et
2239 4164 2306 4218 ab
2335 4162 2553 4218 homine
2580 4161 2667 4216 vel
2696 4160 2764 4214 ab
2794 4158 2914 4229 ipsa
2944 4163 3113 4209 matre
3133 4169 3229 4207 sua
3260 4148 3433 4207 videri
3489 4161 3600 4200 non

1999 4252 2248 4324 potuerit.
2272 4251 2426 4305 Absit
2455 4249 2593 4305 enim
2627 4256 2685 4303 ut
2738 4246 2887 4303 circa
2940 4246 3119 4299 Deum
3166 4238 3370 4310 aliquid
3424 4238 3595 4308 phan-

2002 4322 2251 4396 tasticum
2280 4338 2445 4394 fuisse
2464 4337 2701 4391 dixeris!
2762 4334 2919 4390 Unde
2969 4332 3207 4387 fatemur
3273 4325 3401 4397 quia
3451 4322 3601 4379 nullo

301 4442 455 4489 κων,
486 4428 564 4497 3),
602 4449 623 4475 ››
651 4428 774 4483 ideo
805 4430 1031 4495 addidit,
1078 4452 1100 4477 ι
1164 4430 1251 4499 qui
1301 4429 1592 4484 crediderit
1655 4429 1710 4481 in
1750 4444 1890 4492 eum,
1924 4420 1981 4481 D
2011 4428 2174 4484 modo
2196 4427 2277 4482 fas
2306 4436 2388 4482 est
2416 4425 2485 4480 de
2515 4426 2628 4480 Deo
2659 4422 2788 4478 talia
2816 4420 3151 4492 excogitare,
3174 4415 3377 4471 nedum
3423 4411 3605 4466 dicere

305 4530 413 4568 non
443 4516 818 4570 confundetur.
853 4539 874 4565 η
908 4517 1082 4589 Igitur
1112 4517 1371 4584 Christus,
1405 4517 1527 4586 quia
1583 4517 1745 4571 homo
1801 4523 1898 4584 est,

303 4604 513 4671 positus
541 4608 624 4659 est
652 4605 707 4658 in
738 4606 870 4660 Sion
901 4605 1039 4675 lapis
1067 4606 1348 4675 probatus,
1407 4605 1705 4677 angularia,
1764 4619 1895 4674 pre-

304 4690 490 4757 tiosus,
548 4692 689 4762 lapis
723 4694 1019 4764 probatus;
1066 4694 1193 4765 quia
1245 4700 1527 4765 peccatum
1583 4709 1690 4748 non
1743 4692 1889 4759 fecit,

308 4794 413 4835 nec
442 4781 689 4835 inventus
709 4790 791 4837 est
814 4781 971 4837 dolus
1000 4784 1058 4836 in
1088 4798 1180 4837 ore
1210 4782 1346 4851 ejus,
1398 4782 1539 4850 lapis
1592 4781 1891 4852 angularis,

308 4867 436 4937 quia
463 4868 934 4925 circumcisionem
978 4869 1237 4939 justiﬁcat
1274 4887 1342 4924 ex
1397 4868 1523 4935 ﬁde,
1576 4877 1631 4924 et
1683 4885 1897 4940 praepu-

306 4955 439 5011 tium
477 4973 575 5028 per
601 4956 785 5023 ﬁdem,
809 4966 1095 5030 utrumque
1120 4957 1387 5029 parietem
1426 4957 1480 5011 in
1510 4973 1569 5013 se
1616 4956 1895 5029 colligens,

2012 4525 2104 4573 aut
2134 4515 2451 4587 praedicare,
2485 4512 2741 4583 quoniam
2769 4526 2872 4566 nec
2893 4509 3032 4563 ratia
3062 4506 3114 4561 id
3133 4520 3293 4577 posse
3359 4500 3473 4556 ﬁeri
3521 4498 3598 4552 si-

2011 4605 2107 4673 nit,
2140 4620 2240 4659 nec
2293 4603 2404 4657 ulla
2461 4600 2757 4670 Scriptura“:
2816 4596 3110 4653 auctoritas
3174 4589 3428 4657 occurrit,
3478 4602 3599 4658 quae

2000 4693 2125 4747 huic
2154 4691 2323 4747 errori
2353 4699 2538 4745 vestro
2568 4694 2886 4743 assentanea
2915 4700 3011 4739 seu
3063 4681 3242 4738 vicina
3297 4677 3385 4732 sit.
3458 4676 3599 4730 Nam

2002 4780 2134 4834 illud
2169 4778 2321 4833 Isaia:
2352 4776 2682 4842 vaticinium,
2716 4773 2860 4844 quod
2889 4773 2959 4827 ad
2990 4778 3226 4827 vestrum
3283 4762 3598 4835 accipiendo

2004 4883 2219 4924 sensum
2249 4864 2396 4921 male
2427 4864 2647 4920 omnino
2676 4861 2987 4933 depravatis
3021 4876 3033 4912 :
3072 4883 3094 4907 α
3130 4858 3274 4913 Ecce
3294 4853 3447 4925 virgo
3477 4867 3599 4908 con-

2006 4955 2171 5026 cipiet
2192 4962 2243 5009 et
2272 4953 2445 5024 pariet
2464 4951 2653 5007 fillium
2675 4969 2687 5013 ;
2722 4958 2775 5005 et
2802 4949 3083 5005 vocabitur
3099 4959 3305 5003 nomen
3324 4942 3443 5013 ejus
3460 4943 3595 4998 Em-

1652 5080 1881 5135 VARUE
1931 5077 2322 5134 LECTIONES
2334 5114 2351 5134 .

408 5201 576 5258 “Mss.
643 5203 786 5261 Vict.
818 5207 874 5259 et
899 5202 964 5257 S.
1009 5202 1142 5259 Ger.
1174 5202 1551 5273 approbatum.

307 5273 466 5340 Ger.,
501 5273 728 5328 femina.
827 5273 961 5329 "Ms.
988 5274 1157 5328 Rem.
1196 5276 1362 5329 omit.
1392 5289 1517 5343 par.

1631 5201 1800 5259 "Mss.
1838 5206 1986 5260 Rem.
2021 5206 2079 5258 et
2101 5202 2156 5257 S.
2195 5200 2327 5256 Ger.
2362 5201 2526 5257 omit.
2561 5199 2729 5256 uncis
2750 5199 3000 5256 inclusa.

1618 5257 1785 5330 “Mss.
1821 5257 1973 5331 Rem.
2008 5278 2063 5328 et
2095 5274 2149 5329 S.
2181 5272 2330 5338 Gen,
2358 5271 2605 5341 quamvis
2633 5270 2814 5340 itaque
2845 5270 3037 5339 (enim)
3067 5269 3230 5323 homo
3253 5264 3416 5320 fuerit
3462 5257 3601 5341 lapis

3102 5194 3274 5253 "Mss.
3318 5193 3388 5248 V.
3427 5193 3484 5245 et
3538 5188 3596 5243 S.

287 5344 585 5425 probatus,
614 5344 909 5425 anguklaris,
934 5346 1219 5425 pretiosus,
1252 5353 1304 5399 et
1333 5326 1540 5425 in‘eum
1570 5326 2068 5425 credimusVéiquia,
2192 5326 2329 5408 dixi,
2362 5326 2633 5397 Christum
2666 5326 2927 5395 Deum\et
2961 5326 3237 5393 hominem
3269 5351 3385 5391 esse
3427 5326 3600 5383 credi-

306 5430 451 5468 mus.
485 5414 624 5482 Quia
654 5405 719 5468 εἴ
736 5416 879 5469 Deus
901 5405 984 5468 est
1015 5415 1179 5481 (unde
1205 5405 1551 5483 consequitur
1584 5432 1596 5466 :
1631 5417 1728 5483 qui
1754 5405 2066 5471 crediderit
2098 5412 2157 5467 id
2173 5405 2323 5483 eum,
2357 5429 2473 5468 non
2530 5412 2955 5483 confundetur),
3000 5410 3285 5483 credentes
3342 5405 3406 5483 in_
3443 5413 3592 5477 eum.

308 5484 494 5555 debito
524 5485 827 5540 divinitatis
856 5485 1002 5540 cultu
1032 5501 1138 5555 non
1169 5485 1586 5541 eonfundentur.
1609 5485 1767 5555 Quod
1796 5494 2001 5541 autem.

334 5553 471 5611 "Ms.
499 5557 554 5613 S.
593 5557 800 5625 Germ,
833 5556 995 5611 homo
1014 5554 1101 5625 sit,
1130 5563 1232 5612 etc.

2103 5467 2248 5543 "Mi.
2290 5467 2477 5556 Rm,
2510 5467 2797 5541 alteratio.
2885 5467 3024 5537 “Ms.
3065 5480 3199 5536 Vict.
3223 5467 3590 5531 obumbratio.
