3972 6072
480 273 610 327 1019

1349 259 1762 335 GISLEBERTI
1806 282 2104 339 causam
2154 286 2303 340 ABB.
2363 281 2877 337 WESTMONAST.

3658 284 3819 336 1020

470 397 704 465 manuel,
733 398 837 455 hoc
874 409 969 468 est,
1002 403 1282 459 nobiscum
1317 406 1456 458 Deus
1492 407 1503 457 l
1538 428 1559 452 ››
1598 406 1756 463 (Isai.
1792 422 1891 474 vn,
1934 407 2056 475 Η.)
2087 408 2143 467 Α
2175 409 2350 462 minus
2371 409 2513 462 Deus
2542 408 2703 462 Israel
2731 407 3021 478 ingressus
3043 416 3122 462 est
3152 423 3252 477 per
3285 421 3432 472 eam,
3494 415 3546 462 et
3610 407 3820 463 clausa

476 482 617 551 Quid
647 487 716 540 ad
746 504 859 543 rem
885 490 1026 545 unde
1055 493 1267 562 agimus
1288 495 1315 545 ‘2
1334 492 1580 561 nunquid
1597 496 1665 547 ab
1697 493 1913 548 homine
1942 511 2073 549 nun-

475 587 636 642 quam
666 585 938 645 corrupta,
970 580 1065 632 sed
1096 580 1212 634 viro
1243 588 1427 650 nupta,
1451 579 1610 651 virgo
1629 581 1807 638 adhuc
1828 584 2073 637 existens

477 660 740 730 concipiet
760 671 810 717 et
841 665 1012 735 pariet
1041 664 1211 720 ﬁlium
1240 670 1268 721 εἴ
1290 668 1486 722 Animo
1538 668 1723 723 libenti
1771 671 2073 741 accipimus

477 753 531 801 te
561 747 772 803 Christo
801 751 1023 820 dictum,
1063 776 1083 801 «
1111 763 1163 808 et
1196 758 1479 812 vocabitur
1505 773 1703 811 nomen
1732 758 2075 827 ejus,nobis-

478 850 599 888 cum
617 836 778 904 Deus,
817 841 958 896 nhoc
979 849 1076 909 est,
1112 850 1270 898 tanta:
1300 844 1582 914 dignitatis
1626 853 1679 900 et
1725 846 1921 915 gratiae
1977 847 2076 900 erit

475 922 618 992 apud
635 923 713 978 De
734 941 846 989 um,
861 936 917 981 ut
939 929 990 982 in
1008 945 1074 985 eo
1097 938 1148 985 et
1164 947 1262 1001 per
1278 948 1399 986 eum
1431 932 1711 999 Dominus,
1744 934 1799 986 id
1820 941 1918 1001 est,
1951 932 2073 988 Do-

472 1013 603 1066 mini
620 1015 786 1070 virtus
801 1017 866 1071 sit
896 1019 1199 1086 nobiscum,
1230 1021 1490 1092 Nunquid
1518 1022 1730 1092 quoties
1760 1023 1828 1075 ad
1860 1030 2072 1077 vestra-

471 1116 593 1155 rum
622 1103 885 1159 solemnia
914 1107 1197 1161 missarum
1237 1108 1417 1163 dicitis
1450 1126 1461 1164 :
1494 1131 1523 1158 ιι
1574 1110 1835 1164 Dominus
1882 1111 2073 1165 vobis-

475 1205 617 1259 cum,
656 1213 677 1238 »
713 1201 905 1247 statem
927 1196 1504 1267 consequiturutDeus
1520 1197 1684 1253 homo
1706 1197 1816 1265 ﬁat,
1875 1199 1961 1253 vel
2018 1199 2074 1253 in

479 1279 642 1333 turba
671 1280 834 1336 homo
864 1281 1030 1337 factus
1072 1284 1330 1339 consistat
1372 1283 1410 1313 ⁵⁸
1438 1287 1465 1338 ‘?
1498 1287 1761 1355 PrOpheta
1776 1286 1941 1357 igitur
1956 1303 2071 1341 rem

475 1381 689 1422 sacram
715 1367 753 1396 δ’
800 1386 1252 1442 commemorans,
1289 1382 1339 1428 et
1386 1375 1646 1429 nascituri
1677 1376 1874 1429 Christi
1930 1376 2071 1430 emi-

484 1455 723 1509 nentiam
743 1459 1130 1528 prtenuntians,
1164 1462 1296 1515 nihil
1328 1463 1394 1516 de
1416 1478 1482 1518 eo
1513 1463 1827 1531 absurdum,
1852 1463 1985 1517 nihil
2007 1465 2074 1518 de

477 1557 541 1595 eo
572 1552 759 1598 contra
786 1553 1032 1600 naturam
1062 1548 1335 1603 dixitesse
1382 1550 1640 1618 futurum,
1704 1551 1836 1604 nihil
1886 1568 2072 1621 pravae

478 1630 851 1699 suspicationis
872 1634 1182 1705 relinquens
1215 1653 1226 1691 :
1267 1659 1287 1684 α
1325 1637 1487 1704 Ecce,
1525 1638 1716 1707 inquit,
1749 1640 1903 1709 virgo
1946 1655 2071 1694 con-

2180 497 2300 551 erit.
2330 520 2351 543 »
2386 497 2507 565 Ipse
2537 496 2799 551 Dominus
2820 498 2967 550 Deus
3026 495 3187 549 Israel
3236 494 3516 566 ingressus
3567 505 3658 549 est
3693 512 3813 565 per

2182 599 2328 649 eam,
2362 584 2532 637 factus
2560 584 2723 639 homo
2762 585 2900 638 sicut
2923 584 3163 653 psalmus
3190 583 3324 637 dicit
3357 600 3369 635 :
3430 606 3452 631 ιι
3500 585 3815 654 Tanquam

2182 687 2413 741 sponsus
2443 672 2742 740 procedens
2762 672 2829 725 de
2857 672 3096 725 thalamo
3114 686 3215 726 suo
3249 672 3422 739 (Psal.
3446 687 3617 737 xvm,
3655 676 3742 731 6}.
3785 692 3807 720 ι

2183 758 2253 812 Ει
2284 761 2528 829 quamvis
2557 761 2739 825 homo,
2760 768 2946 813 tamen
2994 760 3261 829 princeps.
3321 759 3391 813 Et
3447 760 3587 813 sicut
3645 759 3811 812 alius

2181 848 2424 917 psalmus
2454 847 2585 902 dicit
2616 865 2627 899 :
2658 869 2678 896 α
2710 848 2850 902 Inter
2880 856 3119 902 mortuos
3150 847 3289 901 liber
3322 849 3478 917 (Psal
3515 862 3803 913 ωηεν-ιι,

2181 935 2235 1003 6)
2290 936 2521 1001 sedebit,
2580 943 2636 989 ut
2691 936 2941 989 comedat
2990 951 3189 1005 panem
3259 950 3449 990 coram
3535 934 3803 989 Domino

2182 1024 2408 1093 (Ex-ach.
2460 1039 2604 1090 XLVI,
2639 1024 2711 1093 3).
2746 1047 2768 1071 η
2804 1023 2975 1092 Quem
3007 1039 3199 1093 panem
3229 1025 3258 1076 ‘2
3291 1042 3313 1073 ι
3348 1039 3519 1091 meus,
3584 1023 3803 1093 inquit,

2180 1113 2331 1167 cibus
2359 1120 2456 1180 est,
2489 1120 2546 1166 ut
2576 1111 2772 1166 faciam
2804 1111 3135 1166 voluntatem
3157 1111 3329 1165 Patris
3384 1111 3513 1177 mei,
3575 1111 3673 1180 qui
3742 1110 3799 1163 in

2181 1202 2336 1257 cmlis
2362 1208 2444 1255 est
2474 1202 2652 1270 (Joan.
2684 1216 2759 1268 iv,
2785 1201 2895 1266 34).
2932 1222 2952 1248 ››
2989 1199 3286 1254 Nobiscum
3307 1199 3472 1263 Deus,
3496 1198 3803 1253 nontsicut

2181 1290 2248 1344 ad
2270 1291 2557 1343 missarum
2589 1288 2877 1353 solemnia,
2912 1287 3167 1352 dicimus,
3205 1309 3226 1334 α
3263 1286 3526 1342 Dominus
3584 1286 3797 1339 vobis-

2181 1392 2322 1445 cum,
2351 1399 2371 1425 »
2400 1377 2518 1444 sed,
2545 1375 2938 1446 sicutapertius
2951 1374 3077 1430 alibi
3097 1375 3272 1430 Isaias
3287 1374 3414 1429 dicit
3439 1393 3450 1427 :
3471 1374 3491 1446 [
3510 1396 3535 1423 (ι
3575 1371 3620 1402 ⁷³
3644 1375 3800 1427 Puer

2181 1473 2336 1520 natus
2363 1474 2440 1520 est
2470 1465 2627 1520 nobis
2644 1474 2699 1519 et
2730 1463 2872 1519 ﬁlius
2894 1463 3048 1518 datus
3078 1471 3162 1518 est
3190 1463 3369 1531 nobis,
3400 1460 3495 1535 et]
3553 1462 3796 1517 vocabi-

2181 1561 2265 1608 tur
2306 1569 2502 1608 nomen
2558 1554 2673 1623 ejus
2722 1552 3103 1618 Admirabilis,
3152 1550 3526 1618 Consiliarius,
3606 1551 3789 1616 Deus,

2181 1642 2356 1709 fortis,
2392 1643 2547 1696 Pater
2577 1640 2737 1695 futuri
2770 1640 2974 1707 saeculi,
3009 1640 3278 1708 Princeps
3306 1638 3454 1709 pacis
3486 1639 3646 1693 (Isai.
3709 1654 3791 1707 Ix,

478 1716 661 1786 cipiet.
690 1742 710 1766 η
748 1719 865 1787 Qua
895 1737 1026 1794 ergo
1067 1725 1378 1778 temeritatis
1428 1727 1852 1795 praesumptione
1910 1727 2067 1798 quis-
2099 1745 2152 1805 Β
2184 1731 2259 1798 6),
2291 1754 2312 1778 η
2348 1729 2487 1798 Quia
2517 1737 2811 1798 conceptus
2855 1729 2948 1782 ille
3005 1743 3183 1783 novus
3239 1743 3343 1782 nec
3399 1727 3652 1791 usitatus,
3724 1735 3780 1780 et

478 1820 648 1877 quam
690 1808 965 1862 hominum
1010 1811 1174 1865 audet
1230 1812 1463 1867 scribere
1520 1815 1664 1882 quod
1721 1815 1871 1869 nullo
1907 1816 2075 1871 modo

480 1893 578 1947 fuit
608 1898 871 1965 propheta
902 1913 1061 1952 ausus
1092 1899 1291 1968 dicere,
1331 1902 1480 1970 quod
1521 1903 1588 1957 de
1639 1903 1752 1957 Deo
1780 1902 1822 1931 ⁶⁰
1873 1904 2075 1959 femina

480 1982 813 2051 conciperet,
852 1993 905 2038 et
948 1994 1268 2057 conceptum
1312 1989 1380 2043 de
1430 2005 1495 2044 eo
1522 1988 1564 2018 ⁸¹
1617 1989 1784 2044 ﬁlium
1839 1999 2072 2062 pareret.

481 2069 751 2138 Propheta
780 2071 934 2139 dixit,
972 2096 992 2121 «
1041 2076 1290 2146 concepit
1339 2084 1392 2131 et
1447 2077 1653 2147 peperit
1696 2077 1870 2132 ﬁlium
1921 2081 2072 2137 (Ιεαὶ.

482 2173 579 2222 vn,
614 2158 722 2227 14),
762 2177 784 2209 ν
811 2176 908 2215 vos
939 2176 1004 2215 ex
1027 2171 1210 2217 vestro
1260 2180 1423 2219 sensu
1480 2166 1765 2235 conjicitis,
1824 2174 1876 2221 et
1933 2183 2080 2222 com-

481 2254 775 2301 mentatum
806 2265 1196 2321 usquequaque
1225 2252 1521 2325 divulgatis
1547 2269 1598 2307 τα
1627 2256 1837 2324 Etpost
1866 2262 2077 2325 partum

482 2332 635 2402 virgo
666 2338 982 2405 permansit,
1022 2362 1043 2386 ι»
1078 2340 1227 2407 quod
1259 2357 1573 2411 nusquama
1594 2344 1859 2412 prOpheta
1876 2343 2078 2398 dictum

483 2422 732 2491 accipitis
759 2423 820 2478 ".
853 2425 1188 2495 Injuriosum
1222 2429 1392 2497 igitur
1422 2438 1501 2483 cst
1549 2432 1693 2499 quod
1733 2431 1909 2485 fronte
1969 2438 2076 2484 tam

484 2507 786 2579 impudenti
816 2529 977 2569 uacra
1006 2517 1432 2585 phrophetarum
1462 2518 1675 2587 eloquia
1700 2519 1769 2571 ad
1800 2520 2075 2574 hominum

487 2596 816 2655 voluntatem
833 2605 1272 2671 commentando,
1306 2604 1755 2675 interpretamini.

1115 2707 1505 2749 CIIRISTIANUS.

557 2773 776 2830 Nullam
805 2776 861 2831 in
895 2779 999 2833 hoc
1036 2789 1375 2836 sacramento
1429 2783 1842 2852 repugnantiam
1900 2797 2075 2837 rerum

488 2861 793 2931 metuimus,
826 2864 1032 2920 nullam
1064 2867 1457 2937 Scripturarum
1481 2869 1869 2924 dissonantiam
1914 2886 2075 2924 vere-

488 2963 637 3002 mur.
677 2950 783 3005 Sed
812 2951 1222 3023 Scripturarum
1276 2955 1489 3010 interim
1519 2954 1562 2983 ”
1617 2956 1932 3010 omittamus
1989 2972 2078 3011 au-

485 3037 781 3109 ctoritates,
840 3041 1056 3112 quibus,
1124 3043 1237 3098 Deo
1304 3043 1681 3113 adjuvante“,
1751 3044 2082 3099 omnimodis

487 3133 789 3182 astruemus
820 3130 946 3199 quia
976 3132 1119 3185 Deus
1147 3132 1311 3187 homo
1342 3132 1523 3186 factus
1552 3141 1649 3197 est,
1672 3139 1722 3187 et
1785 3133 1853 3186 ab
1900 3133 2082 3188 homi-

487 3213 657 3268 nibus
688 3216 839 3271 visus
872 3225 967 3272 est.
1000 3219 1141 3274 Nam
1163 3228 1351 3291 aperte
1382 3221 1599 3275 exclusa
1640 3220 1788 3276 omni
1842 3221 2089 3291 aaquivo-

485 3301 712 3358 cationis
749 3306 1130 3378 ambiguitate,
1189 3310 1265 3363 ita
1294 3307 1334 3335 ⁶⁸
1373 3308 1637 3363 Jeremias
1689 3310 1954 3380 propheta
1994 3309 2087 3363 de-

489 3392 697 3447 nuntiat
732 3411 743 3446 :
782 3417 803 3442 α
840 3395 938 3449 Hic
966 3400 1049 3450 est
1078 3397 1225 3451 Deus
1257 3405 1459 3463 noster,
1491 3405 1544 3451 et
1572 3413 1676 3451 non
1735 3397 2090 3451 mstimabitur

486 3481 626 3535 alius
657 3482 724 3536 ad
752 3481 793 3509 “
821 3500 964 3539 eum.
998 3486 1097 3539 Hic
1125 3485 1403 3542 adinvenit
1457 3500 1672 3540 omnem
1718 3485 1859 3540 viam
1917 3485 2085 3539 disci-

484 3568 668 3639 plinae,
701 3574 757 3624 et
786 3571 938 3626 dedit
965 3570 1008 3600 ⁸⁷
1029 3588 1146 3627 eam
1204 3574 1379 3629 Jacob
1432 3589 1601 3644 puero
1645 3590 1764 3642 suo,
1822 3582 1873 3628 et
1919 3574 2086 3627 Israel

486 3657 663 3712 electo
692 3657 733 3686 “
758 3675 873 3727 suo,
894 3660 955 3731 ["
989 3683 1010 3706 α
1049 3662 1172 3715 Post
1196 3662 1313 3716 haec
1338 3662 1390 3716 in
1425 3663 1582 3716 terris
1612 3662 1757 3717 visus
1775 3670 1875 3723 est,
1896 3670 2084 3716 etcum

487 3745 792 3799 honunibus
823 3757 1174 3803 conversatus
1230 3758 1311 3803 est
1353 3751 1617 3818 (Baruch.
1665 3766 1748 3817 III,
1798 3753 2017 3817 36-38).
2057 3773 2078 3797 π

486 3831 614 3885 Post
650 3832 786 3901 haec,
834 3841 959 3902 post
998 3835 1196 3907 legem,
1245 3837 1437 3908 inquit,
1500 3837 1705 3901 datam,
1767 3841 1891 3908 post
1935 3837 2081 3890 viam

488 3917 788 3989 disciplinae
817 3920 998 3977 datam
1027 3924 1198 3979 Jacob
1226 3941 1399 3994 puero
1420 3940 1539 3991 suo,
1591 3933 1643 3980 et
1690 3925 1855 3979 Israel
1911 3926 2083 3980 electo

484 4007 625 4075 suo.|
682 4009 828 4063 Deus
885 4012 1047 4066 homo
1089 4011 1265 4068 factus
1302 4022 1403 4083 est,
1466 4017 1518 4067 et
1574 4030 1695 4068 cum
1771 4013 2081 4067 hominibus

484 4105 839 4152 conversatus
893 4108 993 4166 est,
1049 4108 1207 4155 natus
1259 4118 1325 4156 ex
1377 4102 1615 4173 virgine,
1674 4103 1854 4156 clauso
1897 4102 2084 4156 matris

484 4191 657 4253 utero,
717 4187 871 4241 salva
913 4190 1059 4242 omni
1121 4189 1404 4261 dignitatis
1433 4188 1473 4219 ⁷⁰
1526 4191 1851 4263 integritate.
1928 4192 2082 4247 Unde

483 4275 746 4344 propheta
777 4276 1024 4331 Ezechiel
1055 4277 1183 4331 dicit
1216 4295 1228 4329 :
1267 4302 1287 4325 ιι
1316 4278 1527 4332 Είάἰλίῐ
1555 4279 1819 4333 Domibus
1851 4279 1919 4332 ad
1953 4295 2039 4333 me
2065 4298 2077 4342 ;

478 4369 636 4429 porta
666 4362 781 4418 haec
800 4363 983 4418 clausa
1013 4365 1127 4432 erit,
1159 4374 1211 4419 et
1239 4381 1347 4420 non
1379 4366 1649 4435 aperietur
1678 4383 1690 4428 ;
1742 4374 1796 4421 et
1838 4366 1921 4420 vir
1975 4382 2082 4421 non

2111 3090 2161 3152 C

2182 1835 2397 1890 magna}
2424 1818 2499 1872 rei
2530 1817 2844 1888 mysterium
2876 1824 3024 1877 erat;
3060 1815 3283 1869 idcirco~
3308 1816 3584 1885 propheta
3639 1830 3792 1884 prm-

2183 1906 2370 1960 misit:
2409 1929 2430 1952 u
2494 1907 2716 1975 Propter
2770 1904 2876 1960 hoc
2933 1904 3083 1957 dabit
3136 1903 3401 1958 Dominus
3457 1903 3581 1972 ipse
3630 1903 3795 1957 vobis

2183 1996 2401 2065 signum
2434 2012 2446 2047 :
2481 1994 2620 2047 Ecce
2640 1993 2800 2063 virgo
2830 1991 3205 2061 concipiet,'et
3235 1991 3408 2060 pariet
3435 1990 3609 2044 ﬁlium
3633 1991 3794 2059 (Isai,

2185 2098 2281 2149 vit,
2314 2083 2428 2149 lt).
2471 2104 2492 2130 υ
2528 2082 2686 2135 Illam
2713 2081 2856 2135 enim
2911 2079 3322 2134 absurditatem
3390 2094 3548 2132 sensu
3610 2086 3799 2132 vestro

2185 2180 2512 2240 conceptam
2542 2177 2593 2224 et
2622 2169 2990 2234 adinventam,
3025 2168 3173 2238 quod
3202 2168 3272 2221 de
3301 2166 3424 2221 'Dei
3486 2166 3802 2220 substantia

2187 2258 2510 2327 conceperit,
2532 2256 2665 2311 nulli
2698 2255 2939 2311 ﬁdelium
2972 2255 3055 2309 fas
3104 2264 3191 2309 est
3247 2254 3433 2309 dicere
3486 2254 3573 2309 vel
3633 2254 3801 2325 cogi—

2190 2355 2298 2401 tare
2321 2344 2393 2418 [⁷⁸
2416 2346 2544 2416 quia
2574 2346 2639 2399 de
2670 2346 2804 2407 Deo,
2840 2344 2945 2399 hoc
2976 2352 3055 2398 est
3084 2343 3326 2413 potentia
3354 2340 3395 2370 "‘
3427 2383 3440 2408 ,
3494 2351 3548 2397 et
3599 2342 3801 2398 virtute

2188 2435 2284 2489 Dei
2318 2433 2583 2502 concepit,
2617 2433 2877 2504 quoniam
2901 2447 3009 2485 non
3029 2434 3263 2485 humano
3308 2448 3407 2484 usu
3430 2427 3495 2497 ",
3540 2446 3649 2485 nec
3687 2430 3799 2483 ullo

2189 2522 2287 2577 viri
2311 2522 2516 2575 semine
2533 2519 2947 2593 concepit].Qui
2972 2519 3116 2573 enim
3156 2519 3272 2573 sine
3304 2519 3408 2575 viri
3462 2519 3673 2573 semine
3731 2534 3797 2571 ex

2187 2609 2608 2679 nihiloprimum
2650 2608 2853 2663 creavit
2895 2607 3197 2675 hominem,
3240 2607 3355 2661 sine
3399 2607 3503 2659 viri
3566 2605 3799 2673 semine,

2189 2714 2258 2753 ex
2286 2698 2486 2768 aliquo,
2506 2696 2561 2751 id
2582 2704 2683 2764 est,
2703 2712 2769 2751 ex
2784 2696 2971 2750 matris
2996 2711 3157 2750 carne
3194 2694 3475 2749 hominem
3518 2694 3801 2748 Christum

2189 2800 2377 2842 creare
2398 2785 2667 2855 potuit.Et
2690 2782 2945 2854 quoniam
2981 2785 3217 2837 humano
3260 2798 3360 2835 usu
3404 2790 3731 2851 conceptus,
3765 2796 3795 2833 a

2189 2881 2412 2942 peccato
2460 2871 2707 2943 originali
2767 2871 3022 2925 immunis
3071 2886 3178 2925 non
3224 2870 3429 2937 fuisset,
3488 2885 3591 2924 nec
3663 2870 3799 2923 inter

2190 2970 2433 3015 mortuos
2454 2960 2609 3025 liber,
2644 2969 2700 3014 ut
2725 2959 2867 3015 inter
2890 2963 3133 3013 mortuos
3152 2958 3457 3013 solusliber
3504 2958 3596 3024 sit,
3658 2958 3794 3011 sicut

2190 3049 2478 3103 Psalmista
2517 3048 2663 3116 dicit,
2715 3056 2766 3102 et
2819 3064 2850 3102 a
2893 3055 3116 3117 peccato
3160 3045 3440 3112 immunis,
3489 3044 3620 3100 ideo
3673 3060 3792 3099 eum

2196 3139 2340 3191 nasci
2363 3137 2478 3191 sine
2500 3144 2738 3207 peccato,
2774 3137 2875 3190 hoc
2893 3138 2973 3189 est
3004 3134 3126 3188 sine
3154 3134 3264 3188 viri
3300 3133 3443 3187 coitu
3480 3149 3545 3187 ex
3584 3133 3795 3204 virgine

2195 3226 2453 3295 Oportuit.
2487 3226 2555 3281 Ut
2601 3240 2732 3295 ergo
2782 3224 2899 3279 hrec
2952 3223 3073 3277 sine
3113 3220 3431 3291 praeiudicio
3474 3221 3626 3276 dicta
3664 3221 3784 3289 sint,

2194 3314 2325 3385 quia
2360 3312 2756 3382 Scripturarum
2813 3310 3121 3365 testimonia
3148 3324 3247 3363 suo
3331 3308 3451 3364 loco
3513 3324 3789 3363 servamus

2194 3400 2463 3471 ponenda,
2484 3400 2772 3454 necessitas
2788 3414 3002 3470 quoque
3032 3412 3251 3452 summa
3280 3397 3486 3451 etratio
3522 3411 3794 3467 exposce-

2193 3489 2286 3543 bat
2329 3498 2386 3542 ut
2425 3490 2568 3543 Deus
2618 3491 2782 3543 homo
2831 3486 3003 3552 tieret,
3054 3494 3108 3541 et
3143 3502 3240 3555 per
3286 3485 3640 3540 humanitatis
3685 3501 3794 3539 suae

2196 3577 2506 3648 mysterium
2550 3576 2619 3631 ad
2664 3576 2834 3630 vitam
2882 3590 2982 3629 nos
3020 3574 3355 3628 restitueret.
3410 3574 3595 3627 Homo
3636 3572 3799 3642 igitur

2189 3666 2362 3721 factus
2383 3673 2481 3730 est,
2512 3681 2621 3719 non
2656 3664 2710 3718 id
2740 3664 2996 3718 desinens
3037 3677 3156 3716 esse.
3213 3661 3361 3731 quod
3417 3671 3552 3727 erat,
3603 3659 3699 3715 sed
3740 3660 3795 3715 id

2190 3770 2480 3809 assumens
2498 3753 2643 3822 quod
2674 3768 2779 3806 non
2804 3759 2939 3805 erat.
2982 3750 3107 3805 Non
3125 3749 3480 3805 conversione
3500 3748 3795 3803 divinitatis

2191 3838 2245 3892 in
2284 3853 2527 3901 carnem,
2570 3835 2665 3890 sed
2703 3834 3070 3905 assumptione
3104 3832 3451 3887 humanitatis
3485 3832 3540 3886 in
3600 3833 3788 3899 Deum,

2192 3926 2424 3981 dicimus
2444 3926 2615 3979 Deum
2644 3923 2915 3978 hominem
2954 3922 3175 3976 factum.
3220 3921 3282 3975 Et
3317 3920 3458 3975 sicut
3491 3921 3678 3975 anima
3700 3935 3790 3975 ra-

2190 4014 2403 4074 tionalis
2434 4022 2485 4067 et
2545 4028 2691 4077 caro,
2731 4018 2955 4082 pr0pter
2986 4010 3251 4063 unitatem
3299 4023 3575 4079 personis,
3645 4023 3781 4062 unus

2190 4110 2271 4156 est
2294 4103 2457 4157 homo
2480 4099 2554 4168 ⁷⁸,
2587 4099 2834 4171 quamvis
2896 4097 3117 4152 omnino
3162 4097 3384 4151 alterius
3438 4104 3520 4150 est
3583 4105 3783 4149 natura:

2188 4190 2369 4245 anima
2408 4197 2462 4244 et
2512 4189 2733 4244 alterius
2770 4202 2917 4252 caro,
2975 4201 3076 4241 nec
3130 4185 3308 4240 anima
3345 4184 3682 4239 convertitur
3735 4183 3789 4237 in

2186 4295 2423 4345 carnem,
2446 4279 2617 4332 seuin
2639 4276 2876 4330 animam
2916 4289 3064 4342 caro,
3102 4274 3221 4340 sed,
3264 4279 3516 4327 manente
3551 4284 3781 4342 utraque

2190 4375 2400 4433 natura,
2423 4380 2673 4437 personis
2692 4370 3045 4419 conservatur
3077 4362 3278 4416 unitas.
3326 4362 3470 4415 Deus
3509 4368 3557 4415 et
3597 4362 3781 4427 homo,

484 4450 732 4504 transibit
761 4467 859 4521 per
889 4468 1009 4506 eam
1035 4451 1109 4524 [⁸⁷ι
1129 4453 1224 4507 sed
1274 4453 1537 4507 Dominus
1594 4454 1741 4507 Deus
1779 4454 1945 4508 Israel
1985 4456 2075 4507 in-
2108 4439 2158 4498 Γ)
2191 4462 2420 4524 propter
2439 4453 2693 4507 unitatem
2718 4466 2984 4521 personae,
3015 4465 3158 4504 unus
3175 4449 3519 4504 estChristus
3554 4466 3567 4511 ;
3599 4465 3783 4520 quam-

482 4552 708 4608 gressus
740 4546 818 4593 est
846 4555 945 4608 per
974 4556 1115 4605 eam,
1147 4548 1201 4595 et
1226 4541 1412 4596 clausa
1469 4540 1574 4596 erit
1626 4541 1874 4611 principi,
1924 4541 2077 4595 Prin-

480 4641 608 4694 ceps
638 4624 752 4697 ipse
772 4627 981 4682 sedebit
1009 4628 1063 4681 in
1120 4643 1203 4696 ea,
1255 4636 1313 4682 ut
1366 4627 1615 4683 comedat
1669 4644 1869 4698 panem
1915 4645 2072 4683 suum

476 4727 661 4767 coram
682 4716 921 4770 Domino
950 4716 1187 4786 (Επειδὴ.
1226 4733 1373 4784 XLIV,
1404 4718 1479 4785 3).
1518 4737 1540 4766 ι
1569 4717 1738 4788 Virgo
1760 4716 1925 4788 igitur
1944 4733 2074 4772 con-

477 4802 644 4870 cepit,
676 4802 803 4873 quia
826 4811 983 4872 porta
1031 4805 1210 4859 clausa
1252 4804 1373 4872 erit,
1433 4812 1485 4859 et
1537 4804 1622 4858 vir
1670 4820 1778 4858 non
1826 4805 2077 4860 transibit

480 4903 577 4956 per
604 4889 764 4961 eam].
789 4891 916 4947 Post
944 4900 1155 4963 partum
1186 4891 1341 4965 virgo
1368 4893 1682 4963 permansit,
1715 4892 1842 4965 quia
1878 4915 1899 4941 α
1958 4895 2075 4949 Do-

2184 4544 2267 4597 vis
2306 4543 2449 4597 Deus
2478 4556 2578 4596 nec
2610 4541 2663 4595 in
2690 4540 2963 4595 hominem
2996 4553 3294 4593 conversus
3351 4537 3530 4605 fuerit,
3587 4552 3687 4591 nec
3728 4537 3781 4591 in

2184 4632 2358 4685 Deum
2405 4630 2569 4685 homo
2613 4647 2629 4697 ;
2665 4628 2763 4683 sed
2793 4624 3018 4681 divisa"
3074 4626 3173 4680 Dei
3210 4633 3262 4681 et
3289 4624 3526 4681 hominis
3568 4632 3777 4695 natura,

2183 4718 2418 4773 indivisa
2472 4717 2570 4773 Dei
2616 4725 2669 4771 et
2693 4716 2926 4771 hominis
2976 4730 3227 4786 persona:
3268 4711 3684 4769 conversatur”
3726 4722 3780 4769 et

2184 4808 2439 4861 adoratur
2501 4805 2698 4860 unitas.
2748 4806 2940 4876 Neque
2977 4805 3120 4859 enim
3168 4802 3348 4857 omnia
3421 4818 3544 4873 quae
3597 4801 3775 4873 aliquo

2185 4895 2349 4949 modo
2381 4894 2510 4949 ﬁunt
2531 4894 2678 4948 aliud
2707 4910 2865 4963 quam
2888 4901 3058 4956 erant,
3093 4890 3352 4946 desinunt
3380 4905 3499 4944 esse
3528 4889 3586 4944 id
3633 4890 3774 4962 quod

1789 5017 2017 5071 νΑΒιίΕ
2047 5016 2459 5073 LECTIONES.

547 5108 685 5162 "Ms.
715 5110 1120 5175 Rem.,existat.
1160 5114 1301 5168 “Ms.
1336 5112 1476 5169 Vict.
1504 5119 1559 5169 et
1580 5114 1645 5167 S.
1696 5114 1901 5179 Gcrm.,
1947 5129 2129 5168 sacre.

2215 5113 2354 5169 “Ms.
2400 5118 2535 5169 San.
2576 5111 2738 5179 Ger.,
2790 5128 2883 5166 eo.
2956 5112 3099 5168 “Ms.
3155 5109 3297 5167 Vict.
3353 5110 3515 5166 omit.
3565 5108 3758 5179 ﬁlium.

477 5179 620 5255 f’MJ.
660 5180 819 5255 Vict_._,
840 5183 1722 5255 nusquamidaprophetadtetum
1738 5178 2008 5253 accipitis.
2036 5185 2129 5239 Mc.
2170 5184 2249 5255 S.
2270 5187 2417 5246 Gen.
2484 5178 2733 5255 nunquid
2761 5182 2813 5236 id
2844 5200 2879 5255 a7
2920 5184 3345 5255 propheta,_etc.
3390 5178 3760 5255 “MsLAYic-t”

477 5247 691 5304 iterum.
763 5250 909 5307 “ills.
967 5247 1143 5315 Rem,
1209 5247 1491 5310 abnuente.
1542 5256 1707 5311 "Mss.

1784 5258 1915 5310 Vict.
1969 5259 2026 5309 et
2085 5256 2156 5306 S.
2214 5254 2369 5323 Ger.,
2433 5254 2795 5323 invocatione,
2844 5254 3088 5323 “Vulg.,

3160 5251 3438 5307 adversus.
3516 5250 3608 5306 ’Ὗ
3623 5252 3761 5319 utg.,

476 5321 720 5385 tradidit,
793 5322 1029 5392 “Vulg.,
1093 5323 1311 5378 dilecto.
1410 5326 1549 5392 νινε.
1612 5329 1762 5381 Rem.
1814 5326 1970 5383 omit.
2018 5328 2183 5380 uncis
2230 5321 2474 5381 inclusa.
2558 5324 2696 5381 “Ms.
2757 5322 2815 5379 S.
2889 5321 3108 5390 Germ”
3188 5321 3507 5377 divinitatis.
3618 5322 3757 5392 7³118.

487 5391 840 5461 tht.,omit.
886 5391 1051 5447 unci:
1091 5394 1335 5449 inclusa.
1424 5391 1561 5451 "illa.
1626 5398 1785 5461 νέοι,
1844 5397 2003 5453 omit.
2070 5395 2235 5451 uncis
2287 5397 2535 5453 inclusa.
2616 5395 2762 5449 “Ms.
2834 5395 2992 5461 Vict.,
3046 5393 3231 5461 omit.
3278 5393 3445 5447 uncis
3506 5391 3755 5446 inclusa.

471 5456 641 5534 'fllls.'
679 5465 856 5529 Rem,
902 5463 1021 5519 haec
1050 5463 1286 5533 potentia
1366 5470 1462 5520 est.
1545 5466 1684 5529 “Ms.
1732 5456 1911 5534 Rem,
1964 5480 2144 5523 sensu.
2218 5465 2356 5525 "Ms.
2405 5468 2539 5525 Vict.
2603 5466 2693 5525 hic
2758 5456 2990 5533 deﬁcitI
3029 5460 3181 5525 "Ms.
3265 5465 3444 5533 Rem,
3514 5462 3758 5519 diversa.

490 5528 633 5591 "ille.
696 5534 884 5605 Hem,
926 5528 1298 5593 conservatur.
