4030 6084
281 291 409 344 1021

1228 326 1231 331 ς
1269 291 1689 347 DlSPUTATlO
1718 252 1933 347 tendat
1963 293 2108 350 CUM
2141 293 2582 352 CHRISTIANO.

3448 300 3588 352 1022

274 434 449 487 erant.
483 434 542 486 In
572 433 935 489 accidentium
965 433 1109 489 enim
1138 433 1493 504 quorumdam
1535 432 1876 501 alteratione,
1908 418 1964 477 Α
1994 445 2202 511 umbra,
2233 452 2285 499 ει
2305 461 2571 517 nunquam
2603 446 2659 501 in
2708 446 2903 501 eodem
2956 454 3092 501 ειειυ
3140 454 3420 517 permane;
3476 449 3593 516 (job

275 527 334 574 ut
362 536 490 574 cum
519 521 685 576 homo
713 521 871 592 niger
906 521 963 575 ﬁt
992 521 1169 590 albus,
1201 538 1297 576 seu
1327 521 1482 577 albus
1498 521 1672 591 niger,
1692 538 1879 591 super-

276 609 526 663 veniente
540 608 732 677 altero,
754 609 1131 678 petitomnino
1151 610 1396 664 alterum.
1443 611 1516 662 At
1553 624 1676 663 cum
1714 611 1879 663 homo

276 695 609 763 fitarmatus,
654 697 770 751 sive
814 705 1144 764 exarmatus,
1193 698 1278 753 vel
1327 712 1395 753 ex
1431 697 1577 752 nudo
1635 697 1875 763 indutus,

275 800 376 838 seu
406 801 475 838 ex
505 784 691 839 induto
720 785 914 852 nudus,
948 785 1082 838 nihil
1114 800 1334 855 prorsus
1365 785 1419 838 in
1449 801 1508 838 se
1538 784 1618 838 sic
1672 784 1877 839 altera-

274 875 367 927 tus
396 872 562 927 homo
593 872 677 928 vel
709 872 923 943 accipit,
954 872 1039 930 vel
1055 872 1275 928 amittit.
1303 872 1549 942 Suscepit
1570 888 1707 944 ergo
1729 874 1877 927 Deus

274 960 553 1016 hominem
594 961 648 1015 in
704 960 969 1015 unitatem
1024 974 1299 1030 personae,
1348 961 1586 1031 ingenita
1636 961 1875 1017 bonitate

275 1065 400 1115 sua,
421 1064 533 1103 non
556 1056 761 1114 nostra,
787 1055 842 1103 et
869 1050 1037 1103 multa
1076 1049 1418 1115 necessitate,
1449 1064 1560 1111 non
1602 1065 1719 1118 sua,
1776 1049 1877 1105 sed

270 1141 478 1205 nostra,
512 1144 565 1191 et
593 1137 801 1191 ratione
858 1152 1083 1206 magna,
1135 1136 1344 1207 tibique
1402 1136 1775 1207 approbanda,
1832 1137 1878 1191 si

273 1224 463 1280 audita
491 1224 575 1279 vis
604 1224 691 1279 vel
722 1224 1060 1279 rationaliter
1089 1224 1394 1293 admittere,
1433 1225 1519 1279 vel
1577 1225 1874 1279 rationabi—

272 1312 398 1367 liter
417 1312 728 1367 excludere.
763 1311 1169 1381 Scripturarum
1194 1328 1327 1367 vero
1384 1312 1677 1367 auctoritas
1733 1328 1874 1367 exa-

273 1409 359 1455 cto
414 1402 454 1432 ⁷⁹
527 1416 685 1455 sensu
739 1399 1109 1470 interpretata,
1164 1401 1258 1455 sed
1311 1407 1417 1454 tam
1489 1400 1716 1455 evidens
1779 1399 1875 1455 tibi

275 1490 579 1558 apponatur
611 1487 677 1556 “,
709 1492 771 1542 ut
799 1487 876 1541 nil
904 1488 1215 1559 excogitare
1251 1504 1435 1557 queas,
1493 1487 1635 1558 quod
1690 1495 1876 1543 contra

274 1580 583 1646 apponatur
610 1575 647 1605 ⁸³
676 1616 690 1629 .
737 1575 892 1630 Nosti
935 1575 1192 1646 quoniam
1252 1575 1479 1631 Genesis
1533 1575 1877 1645 apertissime

277 1665 623 1720 commendat
651 1663 884 1734 qualiter
914 1663 1080 1719 homo
1110 1665 1319 1733 primus
1343 1663 1413 1717 sit
1441 1664 1714 1730 conditus,
1771 1680 1878 1732 qua

1987 549 2099 600 xrv,
2133 536 2183 598 1,
2213 535 2290 602 2).
2329 555 2351 581 ι)
2387 534 2519 589 Post
2546 535 2686 589 hanc
2741 535 2972 607 denique
3030 535 3464 606 qualemcunque
3501 538 3591 590 vi-

1986 627 2114 685 tam,
2139 620 2430 676 morientes
2457 638 2567 694 quo
2594 629 2722 677 tunc
2746 622 2902 676 ibant
2954 623 2983 674 ‘?
3038 623 3215 677 Nemo
3265 624 3321 676 in
3367 622 3588 689 coelum,

1984 708 2082 762 sed
2108 722 2295 762 omnes
2351 709 2405 761 in
2462 709 2731 763 infernum
2788 726 2801 771 ;
2857 716 3036 764 tamen
3096 709 3224 778 justi
3282 726 3380 779 spe
3447 710 3591 765 bona

1986 794 2130 864 quod
2159 795 2229 849 ab
2272 794 2472 850 inferis
2528 812 2627 865 per
2682 796 2951 851 Christum
3007 804 3339 864 eruerentur,
3387 804 3439 852 et
3499 814 3595 868 per

1985 892 2255 946 Christum
2287 892 2357 947 ad
2386 908 2608 962 superos
2636 893 2691 947 in
2725 894 2922 949 ccelum
2977 894 3163 949 revehi
3221 901 3585 949 mererentur.

1985 979 2121 1033 Audi
2158 981 2341 1035 Patres
2397 981 2854 1036 eminentissimos
2900 982 2955 1036 id
3013 990 3198 1052 aperta
3256 997 3390 1037 voce
3452 998 3592 1037 con-

1981 1075 2284 1122 testantes:
2323 1090 2346 1115 «
2382 1068 2746 1135 Descendam,
2827 1069 3001 1138 inquit
3046 1069 3215 1125 Jacob
3270 1069 3594 1140 patriarcha,

1982 1155 2177 1226 lugens
2205 1153 2373 1209 filium
2401 1172 2581 1210 meum
2610 1157 2666 1209 in
2697 1156 2965 1210 infernum
2990 1156 3163 1225 (Gen.
3194 1173 3404 1225 xxxvn,
3430 1160 3539 1228 35).
3567 1181 3588 1205 ιι

1983 1245 2051 1297 Et
2080 1243 2209 1297 alibi
2241 1245 2310 1297 ad
2340 1242 2481 1298 ﬁlios
2510 1260 2636 1299 suos
2672 1263 2686 1299 :
2722 1268 2744 1291 ιι
2780 1245 3068 1299 Deducetis
3091 1261 3253 1299 canos
3285 1261 3433 1300 meos
3470 1261 3595 1301 cum

1982 1330 2173 1385 dolore
2203 1331 2273 1386 ad
2302 1331 2502 1386 inferos
2533 1332 2694 1401 (Gen.
2728 1347 2855 1399 xm,
2877 1332 2992 1400 38).
3037 1354 3059 1379 η
3094 1333 3246 1387 Unde
3300 1340 3355 1388 et
3408 1333 3601 1387 beatus

1982 1418 2103 1487 Job,
2136 1418 2242 1487 cui,
2278 1420 2508 1474 Domino
2560 1424 2845 1475 attestante
2901 1419 2945 1448 “
2985 1460 2999 1487 ,
3058 1419 3143 1473 vir
3199 1435 3309 1475 non
3364 1429 3477 1475 erat
3532 1421 3588 1474 in

1985 1514 2126 1561 terra
2146 1506 2341 1561 similis
2388 1507 2505 1576 (Job
2554 1525 2596 1576 ι,
2654 1510 2707 1575 8)
2769 1525 2781 1560 :
2842 1507 3109 1573 Infernus,
3167 1506 3362 1578 inquit,
3403 1508 3595 1562 domus

1984 1610 2105 1649 mea
2135 1602 2233 1661 est,
2267 1603 2319 1649 et
2356 1594 2412 1649 in
2466 1594 2710 1650 tenebris
2764 1594 2931 1649 stravi
2983 1595 3185 1649 lectum
3241 1610 3422 1649 meum
3478 1596 3596 1664 (Job

1984 1698 2122 1749 xv",
2184 1683 2292 1751 13).
2358 1705 2378 1730 η
2415 1683 2626 1737 Tamen
2647 1683 2988 1737 liberationis
3021 1690 3389 1753 spearreptus,
3420 1682 3584 1751 paulo

276 1751 541 1823 dignitate
571 1751 655 1806 sui
683 1757 967 1820 pmstans,
1000 1754 1056 1805 et
1081 1767 1190 1822 qua
1219 1751 1516 1807 eminentia
1546 1766 1710 1821 supra
1764 1767 1877 1805 ca-

1999 1777 2110 1839 post
2140 1769 2348 1824 addidit
2381 1788 2392 1824 :
2431 1792 2451 1817 α
2484 1769 2613 1825 Scio
2655 1770 2799 1839 quod
2851 1751 3181 1840 Redemptor
3237 1751 3388 1824 meus
3438 1768 3591 1837 vivit,

278 1848 388 1895 tera
420 1848 573 1895 terra:
603 1840 895 1893 animantia
943 1847 1057 1893 erat
1111 1839 1348 1909 positus.
1411 1861 1433 1887 α
1494 1838 1878 1906 Dominamini,

276 1927 467 1996 inquit,
500 1926 740 1998 piscibus
788 1926 972 1995 maris,
1032 1934 1087 1981 et
1140 1925 1448 1981 volatilibus
1498 1926 1643 1994 coeli,
1691 1925 1882 1980 bestiis

279 2022 438 2071 terrae
467 2024 520 2070 et
548 2015 693 2070 omni
723 2015 901 2083 reptili
931 2014 1076 2084 quod
1106 2021 1355 2070 movetur
1408 2014 1466 2067 in
1524 2022 1663 2068 terra
1719 2013 1879 2083 (Gen.

278 2118 317 2169 ι,
350 2104 462 2172 28).
502 2123 524 2153 »
559 2103 714 2158 Unde
743 2102 956 2173 accepit
986 2116 1019 2156 a
1049 2103 1165 2156 Deo
1181 2101 1333 2156 vetiti
1350 2102 1667 2156 mandatum
1701 2118 1714 2155 :
1743 2125 1765 2148 ιι
1799 2103 1883 2155 Ex

287 2198 457 2265 omni,
489 2198 688 2268 inquit,
721 2197 869 2269 ligno
900 2196 1132 2268 paradisi
1154 2197 1382 2252 comede
1413 2215 1426 2259 ;
1459 2199 1527 2252 de
1542 2196 1691 2268 ligno
1705 2201 1882 2251 autem

284 2285 521 2342 scientiae
549 2285 683 2341 boni
710 2293 763 2341 et
787 2286 916 2339 mali
974 2301 1044 2340 ne
1100 2286 1382 2339 comedas.
1449 2287 1510 2338 In
1567 2300 1886 2356 quacunque

286 2374 375 2429 die
399 2373 700 2429 comediris
720 2388 787 2427 ex
817 2387 882 2428 eo
910 2375 983 2439 ⁸²,
1016 2381 1192 2427 morte
1215 2372 1464 2427 morieris
1496 2373 1661 2440 (Gen.
1694 2388 1754 2438 ιι,
1792 2375 1882 2439 16,

291 2463 398 2532 1’7).
436 2484 458 2510 ιι
492 2463 617 2516 Non
646 2460 842 2517 leviter
871 2469 985 2517 erat
1004 2460 1382 2532 accipiendum
1407 2461 1551 2531 quod
1584 2461 1689 2515 sub
1740 2468 1885 2515 tanto

284 2549 609 2605 invectionis
659 2548 955 2604 maledicto
1010 2548 1234 2605 vetitum
1291 2556 1434 2604 erat.
1485 2548 1649 2603 Nulla
1701 2554 1885 2602 tamen

284 2637 608 2694 necessitate
637 2645 872 2702 coactus,
911 2637 1009 2691 sed
1033 2637 1258 2707 propria
1285 2637 1558 2692 voluntate
1603 2637 1884 2702 subactus,

284 2740 495 2782 morem
524 2741 722 2798 gerens
750 2724 925 2794 uxori,
979 2724 1203 2779 obedire
1259 2724 1455 2780 maluit
1508 2724 1667 2780 uxori
1723 2738 1887 2797 quam

287 2822 563 2886 praecepto
592 2812 709 2868 Dei.
743 2814 1017 2883 Tetigerat
1046 2812 1160 2877 illa,
1192 2819 1245 2867 et
1300 2812 1611 2867 comederat
1670 2832 1682 2876 ;
1743 2812 1892 2867 dedit

296 2902 432 2969 viro,
465 2908 516 2956 et
545 2900 780 2955 comedit
838 2918 852 2963 ;
913 2908 967 2955 et
1021 2900 1241 2970 utrique
1288 2900 1586 2956 mordenda
1644 2900 1886 2969 vetitum,

295 2988 486 3044 mortis
516 2995 571 3042 et
598 2986 969 3041 damnationis
997 2986 1271 3041 subierunt
1298 2986 1665 3042 maledictum.
1689 2987 1890 3042 Inobe-

1988 1865 2037 1911 et
2068 1856 2121 1910 in
2139 1856 2431 1912 novissimo
2468 1856 2557 1911 die
2603 1856 2671 1910 de
2728 1860 2874 1911 terra
2921 1865 3264 1912 surrecturus
3320 1872 3433 1909 sum
3480 1856 3596 1925 (Job

1988 1960 2110 2013 χιχ,
2141 1945 2255 2014 25).
2294 1968 2315 1994 α
2365 1944 2470 2012 Qui
2505 1945 2921 2014 Redemptorem
2957 1948 3256 2012 attestatur,
3309 1944 3595 2001 venunda-

1991 2042 2101 2087 tum
2123 2048 2219 2088 seu
2249 2033 2576 2102 captivatum
2608 2049 2667 2087 se
2684 2033 2848 2088 fuisse
2868 2032 2907 2060 ⁸⁵
2930 2076 2945 2101 ,
2977 2041 3030 2087 et
3086 2033 3424 2102 redemptum
3469 2047 3593 2085 esse

1990 2136 2099 2175 non
2129 2119 2421 2175 inﬁciatur.
2456 2121 2593 2174 Audi
2626 2129 2678 2176 et
2706 2121 2924 2175 beatum
2953 2120 3131 2175 David
3185 2137 3198 2173 :
3247 2142 3269 2168 ‹‹
3325 2120 3468 2174 Deus
3505 2135 3597 2174 re-

1990 2208 2161 2263 dimet
2188 2209 2425 2263 animam
2455 2224 2633 2263 maem
2663 2209 2730 2264 de
2759 2225 2922 2263 manu
2966 2208 3150 2276 inferi,
3179 2223 3305 2263 cum
3360 2222 3597 2279 accepe-

1990 2297 2059 2350 rit
2080 2312 2167 2351 me
2196 2296 2383 2366 (Psal.
2417 2312 2610 2365 XLVIII,
2658 2297 2745 2361 l6)
2798 2315 2811 2360 ;
2870 2320 2899 2346 η
2944 2305 2996 2352 et
3022 2304 3307 2367 acceptam
3354 2295 3483 2350 dicit
3529 2294 3598 2350 ab

1992 2384 2182 2439 inferis
2221 2399 2461 2439 animam
2517 2401 2672 2440 suam
2719 2394 2771 2441 et
2825 2384 3220 2441 redimendam
3267 2383 3338 2438 ab
3407 2383 3602 2437 infero.

1992 2472 2147 2528 Unde
2195 2481 2248 2527 et
2305 2473 2436 2527 alibi
2494 2474 2769 2528 exsultans
2827 2472 2958 2528 dicit
3003 2489 3016 2526 :
3056 2472 3309 2539 Domine,
3368 2470 3601 2526 eduxisti

1995 2562 2063 2616 ab
2086 2561 2299 2616 inferno
2329 2562 2565 2616 animam
2608 2577 2806 2629 meam,
2858 2560 3077 2617 salvasti
3141 2575 3229 2615 me
3275 2574 3309 2613 a
3366 2560 3601 2613 descen-

1996 2650 2251 2704 dentibus
2298 2650 2354 2704 in
2391 2650 2569 2704 lacum
2626 2648 2800 2721 (Psal.
2853 2664 3003 2716 xxxx,
3050 2650 3128 2718 4).
3191 2673 3215 2695 ιι
3295 2646 3393 2701 Cui
3447 2646 3600 2719 dicit,

2001 2759 2022 2785 α
2065 2736 2315 2806 eduxisti,
2347 2738 2590 2804 salvasti,
2626 2761 2647 2785 υ
2684 2737 2785 2792 nisi
2808 2738 2912 2792 ei“
2977 2737 3045 2791 de
3066 2735 3246 2806 quoin
3261 2736 3371 2789 alio
3388 2734 3601 2804 psalmo

1995 2825 2155 2880 dicit:
2197 2848 2219 2874 α
2254 2826 2360 2880 Iter
2391 2824 2553 2880 facite
2582 2825 2654 2893 ei,
2690 2825 2779 2894 qui
2810 2824 3054 2879 ascendit
3109 2839 3276 2895 super
3320 2837 3602 2894 occasum,

1995 2913 2260 2968 Dominus
2283 2928 2482 2968 nomen
2513 2913 2589 2967 illi
2619 2913 2797 2985 (Psal,
2830 2928 2997 2980 van,
3028 2913 3105 2982 5).
3140 2936 3167 2958 ιι
3222 2912 3288 2965 Et
3344 2909 3601 2980 quoniam

2003 3001 2147 3056 solus
2178 3001 2650 3071 ascenderesuper
2705 3016 2971 3058 occasum
3036 2998 3224 3065 noluit,
3284 2998 3407 3053 audi
3459 2998 3605 3067 quod

295 3077 453 3132 diens
482 3077 597 3166 Deo
627 3075 800 3166 Adam
826 3074 1047 3131 effectus
1101 3083 1207 3166 est,
1237 3074 1512 3166 _pr9tinus
1558 3091 1879 3166 cqncessum
1924 3103 1973 3166 α
2003 3090 2287 3144 Psalmista
2318 3089 2526 3143 addidit
2554 3087 2595 3116 ’⁷
2628 3107 2639 3143 ε
2684 3112 2705 3137 (ι
2740 3089 3056 3144 Ascendens
3086 3089 3139 3141 in
3179 3086 3367 3156 altum,
3426 3084 3606 3155 capti-

292 3180 453 3221 omne
477 3164 571 3233 jus
601 3163 800 3231 amisit,
829 3178 1111 3217 excussum
1156 3162 1373 3218 ditionis
1427 3179 1551 3218 sua:
1600 3163 1798 3234 jugum
1862 3178 1892 3215 a

304 3252 514 3308 caeteris
559 3249 923 3305 animantibus
970 3250 1157 3320 sensit,
1200 3255 1255 3305 et
1308 3250 1622 3321 dignitatem
1645 3251 1732 3304 sui
1784 3250 1896 3318 jam

290 3339 606 3406 amittendo,
637 3338 935 3392 nuditatem
964 3354 1118 3393 suam
1164 3337 1393 3403 erubuit,
1450 3345 1502 3392 et
1556 3352 1772 3391 currens
1828 3335 1898 3389 ad

289 3428 421 3484 folia
450 3426 557 3496 ﬁci,
589 3426 901 3497 pudendam
932 3425 1305 3479 membrorum
1328 3423 1710 3494 turpitudinem
1757 3438 1898 3492 ope-

292 3516 417 3570 ruit.
447 3516 531 3569 Ab
560 3516 713 3570 hoste
744 3514 912 3585 igitur
938 3512 1166 3581 seducti,
1199 3511 1448 3581 hostique
1479 3511 1704 3580 turpiter
1758 3511 1892 3565 sub-

294 3603 422 3671 acti,
455 3617 582 3658 mox
602 3603 668 3658 de
698 3601 954 3673 paradiso
996 3600 1302 3671 voluptatis,
1334 3599 1387 3653 in
1419 3614 1524 3669 quo
1562 3606 1734 3667 erant,
1777 3604 1902 3655 sunt

293 3691 531 3763 expulsi,
565 3692 851 3746 obseratus
879 3698 962 3745 est
991 3689 1228 3760 paradisi
1285 3688 1480 3755 aditus,
1538 3688 1743 3758 positus
1797 3694 1897 3759 est,

296 3782 367 3834 ad
398 3779 807 3836 custodiendam
839 3778 981 3833 viam
1012 3777 1147 3850 ligni
1183 3776 1328 3844 vitae,
1361 3774 1578 3847 gladius
1601 3775 1694 3830 ille
1727 3791 1904 3831 versa.

298 3868 407 3923 tilis
435 3875 488 3923 et
516 3868 814 3922 flammeus.
848 3867 1062 3922 Gratias
1092 3867 1206 3920 Deo
1237 3865 1363 3935 quia
1392 3865 1515 3919 licet
1535 3864 1629 3919 ille
1686 3864 1904 3936 gladius

302 3957 583 4012 ﬂammeus
611 3955 649 3982 ³³
688 3962 822 4022 erat,
853 3970 964 4009 non
1008 3961 1187 4008 tamen
1244 3954 1303 4006 in
1359 3959 1676 4023 perpetuum
1741 3950 1900 4018 fixus,

304 4044 401 4099 sed
456 4042 722 4098 versatilis
778 4049 911 4110 erat,
970 4041 1097 4113 quia
1152 4041 1481 4110 quandoque
1535 4039 1906 4094 misericordia

301 4132 400 4187 Dei
431 4139 548 4187 erat
576 4130 960 4187 removendus.
992 4129 1249 4184 Infelices
1277 4129 1460 4199 itaque
1491 4135 1544 4183 et
1574 4128 1756 4182 miseri
1796 4142 1901 4196 pa-

303 4228 477 4275 rentes
497 4226 796 4291 genuerunt
826 4217 971 4272 ﬁlios
1000 4217 1102 4271 sub
1157 4216 1342 4271 eadem
1405 4215 1594 4270 mortis
1647 4224 1700 4270 et
1738 4216 1903 4270 mise-

302 4308 503 4364 riarum
530 4306 839 4363 conditione
868 4305 1108 4377 genitos.
1150 4304 1232 4357 Ad
1280 4304 1520 4358 laborem
1577 4303 1905 4358 nascebatur

303 4397 489 4463 homo,
521 4396 593 4449 ad
615 4394 865 4449 laborem
897 4392 1233 4447 moriebatur
1276 4394 1439 4447 homo
1501 4410 1513 4455 ;
1571 4392 1624 4445 in
1675 4392 1904 4463 peccatis

305 4483 745 4554 concipiebatur,
769 4482 823 4536 in
853 4481 1133 4536 doloribus
1161 4480 1569 4550 parturiebatur,
1632 4480 1797 4535 miser
1840 4480 1910 4533 ad

307 4587 579 4627 aerumnas
609 4577 662 4625 et
690 4570 904 4625 labores
935 4570 1275 4625 nascebatur.
1311 4591 1331 4617 «
1369 4570 1431 4622 In
1486 4568 1679 4622 sudore
1732 4568 1912 4625 vultus

310 4661 406 4728 tui,
444 4685 465 4710 υ
496 4660 634 4714 dixit
652 4658 915 4714 Dominus
943 4658 1018 4712 ad
1048 4658 1242 4724 Adam,
1281 4680 1302 4704 ιι
1346 4657 1578 4713 vesceris
1601 4672 1743 4727 pane
1794 4665 1914 4736 tuo,

310 4752 483 4805 donec
510 4746 808 4803 revertaris
836 4745 906 4799 ad
936 4753 1130 4800 terram
1161 4745 1230 4798 de
1258 4759 1363 4813 qua
1391 4752 1639 4813 sumptus
1676 4760 1753 4811 es,
1787 4745 1916 4814 quia

312 4861 549 4923 terraes,
582 4845 632 4899 ei
662 4842 717 4897 in
756 4850 951 4897 terram
1004 4841 1293 4897 reverteris
1348 4839 1516 4911 (Gen.
1578 4844 1655 4909 tu,
1712 4842 1821 4911 19).
1886 4862 1907 4889 ι»

312 4942 469 4999 Unde
499 4948 553 4997 et
583 4941 770 4995 beatus
798 4939 901 4995 Job
928 4937 1001 4992 ait
1029 4955 1041 4990 :
1080 4959 1103 4983 α
1140 4938 1342 5005 Homo,
1375 4944 1530 4991 natus
1562 4937 1630 4992 de
1661 4937 1907 5005 muliere,

309 5042 461 5100 brevi
490 5041 677 5097 vivens
733 5044 1003 5108 tempore,
1034 5034 1271 5104 repletur
1299 5034 1480 5089 multis
1509 5035 1741 5091 miseriis
1774 5054 1786 5098 ;
1820 5035 1913 5107 qui

316 5140 473 5215 quasi
501 5140 601 5195 tlos
623 5135 926 5210 egreditur,
987 5140 1040 5190 et
1093 5132 1403 5200 conteritur,
1457 5141 1510 5189 et
1565 5134 1705 5206 fugit
1762 5134 1914 5190 velut

2002 3193 2130 3231 vam
2159 3178 2317 3231 duxit
2338 3177 2699 3245 captivitatem
2731 3178 2909 3246 (Psal.
2948 3192 3122 3243 van,
3158 3178 3224 3228 19
3256 3192 3268 3235 ;
3296 3172 3497 3244 Ephes.
3527 3188 3607 3237 1v,

2003 3271 2085 3339 8).
2128 3294 2149 3318 ιο
2184 3270 2441 3325 Ezechias
2459 3285 2675 3342 quoque
2704 3270 2990 3324 moriturus
3011 3271 3085 3324 ait
3118 3287 3130 3323 :
3161 3291 3182 3318 (ι
3205 3270 3322 3341 Ego
3379 3268 3492 3322 dixi
3548 3267 3605 3322 in

2005 3358 2231 3412 dimidio
2264 3357 2472 3412 dierum
2497 3373 2742 3412 meorum
2776 3374 2788 3410 :
2824 3356 3027 3410 Vadam
3083 3356 3154 3410 ad
3208 3365 3394 3425 portas
3442 3354 3604 3410 inferi

2006 3445 2159 3515 (lsaz'.
2192 3460 2421 3513 xxxvm,
2456 3444 2565 3515 10).
2600 3466 2630 3494 υ
2664 3446 2729 3498 Et
2751 3451 2942 3514 postea
2969 3443 3212 3497 subdidit
3244 3461 3255 3495 :
3283 3444 3404 3497 «Tu
3424 3451 3607 3498 autem

2005 3532 2194 3588 eruisti
2224 3532 2457 3586 animam
2477 3548 2675 3600 meam,
2708 3539 2764 3586 ut
2792 3547 2900 3585 non
2927 3531 3136 3600 periret
3190 3530 3373 3602 (Ibid.,
3431 3531 3539 3599 17).
3579 3552 3601 3579 ι

2008 3622 2157 3689 Haec,
2195 3620 2436 3692 inquam,
2468 3636 2594 3692 spes
2617 3620 2891 3689 justorum
2921 3627 3036 3673 erat
3091 3627 3217 3674 tunc
3258 3618 3605 3674 merientium

2007 3734 2169 3775 nemo
2198 3734 2333 3791 ergo
2360 3718 2416 3772 in
2453 3718 2654 3773 coelum
2688 3734 2700 3781 ;
2736 3716 2831 3771 sed
2859 3732 3067 3783 omnes,
3101 3719 3192 3787 qui
3223 3724 3352 3773 tunc
3406 3715 3610 3772 morie-

2008 3807 2223 3876 bantur,
2302 3805 2705 3862 descendebant
2762 3822 2816 3860 1n
2868 3805 3157 3861 infernum.
3201 3804 3464 3878 Originali
3510 3804 3621 3859 ita-

2011 3899 2180 3966 que"
2233 3895 2413 3950 delicti
2471 3894 2855 3965 expiationem,
2912 3902 2965 3948 et
3020 3895 3285 3950 malorum
3343 3901 3614 3949 tantorum

2010 3983 2418 4039 evacuationem
2448 3981 2565 4037 ﬁeri
2620 3982 2925 4052 aportebat,
2976 3981 3122 4035 nullo
3179 3980 3396 4051 quidem
3443 3977 3621 4035 creati

2011 4070 2243 4126 hominis
2272 4070 2492 4137 merito,
2524 4070 2619 4124 sed
2649 4069 2891 4140 ingenita
2934 4067 3127 4138 optimi
3175 4066 3445 4122 Creatoris
3503 4067 3613 4123 bo-

2008 4158 2173 4213 nitate
2201 4167 2254 4213 et
2281 4158 2482 4230 gratia.
2514 4158 2596 4211 Ne
2622 4171 2757 4227 ergo
2787 4157 2842 4209 in
2870 4164 3131 4211 mternum
3158 4156 3323 4209 homo
3387 4154 3608 4225 periret,

2009 4246 2212 4303 restitui
2270 4245 2544 4301 hominem
2589 4243 2874 4315 oportebat
2932 4262 2944 4297 :
3007 4242 3209 4297 restitui
3252 4248 3434 4297 autem
3503 4257 3614 4297 non

2009 4342 2241 4405 poterat,
2273 4334 2373 4388 nisi
2404 4334 2548 4388 Deus
2566 4332 2840 4386 hominem
2870 4338 3191 4399 assumeret,
3240 4329 3614 4385 necessitatem

1938 4445 1991 4507 D
2021 4431 2259 4477 nostram
2276 4421 2495 4489 subiret,
2520 4428 2707 4475 noster
2753 4420 3063 4474 causidicus
3112 4427 3299 4474 contra
3345 4419 3617 4473 adversa-

2022 4511 2165 4565 rium
2196 4513 2311 4581 ipse
2339 4508 2509 4575 ﬁeret,
2543 4516 2594 4564 et
2621 4515 2819 4563 nostrae
2849 4506 3074 4561 actionis
3105 4506 3389 4577 negotium
3420 4521 3612 4577 agens,

2021 4615 2133 4653 non
2165 4598 2444 4653 suadendo
2475 4596 2545 4665 ",
2576 4597 2667 4650 sed
2692 4595 2839 4665 justo
2860 4594 3078 4649 rationis
3099 4594 3309 4664 judicio
3351 4595 3617 4649 adversa-

2021 4688 2163 4741 rium
2193 4688 2505 4754 excludens,
2537 4700 2752 4740 causam
2780 4692 3021 4739 nostram
3052 4681 3249 4738 ﬁniret.
3307 4683 3621 4738 Restituen-

2021 4775 2123 4830 dus
2146 4775 2329 4847 itaque
2358 4776 2471 4829 Deo
2500 4772 2664 4828 homo
2692 4780 2828 4839 erat,
2857 4786 2923 4825 ac
2949 4786 3046 4841 per
3074 4770 3351 4825 hominem
3380 4770 3472 4840 qui
3505 4771 3617 4825 Deo

2021 4863 2374 4933 semetipsum
2432 4861 2749 4916 abstulerat.
2823 4858 2956 4927 Quis
2986 4866 3167 4913 autem
3221 4857 3500 4913 hominum
3556 4857 3625 4913 de

2022 4949 2298 5006 communi
2326 4965 2501 5003 massa
2531 4946 2846 5019 perditionis
2876 4954 3033 5000 natus
3064 4944 3116 4999 id
3146 4945 3364 5016 explere
3416 4951 3606 5017 posset

2021 5056 2077 5103 ut
2107 5047 2366 5120 reliquam
2419 5045 2639 5101 humani
2686 5044 2904 5116 generis
2961 5058 3193 5098 massam
3247 5044 3553 5100 restitueret
3595 5042 3624 5096 ?

2020 5137 2124 5191 Vix
2154 5136 2301 5192 enim
2332 5135 2436 5191 sibi
2460 5133 2671 5205 justitia
2700 5133 2959 5204 cujusque
2986 5131 3184 5188 sufﬁcit
3216 5150 3230 5196 ;
3263 5147 3371 5189 non
3400 5140 3479 5188 est
3515 5131 3625 5186 im-

1622 5258 1848 5313 VARIE
1877 5259 2288 5316 LECTIONES.

374 5363 415 5393 ’⁷³
445 5363 541 5418 Ms.
586 5365 760 5427 Rem,
798 5374 906 5414 non
966 5366 1177 5414 exacto.

1273 5357 1427 5413 "Ms.
1474 5358 1671 5426 Rem.,
1716 5365 2082 5426 Opponentur.

2174 5356 2215 5386 οι
2254 5359 2350 5414 Ms,
2401 5359 2456 5415 δ,
2522 5357 2668 5424 Ger.,
2726 5362 3048 5426 apponatur.
3113 5352 3309 5426 7%,“.
3363 5353 3417 5408 S.
3469 5350 3628 5426 Gel";

304 5438 468 5493 omit.
503 5452 570 5489 ex
601 5450 686 5489 eo.
719 5422 757 5460 “
788 5432 886 5486 Ms.
926 5431 981 5487 S.
1010 5428 1177 5495 Ger.,
1206 5428 1423 5500 gladius
1480 5422 1949 5500 licethflammeus.
2006 5427 2045 5456 “
2097 5429 2262 5486 ωδ.
2286 5431 2431 5494 Ger.,
2464 5428 2580 5483 Deo
2628 5422 2815 5500 teste:
2838 5428 2877 5456 ⁸⁵
2931 5426 3027 5482 Ms.
3089 5425 3154 5480 S.
3208 5424 3365 5500 Guar”
3424 5422 3605 5500 capti-

305 5524 435 5563 vum
491 5523 555 5562 se
587 5507 814 5578 fugisse.
846 5500 885 5529 “
935 5503 1030 5558 Ms.
1097 5493 1285 5567 am,
1344 5503 1448 5557 cui.
1507 5494 1546 5525 ’⁷
1591 5493 1718 5553 Mss.
1779 5500 1985 5570 Germ,
2032 5500 2294 5557 subdidit.

309 5593 417 5636 non
439 5594 540 5636 sua
561 5577 762 5635 dando.

2402 5492 2441 5542 ιδ
2507 5499 2601 5562 Ms.
2651 5497 2716 5557 S.
2767 5499 3197 5572 Ger.,namque.
3231 5492 3269 5522 ”
3313 5494 3623 5567 Ms.Bem.,
