3972 6072
431 258 569 313 1023

1370 262 1795 321 GISLEBERTI
1827 259 2124 316 CRISPINI
2168 258 2315 312 ABB.
2349 257 2861 315 WESTMONAST.

3617 257 3770 313 1024

440 400 622 453 munis
651 414 681 453 a
711 410 935 471 peccato
990 402 1182 471 infans,
1242 404 1396 474 cujus
1453 405 1563 460 vita
1617 413 1696 460 est
1736 403 1891 458 unius
1938 384 2046 459 diei
2072 382 2129 445 Α
2158 400 2381 472 regibus
2398 416 2568 472 regno
2608 401 2825 472 fugatis,
2871 400 3121 472 captivis,
3153 399 3515 456 exhaaredatis
3553 400 3769 453 frustra

434 495 836 557 superterram.
898 489 1055 557 Quod
1114 490 1163 545 si
1220 508 1418 559 novus,
1477 494 1559 549 vel
1608 491 1824 547 aliunde
1880 499 2036 545 natus

440 574 698 645 hamo[’°
744 591 839 629 seu
867 578 1098 647 angelus
1127 578 1302 634 factus
1324 580 1505 652 homo]
1565 580 1837 636 hominem
1895 578 2035 632 libe-

445 665 609 729 raret,
642 678 748 717 non
777 663 854 718 sic
899 666 968 719 ad
1022 665 1313 734 pristinum
1337 669 1376 698 ⁹¹
1442 667 1723 739 dignitatis
1778 666 2037 737 ingenita;

442 755 636 803 statum
668 752 870 806 restitui
898 762 1099 821 posset.
1134 755 1269 810 Cum
1302 755 1445 810 enim
1477 756 1693 828 angelis
1721 757 1882 811 homo
1939 770 2037 825 par

439 844 665 904 creatus,
685 854 793 893 non
824 845 1035 907 natura,
1060 842 1154 896 sed
1180 844 1407 899 rationis
1458 852 1512 900 et
1568 859 1839 900 concessae
1864 841 2034 896 liber-

444 922 568 977 tatis
587 926 806 995 gratias,
831 928 931 982 soli
964 930 1075 985 Deo
1118 932 1351 987 Creatori
1401 934 1468 987 ad
1524 933 1870 987 serviendum
1924 937 2038 984 erat

440 1012 726 1082 obnoxius,
777 1015 847 1071 ad
889 1018 1144 1073 eumdem
1201 1019 1464 1074 libertatis
1517 1025 1735 1087 statum,
1793 1034 1889 1074 seu
1943 1033 2039 1088 per

440 1099 852 1168 hominem,seu
879 1120 976 1175 per
996 1107 1250 1178 angelum
1282 1108 1490 1162 restitui
1539 1124 1646 1162 non
1702 1106 1934 1163 valebat.
1994 1108 2037 1159 Α

442 1203 548 1257 quo
579 1189 721 1243 enim
764 1192 883 1260 quis
910 1208 940 1246 a
988 1195 1245 1249 servitute
1301 1196 1610 1264 redimitur,
1669 1194 1719 1251 ei
1771 1193 2038 1249 obnoxius

440 1289 563 1329 esse
595 1276 665 1329 ad
693 1279 1031 1333 serviendum
1058 1281 1350 1349 judicatur.
1371 1282 1510 1351 Quia
1526 1297 1661 1353 ergo
1718 1298 1818 1351 per
1871 1280 2036 1335 alium

436 1361 601 1431 plena
621 1365 855 1420 hominis
887 1369 1151 1424 restitutio
1203 1368 1323 1424 ﬁeri
1372 1386 1479 1424 non
1526 1369 1763 1437 valebat,
1814 1383 2039 1423 necesse

441 1448 543 1503 fuit
597 1460 654 1505 ut
702 1453 926 1509 Creator
975 1462 1238 1512 creaturae
1315 1458 1651 1525 subveniret,
1737 1465 2037 1512 creaturam

444 1536 670 1592 Creator
696 1542 918 1607 subiret,
953 1552 1009 1596 ut
1036 1560 1135 1613 per
1160 1545 1338 1616 ipsum
1368 1546 1673 1600 Creatorem
1702 1545 1867 1600 homo
1889 1544 2039 1599 resti-

444 1629 602 1694 tutus,
631 1627 733 1682 soli
765 1629 1009 1686 Creatori
1035 1633 1104 1686 ad
1138 1634 1486 1688 serviendum
1535 1633 1804 1688 obnoxius
1850 1647 2034 1688 rema-

2144 488 2346 543 mentio
2382 489 2489 543 ulla
2524 488 2841 543 haberetur.
2882 490 2940 543 in
2976 488 3191 544 Christo
3238 488 3421 557 itaque
3475 494 3649 542 restat
3701 493 3772 539 ut

2143 578 2258 632 haec
2288 576 2674 648 intelligantur,
2702 585 2753 632 et
2769 576 3041 633 intellecta
3060 576 3323 632 omnibus
3349 575 3527 631 modis
3560 575 3766 630 adim-

2146 664 2413 735 pleantur.

2818 769 3062 808 JUDJ‘JUS.

2216 836 2535 892 Violentiam
2562 836 2852 907 Scriptura:
2902 837 3093 902 infers,
3130 844 3184 892 et
3235 837 3307 890 ad
3360 834 3487 891 ﬁdei
3536 845 3763 891 vestrae-

2143 926 2494 981 assertionem
2550 926 2853 995 Scripturas
2912 926 3211 995 intorques.
3279 926 3418 979 Nam
3492 923 3758 979 Ezechiel

2142 1010 2407 1080 prepheta
2435 1018 2617 1079 aperte
2643 1012 2684 1041 “
2704 1018 2921 1080 portam
2940 1009 3197 1079 appellat,
3238 1018 3291 1063 et
3343 1009 3413 1063 de
3461 1017 3622 1079 porta
3657 1008 3755 1062 lo-

2145 1095 2429 1163 quitur;tu
2459 1093 2716 1149 feminam
2764 1092 3028 1163 appellas,
3070 1099 3120 1147 et
3147 1092 3216 1146 de
3254 1091 3456 1147 femina
3505 1092 3579 1146 ad
3641 1108 3755 1147 vo—

2142 1182 2402 1236 luntatem
2428 1191 2572 1235 tuam
2592 1180 2858 1251 disputas.
2879 1180 2983 1235 Res
3003 1182 3087 1235 hae
3103 1179 3331 1235 omnino
3353 1188 3481 1235 sunt
3498 1189 3753 1246 remotae,

2145 1278 2199 1325 et
2254 1270 2406 1323 nulla
2456 1268 2557 1322 sibi
2592 1268 2823 1323 invicem
2884 1268 3237 1322 similitudine
3286 1276 3408 1321 sunt
3475 1269 3742 1323 admotas.

2144 1358 2258 1412 Hoc
2292 1357 2529 1426 denique
2550 1358 2736 1411 ultimo
2759 1357 3008 1426 exemplo
3030 1369 3222 1426 aperte
3253 1364 3362 1410 tota
3392 1364 3486 1410 tua
3512 1357 3582 1410 de
3603 1358 3755 1410 Chri-

2146 1445 2213 1499 sti
2252 1447 2375 1500 ortu
2413 1445 2679 1499 refellitur
2713 1445 3021 1515 disputatio.
3066 1445 3207 1498 Nam
3282 1445 3427 1499 Deus
3479 1445 3619 1499 dixit
3678 1444 3752 1499 ad

2144 1535 2419 1588 Abraham
2445 1549 2457 1587 :
2478 1534 2539 1587 In
2559 1535 2774 1589 semine
2792 1536 2907 1599 tuo,
2932 1533 3035 1588 hoc
3055 1541 3157 1601 est,
3178 1533 3233 1586 in
3252 1533 3484 1600 Christo,
3527 1534 3618 1602 qui
3676 1535 3752 1587 de

2146 1622 2358 1677 semine
2375 1622 2491 1690 ejus
2510 1621 2768 1676 oriendus
2794 1630 2927 1689 erat,
2942 1621 3347 1677 benedicentur
3366 1637 3559 1678 omne:
3605 1638 3751 1694 gen-

439 1718 609 1781 neret,
640 1723 692 1768 et
722 1715 1028 1787 hostisjure
1057 1719 1319 1776 ditionem
1352 1737 1515 1791 supra
1536 1737 1710 1792 genus
1736 1724 2034 1775 humanum
2062 1727 2116 1787 Β
2147 1714 2228 1767 tes
2259 1711 2615 1781 ίϐννιεωϐη-
2650 1725 2778 1776 κω,
2820 1710 2925 1778 18)-
2980 1710 3129 1764 Deus
3178 1709 3315 1763 ἀίκίῑ
3358 1710 3631 1765 Christum
3677 1711 3751 1765 de

440 1799 678 1856 habitam
735 1805 1030 1862 amitteret.
1096 1808 1242 1862 Nihil
1293 1809 1435 1864 enim
1491 1810 1544 1862 in
1595 1810 1803 1864 Christo
1876 1824 2035 1864 suum

443 1888 615 1943 hostis
643 1891 943 1962 invenerat,
999 1896 1110 1966 qui,
1169 1912 1347 1967 neque
1404 1897 1458 1950 iu
1509 1896 2035 1967 iniquitatibuscon-

441 1985 626 2046 ceptus
651 1988 787 2046 erat,
821 1996 995 2052 neque
1021 1983 1074 2036 in
1106 1984 1342 2053 peccatis
1366 1993 1553 2055 partus
1604 1985 1799 2049 fuerat,
1858 2000 2039 2056 neque

439 2059 606 2114 ullam
631 2078 853 2131 prorsus
883 2067 1084 2135 peccati
1116 2068 1384 2122 maculam
1406 2068 1644 2123 vivendo
1665 2076 2030 2124 contraxerat.

443 2145 561 2215 Qua
590 2148 753 2220 igitur
770 2153 1407 2223 praesumptioneinjusta
1454 2170 1601 2209 mors
1657 2156 1711 2209 in
1769 2171 1890 2211 eum
1948 2156 2035 2210 fe-

438 2234 629 2291 riendo
657 2236 900 2309 deliquit,
943 2240 997 2294 in
1046 2257 1151 2311 quo
1191 2242 1326 2296 nihil
1359 2259 1516 2297 suum
1561 2254 1856 2313 repererat,
1901 2244 2033 2297 nihil

445 2323 666 2379 omnino
699 2325 842 2394 juris
882 2326 1136 2395 habebat,
1172 2330 1295 2399 jure
1324 2331 1502 2385 amisit
1535 2347 1655 2385 eam
1698 2332 2037 2399 jurisdictio-

454 2426 601 2481 nem,
626 2428 786 2481 quam
806 2425 1030 2486 peccato
1053 2417 1211 2487 primi
1242 2418 1481 2473 hominis
1516 2419 1568 2472 in
1606 2420 1883 2474 hominem
1920 2421 2040 2489 pri—

448 2514 594 2553 mum
634 2501 862 2572 ejusque
898 2506 1263 2575 posteritatem
1298 2506 1622 2561 obtinuerat.
1665 2508 1809 2562 Mors
1858 2508 2038 2580 itaque

446 2585 662 2657 Christi,
689 2598 742 2644 et
774 2591 1056 2663 originalis
1095 2594 1305 2663 peccati
1338 2595 1482 2665 apud
1526 2596 1736 2650 Patrem
1785 2597 1959 2651 hostia
1987 2606 2041 2653 et

445 2676 759 2746 propitiatio
780 2679 901 2748 fuit,
920 2688 1079 2750 atque
1099 2682 1321 2736 humani
1343 2684 1563 2754 generis
1599 2684 1759 2751 plena
1791 2685 2035 2756 integra-

446 2778 550 2832 que
588 2766 853 2821 restitutio
898 2769 1121 2823 exstitit.
1159 2771 1451 2825 Reseratus
1488 2780 1571 2826 est
1608 2772 1662 2825 in
1723 2775 1836 2841 ejus
1886 2774 2037 2829 obitu

441 2850 683 2917 paradisi
700 2852 895 2923 aditus,
918 2864 1157 2911 remotus
1185 2858 1502 2930 estgladius
1543 2859 1634 2915 ille
1674 2861 1940 2915 versatilis
1985 2868 2038 2915 et

445 2936 755 2994 ﬂammeus.
784 2941 976 2996 Jamin
1002 2945 1177 2999 crucis
1193 2946 1435 3014 patibulo
1480 2946 1671 3001 afﬁxus
1714 2956 1765 3002 et
1798 2948 2035 3004 moriens

2147 1799 2354 1853 semine
2381 1798 2928 1866 Abrahzeoriendum,
2954 1802 3008 1851 tu
3030 1797 3174 1851 dicis
3195 1813 3319 1852 eum
3343 1798 3460 1853 sine
3483 1798 3595 1854 uilo
3639 1799 3745 1865 viri

2148 1886 2359 1941 semine
2380 1885 2547 1940 fuisse
2567 1892 2764 1939 ortum.
2804 1884 2911 1939 Sed
2953 1899 3183 1953 procera
3225 1884 3292 1938 ad
3325 1884 3535 1954 reliqua
3585 1886 3743 1941 Scri-

2144 1983 2432 2045 pturarum
2450 1974 2719 2042 exempla,
2757 1981 2935 2027 utrum
2970 1972 3151 2041 aliqua
3184 1973 3422 2042 apertius
3457 1973 3601 2027 dista
3636 1975 3749 2027 sint

2146 2059 2257 2116 et"
2306 2061 2583 2117 sententia:
2634 2069 2797 2131 atque
2846 2059 2971 2115 ﬁdei
3022 2068 3214 2116 vestra:
3272 2061 3448 2132 magis
3540 2077 3743 2118 assen-

2146 2157 2322 2206 tanea.

2743 2254 3130 2294 CHRISTIANUS.

2218 2328 2517 2382 Commode
2538 2326 2606 2381 ad
2642 2327 2889 2397 opposita
2909 2327 3221 2396 respondet,
3244 2328 3487 2399 quisquis
3521 2328 3744 2383 vicino-

2146 2417 2285 2486 pede
2306 2416 2655 2485 prosequitur
2668 2423 2827 2485 atque
2870 2415 3180 2486 respondet.
3221 2417 3462 2472 Dicimus
3481 2417 3747 2472 Ezechie-

2144 2503 2249 2559 lem
2291 2506 2607 2575 prophetam
2632 2502 2862 2574 ﬁgurare
2882 2503 3047 2557 fuisse
3076 2503 3313 2558 locutum
3334 2504 3401 2559 de
3440 2513 3603 2575 porta
3637 2505 3750 2570 illa,

2146 2593 2400 2663 quoniam
2422 2592 2570 2645 nullo
2619 2591 2778 2645 modo
2799 2590 2867 2644 ad
2885 2590 3114 2645 litteram
3137 2591 3311 2662 accipi
3345 2597 3570 2661 possunt
3610 2609 3753 2664 qua:

2144 2679 2356 2735 locutus
2376 2686 2455 2734 est
2485 2679 2553 2733 de
2583 2684 2739 2749 porta
2759 2677 2886 2732 illa:
2918 2700 2940 2726 «ι
2981 2679 3048 2732 Et
3077 2679 3232 2747 dixit,
3257 2679 3450 2750 inquit,
3478 2680 3749 2735 Dominus

2145 2768 2214 2822 ad
2236 2783 2325 2822 me
2349 2785 2361 2820 :
2381 2768 2545 2822 Porta
2575 2768 2695 2820 haec
2716 2765 2900 2820 clausa
2918 2765 3037 2835 erit,
3058 2773 3111 2820 et
3160 2783 3270 2822 non
3316 2769 3593 2838 aperietur
3641 2787 3656 2831 ;
3694 2778 3752 2824 et

2144 2856 2226 2912 vir
2255 2871 2361 2910 non
2382 2855 2629 2908 transibit
2660 2870 2757 2925 per
2797 2870 2938 2921 eam,
2985 2854 3243 2924 quoniam
3298 2856 3560 2910 Dominus
3598 2858 3747 2912 Deus

2143 2943 2304 2998 lsrael
2326 2944 2599 3015 ingressus
2627 2950 2708 2996 est
2720 2959 2820 3012 per
2840 2958 2979 3010 eam,
3028 2950 3081 2997 et
3117 2943 3217 2997 erit
3254 2943 3438 2998 clausa
3482 2944 3739 3014 principi.

447 3024 520 3128 ait
536 3025 603 3080 ad
649 3027 971 3086 Latronem:
1011 3049 1025 3095 ;
1065 3054 1086 3081 ‹‹
1121 3032 1294 3088 Hodie
1324 3050 1538 3089 mecum
1569 3036 1673 3089 eris
1695 3035 1748 3089 in
1776 3037 2033 3105 paradiso
2065 3065 2115 3128 Ο
2148 3032 2403 3101 Princeps
2417 3031 2533 3102 ipse
2554 3030 2762 3085 sedebit
2782 3032 2838 3084 in
2866 3045 2950 3099 ea,
2976 3032 3298 3086 utcomedat
3332 3048 3533 3103 panem
3554 3049 3740 3089 coram

444 3111 618 3182 (Luc.
667 3133 824 3186 χχιιι,
860 3121 970 3190 43).
1017 3142 1047 3169 η
1084 3121 1229 3176 Tunc
1282 3138 1496 3194 quoque
1544 3123 1903 3195 adimpletum
1951 3131 2034 3180 est

445 3203 591 3272 quod
619 3220 719 3274 per
754 3205 896 3262 Osee
922 3210 1245 3279 prophetam
1288 3211 1490 3265 dictum
1532 3219 1613 3267 est
1654 3230 1666 3266 :
1711 3236 1731 3262 ιι
1771 3213 1816 3268 Ο
1861 3229 2029 3277 mors,

446 3304 539 3343 ero
561 3306 706 3346 mors
734 3300 856 3357 tua;
905 3311 1119 3351 morsus
1168 3304 1287 3351 tuus
1345 3314 1436 3353 ero
1474 3299 1687 3355 inferne
1727 3301 1873 3370 (Οεε.
1911 3317 2031 3368 xm,

446 3377 555 3447 14).
593 3400 614 3427 o
666 3381 841 3451 Hujus
880 3383 1042 3454 igitur
1096 3394 1293 3441 nostra:
1319 3387 1670 3442 restitutionis
1711 3404 2033 3445 sacramen-

444 3471 574 3533 tum,
616 3466 668 3520 in
698 3471 980 3539 prophetis
1013 3472 1347 3527 habebamus
1369 3475 1719 3544 promissum,
1744 3476 2034 3548 aliquando

446 3568 547 3621 per
573 3553 780 3627 ﬁguras
818 3574 1010 3626 rerum,
1062 3561 1352 3631 aliquando
1412 3578 1511 3631 per
1546 3564 1833 3620 verborum
1894 3568 2035 3620 aeni—

448 3650 653 3711 gmata,
695 3643 988 3715 aliquando
1019 3648 1248 3703 evidenti
1302 3651 1665 3719 promissione
1723 3660 1775 3707 et
1825 3663 2031 3723 aperta.

446 3728 764 3783 Primisillis
796 3734 1132 3802 temporibus
1172 3736 1399 3805 loquens
1456 3738 1598 3792 Deus
1634 3739 1702 3794 ad
1760 3742 2035 3796 Abraham

445 3814 514 3868 de
544 3816 645 3870 hoc
664 3828 999 3874 sacramento
1021 3821 1094 3875 ait
1126 3840 1137 3874 :
1179 3846 1200 3871 ‹‹
1243 3826 1304 3878 In
1337 3826 1544 3879 semine
1579 3834 1668 3881 tuo
1708 3827 2033 3885 benedicen-

443 3908 530 3955 tur
569 3919 753 3960 omnes
781 3916 972 3978 gentes
999 3917 1157 3965 terra:
1200 3912 1361 3983 (Gen.
1405 3929 1558 3973 xxw.
1608 3916 1680 3985 4).
1729 3938 1750 3964 υ
1814 3916 1897 3988 [⁹¹
1975 3919 2035 3972 In

443 3989 656 4048 Christo
692 3995 854 4065 enim,
894 3998 991 4067 qui
1026 3998 1094 4053 de
1155 4000 1362 4056 semine
1409 4002 1522 4069 ejus
1574 4003 1830 4058 oriundus
1894 4014 2033 4070 erat,

436 4078 822 4138 benedicentur
841 4100 1028 4141 omnes
1076 4096 1266 4159 gentes
1316 4091 1541 4163 terraz.j
1585 4092 2034 4164 Quandoquidem

437 4169 752 4225 universum
805 4189 987 4244 genus
1032 4176 1326 4230 humanum
1372 4180 1472 4233 sub
1516 4180 1806 4236 maledicto
1876 4182 2034 4252 primi

431 4258 671 4324 parentis
694 4275 1037 4330 oppressum,
1069 4280 1167 4333 per
1212 4281 1337 4319 eum
1367 4269 1416 4298 ”
1466 4267 1537 4321 ab
1597 4268 1690 4322 illo
1742 4270 2035 4326 maledicto

435 4343 747 4415 absolvitur,
779 4357 831 4403 et
884 4350 1245 4407 benedictioni
1297 4360 1456 4423 atque
1477 4356 1673 4426 gratiae
1695 4357 1857 4426 priori
1876 4359 2025 4414 resti-

441 4430 628 4489 tuitur.
668 4436 806 4489 Nam
829 4438 885 4489 in
914 4436 1063 4491 lsaac
1100 4456 1240 4510 gens
1278 4441 1425 4494 nulla
1482 4443 1835 4513 benedicitur,
1877 4446 2024 4501 nulla

432 4535 573 4587 gens
611 4523 729 4592 ejus
759 4524 949 4580 ditioni
990 4525 1215 4582 subacta
1249 4528 1415 4583 fuisse
1474 4530 1697 4601 legitur.
1745 4533 1802 4585 ln
1848 4535 2025 4591 David

440 4624 571 4663 vero
608 4618 659 4664 et
725 4611 1016 4668 Salomone
1037 4614 1126 4684 qui
1175 4632 1367 4687 regum
1398 4626 1553 4673 terrae
1593 4618 1736 4673 illius
1769 4619 2028 4677 fortiores

436 4695 556 4749 aliis
591 4705 642 4752 et
657 4701 987 4767 potentiores
1019 4702 1286 4771 exstitere,
1343 4705 1613 4773 quomodo
1632 4723 1819 4763 omnes
1839 4719 2031 4781 gentes

442 4783 836 4842 benedicuntur
872 4807 885 4852 ;
923 4805 1045 4843 cum
1108 4805 1295 4847 omnes
1339 4793 1760 4866 circumquaque
1829 4808 2026 4867 praeter

430 4871 727 4943 Judaicam,
756 4885 949 4947 gentes
996 4876 1074 4933 eis
1092 4880 1132 4909 "
1158 4880 1397 4937 adversae
1430 4890 1485 4937 et
1529 4895 1714 4938 contra
1743 4900 1836 4940 eos
1865 4884 1907 4913 ’⁵
1946 4888 2028 4942 di-

441 4957 707 5016 micantes
765 4978 982 5034 semper
1018 4966 1196 5024 fuere.
1250 4969 1330 5025 De
1376 4972 1784 5028 successoribus
1832 4990 2023 5030 eorum

2056 4403 2110 4465 D

2147 3120 2397 3174 Domino.
2432 3120 2531 3173 Per
2560 3118 2703 3173 viam
2719 3118 2968 3173 vestibuli
2989 3126 3163 3188 porta:
3178 3120 3538 3190 ingredietur,
3561 3130 3616 3176 et
3644 3138 3743 3192 per

2142 3206 2285 3263 viam
2316 3206 2963 3278 ejusegrediturwzech.
3022 3222 3169 3273 xuv,
3226 3209 3350 3277 1-3).
3416 3231 3437 3256 υ
3497 3209 3631 3265 Haec
3674 3211 3744 3265 ad

2140 3296 2372 3351 litteram
2396 3311 2556 3350 nemo
2584 3294 2808 3364 explere
2831 3302 3028 3365 potest,
3061 3311 3185 3349 nam
3214 3295 3259 3349 si
3296 3297 3559 3352 Dominus
3600 3300 3747 3354 Deus

2143 3384 2328 3449 Israel,
2360 3383 2451 3454 qui
2476 3400 2572 3454 per
2593 3384 2909 3453 prophetam
2941 3384 3211 3453 loquitur:
3252 3408 3274 3431 α
3337 3384 3548 3440 ΟωΙιιιιι
3609 3387 3744 3442 mihi

2144 3473 2301 3527 sedes
2329 3480 2431 3536 est,
2450 3480 2503 3526 et
2527 3480 2660 3526 terra
2702 3471 2998 3526 scabellum
3055 3473 3259 3542 pedum
3307 3489 3549 3529 meorum
3600 3475 3741 3544 (Ita.

2144 3576 2293 3626 1.xv1,
2325 3560 2378 3629 1)
2413 3579 2426 3626 ;
2455 3566 2551 3614 set
2567 3559 2699 3614 alibi
2730 3578 2740 3614 :
2780 3560 3018 3614 «Caelum
3039 3564 3093 3615 et
3115 3564 3322 3615 terram
3374 3578 3479 3635 ego
3540 3563 3743 3635 impleo

2144 3649 2282 3721 (Jer.
2318 3665 2475 3715 xxxii,
2509 3650 2619 3717 24),
2658 3670 2680 3695 ι»
2708 3647 2774 3716 si,
2810 3648 3049 3717 inquam,
3075 3649 3337 3705 Dominus
3377 3652 3526 3707 Deus
3572 3653 3742 3708 lsrael

2144 3745 2284 3793 totus
2301 3737 2500 3807 ubique
2530 3743 2631 3805 est,
2664 3735 2808 3791 unde
2830 3737 3111 3808 ingressus
3141 3745 3225 3792 est
3259 3755 3358 3809 per
3404 3748 3639 3810 portam,
3687 3751 3743 3796 et

2143 3840 2250 3897 quo
2280 3840 2533 3897 egressus
2562 3832 2641 3879 est
2669 3840 2770 3894 per
2793 3832 3005 3895 portam
3044 3824 3194 3881 illam
3228 3827 3256 3879 εἴ
3286 3826 3349 3880 Si
3376 3828 3527 3883 Deus
3554 3837 3634 3883 est
3646 3829 3740 3884 in-

2142 3914 2600 3982 circumscriptus,
2631 3912 2904 3981 quomodo
2934 3928 3056 3968 eum
3113 3914 3168 3967 in
3224 3922 3379 3984 porta
3433 3916 3625 3972 sedere
3669 3917 3741 3972 ad

2143 4003 2376 4059 litteram
2408 4001 2579 4070 accipi
2612 4009 2788 4070 potest
2811 4001 3133 4071 ‘?_quomodo
3161 4003 3464 4059 eritclausa
3482 4006 3738 4076 principi,

2143 4091 2188 4146 si
2216 4090 2469 4160 princeps
2497 4089 2612 4159 ipse
2634 4088 2896 4144 Dominus
2917 4090 3062 4144 Deus
3112 4092 3278 4145 Israel
3335 4092 3611 4163 ingressus
3649 4110 3744 4163 per

2144 4194 2263 4234 eam
2294 4177 2504 4231 sedebit
2531 4177 2584 4230 in
2607 4193 2690 4244 ea,
2731 4184 2788 4230 ut
2814 4177 3064 4231 comedat
3099 4193 3305 4248 panem
3365 4195 3556 4236 coram
3616 4183 3735 4237 Du-

2144 4268 2291 4322 miuo
2322 4266 2538 4334 ‘IQuem
2568 4280 2787 4334 panem,
2845 4264 2930 4320 vel
2967 4265 3268 4333 cujusmodi
3322 4284 3536 4338 panem,
3596 4272 3743 4327 unde

2144 4356 2366 4427 factum,
2399 4354 2483 4409 vel
2527 4352 2667 4407 unde
2714 4351 2954 4407 dalatum
2999 4355 3253 4410 comedat
3297 4357 3562 4412 Dominus
3596 4359 3742 4414 Deus

2140 4445 2330 4512 Israel,
2350 4451 2404 4498 et
2431 4457 2617 4497 coram
2650 4441 2881 4496 Domino
2901 4443 2929 4494 ‘I
2951 4440 3089 4504 Quis
3106 4450 3186 4498 est
3222 4443 3359 4498 alius
3402 4444 3502 4500 iste
3550 4447 3736 4502 Domi-

2137 4551 2257 4601 nus,
2299 4541 2356 4587 ut
2386 4546 2568 4587 coram
2601 4545 2666 4585 eo
2713 4545 2908 4599 panem
2966 4530 3216 4586 comedat
3262 4533 3523 4588 Dominus
3584 4536 3735 4591 Deus

2136 4621 2351 4676 lsrael?
2381 4619 2520 4687 Quia
2548 4634 2677 4691 ergo
2702 4619 2815 4674 hzec
2836 4618 2907 4673 ad
2938 4618 3171 4674 litteram
3229 4622 3400 4692 accipi
3458 4638 3569 4677 non
3608 4640 3736 4695 pos-

2135 4717 2259 4763 sunt
2312 4726 2325 4772 ;
2369 4724 2465 4779 per
2502 4715 2716 4777 portam
2774 4707 2908 4761 illud
2946 4707 3177 4778 intelligi
3215 4714 3454 4776 Oportet,
3511 4720 3566 4765 ut
3622 4716 3738 4768 hac

2135 4797 2315 4853 omnia
2342 4796 2766 4864 considereutur,
2798 4803 2851 4850 et
2888 4794 3229 4850 considerata
3257 4794 3373 4850 ﬁeri
3407 4812 3568 4866 posse
3613 4816 3738 4857 con-

2134 4886 2413 4941 venienter
2442 4885 2838 4956 intelligantur.
2861 4883 3125 4938 Dominus
3184 4899 3320 4956 ergo
3362 4885 3509 4940 Deus
3571 4889 3739 4961 Israel

2133 4973 2412 5047 ingressus
2458 4989 2551 5044 per
2583 4980 2798 5043 portam
2842 4972 3012 5041 illam,
3049 4970 3119 5027 ad
3152 4987 3255 5028 nos
3283 4988 3543 5045 egressus
3562 4978 3737 5047 exiit,

1730 5203 1956 5261 VARIE
2002 5202 2423 5261 LECTIONES.

412 5371 437 5403 ἰ

511 5417 553 5447 ’⁸
603 5420 700 5477 Ms.
755 5423 905 5478 Rem.
938 5424 1097 5478 omit.
1131 5426 1298 5481 uncis
1327 5427 1573 5485 inclusa.

731 5429 1097 5509 ειίξίηἈρ-ιηξξ.
1131 5429 1298 5509 tineis
1327 5429 1586 5509 iactam;
1659 5429 1709 5509 ’ᾗ
1734 5431 1826 5486 Ms.
1859 5434 2035 5500 Rem,
2068 5431 2338 5509 pristinae.
2361 5430 2419 5509 ξ’
2442 5432 2536 5509 δίε.
2575 5433 2728 5509 Rem.
2759 5434 2924 5509 omit.
2952 5435 3137 5509 1‘an
3186 5437 3434 5509 inclusa.
3470 5436 3513 5466 "
3541 5440 3639 5495 Ur.
3663 5440 3731 5495 S.

451 5489 664 5561 Germ.,
696 5490 766 5546 ci.
818 5491 859 5523 "
899 5493 994 5549 Ms.
1030 5494 1095 5548 S.
1136 5498 1284 5565 Gen,
1326 5498 1395 5554 ei.
1445 5498 1486 5528 ”
1536 5502 1642 5557 Ms.
1672 5503 1850 5570 Rem.,
1900 5489 2111 5558 omnes.
2161 5500 2315 5560 “Ms.
2352 5501 2408 5557 S.
2451 5503 2597 5571 Gen,
2642 5508 2788 5559 ante.
2848 5501 2891 5533 ’⁷
2941 5504 3043 5562 Ms.
3090 5489 3157 5560 S.

3241 5508 3369 5565 Ger.
3440 5512 3603 5569 omit.
3650 5517 3731 5569 et.
