4030 6084
286 331 421 388 1025

1273 307 1692 376 msrnrmo
1729 306 1947 372 IUDEI
1987 308 2128 371 cun
2166 266 2609 373 cnmsrmvo.

3542 116 3556 142 Ι

3451 328 3586 384 1026

284 453 411 526 quia
441 452 585 507 Deus
612 450 776 504 homo
806 448 977 502 tactus
1023 444 1080 500 in
1125 452 1277 499 utero
1325 440 1575 513 virginis,
1605 452 1677 494 ex
1707 450 1869 526 carne
1895 435 1955 499 A
1980 438 2181 495 mentio
2226 447 2279 494 et
2321 454 2498 495 sermo
2547 438 2797 495 habetur.
2849 440 2992 509 Quia
3036 458 3164 501 vero
3194 444 3433 516 Spiritus
3470 447 3569 504 Dei

282 524 547 612 virginis.
589 539 731 593 Nam
756 535 916 591 aliter
945 533 1013 589 ab
1042 531 1292 605 originali
1319 536 1543 602 peccato
1586 540 1697 582 non
1739 524 1892 580 ﬁeret

283 628 559 694 immunis,
595 625 731 681 sicut
760 625 816 679 in
843 622 1059 693 psalmo
1090 621 1289 693 legitur
1319 636 1332 672 :
1371 641 1392 666 ι
1424 617 1703 687 Tanquam
1734 628 1891 683 spon-

285 735 376 774 sus
404 714 706 787 procedens
737 712 806 768 de
838 710 1084 766 thalamo
1115 724 1214 765 suo
1245 708 1421 779 (Psal.
1453 720 1609 773 xvui,
1642 702 1715 771 6).
1752 725 1774 750 ιι
1808 700 1890 754 Ad

290 823 391 863 nos
412 807 576 860 homo
605 802 736 857 exiit
765 804 955 871 atque,
980 797 1216 852 Ieremia
1236 799 1392 860 teste,
1422 816 1444 843 (ι
1477 792 1533 846 in
1563 791 1721 846 terris
1740 789 1891 844 visus

289 902 392 961 est,
424 897 479 948 et
505 907 625 947 cum
670 887 979 945 hominibus
1022 892 1373 941 conversatus
1401 885 1482 937 est
1509 877 1772 949 (Baruch,
1803 892 1891 944 ιιι,

293 985 404 1054 38).
442 1004 463 1029 »
499 980 663 1034 Porta
691 977 879 1033 clausa
907 973 1028 1040 erit,
1061 972 1185 1044 quia
1213 971 1334 1026 viro
1361 969 1545 1026 clausa
1565 965 1606 994 ’⁸
1635 966 1754 1032 erit,
1786 980 1893 1019 nec

291 1071 375 1127 vir
411 1067 661 1123 transibit
688 1080 788 1135 per
816 1078 958 1119 eam.
991 1059 1195 1115 Clausa
1223 1057 1454 1130 principi
1484 1054 1804 1119 servabitur,
1836 1058 1896 1106 ut

289 1174 388 1231 per
413 1172 532 1213 eam
563 1152 925 1225 ingrediatur,
956 1148 1086 1220 quia
1113 1148 1380 1203 Dominus
1408 1146 1551 1200 Deus
1580 1141 1746 1196 Israel
1799 1139 1889 1193 in-

294 1229 510 1319 gressus
539 1250 623 1299 est
652 1257 751 1313 per
777 1254 920 1295 eam.
943 1238 1131 1307 Neque
1160 1235 1301 1291 enim
1331 1240 1456 1288 ante
1482 1229 1892 1300 conceptionem

291 1316 343 1391 et
395 1340 610 1405 partum
655 1328 854 1386 Christi
902 1333 1076 1381 mater
1121 1325 1238 1394 ejus
1285 1322 1398 1378 viro
1439 1319 1480 1349 ⁹⁹
1529 1317 1743 1390 cognita
1773 1316 1888 1382 fuit,

294 1402 553 1493 quo—niam
600 1426 758 1490 porta
804 1417 988 1471 clausa
1027 1414 1165 1482 erit,
1215 1419 1375 1481 atque
1422 1409 1607 1464 clausa
1654 1402 1891 1475 principi

298 1490 624 1567 servabitur.
695 1506 761 1561 Et
808 1504 1059 1574 quoniam
1118 1508 1285 1557 totum
1343 1499 1446 1554 hoc
1499 1490 1894 1551 Incarnationis

300 1596 599 1655 Dominica
630 1593 946 1665 mysterium
968 1590 1085 1646 sola
1104 1589 1302 1644 virtute
1323 1586 1506 1642 divina
1527 1583 1642 1639 sine
1662 1583 1896 1636 humano

297 1686 553 1758 contagio
581 1684 862 1756 peractum
893 1687 993 1746 est,
1024 1677 1154 1732 alibi
1184 1677 1453 1747 propheta
1499 1672 1670 1727 Isaias
1715 1668 1846 1723 dicit
1877 1683 1889 1718 :

1996 543 2107 583 non
2133 535 2214 583 est
2241 527 2463 583 alterius
2509 528 2822 584 substantia
2871 546 3032 600 quam
3082 534 3244 603 Deus,
3285 535 3383 590 sed
3428 537 3586 593 unius

1997 615 2350 714 ejusdemque
2392 617 2613 671 omnino
2654 617 2968 673 substantia
2998 627 3078 676 est
3106 622 3252 677 Deus
3281 631 3333 678 et
3362 623 3589 695 Spiritus

1997 708 2130 800 ejus,
2164 719 2411 800 compar,
2431 711 2747 800 coaternus
2792 714 2848 761 et
2892 708 3378 777 consubstantialis,
3426 713 3588 782 quid-

1998 789 2127 858 quid
2157 792 2302 844 enim
2333 791 2402 845 de
2431 788 2550 845 Deo
2592 791 2942 848 substantiale
2988 802 3087 861 est,
3137 811 3301 850 unum
3349 805 3401 851 et
3446 799 3589 855 idem

1997 877 2216 933 omnino
2243 886 2354 941 est;
2388 894 2420 934 a
2452 894 2561 950 quo
2590 880 2733 934 enim
2766 882 2910 935 Deus
2939 879 3140 951 aliquid
3171 900 3201 938 a
3230 900 3289 939 se
3318 884 3589 942 diversum

1998 963 2310 1035 acciperet?
2340 965 2485 1035 quia,
2518 965 2762 1036 inquam,
2814 968 2887 1022 ita
2930 978 3028 1035 est,
3079 973 3423 1040 consequitur
3468 975 3591 1046 quia

1997 1051 2142 1107 Deus
2171 1060 2251 1107 est
2280 1053 2455 1122 Pater,
2489 1054 2632 1108 Deus
2658 1055 2847 1122 Filius,
2878 1056 3025 1111 Deus
3072 1057 3303 1128 Spiritus
3351 1070 3588 1131 sanctus,

1999 1146 2054 1195 et
2082 1146 2260 1194 tamen
2289 1157 2400 1194 non
2444 1149 2553 1196 tres
2601 1141 2709 1204 dii;
2738 1142 2836 1198 sed
2867 1160 3002 1198 unus
3031 1153 3108 1200 est
3137 1147 3299 1216 Deus,
3328 1148 3510 1218 Pater,
3542 1159 3595 1207 et

1999 1226 2182 1293 Filius,
2215 1235 2269 1282 et
2300 1228 2531 1297 Spiritus
2561 1238 2795 1284 sanctus.
2836 1231 3053 1287 Nullam
3102 1250 3235 1289 vero
3280 1235 3334 1289 in
3380 1215 3596 1293 deitatis

1998 1315 2201 1371 unitate
2241 1316 2528 1386 recipimus
2573 1318 2963 1387 triplicitatem,
3014 1322 3271 1392 quoniam
3317 1324 3598 1396 triplicitas

2002 1403 2139 1459 tollit
2166 1404 2413 1459 essentia
2459 1405 2861 1475 simplicitatem
2914 1425 2924 1460 :
2973 1411 3223 1480 quamvis
3270 1412 3595 1483 recipiamus

1999 1506 2349 1560 personarum
2389 1492 2697 1562 trinitatem,
2731 1495 2985 1564 quoniam
3032 1513 3381 1566 personarum
3431 1502 3590 1556 trini-

1999 1586 2081 1633 tas
2107 1578 2351 1635 essentia
2378 1596 2487 1635 non
2519 1580 2707 1635 adimit
2748 1582 3031 1638 unitatem.
3081 1584 3437 1641 Commodius
3462 1605 3593 1645 vero

2002 1667 2110 1723 dici
2152 1676 2335 1738 potest
2379 1684 2742 1739 personarum
2787 1670 3015 1740 trinitas,
3048 1686 3212 1743 quam
3240 1688 3595 1742 personarum

301 1802 321 1825 α
360 1755 764 1840 Βοίδιθζθαξὶί,
794 1769 1050 1838 desuper,
1106 1774 1158 1821 et
1203 1765 1374 1819 nubes
1420 1762 1605 1834 pluant
1644 1759 1887 1829 justum;
1918 1779 1972 1839 Β
2004 1755 2314 1825 triplicitas,
2363 1772 2431 1812 ne
2476 1773 2820 1828 unaquaque
2867 1773 3100 1828 persona
3156 1760 3595 1833 subintelligatur

292 1863 574 1936 aperiatur
621 1863 784 1925 terra,
816 1863 870 1912 et
908 1854 1175 1928 germinet
1223 1853 1474 1909 Salvator
1506 1865 1565 1903 ιιι
1596 1848 1729 1917 (Isa.
1758 1858 1891 1913 XLV,

303 1933 388 2024 8—).
433 1975 456 2002 ι
489 1951 655 2017 Rore,
687 1945 881 2017 inquit,
931 1952 985 1999 et
1027 1942 1172 2000 nube
1218 1939 1456 2007 caelesti,
1505 1939 1609 1993 hoc
1654 1943 1734 1990 est
1780 1933 1898 1988 sola

297 2021 569 2098 creatione
605 2045 661 2093 et
689 2033 1006 2107 Operatione
1047 2031 1168 2099 Dei,
1219 2030 1357 2085 sicut
1389 2026 1553 2098 paulo
1599 2030 1718 2096 post
1760 2021 1895 2077 sub-

299 2130 478 2187 didit:
509 2149 531 2175 α
566 2127 682 2196 Ego
712 2121 980 2178 Dominus
1009 2119 1187 2175 creavi
1215 2133 1338 2173 eum
1372 2115 1527 2185 (Ibid.
1562 2114 1651 2182 12)
1676 2129 1688 2166 :
1712 2115 1899 2182 aperta

297 2227 380 2276 est
408 2226 576 2284 terra,
608 2221 794 2268 uterus
826 2209 1084 2266 videlicet
1110 2205 1367 2277 virginis,
1389 2211 1443 2259 et
1471 2201 1689 2274 protulit
1709 2201 1895 2257 Salva“

295 2317 489 2365 torem.
526 2303 780 2370 Princeps
822 2299 938 2369 ipse
986 2295 1199 2352 sedebit
1225 2294 1280 2347 in
1309 2308 1393 2360 ea,
1426 2290 1679 2362 quoniam
1729 2290 1783 2343 in
1829 2303 1895 2343 ea

291 2409 507 2469 quoque
533 2388 885 2451 humanitate,
909 2401 1069 2456 quam
1102 2382 1344 2438 Christus
1377 2396 1476 2451 pro
1508 2380 1667 2434 nobis
1687 2393 1893 2432 assum-

290 2466 416 2556 psit,
450 2479 635 2538 omnia
665 2476 770 2532 sibi
801 2474 1008 2530 subdita
1060 2471 1288 2540 accepit.
1336 2468 1489 2525 Unde
1520 2476 1568 2523 et
1600 2468 1654 2521 in
1684 2466 1894 2537 psalmo

292 2555 490 2628 dicitur
521 2585 534 2624 :
565 2592 587 2617 ‹ι
612 2564 850 2621 Minuisti
883 2578 1009 2618 eum
1039 2560 1205 2631 paulo
1225 2558 1406 2613 minus
1432 2558 1501 2611 ab
1522 2556 1750 2627 angelis,
1774 2555 1891 2625 glo-

292 2663 375 2717 ria
423 2668 476 2715 et
521 2658 730 2712 honore
785 2650 1049 2708 coronasti
1104 2664 1256 2714 eum,
1290 2655 1345 2702 et
1398 2643 1718 2700 constituisti
1769 2657 1892 2697 eum

300 2764 467 2820 super
496 2760 663 2817 opera
691 2755 955 2797 manuum
988 2746 1197 2792 tuarum
1231 2736 1402 2803 (Psal.
1426 2748 1543 2799 vm,
1576 2734 1651 2801 6).
1680 2754 1701 2779 »
1738 2730 1893 2785 Com-

295 2817 405 2896 edit
432 2849 630 2907 panem
650 2845 829 2887 coram
852 2826 1105 2893 Domino,
1130 2824 1340 2879 faciens
1360 2822 1695 2877 voluntatem
1718 2817 1894 2872 Patris

301 2928 405 2991 sui,
440 2923 531 2994 qui
560 2937 682 2977 eum
713 2916 858 2972 misit
900 2915 967 2970 ad
1007 2930 1122 2968 nos.
1171 2913 1250 2966 De
1281 2913 1382 2966 hoc
1411 2908 1663 2975 Domino,
1697 2915 1750 2961 et
1776 2908 1892 2961 Do-

302 3014 468 3081 mino,
511 3011 566 3064 in
610 3007 818 3080 psalmo
860 3002 1056 3058 dicitur
1085 3019 1097 3055 :
1136 3023 1156 3047 ‹‹
1189 2999 1339 3053 Dixit
1370 2997 1630 3052 Dominus
1659 2994 1892 3049 Domino

2007 1843 2285 1914 tripliciter
2313 1854 2559 1915 accepta.
2609 1846 2719 1902 Sed
2762 1848 3023 1917 quoniam
3051 1849 3192 1902 inter
3217 1848 3410 1904 ﬁdeles
3444 1849 3596 1907 solos

2004 1930 2073 1987 de
2102 1932 2302 1988 unitate
2332 1933 2551 1989 deitatis
2580 1949 2644 1988 ac
2672 1948 3024 2003 personarum
3074 1935 3304 1992 trinitate
3332 1937 3388 1991 in
3417 1937 3593 1994 deita-

2006 2021 2072 2077 tis
2119 2019 2345 2090 unitate,
2377 2037 2555 2076 sermo
2584 2020 2863 2076 habendus
2893 2029 2994 2091 est,
3026 2022 3154 2093 quia
3195 2025 3311 2079 sine
3350 2027 3596 2095 periculo

2005 2112 2216 2180 dicitur,
2282 2108 2546 2181 quidquid
2613 2109 2927 2165 ventilando
2971 2109 3033 2138 ³⁰¹
3072 2110 3372 2180 discutitur,
3436 2122 3598 2185 atque

2005 2200 2341 2258 auctoritatis
2382 2196 2690 2251 testimonio
2732 2196 3001 2268 dirigitur,
3030 2198 3074 2251 si
3103 2197 3204 2267 vis,
3233 2201 3596 2269 procedamus

2004 2292 2076 2345 ad
2133 2288 2343 2358 reliqua
2404 2286 2474 2341 de
2541 2285 2753 2341 Christo
2816 2285 3216 2355 Scripturarum
3257 2288 3591 2348 testimonia.

2006 2380 2197 2433 Postea
2227 2376 2293 2430 ad
2324 2376 2460 2444 hac,
2492 2381 2650 2444 prout
2673 2372 2984 2444 poterimus,
3026 2374 3362 2430 discutienda
3406 2392 3593 2433 rever-

2004 2472 2200 2522 temur.
2235 2462 2498 2533 Quamvis
2529 2462 2671 2517 enim
2703 2463 2807 2516 hoc
2835 2462 3156 2531 mysterium
3184 2464 3329 2518 nulla
3359 2466 3597 2521 humana

2004 2554 2141 2609 ratio
2184 2559 2362 2624 potest
2408 2550 2899 2620 comprehendere,
2942 2557 3120 2604 tamen
3152 2573 3173 2599 «
3209 2550 3454 2606 videmus
3498 2568 3600 2623 per

2004 2642 2291 2712 speculum
2321 2641 2378 2694 in
2406 2638 2694 2710 aenigmate
2717 2637 2773 2707 (Ι
2793 2637 2926 2693 Cor.
2948 2653 3070 2706 xm,
3095 2638 3202 2708 12).
3230 2658 3253 2688 ι
3274 2669 3343 2680 -
3370 2663 3391 2690 ιι
3414 2640 3599 2698 invisi.

1999 2731 2133 2785 bilia
2163 2730 2304 2785 enim
2326 2727 2443 2793 Dei,
2468 2742 2567 2796 per
2593 2742 2659 2781 ea
2686 2741 2807 2797 qua
2838 2724 2979 2780 facta
3006 2734 3150 2791 sunt,
3175 2726 3447 2783 intellecta
3474 2745 3598 2786 con-

2001 2818 2324 2889 spiciuntur,
2357 2815 2681 2885 sempiterna
2728 2829 2943 2883 quoque
2972 2814 3093 2883 ejus
3121 2813 3285 2869 virtus
3313 2823 3365 2870 et
3393 2816 3598 2874 divini-

2002 2915 2083 2960 tas
2113 2908 2289 2977 (Rom.
2318 2922 2357 2969 ι,
2382 2906 2493 2973 20).
2532 2926 2553 2950 η
2596 2901 2732 2955 Illud
2758 2916 2974 2971 quoque
3002 2900 3069 2931 1”
3094 2902 3240 2956 aliud
3263 2905 3594 2976 exemplum,

2004 2994 2151 3066 quod
2178 2991 2476 3048 refellendo
2505 2990 2751 3060 posuisti,
2784 2989 2917 3044 nihil
2948 3005 3049 3044 nos
3078 2990 3325 3060 impedit.
3367 2992 3425 3047 Si
3452 2995 3598 3049 enim

296 3117 422 3159 meo
503 3078 649 3154 Sede
679 3111 712 3151 a
743 3092 949 3149 dextris
979 3089 1301 3180 meis(Psal.
1335 3100 1447 3153 Clx,
1476 3085 1544 3154 l).
1575 3106 1595 3132 ι»
1633 3082 1766 3151 Quis
1788 3082 1894 3136 Do-
1921 3116 1971 3180 Ο
2000 3091 2176 3137 mater
2204 3080 2415 3147 Christi,
2448 3079 2516 3133 de
2548 3078 2706 3146 cujus
2734 3093 2894 3134 carne
2923 3078 2979 3131 in
3008 3078 3124 3147 ejus
3165 3087 3320 3134 utero
3351 3081 3598 3137 Christus

299 3192 478 3247 minus
506 3189 610 3242 hoc
639 3183 822 3239 dicat‘?
853 3187 904 3235 et
932 3178 1017 3233 cui
1038 3176 1272 3232 Domino
1293 3175 1398 3230 hoc
1420 3172 1607 3227 dicat?
1637 3170 1759 3225 audi
1779 3169 1893 3225 evi-

293 3278 510 3335 dentius
556 3275 610 3328 in
652 3272 757 3327 alio
797 3268 1013 3340 psalmo
1046 3283 1058 3319 :
1096 3285 1119 3316 ι
1152 3263 1416 3319 Dominus
1466 3261 1603 3315 dixit
1649 3258 1717 3314 ad
1758 3273 1888 3311 me:

296 3368 464 3423 Filius
490 3378 644 3419 meus
675 3376 732 3415 es
762 3366 838 3425 tu,
867 3371 972 3428 ego
997 3354 1163 3409 hodie
1192 3351 1352 3423 genui
1383 3358 1454 3404 te.
1478 3348 1697 3403 Postula
1726 3363 1758 3400 a
1785 3360 1892 3413 me,

301 3465 351 3513 et
380 3454 521 3509 dabo
553 3434 661 3506 tibi
678 3456 876 3520 gentes
906 3442 1282 3499 hareditatem
1313 3446 1474 3503 tuam,
1508 3445 1558 3491 et
1588 3433 1894 3506 possessio-

299 3560 424 3600 nem
454 3551 607 3597 tuam
639 3536 899 3593 terminos
929 3540 1088 3587 terra
1116 3529 1289 3599 (Psal.
1312 3543 1370 3595 ιι,
1394 3528 1446 3594 7,
1473 3528 1548 3593 8).
1578 3548 1599 3571 ιι
1637 3523 1897 3577 Dominus

297 3648 430 3705 ergo
461 3637 544 3686 est
572 3630 752 3691 Pater,
783 3623 1047 3677 Dominus
1076 3626 1128 3674 et
1158 3616 1345 3671 Filius.
1404 3615 1511 3670 Sed
1541 3613 1668 3683 quia
1696 3613 1749 3666 in
1782 3612 1896 3666 Deo

297 3699 432 3777 nihil
476 3725 556 3774 est
602 3713 939 3771 extrinsecus
968 3715 1264 3777 sumptum,
1296 3713 1348 3759 et
1376 3704 1520 3775 apud
1546 3703 1717 3756 Deum
1748 3699 1898 3753 nulla

300 3820 604 3879 temporum
652 3797 972 3857 vicissitudo
1021 3812 1113 3851 seu
1161 3792 1498 3849 murabilitas
1526 3798 1624 3856 est,
1653 3796 1815 3859 atque
1842 3788 1899 3842 in

299 3878 587 3954 Deoinulla
630 3889 890 3947 essentia
934 3885 1223 3941 diversitas
1268 3880 1499 3951 intelligi
1545 3884 1743 3949 potest,
1776 3878 1899 3946 quis

305 3986 449 4044 enim
479 3984 533 4037 in
562 3982 676 4036 Deo
715 3978 932 4033 diversa
978 3972 1299 4044 copularet‘?
1342 3970 1468 4041 quia
1508 3984 1639 4039 ergo
1687 3966 1743 4020 in
1783 3966 1899 4020 Deo

305 4074 443 4130 nihil
470 4074 665 4127 horum
698 4074 801 4137 est,
829 4064 925 4119 sed
956 4060 1218 4134 quidquid
1263 4059 1319 4112 in
1362 4073 1427 4112 eo
1473 4064 1582 4125 est,
1635 4070 1802 4108 unum
1851 4059 1902 4107 et

308 4163 455 4218 idem
485 4158 705 4216 omnino
755 4149 1176 4209 substantialiler
1222 4154 1335 4214 est,
1384 4153 1508 4199 ante
1549 4143 1731 4199 omnia
1780 4140 1899 4197 exi-

304 4250 515 4317 stendo,
547 4251 602 4302 et
630 4251 751 4317 post
779 4238 963 4297 omnia
1008 4235 1370 4301 subsistendo,
1403 4231 1751 4302 consequitur
1778 4230 1904 4300 quia

303 4341 439 4396 sicut
468 4339 626 4392 Pater
670 4340 752 4389 est
798 4331 963 4396 Deus,
995 4333 1048 4382 et
1077 4324 1244 4380 Filius
1274 4324 1422 4377 Deus
1465 4324 1547 4375 est
1574 4318 1635 4348 ¹⁰⁰
1663 4334 1900 4390 compar,

305 4435 610 4485 coaternus
658 4429 711 4476 et
757 4411 1247 4479 consubstantialis,
1280 4425 1394 4466 non
1424 4417 1606 4464 tamen
1643 4408 1753 4462 duo
1803 4405 1898 4472 dii,

304 4518 405 4574 sed
433 4530 570 4569 unus
598 4518 677 4566 est
696 4510 863 4574 Deus,
889 4504 1016 4576 quia
1039 4518 1148 4557 non
1180 4499 1421 4567 alterius,
1447 4497 1542 4552 sed
1570 4496 1731 4551 unius
1759 4494 1901 4563 ejus-

305 4607 430 4661 dem
462 4601 681 4658 omnino
710 4593 1021 4652 substantia
1051 4599 1131 4646 est
1159 4591 1316 4643 Pater
1344 4594 1398 4643 et
1426 4585 1614 4641 Filius.
1654 4582 1802 4638 Idem
1834 4580 1903 4636 de

308 4692 511 4765 Spiritu
541 4695 724 4744 sancto
754 4681 982 4752 intelligi
1010 4693 1232 4734 necesse
1260 4678 1358 4731 est.
1385 4673 1547 4737 Quod
1577 4679 1756 4727 autem
1779 4668 1902 4739 Spi-

306 4760 443 4838 ritus
471 4772 683 4834 sanctus
730 4774 814 4841 sit,
864 4768 1048 4825 multis
1096 4765 1495 4836 Scripturarum
1541 4760 1673 4817 locis
1718 4765 1905 4830 aperte

308 4870 468 4941 legis.
504 4890 525 4917 «
556 4863 787 4935 Spiritus
808 4857 1023 4915 Domini
1054 4854 1333 4910 ferebatur
1358 4866 1520 4920 super
1546 4864 1713 4917 aquas
1739 4847 1900 4918 (Cen.

310 4933 476 5027 1:2).
531 4977 550 5005 »ι
596 4933 675 5009 Et
721 4949 850 5005 alibi
899 4967 911 5002 :
970 4968 992 4995 α
1045 4943 1225 5001 Verbo
1270 4938 1488 4995 Domini
1536 4937 1663 4993 coeli
1709 4933 1904 4989 ﬁrmati

309 5023 453 5111 sunt,
482 5047 537 5100 et
565 5040 755 5113 spiritu
786 5037 898 5093 oris
927 5035 1050 5105 ejus
1076 5030 1253 5089 omnis
1279 5028 1452 5085 virtus
1494 5039 1683 5080 eorum
1713 5023 1896 5093 (Psat.

310 5150 483 5203 χχχιι,
517 5110 651 5203 6)::
684 5129 752 5183 Et
779 5124 911 5181 alibi
944 5139 956 5178 :
996 5145 1018 5172 ι
1053 5122 1280 5177 Sanctus
1308 5116 1453 5171 enim
1479 5112 1710 5184 Spiritus
1737 5110 1906 5166 disci-

308 5197 479 5295 plina
507 5197 729 5291 effugiet
757 5215 942 5270 ﬁctum
969 5212 1123 5281 (Sap.
1154 5222 1191 5274 I,
1227 5207 1303 5295 v),
1341 5226 1363 5253 ι)
1389 5209 1452 5295 et
1480 5202 1535 5295 in
1564 5197 1905 5295 quampluri-

308 5290 412 5368 bus
441 5309 560 5366 aliis
589 5304 804 5365 Veteris
830 5297 1160 5358 Testamenti
1186 5294 1324 5351 locis
1373 5292 1441 5348 de
1491 5290 1694 5361 Spiritu
1721 5293 1904 5341 sancto

2002 3186 2222 3226 carnem
2259 3166 2484 3236 accepit,
2515 3165 2584 3219 de
2611 3166 2817 3219 semine
2844 3164 3076 3219 Abraha
3104 3170 3223 3219 orta
3251 3166 3373 3232 fuit,
3404 3167 3473 3223 de
3502 3184 3594 3224 se-

2000 3259 2147 3313 mine
2174 3257 2413 3311 Abraha
2441 3254 2683 3308 Christus
2710 3251 2977 3323 originem
3007 3252 3182 3320 duxit,
3207 3257 3455 3322 quamvis
3480 3256 3598 3313 sine

2003 3348 2114 3402 ullo
2144 3346 2249 3401 viri
2280 3342 2490 3398 semine
2513 3341 2580 3395 de
2607 3339 2822 3412 virgine
2851 3347 3021 3394 matre
3048 3347 3198 3395 ortus
3226 3341 3344 3397 fuit.

2670 3443 2920 3484 JUDIEUS.

2075 3521 2132 3578 Si
2190 3520 2270 3575 fas
2325 3525 2406 3574 est
2460 3515 2771 3572 Christianis
2820 3516 2924 3570 hoc
2976 3516 3141 3571 modo
3198 3516 3501 3588 Scripturas
3530 3518 3600 3577 de

2005 3610 2214 3666 Christo
2243 3608 2433 3679 legere
2460 3613 2512 3660 et
2541 3604 2897 3675 interpretari,
2929 3603 3100 3658 multo
3129 3604 3280 3674 plura
3308 3605 3601 3664 invenietis

2005 3715 2123 3771 qua
2168 3697 2244 3751 ita
2284 3709 2502 3766 quoquo
2557 3693 2723 3747 modo
2783 3690 3025 3763 poteritis
3071 3693 3443 3763 interpretari.
3487 3697 3603 3753 Nos

2004 3796 2209 3844 vestras
2236 3784 2443 3839 litteras
2470 3781 2762 3849 nescimus,
2783 3787 2837 3836 et
2865 3781 3091 3835 fortasse
3119 3780 3286 3836 multa
3314 3782 3449 3838 dicis
3477 3799 3602 3840 esse

2006 3874 2149 3946 apud
2197 3888 2291 3929 vos
2334 3871 2549 3940 scripta,
2583 3885 2702 3939 qua
2750 3867 2896 3938 apud
2937 3884 3037 3923 nos
3084 3868 3285 3938 scripta
3327 3887 3442 3925 esse
3489 3887 3601 3928 non

2006 3962 2300 4019 credimus.
2346 3960 2455 4014 Sed
2486 3958 2533 4012 si
2560 3959 2706 4012 Deus
2735 3956 2865 4009 mihi
2895 3964 2946 4011 et
2976 3955 3072 4010 tibi
3121 3956 3290 4011 vitam
3336 3967 3602 4027 praestare

2006 4049 2258 4115 voluerit,
2308 4046 2500 4116 majori
2529 4045 2637 4100 otio
2665 4044 2736 4098 ad
2764 4047 2818 4099 te
2847 4046 3108 4110 revertar,
3153 4044 3410 4099 librorum
3460 4062 3601 4102 con-

2009 4137 2245 4193 feremus
2275 4136 2420 4205 apud
2449 4149 2549 4188 nos
2579 4140 2630 4186 et
2660 4131 2804 4201 apud
2850 4145 2950 4187 vos
2996 4131 3356 4201 exemplaria,
3407 4140 3460 4188 et
3500 4134 3603 4189 ista

2006 4226 2344 4296 requiremus
2410 4220 2684 4290 exempla.
2732 4219 2856 4289 Ipse
2897 4217 3114 4288 quidem
3160 4219 3333 4274 fateor
3375 4236 3601 4277 summa

2008 4314 2246 4384 ineptia,
2277 4311 2388 4366 imo
2418 4308 2703 4365 dementia
2742 4323 2882 4377 esse,
2931 4321 3029 4362 seu
3070 4322 3178 4373 me,
3210 4322 3305 4362 seu
3333 4315 3386 4363 te
3414 4315 3606 4366 contra

2011 4400 2282 4470 evidentia
2311 4398 2713 4467 Scripturarum
2744 4395 2994 4465 exempla
3040 4402 3093 4449 et
3138 4396 3480 4453 auctoritates
3505 4414 3604 4454 re-

2010 4491 2221 4557 sistere,
2255 4495 2306 4543 et
2335 4485 2535 4542 idcirco
2563 4500 2671 4540 non
2720 4492 2805 4539 est
2849 4498 2986 4554 opus
3016 4482 3084 4537 ad
3111 4499 3352 4552 prasens
3381 4492 3433 4540 te
3460 4486 3604 4542 ulte-

2010 4579 2122 4634 rius
2171 4574 2496 4646 disputando
2542 4572 2864 4644 procedere.
2900 4571 3040 4625 Nam
3078 4587 3290 4638 revera,
3323 4589 3421 4629 vos
3444 4572 3603 4628 Chri-

2012 4665 2190 4734 stiani,
2221 4664 2391 4720 multa
2418 4660 2673 4733 profertis
2697 4661 2765 4715 de
2794 4660 2916 4731 lege
2942 4665 2997 4714 et
3021 4660 3315 4731 prophetis,
3345 4677 3465 4732 qua
3494 4676 3605 4717 non

2011 4763 2141 4811 sunt
2161 4754 2364 4824 scripta
2391 4752 2445 4805 in
2473 4751 2597 4821 lege
2628 4756 2681 4804 et
2706 4747 3003 4819 prophetis.
3027 4747 3164 4802 lllud
3190 4748 3333 4802 enim
3364 4749 3507 4819 quod
3531 4749 3604 4805 de

2010 4843 2247 4899 Ieremia
2275 4838 2498 4912 posuisti
2530 4855 2543 4892 :
2581 4860 2602 4885 α
2641 4838 2763 4892 Post
2798 4836 2918 4891 hac
2959 4835 3020 4889 in
3067 4836 3224 4890 terris
3265 4837 3411 4892 Deus
3452 4839 3605 4894 visus

2015 4940 2112 4997 est,
2147 4939 2201 4986 et
2228 4945 2352 4985 cum
2392 4926 2705 4982 hominibus
2740 4932 3089 4981 conversatus
3118 4931 3196 4979 est
3226 4925 3487 4995 (Baruch.
3518 4943 3603 4997 ιιι,

2015 5019 2126 5090 38),
2156 5042 2177 5067 ιι
2204 5016 2476 5085 multaque
2504 5014 2611 5068 alia
2637 5013 2761 5067 huic
2787 5012 2905 5067 usui
2933 5012 3177 5081 superius
3206 5027 3437 5083 annexa,
3458 5016 3607 5072 Iere-

2013 5107 2151 5162 mias
2176 5120 2288 5160 non
2316 5102 2471 5171 dixit,
2503 5117 2613 5158 non
2640 5100 2872 5171 scripsit.
2901 5098 3061 5169 Quod
3084 5099 3129 5155 si
3158 5101 3261 5157 hoc
3288 5102 3345 5156 in
3370 5104 3607 5159 Ieremia

2015 5194 2276 5265 scriptum
2311 5208 2431 5248 esse
2471 5189 2774 5257 inveneris,
2826 5196 3016 5245 catera
3062 5190 3411 5246 veracissime
3457 5191 3608 5247 dicta

2016 5299 2134 5341 esse
2162 5280 2222 5311 ³⁰⁸
2252 5279 2512 5338 concedo.
2546 5279 2604 5335 Si
2634 5285 2810 5334 autem
2839 5277 2894 5333 in
2922 5274 3157 5334 Ieremia
3174 5294 3284 5333 non
3313 5278 3600 5347 inveneris,

1616 5409 1861 5469 vanu:
1898 5402 2310 5486 LECTIONES.

380 5532 422 5564 "
452 5534 547 5591 Ms.
587 5533 765 5596 Rem,
795 5522 921 5595 quia
946 5520 1106 5596 virgo
1134 5515 1337 5596 clausa:

313 5606 440 5664 ﬁde.
553 5598 615 5632 ¹⁰²
639 5592 759 5657 Ms.
787 5592 978 5662 Herm,
1008 5592 1208 5661 itaque.

1448 5509 1488 5585 ’_’
1518 5508 1615 5585 M5.
1649 5509 1824 5573 Rem,
1855 5503 2037 5585 virgo.

1321 5581 1380 5614 ¹⁸⁸
1407 5580 1520 5638 Ms.
1553 5581 1730 5646 Rem,
1761 5580 2055 5636 verissima
2081 5586 2218 5631 esse.

2148 5499 2207 5528 ¹⁰⁰
2236 5500 2338 5556 Hs.
2381 5500 2437 5557 S.
2473 5498 2595 5556 Ger.
2626 5498 2789 5556 deest
2815 5507 2916 5555 est.
3030 5496 3088 5526 ¹⁰¹
3117 5495 3228 5552 Ms.
3255 5497 3409 5553 Rem.
3441 5493 3603 5552 salva
