4030 6084
476 287 613 339 1017

1355 275 1773 333 GISLEBERTI
1812 279 2113 336 CRISPINI
2158 280 2312 333 ΛΒΒ.
2357 277 2877 343 \VESTMONAST.

3644 286 3798 343 1028

475 410 686 477 depone
717 414 916 461 tantam
948 405 1242 460 adversum
1272 416 1369 455 nos
1398 401 1814 457 animositatem.
1849 404 2060 458 Eruhe-
2089 403 2144 462 Α
2173 403 2457 471 dixerunt,
2491 407 2658 463 multa
2685 411 3012 481 scripserunt
3037 429 3048 474 ;
3088 411 3184 466 sed
3208 427 3328 483 qua
3358 411 3630 482 dixerunt,
3673 412 3797 464 He-

478 513 567 552 sce
615 503 801 551 contra
848 510 944 548 nos
991 491 1335 547 adinventam
1383 488 1695 556 falsitatem,
1742 499 1790 545 et
1839 507 2072 562 agnosce

479 586 709 654 primam
741 583 884 652 apud
933 596 1031 635 nos
1076 593 1396 648 permanere
1439 578 1490 631 in
1541 578 1668 648 lege
1703 587 1754 632 et
1797 581 2072 650 prophetis

478 672 780 728 veritatem.
814 671 952 724 Nam
982 677 1032 722 et
1059 667 1190 722 illud
1222 667 1366 736 quod
1399 681 1494 720 vos
1523 667 1764 721 universi
1789 669 2072 723 Christiani

472 777 567 816 ore
598 770 705 815 tam
737 774 924 813 severo
956 757 1216 811 adversus
1246 771 1344 810 nos
1365 753 1648 823 profertis:
1686 779 1706 803 α
1743 756 1880 810 Ecce
1910 757 2070 827 virgo

469 847 738 918 concipiet
769 854 820 900 et
844 845 1020 915 pariet
1048 843 1212 898 filium
1240 843 1371 912 (lsa.
1404 857 1500 908 vu,
1536 841 1644 911 I4).
1682 866 1708 890 ι
1767 843 1935 897 Isaias
1962 860 2070 898 non

466 936 621 1002 dixit,
656 952 764 988 non
795 933 1026 1003 scripsit,
1061 931 1156 986 sed
1187 939 1392 984 tantum
1423 948 1433 982 :
1475 952 1495 977 ‹‹
1530 930 1695 996 Ecce,
1727 931 1915 1000 inquit,
1949 933 2071 986 abs-

465 1024 685 1079 condita
713 1022 984 1092 concipiet
1030 1028 1084 1074 et
1126 1019 1298 1088 pariet
1346 1018 1538 1071 tilium.
1579 1041 1600 1065 ι
1653 1019 1859 1073 Tamen
1889 1019 1933 1072 si
1964 1021 2069 1076 hoc

463 1113 636 1182 ipsum
670 1110 895 1164 dixisset
925 1110 1096 1163 Isaias
1133 1108 1277 1176 quod
1326 1121 1423 1160 vos
1469 1103 1666 1172 dicitis,
1719 1123 1832 1160 non
1885 1115 2067 1163 tamen

466 1199 674 1253 addidit
712 1198 857 1267 quod
888 1213 954 1251 ex
985 1203 1157 1252 vestra
1185 1201 1339 1264 parte
1367 1193 1583 1260 additis,
1617 1194 1761 1262 quod
1809 1194 1963 1266 virgo
2012 1196 2065 1248 in

471 1293 735 1357 conceptu
766 1285 964 1339 mansit
996 1291 1048 1338 et
1077 1283 1204 1353 quia
1232 1289 1354 1351 post
1381 1290 1592 1350 partum
1617 1281 1774 1352 virgo
1804 1299 2062 1350 perman-

471 1376 563 1432 sit.
594 1376 711 1430 Hoc
740 1390 840 1429 nec
870 1375 1039 1427 Isaias
1068 1372 1222 1438 dixit,
1256 1386 1353 1424 nec
1381 1369 1522 1424 ullus
1547 1369 1682 1424 alius
1707 1371 1991 1440 propheta.

1069 1474 1454 1513 CIIRISTIANUS.

542 1550 681 1617 Quia
710 1548 955 1603 Christus
985 1549 1195 1602 veritas
1224 1553 1325 1612 est,
1354 1544 1489 1600 ﬁdes
1515 1545 1710 1600 Christi
1741 1546 1888 1600 nulla
1919 1547 2066 1601 falsi-

470 1646 580 1692 tate
613 1637 840 1708 indiget,
875 1651 972 1690 nec
1004 1635 1057 1689 in
1089 1634 1330 1690 Ecclesia
1361 1634 1556 1688 Christi
1607 1634 1750 1688 ullus
1792 1643 1871 1688 est
1915 1635 2064 1689 locus

471 1725 714 1781 falsitati.
762 1725 895 1792 Qua
925 1724 1256 1793 proferimus
1284 1722 1478 1793 scripta
1505 1722 1558 1776 in
1593 1722 1712 1793 lege
1741 1730 1794 1776 et
1819 1725 2062 1792 prophe-

470 1814 555 1881 tis,
590 1813 900 1882 accepimus
931 1827 962 1866 a
991 1810 1148 1866 vobis
1177 1811 1375 1880 scripta
1407 1826 1525 1865 esse
1568 1809 1622 1863 in
1667 1810 1790 1880 lege
1831 1818 1886 1865 et
1930 1827 2064 1880 pro-

471 1902 671 1971 phetis.
730 1901 928 1970 Legem
981 1898 1123 1952 enim
1181 1907 1232 1952 et
1288 1899 1582 1968 prophetas
1621 1898 1868 1954 Ecclesia
1906 1899 2066 1954 Chri-

468 1989 535 2044 sti
566 2004 600 2043 a
627 1988 786 2044 vobis
836 1986 1065 2056 accepit,
1117 1993 1169 2040 et
1214 1986 1357 2055 quod
1403 2001 1436 2040 a
1482 1986 1636 2041 vobis
1683 1987 1912 2055 accepit,
1955 1987 2063 2041 im-

463 2084 738 2131 mutatum
801 2091 896 2146 per
948 2082 1023 2130 tot
1061 2075 1260 2130 sacula
1316 2074 1382 2128 ad
1440 2077 1556 2128 hac
1613 2091 1782 2144 usque
1839 2091 2064 2130 conser-

465 2164 610 2221 vavit
654 2171 924 2233 tempora.
988 2163 1345 2231 Temporibus
1393 2163 1652 2218 Ptolomei
1701 2163 1847 2233 regis
1892 2164 2062 2235 Egy-

465 2253 544 2326 pti
577 2251 920 2323 septuaginta
951 2250 1291 2321 interpretes,
1325 2259 1519 2306 vestra
1549 2250 1726 2321 gentis
1766 2259 1888 2307 tunc
1933 2267 2061 2306 eru-

469 2339 723 2395 ditissimi
764 2339 1032 2404 doctores,
1077 2339 1256 2409 legem
1306 2345 1359 2392 et
1405 2340 1700 2407 prophetas
1727 2353 1794 2392 ex
1827 2339 2060 2395 Hebrao

465 2429 521 2482 in
580 2428 828 2483 Graecum
894 2426 1231 2496 interpretati
1297 2434 1442 2480 sunt.
1507 2426 1690 2481 Nostri
1754 2435 1931 2481 autem
1993 2429 2062 2482 de

467 2516 662 2571 Graco
692 2516 747 2569 in
777 2515 1046 2580 Latinum,
1096 2514 1320 2569 verbum
1363 2529 1431 2568 ex
1477 2515 1664 2582 verbo,
1715 2514 1802 2569 vel
1843 2531 2056 2570 sensum

471 2622 535 2660 ex
563 2622 720 2660 sensu
748 2612 941 2674 postea
983 2602 1314 2672 interpretati
1361 2610 1509 2656 sunt.
1557 2603 1640 2657 Ab
1687 2603 1822 2673 ipsis
1863 2619 2056 2658 exem-

462 2692 701 2763 plaribus
739 2692 926 2760 primis
955 2691 1265 2761 accepimus
1295 2690 1558 2760 quidquid
1598 2690 1652 2744 in
1693 2691 1815 2763 lege
1846 2699 1898 2745 et
1925 2708 2054 2761 pro-

463 2780 642 2849 phetis
670 2781 925 2848 scriptum
957 2779 1242 2833 habemus.
1283 2780 1426 2849 Lege
1469 2795 1662 2847 novos,
1695 2779 1816 2850 lege
1847 2787 2056 2835 veteres

460 2867 671 2922 Veteris
716 2867 1060 2921 Instrumenti
1102 2867 1271 2921 libros
1322 2865 1402 2932 1“,
1449 2867 1573 2938 lege
1620 2868 1765 2936 apud
1815 2868 2052 2936 Gracos,

463 2955 584 3025 lege
630 2954 772 3025 apud
803 2955 1040 3021 Latinos,
1074 2971 1348 3024 nunquam
1378 2956 1434 3008 in
1466 2955 1590 3025 lege
1639 2963 1731 3009 aut
1775 2957 2055 3026 pr0phetis

459 3042 698 3112 reperies
728 3042 869 3112 apud
898 3057 997 3097 nos
1026 3043 1362 3108 varietatem,
1413 3043 1508 3096 sed
1557 3043 1803 3097 eamdem
1852 3043 2052 3113 ubique

460 3131 742 3186 veritatem
773 3139 826 3185 et
853 3131 1095 3185 veritatis
1124 3131 1381 3185 unitatem
1412 3130 1468 3184 in
1497 3131 1619 3201 lege
1656 3138 1708 3185 et
1754 3131 2055 3201 prophetis,

460 3235 559 3289 per
586 3223 758 3274 totum
796 3219 984 3273 orbem
1021 3223 1283 3274 terrarum
1322 3219 1561 3274 invenies
1592 3219 1733 3290 apud
1764 3235 1881 3274 nos.
1916 3219 2056 3275 Illud

465 3308 608 3376 quod
639 3307 707 3361 de
734 3307 964 3362 Jeremia
1014 3306 1189 3376 posui,
1233 3306 1492 3362 Jeremias
1538 3307 1749 3376 scripsit
1793 3314 1846 3362 et
1895 3308 2050 3363 dixit.

456 3395 748 3451 Jeremiam
779 3396 883 3449 hoc
913 3394 1120 3449 dixisse
1150 3395 1413 3449 universa
1453 3411 1551 3464 per
1591 3395 1779 3450 orbem
1813 3395 2054 3452 Ecclesia

457 3483 657 3538 Christi
686 3490 924 3550 testatur,
957 3492 1009 3538 et
1048 3498 1080 3536 a
1123 3482 1310 3552 primis
1361 3483 1699 3554 temporibus
1755 3485 2052 3555 primisque

453 3571 834 3641 interpretibus
881 3571 1080 3625 vestris
1131 3572 1245 3624 hac
1303 3571 1377 3624 ita
1417 3572 1659 3641 accepit,
1700 3580 1751 3626 et
1788 3573 1903 3627 sine
1942 3574 2052 3628 ulla

459 3658 792 3712 alterationis
845 3659 1210 3712 controversia
1280 3659 1447 3712 tenuit
1494 3659 1764 3713 Ecclesia
1821 3661 2042 3716 Christi.

460 3745 722 3812 Quamvis
753 3745 895 3798 enim
928 3760 1037 3798 non
1065 3745 1325 3799 habeatur
1355 3747 1405 3798 in
1438 3761 1501 3800 eo
1530 3746 1667 3800 libro
1697 3747 1786 3817 qui
1815 3749 1914 3802 sub
1945 3764 2050 3802 no-

458 3833 604 3886 mine
640 3833 895 3886 Jcremia
929 3832 1183 3900 titulatur,
1213 3834 1474 3888 Jeremias
1521 3842 1700 3888 tamen
1748 3838 1849 3891 hoc
1893 3836 2046 3905 dixit,

459 3920 586 3988 quia
617 3919 707 3974 ille
739 3920 826 3988 qui
860 3921 961 3974 hoc
991 3920 1231 3990 scripsit,
1273 3937 1340 3976 ex
1371 3937 1463 3976 ore
1507 3923 1755 3977 Ieremia
1788 3926 1890 3980 hoc
1919 3926 2048 3979 scri-

439 4009 564 4088 psit
594 4009 820 4074 Baruch,
850 4009 938 4078 qui
968 4010 1218 4064 Jeremia
1249 4011 1486 4064 notarius
1517 4011 1737 4066 exstitit.
1771 4013 1923 4068 Unde
1967 4015 2048 4068 sic

447 4091 511 4150 in
541 4097 772 4151 Jeremia
802 4097 1034 4168 legitur:
1065 4121 1086 4146 «
1123 4098 1346 4153 Vocavit
1379 4115 1507 4169 ergo
1535 4100 1798 4154 Jeremias
1828 4102 2045 4157 Baruch

452 4184 622 4239 tilium
651 4186 851 4251 Neria,
875 4192 925 4240 et
956 4185 1175 4255 scripsit
1194 4188 1402 4241 Baruch
1434 4203 1502 4241 ex
1527 4203 1619 4242 ore
1645 4188 1897 4243 Jeremia
1928 4206 2045 4244 om-

446 4288 539 4326 nes
586 4289 864 4328 sermones
895 4274 1110 4328 Domini
1139 4290 1274 4344 quos
1304 4275 1513 4330 locutus
1542 4283 1621 4330 est
1649 4275 1716 4330 ad
1745 4292 1867 4331 eum
1897 4275 1956 4304 ¹⁰⁵
1987 4279 2043 4332 in

448 4361 724 4418 volumine
751 4361 881 4416 libri
912 4361 1045 4431 (Jer.
1081 4378 1274 4429 xxxvi,
1310 4364 1386 4432 4).
1422 4387 1442 4410 η

1124 4483 1362 4524 ιιιυλευε.

511 4557 593 4612 De
621 4555 734 4611 istis
753 4557 1093 4627 septuaginta
1114 4557 1424 4612 doctoribus
1447 4557 1577 4613 nihil
1605 4561 1744 4630 apud
1763 4577 1862 4617 nos
1882 4561 2033 4616 aliud

444 4646 692 4712 habetur,
742 4645 844 4699 nisi
890 4647 1032 4715 quod
1081 4645 1418 4716 temporibus
1443 4647 1630 4716 Moysi,
1664 4651 1877 4718 Moyses
1920 4650 2034 4720 ipse

440 4734 780 4804 septuaginta
804 4733 948 4788 viros
977 4733 1144 4804 elegit
1172 4750 1330 4788 senes
1360 4735 1565 4804 populi,
1600 4752 1735 4805 quos
1765 4739 1846 4792 sui
1878 4739 2030 4807 adju-

437 4829 600 4889 tores,
630 4831 682 4875 et
710 4837 894 4877 earum
933 4838 1054 4892 qua
1101 4822 1333 4876 erantin
1375 4824 1576 4892 populo
1624 4824 2030 4880 altercationum

431 4908 642 4976 judices
669 4926 788 4965 esse
817 4909 1116 4966 constituit.
1150 4910 1240 4964 Isti
1261 4926 1361 4966 nec
1381 4910 1690 4981 Scripturas
1711 4913 2026 4994 docuerunt,

435 4995 561 5064 quia
588 4997 827 5051 nondum
854 5007 1027 5066 erant,
1058 5013 1160 5054 nec
1191 4998 1492 5070 Scripturas
1521 5000 1855 5070 interpretati
1883 5011 2025 5058 sunt.

432 5083 764 5141 Procedente
792 5101 927 5142 vero
953 5094 1257 5158 temporum
1289 5094 1450 5160 atque
1479 5103 1658 5144 rerum
1688 5090 1847 5158 serie,
1879 5091 2027 5160 apud

431 5186 532 5228 nos
577 5177 768 5244 postea
810 5173 1026 5232 fuerunt
1073 5176 1251 5233 David
1299 5185 1353 5232 et
1403 5178 1701 5250 propheta,
1734 5179 1826 5250 qui
1855 5179 2028 5236 multa

2181 492 2326 548 braa
2352 494 2537 566 lingua
2565 495 2844 560 dixerunt;
2872 517 2992 570 qua
3008 501 3356 571 scripserunt,
3379 500 3608 556 Hebraeo
3644 499 3798 569 stylo

2177 582 2530 653 scripserunt,
2565 595 2618 640 et
2659 589 2800 657 apud
2850 604 2967 643 nos.
3015 588 3291 658 Quidquid
3339 604 3473 660 ergo
3522 588 3681 642 aliud
3738 588 3796 640 in

2179 670 2300 742 lege
2331 680 2381 726 et
2409 675 2712 742 prophetis,
2745 691 2909 746 quam
2935 677 3078 746 apud
3109 693 3209 731 nos
3239 676 3498 738 habetur;
3532 686 3585 731 et
3614 676 3797 730 aliter

2178 775 2336 828 quam
2377 761 2613 830 primum
2660 765 2938 833 exemplar
2981 766 3232 831 continet,
3266 764 3463 835 aliquis
3500 764 3792 835 interpre-

2178 854 2318 902 tatus
2348 857 2446 918 est,
2481 850 2613 906 falso
2643 852 3024 922 interpretatus
3049 861 3150 921 est,
3184 869 3283 908 nec
3310 853 3536 920 alicujus
3577 860 3788 908 aucto-

2175 936 2348 991 ritatis
2375 953 2492 992 esse
2522 948 2718 1008 potest.
2757 941 2937 997 Videte
2964 941 3133 1011 igitur
3159 942 3304 997 unde
3331 940 3606 1010 habeatis,
3641 955 3789 1011 quo-

2176 1025 2319 1080 niam
2352 1042 2385 1081 a
2414 1027 2569 1083 nobis
2597 1044 2662 1084 ea
2692 1045 2799 1085 non
2829 1030 3056 1084 habetis.

2774 1131 3159 1173 CIIRISTIANUS.

2241 1202 2592 1275 Septuaginta
2609 1204 2728 1260 illos
2748 1206 2850 1260 sub
2871 1207 3058 1276 Moyse
3080 1206 3226 1261 viros
3248 1205 3570 1276 interpretes
3599 1205 3784 1260 fuisse

2172 1305 2279 1344 non
2309 1291 2560 1358 dicimus,
2586 1294 2682 1348 sed
2711 1302 2915 1348 tantum
2945 1310 3102 1350 senes
3131 1294 3320 1363 pOpuli
3340 1301 3501 1363 atque
3532 1293 3777 1361 iudices.

2171 1377 2280 1433 Sed
2334 1379 2458 1434 illos
2501 1381 2670 1436 fuisse
2733 1382 3078 1454 septuaginta
3137 1382 3453 1452 interpretes
3515 1382 3777 1448 dicimus,

2171 1482 2308 1538 quos
2338 1469 2403 1522 ad
2435 1469 2491 1522 id
2520 1469 2677 1524 officii
2703 1471 2935 1539 populus
2959 1469 3272 1525 Judaorum
3301 1469 3445 1524 misit
3471 1470 3543 1523 ad
3577 1470 3778 1525 Ptolo-

2169 1570 2348 1610 meum
2380 1573 2573 1629 regem
2604 1559 2838 1629 Egypti,
2858 1559 2977 1628 jam
3007 1558 3230 1614 subacto
3259 1573 3428 1630 regno
3447 1557 3776 1612 Judaorum

2170 1642 2240 1697 ab
2271 1643 2329 1671 ¹⁰⁶
2359 1645 2622 1702 Antiocho
2669 1662 2801 1718 rege
2847 1646 3083 1718 .IEgypti.
3144 1646 3207 1700 Hi
3257 1662 3288 1700 a
3330 1646 3485 1701 vobis
3527 1645 3774 1700 Alexan-

2092 1753 2145 1812 B
2175 1731 2352 1786 driam
2397 1734 2547 1788 missi
2579 1742 2726 1801 sunt,
2759 1743 2812 1789 et
2841 1735 2987 1804 apud
3031 1735 3414 1788 Alexandriam
3463 1733 3778 1804 Scripturas

2175 1836 2381 1887 omnes,
2416 1839 2553 1894 quas
2591 1831 2718 1878 tunc
2746 1822 3048 1890 habebatis,
3080 1839 3147 1876 ex
3177 1822 3403 1878 Hebrao
3438 1821 3492 1875 in
3521 1822 3777 1876 Graecum

2173 1909 2505 1979 interpretati
2550 1918 2693 1964 sunt.
2736 1913 2802 1965 At
2831 1926 2964 1966 vero
2986 1927 3125 1965 nunc
3155 1911 3230 1964 ita
3258 1910 3322 1964 sit
3351 1909 3495 1980 apud
3521 1925 3642 1977 vos,
3671 1926 3774 1964 seu

2173 1996 2354 2066 aliquo
2385 1999 2546 2054 modo
2593 1999 2952 2065 immutatum,
2986 1999 3070 2053 vel
3104 2014 3321 2069 prorsus
3364 1999 3433 2052 de
3474 1998 3655 2053 medio
3701 1999 3777 2052 sit

2171 2085 2461 2152 sublatum,
2493 2087 2692 2155 nescio,
2725 2088 2828 2141 sed
2857 2087 3115 2158 quoniam
3146 2088 3234 2141 lex
3265 2087 3441 2141 sanxit
3469 2085 3613 2155 quod
3651 2109 3672 2132 σ
3708 2087 3772 2140 ἱῑι

2171 2189 2267 2229 ore
2297 2174 2529 2229 duorum
2560 2176 2645 2230 vel
2676 2175 2836 2230 trium
2866 2176 3079 2230 testium
3123 2175 3284 2230 stabit
3333 2190 3494 2229 omne
3539 2174 3775 2228 verbum

2173 2263 2357 2329 (Deut.
2391 2279 2508 2330 xu,
2542 2264 2650 2331 15),
2680 2284 2706 2318 »
2730 2263 2892 2332 plane
2919 2263 3144 2319 concedi
3189 2268 3400 2334 Oportet
3447 2263 3594 2334 apud
3644 2277 3770 2330 vos,

2171 2358 2228 2403 ut
2259 2358 2359 2405 stet
2405 2351 2540 2406 illud
2588 2352 2813 2407 verbum
2863 2353 3010 2422 quod
3053 2353 3398 2424 septuaginta
3444 2352 3771 2421 interpretes

2169 2447 2361 2495 vestra
2389 2439 2566 2510 gentis
2595 2440 2878 2511 approbati
2923 2449 3088 2494 testes
3137 2439 3252 2509 pari
3302 2454 3570 2495 consensu
3619 2447 3770 2492 atte-

2168 2531 2380 2582 stantur
2407 2526 2467 2556 ¹⁰⁷
2496 2544 2612 2583 esse
2642 2529 2862 2593 dictum,
2896 2536 2949 2582 et
2979 2527 3034 2582 in
3065 2527 3298 2582 Jeremia
3327 2527 3604 2597 scriptum,
3637 2542 3771 2583 nec-

2169 2616 2297 2670 dum
2328 2616 2472 2671 enim
2503 2615 2793 2670 Christiani
2822 2623 2995 2671 erant.
3022 2615 3270 2686 Denique
3298 2615 3355 2668 in
3383 2615 3605 2669 exordio
3637 2613 3768 2669 fidei

2164 2713 2363 2759 nostrae
2411 2721 2547 2777 gens
2594 2713 2810 2771 vestra,
2861 2702 2986 2758 fidei
3035 2711 3236 2759 nostra
3282 2703 3497 2768 amula,
3545 2717 3768 2773 magna

2165 2794 2342 2848 adhuc
2407 2792 2710 2848 eminentia
2765 2800 2896 2857 erat,
2938 2791 3136 2846 multos
3203 2791 3346 2846 viros
3410 2791 3588 2845 adhuc
3655 2791 3765 2843 ha-

2165 2881 2330 2936 bebat
2358 2898 2587 2936 summa
2621 2881 2887 2937 facundia
2917 2888 2968 2934 et
2997 2880 3181 2951 magni
3222 2879 3452 2950 ingenii,
3482 2887 3537 2933 et
3564 2878 3766 2932 utrius-

2168 2985 2271 3040 que
2304 2969 2498 3040 lingua
2548 2970 2794 3025 Hebraa
2824 2978 2984 3039 atque
3049 2968 3252 3023 Latina
3311 2967 3514 3037 optime
3553 2967 3764 3021 instru-

2165 3067 2304 3111 ctos.
2372 3058 2519 3112 Multi
2585 3073 2802 3129 quoque
2847 3063 2973 3112 tunc
3024 3057 3254 3128 gentiles
3304 3055 3609 3126 philosophi
3663 3055 3760 3109 lit—

2167 3147 2294 3201 teris
2360 3146 2595 3215 Gracis,
2664 3147 2906 3202 chrais
2962 3153 3014 3200 et
3071 3145 3272 3200 Latinis
3322 3160 3474 3214 aque
3531 3143 3759 3199 instruct

2162 3243 2336 3304 erant,
2370 3250 2559 3290 omnes
2597 3235 2860 3290 adversus
2897 3233 3060 3289 ﬁdem
3102 3242 3340 3289 nostram
3379 3232 3755 3303 insurgebant,

2160 3340 2225 3380 ac
2261 3324 2604 3394 quastiones,
2636 3323 2780 3378 bella
2826 3331 2877 3377 et
2923 3323 3214 3378 seditiones
3255 3321 3565 3388 movebant,
3599 3336 3756 3390 qua-

2159 3415 2380 3482 stiones,
2413 3415 2650 3484 inquam,
2690 3412 2981 3468 movebant
3025 3411 3194 3478 domi,
3245 3410 3380 3464 furis
3409 3410 3755 3480 plerumque,

2157 3503 2320 3557 etiam
2351 3501 2740 3557 universalibus
2769 3501 3009 3556 conciliis
3054 3499 3430 3554 universaliter
3474 3513 3574 3567 per
3618 3513 3752 3566 pro-

2157 3591 2364 3646 vincias
2401 3590 2742 3644 denuntiatis.
2785 3592 2846 3643 In
2891 3604 3080 3642 manus
3109 3585 3166 3614 ¹⁰⁸
3200 3587 3287 3642 lex
3354 3594 3405 3642 et
3469 3585 3752 3656 propheta

2156 3679 2508 3746 habebantur,
2572 3677 2986 3733 revolvebantur
3021 3677 3231 3746 prolata
3295 3674 3624 3739 testimonia,
3695 3671 3754 3725 in

2154 3775 2380 3839 utraque
2410 3768 2591 3838 lingua
2621 3765 3070 3827 discutiebantur;
3101 3773 3280 3819 tamen
3307 3761 3488 3817 nullus
3507 3769 3752 3815 vestrum

2154 3855 2298 3911 hanc
2325 3855 2672 3926 prasumpsit
2717 3854 3062 3922 calumniam,
3114 3860 3170 3906 ut
3211 3851 3360 3907 falsa
3420 3851 3751 3920 interpreta-

2155 3945 2320 3999 tionis
2350 3959 2443 3999 eos
2472 3947 2742 4015 argueret,
2773 3959 2879 4014 qua
2903 3941 3064 3996 ﬁdem
3095 3941 3251 3996 nobis
3298 3940 3456 3994 facile
3501 3938 3752 3992 adimere

2153 4041 2358 4104 posset.
2406 4032 2718 4102 Philosophi
2739 4047 2871 4100 ergo
2893 4029 3144 4101 gentiles,
3171 4030 3274 4083 hac
3304 4027 3504 4082 omissa
3531 4026 3750 4095 penitus

2152 4120 2442 4188 calumnia,
2477 4122 2772 4189 prephetas
2803 4134 2902 4188 pro
2931 4118 3024 4172 vili
3053 4116 3349 4182 habebant,
3383 4115 3525 4169 dicta
3554 4129 3744 4168 eorum

2151 4209 2498 4280 respuebant,
2530 4209 2623 4264 sed
2653 4207 2851 4262 callida
2889 4205 3104 4261 dicendi
3147 4203 3388 4259 versutia
3432 4202 3592 4256 ﬁdem
3635 4216 3744 4255 no-

2150 4305 2320 4352 stram
2359 4297 2562 4351 ladere
2604 4295 2958 4352 attentahant.
2999 4293 3309 4363 PhilOSOphi
3338 4299 3530 4348 vestra
3562 4290 3743 4362 gentis

2148 4389 2439 4457 prOphetas
2468 4385 2712 4440 refellere
2758 4399 2867 4439 non
2909 4382 3160 4439 volebant
3188 4396 3290 4437 nec
3319 4380 3588 4446 valebant,
3620 4379 3741 4445 sed,

2146 4476 2247 4530 hac
2276 4475 2403 4530 item
2451 4474 2654 4528 omissa
2700 4471 2991 4541 calumnia,
3023 4470 3330 4546 Scripturas
3371 4469 3533 4540 longe
3584 4467 3745 4522 aliter

2143 4563 2370 4634 intelligi
2421 4569 2668 4633 oportere
2707 4559 2979 4626 dicebant,
3029 4574 3126 4614 suo
3163 4573 3323 4612 sensu
3366 4555 3740 4628 exponebant,

2142 4667 2422 4722 causaque
2450 4666 2560 4704 sua
2589 4651 2880 4720 prophetas
2909 4663 2995 4703 res
3034 4655 3192 4717 atque
3233 4649 3481 4716 tempora
3519 4651 3738 4698 conter-

2141 4739 2348 4794 minare
2397 4739 2692 4793 tentabant.
2733 4737 2842 4792 Sed
2889 4736 3136 4806 quamvis
3178 4757 3197 4782 ‹ι
3249 4735 3530 4790 astiterunt
3576 4747 3741 4804 reges

2141 4837 2324 4896 terra,
2355 4832 2409 4884 et
2443 4827 2712 4898 principes
2759 4832 3126 4880 convenerunt
3172 4823 3226 4877 in
3272 4838 3439 4877 unum
3480 4821 3741 4876 adversus

2139 4917 2430 4972 Dominum
2461 4924 2514 4971 et
2543 4916 2804 4970 adversus
2826 4913 3096 4967 Christum
3127 4913 3266 4981 ejus,
3293 4933 3315 4958 η
3352 4910 3550 4964 fnistra
3583 4930 3606 4957 «ι
3633 4907 3738 4963 fre-

2139 5013 2392 5060 muerunt
2419 5011 2632 5076 gentes,
2652 5011 2704 5058 et
2730 5001 2919 5072 populi
2939 5000 3181 5056 meditati
3211 5007 3334 5054 sunt
3360 4997 3541 5053 inania
3558 4998 3736 5067 (Psal.

2138 5111 2197 5159 ιι,
2231 5098 2282 5160 1,
2304 5095 2381 5162 2).
2409 5117 2430 5141 ι»
2466 5093 2669 5148 Verum
2701 5090 2769 5146 de
2796 5089 2880 5144 his
2909 5089 3167 5144 hactenus
3195 5087 3357 5142 Isaias
3385 5085 3580 5142 eodem
3610 5086 3736 5154 spi—

2137 5183 2244 5238 ritu
2273 5181 2542 5254 aspiratus
2571 5195 2678 5253 quo
2707 5186 2762 5236 et
2786 5178 3069 5247 Jeremias,
3101 5176 3247 5234 idem
3275 5175 3402 5232 licet
3447 5173 3566 5229 aliis
3601 5189 3734 5231 ver-

1719 5331 1972 5389 VARLxE
2011 5334 2426 5391 LECTIONES.

496 5470 558 5502 ³⁸⁸
582 5473 692 5530 Ms.
751 5475 940 5542 Rem,
989 5475 1316 5531 Testamenti
1375 5478 1609 5536 codices.

404 5534 473 5570 ι⁶⁷
507 5543 624 5599 Ms.
655 5546 712 5601 S.
749 5547 896 5615 Gen,
927 5534 1158 5603 assensu
1188 5534 1575 5605 contestantur.

1741 5479 1800 5553 Ψ
1830 5483 1926 5538 Ms.
1983 5484 2049 5539 S.
2115 5483 2278 5553 Gen,
2338 5493 2418 5540 est
2470 5483 2731 5543 Dominus
2759 5482 2831 5541 ad
2857 5497 3000 5542 eum.

1687 5549 1750 5580 ³⁸³
1779 5553 1891 5610 Ms.
1922 5555 1980 5612 S.
2016 5553 2183 5626 Gen,
2215 5549 2273 5612 in
2304 5571 2488 5614 manu.

3123 5477 3182 5510 ‘“
3215 5479 3330 5537 Ms.
3373 5479 3559 5546 Rem,
3591 5479 3724 5537 sub.
