4030 6084
251 299 388 352 1029

1236 284 1651 344 DISPUTATIO
1678 284 1893 343 JUDEl
1923 283 2067 342 CUM
2094 284 2535 345 CHRISTIANO.

3416 311 3552 366 1030

249 421 337 475 bis
360 416 715 490 praenuntiat:
754 437 777 464 α
810 415 940 469 Haec
978 413 1112 469 dicit
1153 412 1418 468 Dominus
1448 430 1460 465 :
1496 413 1720 482 Propter
1746 413 1850 466 hoc
1876 410 1927 469 A
1960 424 2088 463 num
2122 410 2299 478 (Ibid.,
2334 416 2421 480 14,
2456 415 2565 483 15).
2604 439 2625 465 υ
2663 415 2903 487 (“°Siad
2930 420 3181 492 litteram,
3206 433 3255 481 et
3276 434 3555 491 communi

252 510 394 565 sciet
419 505 657 578 populus
685 519 837 558 meus
863 518 1069 558 nomen
1096 516 1278 555 meum
1308 500 1366 554 in
1410 499 1499 555 die
1554 499 1667 566 illa,
1726 498 1855 571 quia

251 612 356 669 ego
376 595 498 666 ipse
526 593 618 664 qui
655 591 936 662 loquebar,
962 605 1088 645 ecce
1117 589 1311 645 adsum
1332 590 1461 658 (Isa.
1482 603 1575 654 ιιι,
1609 589 1661 656 6)
1688 602 1702 657 ;
1752 589 1855 641 hoc

249 692 352 750 est,
387 683 503 753 ipse
537 678 693 750 "'qui
714 695 814 749 per
842 678 1064 748 Moysen
1093 676 1377 749 loquebar,
1410 675 1499 746 qui
1563 690 1661 745 per
1715 673 1853 729 alios

247 772 551 842 prophetas
570 768 850 839 loquebar,
882 782 981 836 per
1006 764 1384 834 memetipsum
1414 763 1642 830 locutus,
1680 777 1852 817 «ecce

248 860 467 914 adsum.
504 879 526 905 ι)
563 855 643 910 Ad
660 855 816 924 cujus
839 869 1121 908 occursum
1147 852 1394 906 hortatur
1414 866 1510 905 vos
1538 850 1683 905 idem
1714 865 1849 920 pro-

247 946 419 1017 pheta,
448 945 504 1000 in
535 943 642 999 alio
672 943 793 997 loco
825 958 839 994 :
877 964 899 988 α
934 941 1189 1011 Praepara
1219 948 1289 1009 te,
1321 939 1506 1005 Israel,
1537 939 1596 991 in
1651 953 1851 994 occur-

251 1051 372 1089 sum
394 1032 613 1091 Domini
644 1031 739 1097 tui,
764 1029 1021 1100 quoniam
1047 1029 1199 1083 venit
1228 1029 1421 1097 (Amos
1448 1042 1526 1094 ιν,
1546 1027 1633 1097 12)
1673 1044 1686 1088 ;
1725 1050 1748 1075 ι)
1801 1033 1854 1082 et

253 1122 325 1181 de
353 1137 465 1195 quo
493 1121 611 1190 ejus
640 1118 708 1174 ad
729 1133 827 1173 nos
854 1117 1090 1172 adventu
1120 1116 1379 1185 loquitur,
1429 1115 1557 1170 audi
1614 1113 1850 1169 eviden-

252 1211 355 1277 tius
388 1227 400 1264 :
440 1231 463 1257 α
499 1205 884 1263 Habitantibus
912 1204 971 1260 in
988 1204 1215 1276 regione
1245 1203 1454 1259 umbrae
1485 1202 1698 1270 mortis,
1758 1201 1851 1255 lux

251 1306 371 1355 orta
399 1305 481 1361 est
510 1296 589 1353 eis
618 1295 748 1365 (lea.
771 1309 855 1362 ιιι,
885 1294 964 1362 2).
1003 1314 1023 1341 η
1059 1293 1213 1360 Quae,
1246 1291 1495 1361 inquam,
1553 1289 1668 1358 lux,
1726 1288 1852 1344 audi

251 1387 462 1456 absque
491 1384 600 1438 ulla
619 1379 1067 1454 mquivocationis
1096 1378 1449 1450 ambiguitate
1477 1395 1490 1432 :
1529 1400 1550 1427 (ι
1584 1377 1851 1433 Parvulus

250 1481 409 1530 entm
436 1480 595 1527 natus
622 1480 707 1526 est
734 1469 913 1537 nobis,
946 1468 1089 1522 ﬁlius
1120 1467 1279 1521 datus
1333 1474 1411 1523 est
1459 1465 1616 1521 nobis
1669 1465 1847 1535 (lbid.,

202 1562 209 1567 κ
253 1564 330 1633 6).
363 1584 393 1613 υ
414 1560 567 1631 Quis,
600 1559 841 1630 inquam,
874 1556 1132 1628 parvulus
1162 1562 1246 1609 est
1273 1555 1374 1610 iste
1416 1553 1508 1624 qui
1562 1560 1719 1608 natus
1765 1559 1853 1607 est

252 1650 434 1715 nobis,
468 1647 618 1704 ﬁlius
647 1646 738 1717 qui
764 1645 922 1701 datus
942 1651 1024 1699 est
1044 1642 1200 1699 nobis
1227 1643 1255 1696 εἰ
1284 1640 1411 1697 audi
1442 1641 1620 1697 adhuc
1649 1657 1663 1696 :
1702 1662 1724 1687 α
1785 1640 1851 1694 Ει

253 1737 535 1796 vocabitur
584 1748 786 1790 nomen
840 1733 980 1803 ejus,
1038 1729 1409 1799 Admirabilis,
1471 1728 1846 1795 Consiliarius,

254 1828 403 1883 Deus
417 1825 594 1893 fortis,
611 1827 767 1882 Pater
776 1820 940 1876 futuri
953 1818 1156 1887 saeculi,
1174 1818 1431 1889 Princeps
1445 1817 1809 1889 pacis(lbid.):
1831 1836 1853 1864 υ

257 1925 311 1973 et
337 1913 638 1984 cuiusmodi
657 1910 811 1982 pacis
833 1910 862 1963 ?
890 1906 1352 1977 multiplicabitur
1380 1907 1496 2002 ejus
1529 1904 1857 2002 imperium,

259 2013 312 2061 et
337 2004 487 2075 pacis
508 2016 623 2057 non
650 1999 753 2056 erit
780 1997 906 2052 ﬁnis
934 1995 1137 2067 (Ibid.,
1160 1995 1236 2064 '7),
1265 2017 1287 2043 η
1323 1993 1468 2065 quia,
1501 1992 1636 2048 sicut
1671 1992 1859 2064 sequi-

261 2101 368 2159 tur,
406 2114 428 2141 α
463 2088 660 2146 amodo
691 2096 743 2143 et
770 2100 941 2157 usque
970 2086 1027 2139 in
1056 2083 1451 2154 sempiternum
1480 2080 1684 2153 (Ibid.).
1732 2103 1753 2128 υ
1789 2110 1859 2121 -

263 2203 285 2230 ο
308 2181 432 2251 Ipse
460 2193 566 2251 ego
591 2175 681 2248 qui
710 2173 974 2247 loquebar
1001 2173 1129 2243 (lea.
1184 2186 1280 2240 LII,
1330 2171 1409 2240 6),
1456 2169 1547 2239 qui
1601 2168 1861 2225 adinveni

257 2282 475 2325 omnem
491 2265 635 2323 viam
662 2261 986 2332 disciplinae,
1019 2267 1077 2316 et
1121 2258 1249 2314 dedi
1305 2272 1425 2312 eam
1465 2256 1633 2313 Jacob
1686 2271 1857 2326 puero

254 2371 403 2424 meo,
443 2362 498 2419 et
521 2351 692 2408 Israel
721 2349 896 2406 electo
926 2362 1048 2404 meo
1078 2345 1343 2417 (Barach.
1368 2361 1446 2412 ιιι,
1489 2344 1575 2415 37)
1602 2360 1675 2440 ;.«
1729 2358 1857 2440 ecce

256 2444 448 2500 adsum
479 2443 610 2512 (lea.
641 2454 734 2507 Lu,
767 2438 822 2508 6)
856 2457 880 2488 ι
938 2437 1104 2491 homo
1147 2434 1340 2503 factus,
1377 2455 1399 2482 α
1451 2448 1575 2488 cum
1624 2431 1858 2486 homini-

206 2520 215 2528 ’
256 2532 356 2595 bus
382 2531 440 2586 in
472 2530 993 2586 terrisconversatus
1045 2523 1309 2595 (Baruch.
1344 2537 1430 2589 ιιι,
1465 2520 1574 2591 38).
1612 2542 1634 2570 ιι
1697 2518 1858 2574 Chri-

255 2629 365 2677 stus
394 2633 550 2690 ergo,
583 2616 713 2688 quia
742 2617 902 2671 homo
932 2621 1050 2676 est;
1082 2634 1103 2661 α
1152 2627 1292 2681 puer
1338 2616 1496 2665 natus
1541 2616 1621 2664 est
1676 2607 1854 2678 nobis,

255 2717 308 2773 et
332 2707 475 2763 ﬁlius
502 2707 662 2762 datus
697 2710 781 2761 est
807 2701 989 2767 nobis,
1025 2722 1047 2750 υ
1084 2699 1214 2771 quia
1263 2705 1317 2753 et
1361 2698 1514 2753 Deus
1539 2704 1637 2763 est,
1678 2718 1699 2745 α
1746 2710 1855 2751 vo-

255 2797 469 2853 cabitur
496 2808 697 2850 nomen
724 2792 865 2861 ejus,
897 2786 1266 2855 Admirabilis,
1287 2784 1658 2854 Consiliarius,
1682 2784 1854 2851 Deus,

256 2885 427 2950 fortis,
458 2884 619 2938 Pater
639 2879 805 2936 futuri
832 2876 1036 2943 saeculi,
1070 2876 1332 2945 Princeps
1362 2872 1532 2944 pacis,
1594 2880 1649 2927 et
1702 2872 1856 2942 pacis

256 2988 367 3028 non
388 2971 490 3028 erit
520 2970 663 3035 ﬁnis,
696 2967 823 3039 quia
851 2964 1045 3021 amodo
1074 2970 1128 3018 et
1155 2978 1327 3033 usque
1372 2961 1430 3015 in
1463 2961 1856 3032 sempiternum

268 3061 390 3118 erit.
427 3080 449 3108 ι
484 3058 541 3115 Si
568 3072 707 3127 puer
732 3055 846 3123 ille,
867 3053 1008 3108 sicut
1032 3051 1168 3106 alius
1196 3049 1447 3148 quilibet,
1492 3048 1549 3151 in
1591 3047 1849 3156 iniquita-
1879 3092 1930 3156 C

255 3149 400 3205 tibus
429 3152 725 3215 conceptus
754 3149 915 3210 esset,
947 3139 1073 3196 etin
1096 3137 1329 3209 peccatis
1356 3152 1481 3193 eum
1510 3136 1690 3193 'mater
1745 3151 1849 3208 pe-

256 3237 503 3309 perisset,
530 3232 662 3304 quid
685 3246 820 3303 puer
847 3229 937 3284 ille
965 3228 1033 3284 ab
1063 3227 1172 3283 alio
1227 3224 1465 3281 diﬁerret
1493 3226 1521 3281 ?
1579 3224 1851 3294 quomodo

257 3300 406 3382 solus
442 3347 464 3372 α
490 3300 499 3304 7
525 3300 704 3377 inter—
728 3326 971 3375 mortuos
1029 3315 1169 3370 liber
1236 3313 1547 3369 existeret?
1590 3335 1613 3360 »
1665 3312 1848 3382 (Psal.
1890 3300 1893 3303 ’

259 3428 504 3480 Lxxxvn,
535 3411 614 3480 6.)
639 3405 915 3481 quomodo
937 3405 1061 3475 ejus
1101 3401 1511 3475 generationem
1539 3399 1682 3497 idem
1737 3399 1853 3497 ipse

256 3502 523 3573 propheta
537 3494 958 3553 inenarrabilem
980 3492 1220 3547 diceret:
1260 3511 1281 3539 (ι
1317 3488 1854 3555 Generationem,in-

258 3589 395 3660 quit,
428 3588 549 3659 ejus
576 3585 694 3657 quis
713 3580 991 3639 enarrabit
1016 3580 1045 3633 ‘I
1070 3601 1091 3628 υ
1114 3579 1244 3649 (lsa.
1262 3592 1377 3644 LIII,
1428 3576 1505 3646 8.)
1539 3575 1649 3630 Sed
1695 3591 1856 3646 super

257 3675 677 3750 generationem
701 3670 968 3741 ejusideo
999 3666 1298 3762 obstupuit,
1352 3673 1405 3720 et
1435 3663 1856 3762 inenarrabilem

258 3765 420 3834 dixit,
445 3763 577 3833 quia
604 3776 780 3831 neque
808 3759 863 3813 in
890 3754 1167 3826 iniquitate
1209 3760 1384 3850 mater
1419 3768 1541 3850 eum
1576 3754 1853 3850 concepit,

262 3868 441 3925 neque
460 3853 515 3906 in
544 3848 783 3921 peccatis
809 3853 979 3901 mater
1003 3859 1127 3900 eum
1148 3842 1375 3913 peperit,
1396 3840 1492 3895 sed
1537 3840 1693 3911 virgo
1720 3855 1855 3895 con-

263 3942 425 4011 cepit,
448 3940 607 4010 virgo
635 3936 867 4008 peperit,
886 3942 938 3989 et
963 3933 1090 3988 ideo
1139 3930 1291 3986 solus
1345 3952 1367 3978 α
1422 3929 1572 3997 inter
1615 3935 1857 3984 mortuos

264 4029 404 4085 liber
427 4052 450 4077 ι»
476 4026 691 4083 exstitit.
717 4023 862 4078 Illud
891 4021 1122 4091 denique
1134 4018 1282 4090 quod
1309 4016 1523 4089 negatis
1550 4031 1671 4071 esse
1689 4016 1855 4087 scrip.

266 4117 452 4174 tumin
470 4116 613 4172 Isaia
647 4131 658 4167 :
689 4135 710 4158 ιι
735 4113 878 4167 Ecce
905 4110 1062 4179 virgo
1081 4105 1353 4176 concipiet
1375 4113 1425 4160 et
1457 4105 1634 4174 pariet
1685 4103 1859 4158 ﬁlium

255 4202 403 4273 (Iw.
428 4215 524 4269 vn,
552 4199 658 4268 14),
685 4220 708 4247 ι»
730 4193 1071 4266 septuaginta
1100 4189 1259 4248 vestri
1291 4189 1627 4259 interpretes,
1659 4187 1766 4242 ﬁde
1806 4196 1860 4244 et

265 4288 496 4346 scientia
510 4284 803 4357 approbati
824 4289 1009 4350 testes,
1042 4280 1115 4334 ita
1150 4277 1493 4373 interpretati
1531 4283 1673 4373 sunt,
1709 4282 1761 4330 et
1785 4278 1858 4373 ita

261 4374 602 4448 interpretari
642 4372 901 4444 propheta
955 4369 1070 4439 ipse
1108 4366 1295 4432 voluit,
1355 4365 1587 4420 dicendo
1631 4372 1685 4419 et
1729 4365 1856 4419 scri-

1964 512 2125 552 sensu
2180 498 2300 555 hac
2350 500 2461 557 dita
2514 505 2865 576 accipiuntur,
2916 512 3186 581 quomodo
3241 515 3336 571 ille
3416 534 3553 588 puer

1962 587 2290 643 comestione
2320 590 2492 660 butyri
2522 600 2573 647 et
2594 594 2769 650 mellis
2813 597 2944 653 sciet
3000 601 3294 670 reprobare
3346 587 3549 662 malum

1961 679 2016 726 et
2042 673 2243 745 eligere
2291 677 2492 733 bonum
2521 680 2596 753 εἰ]
2652 698 2818 754 quam
2877 686 3256 745 discretionem
3310 692 3441 748 boni
3495 704 3552 750 et

1960 757 2087 810 mali
2120 760 2494 819 datcomestio
2524 766 2697 820 mellis
2725 777 2776 822 et
2803 768 2977 840 butyri
3034 774 3062 825 εἰ
3121 773 3263 841 Quid
3307 777 3379 833 ad
3434 795 3549 835 rem

1960 845 2199 935 scribere
2228 850 2372 918 quod
2400 851 2494 906 ille
2522 870 2654 924 puer
2681 857 2988 914 comederet
3014 860 3271 931 butyrum
3314 872 3366 919 et
3421 868 3548 935 mel,

1960 934 2005 987 si
2036 934 2105 1023 ad
2138 936 2366 992 litteram
2396 941 2511 996 haec
2537 942 2708 1013 accipi
2739 945 2949 1001 vellet?
2981 946 3139 1017 Quod
3167 951 3403 1023 signum,
3462 956 3550 1011 vel

1959 1022 2111 1090 cujus
2142 1025 2214 1079 rei
2246 1026 2463 1098 signum
2494 1037 2651 1099 esset,
2684 1032 2831 1101 quod
2861 1035 3199 1107 abscondita,
3222 1022 3281 1093 id
3301 1048 3378 1096 est
3399 1042 3551 1098 domi

1958 1110 2172 1166 reclusa
2200 1114 2383 1186 aliqua
2393 1117 2578 1185 puella
2602 1119 2956 1191 conciperet?
2984 1123 3183 1181 Omnia
3229 1144 3361 1200 ergo
3410 1132 3549 1202 haec,

1959 1198 2063 1253 nisi
2088 1199 2155 1253 ad
2185 1199 2412 1271 ﬁguram
2462 1213 2515 1258 et
2571 1206 2838 1275 spirituali
2895 1218 3057 1283 atque
3114 1198 3343 1284 mystico
3390 1198 3551 1276 sensu

1938 1286 2102 1341 dicta
2130 1290 2484 1359 accipiantur,
2517 1295 2708 1363 puerili
2739 1298 2960 1354 omnino
2977 1316 3134 1356 sensu
3159 1311 3213 1358 et
3238 1303 3388 1360 inani
3410 1307 3555 1364 dicta

1958 1380 2389 1447 esseapropheta
2400 1381 2827 1451 considerantur,
2848 1388 2992 1455 quod
3015 1390 3147 1459 quia
3175 1392 3319 1446 credi
3346 1402 3399 1449 et
3442 1395 3549 1451 dici

1958 1463 2252 1519 absurdum
2273 1474 2353 1522 est
2384 1485 2396 1529 ;
2428 1467 2760 1537 abscondita,
2793 1474 2897 1528 hoc
2925 1484 3025 1543 est,
3085 1477 3156 1531 ab
3205 1495 3389 1536 amore
3444 1483 3549 1539 viri

1958 1557 2010 1605 et
2040 1553 2192 1606 omni
2222 1556 2545 1628 contagione
2573 1560 2780 1629 peccati
2837 1572 3058 1619 servata
3110 1567 3364 1638 concipit,
3414 1569 3553 1626 sicut

1956 1639 2183 1711 angelus
2213 1643 2282 1696 ad
2313 1643 2589 1716 Virginem
2619 1649 2901 1719 respondit
2935 1666 2947 1706 :
2978 1672 3001 1702 ι
3036 1651 3343 1724 Quomodo,
3375 1656 3551 1727 inquit

1885 1726 2077 1814 Billa,
2117 1728 2208 1785 ﬁet
2234 1730 2396 1801 istud,
2430 1734 2683 1802 quoniam
2738 1735 2913 1792 virum
2965 1755 3074 1796 non
3121 1744 3445 1813 cognosco?
3490 1746 3557 1800 Et

1967 1816 2300 1887 respondens
2321 1821 2547 1893 angelus
2571 1822 2699 1879 dixit
2729 1824 2779 1880 ei
2812 1842 2823 1878 :
2857 1826 3093 1896 Spiritus
3120 1838 3337 1886 sanctus
3357 1848 3552 1904 super-

1967 1906 2150 1960 veniet
2177 1906 2234 1960 in
2270 1914 2344 1974 te,
2398 1917 2453 1963 et
2507 1910 2673 1966 virtus
2726 1912 3008 1969 Altissimi
3063 1916 3414 1975 obumbrabit
3458 1921 3555 1978 tibi

1968 1994 2122 2062 (Luc.
2153 2011 2191 2063 ι,
2223 1997 2311 2064 Si,
2342 1996 2455 2065 35).
2485 2020 2507 2045 α
2540 1999 2823 2069 Umbram,
2856 2002 3055 2073 inquit,
3084 2004 3247 2062 faciet
3276 2006 3373 2063 tibi
3419 2010 3553 2065 abs-

1964 2081 2249 2138 condendo
2279 2092 2331 2139 te
2358 2085 2430 2139 ab
2460 2101 2621 2142 omne
2676 2088 2888 2145 fervore
2927 2090 3185 2147 libidinis.
3239 2094 3552 2169 Propterea,

1969 2189 1993 2220 ι
2027 2172 2172 2240 quod
2201 2180 2451 2228 nascetur
2469 2189 2537 2228 ex
2568 2182 2616 2229 te
2642 2185 2914 2245 sanctum,
2946 2179 3235 2236 vocabitur
3263 2183 3434 2239 Filius
3452 2185 3558 2242 Dei

1966 2258 2143 2326 (Ibid.,
2166 2259 2285 2330 55).
2329 2282 2351 2309 ιι
2384 2261 2481 2316 Cui
2510 2262 2655 2318 Deus
2676 2264 2833 2320 Pater
2858 2265 2915 2319 in
2942 2266 3159 2323 Psalmo
3187 2270 3319 2325 dicit
3348 2288 3360 2324 :
3386 2294 3408 2319 α
3435 2272 3556 2344 Ego

1963 2346 2124 2402 hodie
2153 2347 2316 2418 genui
2347 2355 2395 2404 te
2426 2351 2601 2420 (Psal,
2633 2367 2693 2420 ιι,
2726 2353 2803 2423 '7).
2840 2376 2863 2401 ι»
2898 2353 2965 2408 Et
3019 2355 3142 2425 quia
3195 2356 3338 2412 istud
3391 2359 3558 2417 hodie

1962 2449 2072 2489 non
2110 2443 2548 2505 praesentaneum
2579 2446 2633 2494 et
2682 2440 3056 2497 transitorium
3141 2452 3370 2517 tempus,
3455 2450 3553 2506 sed

1962 2523 2282 2578 aeternitatis
2344 2526 2756 2596 perpetuitatem
2802 2528 3021 2585 volebat
3075 2530 3306 2606 intelligi
3359 2534 3561 2594 idcirco

1963 2610 2071 2666 alio
2099 2611 2154 2666 in
2184 2613 2397 2683 psalmo
2445 2613 2612 2669 dicit:
2670 2638 2690 2662 ιι
2751 2618 2889 2672 Ante
2944 2617 3231 2675 luciferum
3286 2624 3453 2694 genui
3506 2632 3561 2681 te

1965 2700 2158 2771 (Psal.
2197 2716 2302 2766 cxx,
2326 2700 2403 2771 3).
2442 2724 2464 2751 υ
2494 2701 2638 2770 Quid
2666 2702 2834 2775 igitur
2873 2722 2886 2758 :
2923 2728 2944 2754 α
2977 2707 3155 2763 Hodie
3172 2710 3338 2781 genui
3398 2718 3475 2780 te,
3501 2721 3560 2769 et

1963 2795 2087 2843 ante
2116 2787 2402 2844 luciferum
2425 2791 2590 2861 genui
2620 2797 2689 2857 te,
2719 2813 2740 2840 ιο
2775 2789 2876 2846 nisi
2906 2800 3029 2849 ante
3057 2802 3268 2865 tempus
3307 2806 3361 2853 et
3407 2806 3556 2855 tem-

1962 2890 2100 2946 pora
2128 2890 2233 2948 ego
2253 2877 2398 2931 Deus
2429 2878 2593 2933 Pater
2618 2879 2790 2934 Deum
2819 2879 3013 2935 Filium
3042 2884 3208 2954 genui
3237 2892 3289 2940 te
3336 2895 3555 2943 coaeter-

1961 2980 2112 3034 num,
2137 2964 2383 3036 quamvis
2412 2973 2464 3020 te
2490 2966 2590 3021 sub
2640 2974 2885 3038 tempore
2934 2976 2985 3024 et
3040 2973 3304 3042 temporis
3360 2975 3554 3031 condi-

1961 3052 2104 3107 tione
2133 3054 2433 3110 creaverim
2460 3055 2734 3109 hominem
2763 3072 2831 3111 ex
2871 3055 3067 3113 femina
3124 3060 3335 3116 factum
3360 3063 3389 3115 ‘?
3446 3064 3558 3119 Has

1961 3140 2096 3195 duas
2122 3140 2178 3194 in
2207 3140 2425 3197 Christo
2455 3149 2673 3198 naturas
2702 3143 2808 3199 alio
2837 3144 2894 3197 in
2921 3145 3135 3215 psalmo
3162 3148 3341 3203 David
3369 3149 3557 3206 brevi-

1959 3236 2043 3283 ter
2072 3229 2453 3282 commendat:
2490 3249 2514 3279 «
2551 3230 2779 3297 Veritas,
2813 3230 3005 3302 inquit,
3035 3232 3103 3287 de
3130 3241 3271 3289 terra
3298 3244 3420 3291 orta
3476 3245 3557 3295 est

1960 3316 2134 3385 (Psal.
2168 3331 2396 3382 Lxxxtv,
2430 3316 2517 3383 12)
2569 3316 2695 3387 quia
2747 3317 2816 3373 de
2868 3326 3009 3375 terra
3062 3324 3211 3377 ortus
3266 3332 3345 3379 cst
3400 3334 3557 3382 natus

1960 3404 2123 3458 homo
2145 3419 2212 3457 ex
2237 3404 2437 3458 femina
2467 3402 2553 3472 ³³³,
2584 3404 2681 3460 sed
2709 3404 2834 3476 quia
2864 3428 2885 3453 α
2923 3408 3098 3463 omnis
3113 3409 3277 3466 homo
3307 3412 3550 3469 mendax

1961 3492 2114 3547 Psal.
2148 3507 2275 3559 cxv,
2304 3493 2393 3562 11)
2422 3510 2435 3554 ;
2469 3514 2491 3542 »
2523 3492 2808 3564 plusquam
2848 3494 3011 3551 homo
3034 3504 3115 3552 est
3139 3498 3230 3569 qui
3260 3513 3370 3555 non
3394 3516 3556 3557 men-

1962 3579 2218 3647 dax,imo
2238 3579 2439 3635 veritas
2456 3579 2575 3650 ipsa
2622 3584 2677 3635 et
2728 3582 2872 3637 Deus
2917 3591 3023 3639 est.
3076 3585 3214 3640 Puer
3269 3602 3401 3659 ergo
3456 3590 3559 3647 iste

1960 3667 2129 3722 homo
2157 3675 2208 3722 et
2236 3668 2414 3723 Deum
2443 3669 2692 3739 butyrum
2722 3678 2777 3725 et
2801 3671 2910 3727 mel
2941 3672 3197 3742 comedit,
3239 3676 3384 3747 quia,
3418 3678 3559 3735 sicut

1961 3756 2121 3826 paulo
2150 3756 2395 3826 superius
2412 3757 2559 3813 idem
2587 3758 2828 3827 psalmus
2891 3759 3021 3815 dicit
3052 3777 3063 3814 :
3114 3782 3137 3812 α
3196 3762 3559 3823 Misericordia

1963 3851 2015 3899 et
2051 3844 2245 3900 veritas
2264 3844 2622 3901 obviaverunt
2648 3846 2771 3915 sibi,
2797 3847 3004 3917 justitia
3032 3856 3080 3904 et
3135 3864 3247 3918 pax
3300 3854 3558 3911 osculatee

1963 3940 2088 3987 sunt
2117 3932 2285 3998 (Psal.
2318 3948 2543 4001 Lxxxtv,
2586 3937 2695 4003 11).
2731 3956 2752 3983 ››
2814 3936 3074 4006 Butyrum
3123 3937 3269 3992 enim
3319 3942 3555 4011 gratiam

1963 4020 2234 4074 unctionis
2262 4027 2315 4075 et
2343 4020 2769 4076 misericordiam
2794 4022 3041 4094 designat
3062 4025 3201 4093 ;mel
3230 4042 3378 4096 vero,
3410 4030 3559 4099 quod

1965 4107 2219 4164 curandis
2244 4106 2561 4164 vulneribus
2590 4108 2894 4164 adhibitum
2922 4111 3131 4167 edendo
3163 4121 3335 4181 sanat,
3361 4114 3558 4184 judicii

1966 4204 2019 4252 et
2038 4196 2279 4252 veritatis
2320 4196 2661 4252 severitatem
2716 4197 2993 4253 denuntiat
3022 4198 3104 4253 ³³³.
3181 4202 3327 4257 Licet
3411 4204 3559 4259 enim

1963 4285 2241 4355 Scriptura
2268 4283 2429 4340 dicat.
2466 4307 2489 4333 α
2523 4283 2609 4341 cui
2638 4285 2752 4342 vult
2779 4286 3080 4357 miseretur,
3126 4296 3179 4344 et
3231 4306 3390 4360 quem
3447 4291 3563 4348 vult

1961 4373 2374 4444 indurat(Rom.
2406 4388 2483 4441 Ix,
2516 4374 2625 4443 18),
2671 4395 2693 4421 ι)
2729 4373 2859 4447 quia
2905 4390 3007 4432 nec
3053 4375 3234 4446 ipsum
3286 4379 3556 4449 misereri,

261 4434 442 4522 bendo
477 4482 488 4518 :
520 4484 543 4513 κ
568 4434 708 4518 Ecce
724 4434 1062 4524 abscondi—la,
1101 4455 1239 4511 δίουῐ
1272 4452 1467 4519 dimisi
1503 4451 1773 4545 90³³0ίὲ³³³³
1803 4459 1857 4506 ει
1880 4434 1935 4494 D
1966 4489 2065 4529 nec
2093 4434 2273 4544 ipsum
2302 4472 2558 4527 indurare
2595 4472 2705 4527 ulla
2724 4471 2781 4526 in
2808 4480 2960 4543 parte
2981 4490 3013 4529 a
3034 4474 3245 4545 justitia
3273 4493 3369 4533 seu
3396 4494 3430 4532 a
3456 4494 3557 4535 ve-

261 4555 437 4626 pariet
455 4552 654 4607 ﬁlium.
681 4573 703 4598 ιο
740 4548 881 4602 Nam
903 4544 949 4600 si
968 4542 1246 4600 communi
1267 4557 1428 4596 sensu
1466 4540 1857 4609 absconditam,

264 4643 322 4697 id
351 4650 453 4709 est,
477 4640 625 4695 domi
647 4637 917 4692 reclusam
949 4630 1238 4699 intellexit,
1258 4637 1312 4686 et
1337 4628 1471 4684 nihil
1524 4628 1690 4695 aliud,
1732 4628 1862 4698 quid

268 4731 493 4799 mirum,
515 4727 645 4799 quid
660 4740 861 4783 novum
892 4723 946 4777 in
975 4737 1041 4776 eo
1069 4726 1337 4789 conceptu
1357 4719 1385 4773 Ἰ
1406 4725 1463 4773 et
1482 4717 1633 4787 cujus
1657 4724 1859 4788 myste-

269 4820 340 4874 rii
367 4818 585 4889 signum
607 4820 932 4882 conceptum
964 4810 1114 4864 illum
1147 4823 1270 4863 esse
1299 4807 1471 4863 voluit
1498 4807 1528 4859 ‘2
1561 4828 1584 4854 α
1632 4806 1863 4876 Propter

275 4909 380 4962 hoc
398 4903 594 4976 inquit,
614 4902 766 4959 dabit
788 4898 1053 4956 Dominus
1082 4898 1199 4967 ipse
1227 4895 1390 4951 vobis
1419 4894 1641 4966 signum
1665 4911 1677 4947 :
1702 4894 1862 4962 Ecce,

269 4992 461 5065 inquit,
514 4991 839 5047 abscondita
886 4986 1176 5058 concipiet,
1222 4992 1275 5041 et
1316 4981 1487 5056 pariet
1551 4982 1745 5051 ﬁlium,
1815 4989 1869 5038 et

266 5080 765 5142 vocabiturnomen
794 5078 915 5148 ejus
943 5072 1281 5130 Emmanuel.
1342 5072 1607 5142 Butyrum
1654 5076 1708 5124 et
1760 5069 1872 5125 mel

272 5169 545 5238 comedet,
565 5176 626 5226 ut
656 5166 795 5225 sciat
820 5163 1121 5237 reprobare
1155 5160 1383 5233 malum,
1424 5167 1478 5225 et
1508 5158 1713 5232 eligere
1763 5157 1872 5216 bo—

1966 4570 2121 4625 ritate
2141 4568 2428 4624 exorbitat.
2445 4568 2872 4624 Misericordiam
2900 4570 3000 4625 Dei
3028 4579 3083 4626 et
3121 4572 3384 4641 judicium
3433 4574 3561 4629 ubi-

1968 4683 2073 4738 que
2101 4666 2301 4723 veritas
2328 4665 2613 4721 comitatur
2645 4679 2658 4734 ;
2691 4671 2745 4719 et
2769 4663 2825 4719 in
2850 4665 3139 4737 Scripturis
3166 4683 3267 4737 pro
3304 4668 3560 4726 alterutro

1970 4765 2168 4820 veritas
2196 4779 2344 4833 saepe
2372 4762 2601 4817 habetur
2634 4776 2646 4814 :
2685 4783 2706 4810 (ι
2736 4762 3033 4830 Universae,
3064 4763 3257 4834 inquit,
3304 4764 3408 4822 viae
3454 4766 3564 4823 Do-

1975 4859 2124 4928 mini,
2152 4855 2525 4913 misericordia
2553 4863 2607 4911 et
2635 4855 2836 4911 veritas
2860 4857 3034 4927 (Psal.
3066 4872 3223 4926 xxxv,
3256 4860 3366 4932 10).
3428 4885 3449 4910 η
3498 4861 3563 4918 Et

1977 4958 2033 5012 in
2064 4956 2173 5013 alio
2204 4943 2415 5025 psalmo
2460 4971 2473 5008 :
2511 4975 2532 5003 α
2570 4952 2747 5023 Opera
2792 4967 3052 5008 manuum
3095 4955 3219 5025 ejus
3259 4957 3459 5015 veritas
3514 4966 3569 5016 et

1972 5053 2235 5125 judicium
2261 5051 2435 5123 (Psal.
2452 5065 2544 5120 cx,
2568 5051 2646 5120 7),
2675 5072 2696 5098 ι»
2715 5048 2859 5120 quia,
2884 5065 2980 5106 seu
2999 5050 3320 5110 misereatur
3340 5056 3428 5110 cui
3445 5055 3565 5113 vult

1978 5130 2112 5222 vult,
2133 5148 2445 5222 seujudicet
2465 5154 2517 5203 et
2533 5145 2719 5220 puniat
2751 5162 2911 5220 quem
2944 5147 3078 5221 vult,
3110 5165 3274 5209 verax
3312 5159 3364 5210 et
3392 5152 3565 5224 justus

1577 5350 1811 5409 VARIE
1859 5343 2276 5407 LECTIONES.

343 5508 585 5582 "’M:._$_.
612 5509 770 5581 Gen,
800 5524 907 5582 ego
925 5504 1265 5582 ipse._‘_“lls.
1296 5504 1444 5577 Gen,
1476 5503 1641 5562 omit.
1671 5500 2106 5561 umisainclma.
2187 5491 2352 5553 mlh.
2384 5490 2625 5561 5.0912,
2655 5497 2774 5551 orta
2791 5496 2898 5559 est,
2941 5490 3045 5547 hoc
3079 5495 3162 5549 est
3195 5494 3358 5547 natus
3386 5505 3456 5548 ex
3495 5491 3566 5550 fe-

274 5586 447 5643 mina.
505 5579 675 5641 ⁸³³118.
694 5577 763 5639 S.
780 5577 928 5652 (δέη,
945 5577 1239 5651 signiﬁcat.
