3972 6072
493 286 619 341 1031

491 509 593 566 est,
625 497 860 552 debitam
880 494 1074 564 judicii
1106 492 1426 547 sententiam
1456 491 1788 561 inferendo].
1828 493 2080 560 Butyrum

482 587 647 657 igitur
673 592 726 640 et
764 583 870 637 mel
899 581 1145 636 Christus
1174 579 1444 642 comedet,
1479 589 1535 633 ut
1591 579 1727 633 sciat
1785 580 2078 649 reprobare

483 675 686 728 malum
718 680 770 726 et
799 671 1003 741 eligere
1039 670 1267 733 hOnum,
1303 667 1358 721 id
1389 675 1487 733 est,
1520 676 1571 720 ut
1599 667 1723 722 sciri
1757 668 1917 722 faciat
1949 668 2078 739 quia

484 759 740 829 reprobat
769 758 974 812 malum
1005 765 1056 811 et
1078 756 1236 825 eligit
1264 755 1487 820 bonum,
1523 755 1758 809 reddens
1791 755 2078 824 unicuique

481 849 633 917 juxta
665 862 835 916 Opera
867 860 983 913 sua,
1017 845 1188 898 bonos
1217 859 1593 909 remunerans,
1624 851 1676 896 et
1707 843 1878 896 malos
1897 843 2079 896 debita

484 934 970 992 animadversionis
999 932 1204 986 ultione
1234 931 1622 987 condemuans.
1657 932 1735 984 De
1767 931 1867 985 hoc
1888 947 2075 984 sacra-

483 1033 665 1079 mento
688 1022 985 1077 Dominicae
1004 1020 1391 1074 Incarnationis
1414 1019 1696 1073 videamus
1718 1035 1838 1088 quae
1879 1019 1931 1072 in
1966 1018 2074 1073 alio

478 1112 600 1167 loco
631 1111 776 1164 idem
807 1110 1072 1179 propheta
1104 1108 1252 1174 dicit,
1285 1115 1338 1160 et
1362 1106 1699 1176 prophetiam
1756 1105 2072 1160 summatim

477 1214 881 1271 percurramus.
921 1220 940 1244 α
977 1195 1224 1259 Domine,
1261 1194 1380 1264 quis
1433 1194 1658 1248 credidit
1715 1194 1920 1248 auditui
1969 1209 2072 1248 no-

475 1289 711 1342 stro‘?et
742 1283 1020 1339 brachium
1043 1282 1260 1338 Domini
1306 1282 1388 1335 cui
1445 1281 1746 1335 revelatum
1806 1290 1883 1336 est
1933 1299 1946 1335 :
2010 1283 2073 1335 Et

1401 278 1809 336 GISLEBERTI
1848 279 2145 336 CRISPINI
2175 276 2322 336 ΑΒΒ.
2360 282 2878 344 WESTMONAST.

493 418 575 466 est
603 408 684 482 [³η
733 406 1161 464 misericordiam
1218 403 1543 467 exhibendo,
1604 420 1776 460 verax
1807 411 1857 459 et
1909 405 2080 473 justus
2109 404 2273 473 Alit,
2310 429 2332 454 α
2367 414 2418 462 et
2447 407 2663 466 dolores
2691 421 2904 468 nostros
2971 414 3089 485 ipse
3154 417 3411 486 portavit,
3470 443 3491 465 η

3675 303 3825 356 1032

3561 422 3673 478 hoc
3738 437 3822 479 est

2190 496 2502 565 asportavit.
2541 520 2563 545 ι
2599 499 2721 567 Ipse
2750 500 2892 555 enim
2924 502 3238 558 vulneratus
3295 513 3371 560 est
3417 516 3658 578 propter
3704 512 3817 566 de-

2189 582 2316 636 licta
2346 593 2554 650 nostra,
2588 587 2794 641 attritus
2825 599 2902 643 est
2932 599 3154 660 propter
3175 593 3390 648 scelera
3420 605 3608 651 nostra
3641 599 3810 667 (Isai.

2189 686 2304 737 LIII,
2328 673 2381 736 4,
2414 674 2488 735 5).
2523 673 2675 727 Unde
2708 676 2988 743 apostolus
3018 679 3216 732 Paulus
3273 689 3347 734 ait
3414 699 3427 735 :
3477 706 3499 728 ε
3562 685 3812 757 Proprie

2189 757 2326 811 Filio
2358 773 2456 813 suo
2486 775 2593 813 non
2624 763 2864 831 pepercit
2898 781 2910 822 ;
2948 765 3040 818 sed
3060 782 3158 836 pro
3175 768 3334 822 nobis
3362 771 3623 826 omnibus
3673 783 3808 828 tra-

2185 844 2493 899 diditillum
2525 848 2701 917 (Rom.
2729 866 2838 914 VIII,
2877 854 2993 919 32).
3029 875 3048 900 ι
3093 883 3163 893 -
3223 877 3245 902 α
3280 856 3585 926 Disciplina
3640 864 3806 930 pacis

2185 937 2380 986 nostra:
2409 950 2571 1003 super
2599 951 2742 1002 eum,
2777 938 2931 1006 cujus
2961 940 3127 995 livore
3167 943 3341 996 sanati
3388 960 3583 1000 sumus
3627 949 3796 1016 (Isai.

2182 1033 2296 1086 Lm,
2313 1020 2391 1089 ὃ).
2418 1044 2439 1069 ι»
2459 1023 2582 1090 Ipse
2599 1023 2740 1077 enim
2766 1035 2844 1080 est
2857 1029 3046 1097 Agnus
3069 1029 3156 1099 qui
3176 1030 3311 1084 tollit
3328 1039 3548 1101 peccata
3571 1037 3798 1105 mundi,

2181 1110 2274 1176 qui
2298 1109 2568 1164 mediator
2586 1111 2683 1165 Dei
2701 1121 2749 1166 et
2776 1114 3054 1168 hominum
3079 1117 3331 1183 existens,
3357 1129 3530 1177 morte
3551 1139 3655 1178 sua
3675 1142 3792 1181 nos

2182 1194 2297 1247 Deo
2312 1197 2694 1265 reconciliavit,
2731 1201 2854 1268 quia
2880 1217 3025 1256 mors
3055 1203 3174 1272 ejus
3205 1205 3347 1275 apud
3377 1208 3551 1262 Deum
3609 1213 3792 1267 hostia

2180 1297 2280 1351 pro
2306 1291 2529 1351 peccato
2560 1285 2986 1358 originaliatque
3021 1292 3332 1361 pr0pitiatio
3364 1293 3480 1349 fuit.
3515 1318 3537 1344 ιι
3573 1297 3788 1355 Omnes

2176 1383 2275 1421 nos
2305 1370 2456 1438 quasi
2475 1387 2606 1427 oves
2637 1374 2935 1429 erravimus
2967 1377 3250 1447 (Ibid.,6),
3289 1402 3310 1427 ι
3346 1381 3632 1438 brachium
3656 1387 3780 1442 Do-

2178 1455 2308 1509 mini
2348 1472 2454 1512 non
2504 1462 2902 1530 cognoscendo,
2965 1466 3108 1532 quod
3165 1468 3380 1535 paravit
3422 1471 3691 1529 Dominus
3726 1475 3780 1528 in

472 1375 865 1431 ascenditsicut
887 1372 1177 1442 virgultum
1209 1384 1394 1425 coram
1421 1385 1506 1436 eo,
1538 1377 1589 1423 et
1619 1369 1758 1424 sicut
1790 1368 1942 1423 radix
2001 1370 2070 1424 de

473 1473 615 1518 terra
639 1460 855 1523 sitienti,
888 1467 939 1513 et
969 1474 1078 1512 non
1107 1467 1187 1511 est
1219 1456 1430 1525 species
1460 1457 1510 1509 ei
1542 1471 1719 1524 neque
1776 1456 1957 1521 decor,
2017 1465 2068 1510 et

473 1550 632 1620 quasi
664 1547 1014 1602 absconditus
1046 1546 1222 1598 vultus
1252 1545 1390 1613 ejus,
1439 1552 1490 1596 et
1536 1545 1823 1612 despectus
1857 1563 1868 1605 ;
1925 1545 2066 1600 unde
2175 1543 2344 1597 oculis
2363 1546 2604 1600 omnium
2627 1549 2889 1618 gentium,
2925 1567 3027 1607 nec
3058 1553 3114 1605 in
3152 1555 3372 1611 homine
3428 1557 3606 1614 Deum
3659 1577 3780 1616 esse

472 1654 573 1692 nec
603 1634 974 1705 reputavimus
1004 1648 1128 1687 eum
1164 1650 1174 1684 :
1210 1647 1332 1686 vere
1363 1632 1648 1702 languores
1677 1639 1890 1686 nostros
1948 1633 2065 1702 ipse
2172 1646 2297 1685 eum
2353 1635 2677 1704 reputando.
2725 1659 2747 1684 ‹‹
2801 1639 3180 1712 Unusquisque
3235 1650 3484 1700 nostrum
3531 1649 3586 1700 in
3624 1651 3774 1704 viam

470 1724 722 1795 portavit,
751 1731 802 1776 et
832 1721 1050 1776 dolores
1075 1728 1291 1774 nostros
1323 1719 1439 1788 ipse
1471 1719 1609 1772 tulit.
1639 1721 1760 1788 Ipse
1777 1719 1917 1773 enim
1939 1721 2060 1774 vul-
2089 1743 2141 1802 Β
2171 1733 2324 1772 suam
2358 1720 2647 1777 declinavit
2677 1724 2896 1795 (Ibid.),
2926 1751 2948 1774 ι»
2984 1729 3236 1799 quoniam
3261 1733 3330 1786 ab
3362 1734 3531 1804 eoqui
3546 1745 3630 1790 est
3659 1738 3770 1806 via,

471 1821 684 1868 neratus
713 1820 790 1865 est
819 1817 1042 1880 propter
1067 1808 1262 1863 delicta
1293 1815 1492 1872 nostra,
1526 1809 1738 1861 attritus
1792 1817 1871 1862 est
1926 1825 2058 1878 pro-
2171 1807 2389 1873 veritas,
2418 1813 2473 1863 et
2496 1809 2599 1865 vita
2629 1811 2939 1876 aberravit;
2996 1839 3015 1862 α
3071 1825 3122 1872 et
3168 1818 3429 1875 Dominus
3476 1825 3662 1891 posuit
3718 1827 3772 1880 in

467 1909 590 1971 pter
620 1898 826 1954 scelera
855 1905 1058 1951 nostra.
1112 1895 1412 1964 Disciplina
1466 1895 1615 1964 pacis
1668 1904 1866 1950 nostrae
1904 1913 2065 1966 super
2169 1909 2235 1949 eo
2255 1894 2590 1966 iniquitatem
2612 1901 2851 1954 omni-um
2884 1910 3126 1958 nostrum
3158 1907 3338 1977 (lbid.)
3385 1927 3399 1970 ;
3451 1932 3475 1958 ι
3511 1913 3770 1980 quoniam

461 2005 585 2042 eum
616 2007 627 2050 ;
662 1987 817 2055 cujus
849 1985 1023 2040 livore
1055 1984 1223 2038 sanati
1257 1999 1461 2036 sumus.
1498 1981 1703 2036 Omnes
1759 2000 1857 2037 nos
1907 1984 2060 2054 quasi
2168 1997 2268 2052 pro
2297 1983 2574 2052 iniquitate
2605 1994 2656 2039 et
2683 1997 2908 2056 peccato
2940 1992 3101 2046 totius
3131 1995 3312 2048 mundi
3353 2005 3584 2052 mortem
3636 2015 3770 2068 per-

464 2091 599 2131 oves
622 2075 946 2140 erravimus,
978 2071 1350 2142 unusquisque
1369 2079 1609 2124 nostrum
1642 2071 1695 2123 in
1728 2071 1872 2124 viam
1905 2087 2056 2124 suam
2169 2068 2304 2122 tnlit.
2345 2093 2364 2116 «
2405 2071 2599 2126 Factus
2627 2074 2772 2127 enim
2815 2093 2911 2146 pro
2941 2079 3117 2145 nobis,
3155 2081 3294 2135 sicut
3331 2085 3407 2137 ait
3444 2087 3768 2157 Apostolus,

465 2162 777 2228 declinavit,
839 2169 893 2216 et
945 2159 1208 2214 Dominus
1263 2160 1444 2228 posuit
1502 2159 1555 2211 in
1611 2174 1676 2211 eo
1724 2159 2056 2228 iniquitatem

2183 2157 2514 2212 naledictum
2545 2163 2690 2230 (Gal.
2725 2178 2803 2231 III,
2830 2167 2939 2232 13),
2965 2189 2985 2213 υ
3021 2167 3123 2222 hoc
3138 2177 3244 2236 est,
3268 2172 3540 2242 particeps
3575 2175 3771 2230 mrrtis

461 2251 724 2306 lomnium
754 2257 1020 2303 nostrum.
1051 2247 1279 2302 Oblatus
1310 2246 1409 2312 esi,
1443 2245 1567 2314 quia
1591 2246 1709 2314 ipse
1757 2246 1944 2310 voluit,
2005 2254 2059 2301 et
2165 2261 2328 2313 quam
2360 2247 2532 2316 primo
2578 2249 2783 2304 homini
2837 2252 3015 2308 intulit
3071 2256 3199 2309 illud
3247 2259 3508 2313 indictum
3556 2279 3589 2316 a
3642 2265 3760 2318 Deo

464 2355 572 2394 non
604 2337 809 2407 aperuit
838 2352 897 2389 os
928 2352 1109 2389 suum.
1151 2336 1228 2388 De
1259 2333 1506 2403 angustia
1527 2341 1579 2387 et
1601 2333 1668 2387 de
1691 2333 1900 2401 judicio
1919 2334 2054 2387 sub-
2165 2333 2510 2388 maledictum
2539 2353 2551 2390 :
2582 2359 2602 2383 ιι
2633 2339 2697 2391 In
2731 2355 3052 2410 quocunque
3090 2343 3176 2398 die
3220 2347 3540 2416 comederis,
3578 2359 3759 2407 morte

468 2431 599 2479 atus
631 2433 711 2478 est
743 2422 1184 2494 ;generationem
1217 2420 1335 2488 ejus
1366 2420 1483 2488 quis
1526 2419 1803 2473 enarrabit
1840 2423 1868 2472 εἰ
1917 2421 2052 2475 Pro-
2162 2421 2586 2490 morieris(Gen.
2621 2443 2680 2490 ιι,
2714 2429 2826 2496 17),
2863 2448 2884 2478 ι
2909 2439 3134 2484 mortem
3161 2449 3260 2501 pro
3306 2434 3461 2490 nobis
3519 2439 3762 2508 pertulit,
3818 2503 3830 2512 .

461 2522 644 2583 pterea
669 2513 823 2566 dabit
851 2511 1047 2580 impios
1078 2525 1178 2579 pro
1221 2509 1518 2577 sepultura,
1577 2516 1630 2563 et
1685 2508 1904 2562 divitem
1953 2524 2052 2578 pro
2161 2516 2404 2564 etmorte
2435 2525 2533 2566 sua
2556 2513 2900 2570 maledictum
2933 2518 3066 2572 illud
3099 2527 3151 2573 et
3185 2529 3420 2578 mortem
3449 2527 3759 2582 evacuavit.

463 2609 634 2656 morte
664 2617 779 2664 sua,
813 2615 878 2654 eo
908 2599 1053 2668 quod
1085 2597 1428 2666 iniquitatem
1458 2611 1566 2650 non
1615 2597 1760 2663 fecit,
1821 2613 1918 2652 nec
1960 2598 2050 2650 in-
2161 2596 2225 2649 Et
2291 2599 2543 2666 quoniam
2589 2602 2836 2660 universa
2886 2607 3005 2660 haec
3043 2609 3266 2678 propria
3301 2612 3594 2680 voluntate,
3653 2631 3763 2670 non

458 2697 651 2745 ventus
684 2697 762 2742 est
794 2687 949 2741 dolus
971 2686 1025 2738 in
1057 2701 1150 2739 ore
1182 2684 1317 2752 ejus.
1349 2691 1401 2739 et
1431 2684 1677 2738 voluntas
1726 2685 1940 2738 Domini
1994 2685 2049 2738 in
2157 2694 2392 2752 coactus,
2424 2688 2660 2754 pertulit,
2682 2689 2886 2745 idcirco
2906 2693 3056 2747 addit
3090 2713 3100 2748 :
3133 2717 3155 2743 α
3207 2695 3436 2753 Oblatus
3480 2710 3585 2769 est,
3634 2702 3766 2773 quia

461 2774 757 2842 manuejus
775 2774 1038 2844 dirigetur
1056 2773 1213 2837 (lsa-i.
1238 2787 1346 2838 Lm,
1371 2770 1543 2838 1-10).
1578 2795 1599 2818 η
1624 2773 1849 2826 Animos
1870 2772 2047 2841 itaque
2157 2771 2273 2858 ipse
2296 2773 2484 2842 voluit,
2517 2783 2568 2829 et
2590 2792 2696 2831 non
2725 2779 2936 2848 aperuit
2962 2796 3025 2835 os
3045 2798 3199 2838 suum
3245 2785 3396 2854 (Isai.
3430 2803 3543 2854 LIII,
3598 2770 3680 2858 7).
3728 2809 3749 2843 ι

452 2847 662 2917 vestros
693 2861 760 2914 ad
791 2859 1124 2915 credendum
1156 2858 1451 2912 obstinatos
1479 2857 1539 2886 ³³⁸
1578 2859 1715 2913 vidit
1756 2862 2041 2929 propheta,
2153 2857 2294 2914 Haec
2325 2861 2542 2930 quidem
2574 2847 2832 2936 assumpti
2862 2868 3096 2923 hominis
3150 2887 3272 2927 esse
3316 2874 3590 2931 videntur.
3645 2878 3756 2933 Ca,»

457 2959 508 3005 et
537 2949 654 3004 ait:
695 2972 715 2996 α
755 2947 1008 3012 Domine,
1039 2947 1155 3015 quis
1177 2945 1406 3000 credidit
1435 2946 1638 3000 auditui
1695 2954 1880 3001 nostro
1929 2948 1957 2999 ‘2
2016 2971 2038 2994 η
2155 2954 2285 3014 tera,
2332 2964 2452 3017 quae
2502 2961 2821 3022 sequuntur,
2856 2957 3132 3012 hominem
3181 2961 3468 3030 excedunt,
3519 2973 3571 3018 et
3640 2966 3746 3020 Dei

446 3038 883 3092 Etdemonstrat
913 3035 1059 3104 quod
1089 3032 1358 3098 audierat,
1410 3053 1431 3082 α
1503 3041 1554 3087 et
1611 3033 1888 3088 brachium
1937 3035 2043 3089 Do-
2075 3035 2315 3144 Csolius
2344 3038 2597 3094 existunt.
2665 3041 2818 3096 Unde
2856 3043 2975 3111 ipse
3033 3045 3089 3099 in
3129 3044 3189 3074 1"
3237 3049 3541 3121 Evangelia
3593 3053 3668 3107 ait
3733 3072 3746 3107 ;

750 3122 1039 3144 μ----ι-.--..
1080 3122 1210 3144 ,με
1333 3121 1408 3144 ηλ
1462 3122 1562 3144 ιη,
1621 3120 1840 3144 tuum-
1903 3122 2040 3144 :-I__.-
2218 3124 2367 3144 νης.
2592 3143 2595 3144 ν
2662 3128 2671 3137 -
3025 3133 3059 3144 --
3113 3134 3125 3144 .
3188 3136 3199 3144 -
3409 3136 3420 3144 -

451 3125 602 3192 mini,
635 3125 719 3179 cui
749 3122 1043 3179 revelatum
1075 3129 1155 3175 est
1183 3122 1210 3173 ἢ
1247 3145 1270 3166 η
1333 3121 1411 3174 De
1462 3122 1565 3175 hoc
1620 3120 1844 3176 brachio
1901 3122 2045 3177 idem
2075 3120 2122 3144 υ
2159 3145 2180 3168 α
2218 3124 2374 3178 Venit
2409 3126 2548 3179 enim
2590 3128 2843 3199 princeps
2877 3133 3062 3186 mundi
3111 3134 3287 3204 hujus,
3313 3144 3365 3190 et
3406 3136 3462 3191 in
3505 3155 3594 3194 me
3645 3156 3750 3195 non

447 3215 564 3285 ipse
598 3213 727 3267 alibi
760 3212 832 3266 ait
861 3228 872 3264 :
912 3233 933 3258 «
968 3210 1180 3265 Paravit
1211 3208 1472 3264 Dominus
1502 3209 1780 3263 brachium
1811 3211 2043 3264 suumin
2154 3211 2314 3266 habet
2340 3212 2638 3285 quidquam
2662 3215 2859 3283 (Joan.
2891 3234 3000 3288 xxv,
3035 3223 3144 3290 30).
3174 3244 3195 3270 ι)
3233 3223 3344 3278 Sed
3363 3225 3506 3280 unde
3539 3229 3659 3282 haec.
3693 3230 3749 3282 in

445 3301 617 3358 oculis
646 3301 886 3356 omnium
917 3299 1183 3370 gentium,
1236 3305 1288 3352 et
1344 3297 1606 3353 videbunt
1661 3314 1851 3353 omnes
1907 3298 2040 3354 ﬁnes
2153 3299 2644 3373 eolibertas?quia
2671 3304 2927 3374 princeps
2981 3309 3170 3362 mundi
3209 3310 3373 3379 hujus
3407 3312 3542 3367 nihil
3581 3332 3735 3368 suum

446 3401 597 3445 terrm
626 3390 856 3443 salutare
878 3388 976 3442 Dei
1007 3387 1176 3442 nostri
1208 3387 1359 3455 (1εαί.
1394 3400 1485 3451 LII,
1518 3387 1625 3455 10).
1669 3409 1689 3433 ι)
1755 3387 1870 3441 Hoc
1919 3387 2038 3441 bra-
2153 3385 2205 3438 in
2231 3403 2294 3441 eo
2331 3389 2555 3457 invenit,
2580 3391 2710 3461 quia
2744 3412 2766 3441 ι
2803 3394 2870 3447 de
2891 3397 3138 3465 angustia
3168 3397 3305 3452 etde
3353 3399 3566 3467 judicio
3602 3403 3738 3456 sub-

443 3480 624 3535 chium
656 3477 892 3544 Domini,
917 3476 1019 3530 hoc
1050 3475 1280 3529 salutare
1309 3474 1428 3541 Dei,
1456 3473 1522 3526 de
1553 3489 1659 3542 quo
1708 3474 1767 3526 in
1823 3475 2036 3543 psalmo
2147 3473 2283 3527 latus
2314 3484 2394 3529 est
2439 3479 2574 3547 (Isai
2623 3494 2738 3545 LIII,
2791 3482 2864 3549 8),
2928 3505 2950 3530 ιι
3016 3484 3143 3554 quia
3171 3493 3414 3541 mortuus
3441 3493 3612 3544 teneri
3671 3492 3740 3545 ab

442 3567 652 3621 dicitur.
691 3588 711 3612 «
750 3566 949 3620 Ponam
998 3564 1054 3615 in
1101 3562 1345 3628 salutari,
1394 3560 1713 3615 ﬁducialiter
1759 3576 1921 3632 agam
1979 3562 2035 3616 in
2141 3560 2259 3632 ipsa
2281 3571 2452 3618 morte
2483 3581 2593 3619 non
2639 3567 2833 3635 potuit.
2873 3569 3187 3626 Resurrexit
3231 3574 3373 3627 enim
3413 3592 3444 3629 a
3493 3580 3737 3649 mortuis,

435 3671 501 3708 eo
523 3654 696 3722 (Psat.
731 3667 806 3716 χι,
839 3654 913 3719 6).
950 3673 972 3696 υ
1019 3649 1113 3701 Cui
1143 3648 1438 3703 revelatum
1471 3655 1548 3701 est
1578 3649 1605 3699 '?
1639 3648 1747 3702 Vos
1777 3649 1924 3702 enim
1947 3664 2030 3704 re-
2139 3650 2275 3704 sicut
2303 3652 2548 3706 Psalmus
2568 3653 2726 3709 dicit:
2755 3678 2775 3702 α
2812 3656 2950 3712 Caro
2973 3674 3096 3714 mea
3138 3662 3443 3730 requiescet
3484 3664 3542 3718 in
3579 3681 3684 3737 spe

430 3740 640 3810 pulistis
663 3754 808 3800 eum,
842 3736 932 3805 qui
957 3736 1028 3790 ad
1057 3751 1156 3789 vos
1184 3736 1384 3788 missus
1417 3743 1663 3800 venerat,
1716 3735 1856 3788 sicut
1909 3736 2026 3804 ipse
2139 3738 2392 3808 quoniam
2422 3756 2532 3795 non
2553 3741 2896 3813 derelinquas
2918 3746 3156 3802 animam
3177 3764 3363 3804 meam
3393 3751 3448 3806 in
3491 3753 3734 3823 interno,

429 3826 775 3896 conqueritur
795 3840 890 3895 per
920 3823 1172 3878 eumdem
1203 3821 1397 3876 Isaiam
1428 3824 1746 3892 prephelam
1777 3840 1787 3874 :
1827 3846 1848 3870 ει
1916 3824 2026 3878 Co-
2135 3840 2235 3879 nec
2250 3826 2405 3880 dabis
2429 3843 2614 3883 semen
2646 3837 2794 3884 tuum
2825 3833 3009 3889 videre
3036 3840 3500 3907 corrumptionem
3549 3842 3734 3910 (Ρεαι,

427 3914 620 3989 gnovit
648 3913 746 3967 bos
790 3927 1156 3982 possessorem
1214 3925 1388 3976 suum,
1439 3918 1490 3964 et
1546 3910 1732 3964 asinus
1784 3927 2025 3981 praesepe
2134 3928 2224 3980 xv,
2261 3918 2311 3981 9,
2347 3915 2456 3983 10).
2494 3940 2514 3964 ιι
2546 3917 2701 3972 Unde
2723 3935 2852 3990 ergo
2883 3922 2996 3977 haec
3026 3930 3174 3978 tanta
3205 3924 3260 3978 in
3310 3927 3528 3983 homine
3568 3939 3733 4000 pote-

429 4001 636 4058 domini
657 4002 759 4068 sui,
792 3999 967 4055 Israel
999 4015 1086 4053 me
1117 4015 1224 4054 non
1255 3997 1529 4070 cognovit,
1564 3999 1858 4068 etpopulus
1874 4015 2025 4054 meus
2130 4007 2240 4054 stas
2267 4004 2294 4054 ‘2
2316 4001 2456 4069 Quia
2471 4003 2759 4076 plusquam
2793 4008 2955 4064 homo
2982 4019 3097 4065 erat
3128 4031 3140 4075 ;
3193 4035 3214 4058 ιι
3251 4014 3394 4068 Deus
3435 4016 3579 4070 enim
3618 4029 3734 4075 erat

428 4106 535 4146 non
564 4089 827 4144 intellexit
864 4104 951 4142 me
984 4088 1139 4154 (lsaz'.
1187 4102 1226 4152 ι,
1261 4086 1340 4156 3).
1395 4109 1416 4134 ιν
1477 4086 1630 4142 Unde
1677 4088 1913 4155 apertius
1965 4087 2020 4142 in
2128 4087 2183 4141 in
2216 4089 2446 4158 Christo,
2483 4115 2532 4158 ι,
2563 4093 2787 4148 sicutait
2817 4099 3096 4166 apostolus
3125 4100 3344 4170 Paulus,
3377 4126 3397 4151 ει
3455 4106 3720 4162 mundum

426 4179 639 4249 psalmo
669 4177 862 4231 dicitur
895 4193 906 4229 :
948 4198 968 4223 ‹‹
1007 4175 1260 4244 Populus,
1286 4190 1446 4243 quem
1487 4190 1594 4228 non
1624 4175 1877 4245 COgnovi,
1911 4191 2020 4229 ser-
2125 4178 2480 4233 reconcilians
2508 4181 2611 4233 sibi
2635 4183 2709 4251 (II
2737 4184 2862 4238 Cor.
2912 4201 2967 4251 v,
3013 4188 3126 4257 I9).
3191 4211 3212 4235 ιι
3252 4190 3401 4258 cujus
3439 4197 3721 4263 generatio

425 4267 559 4322 vivit
590 4265 744 4333 mihi,
775 4267 834 4317 in
863 4263 1049 4318 auditu
1080 4263 1222 4316 auris
1249 4261 1491 4317 obedivit
1523 4262 1672 4317 mihi.
1709 4262 1827 4316 Filii
1857 4263 2016 4317 alieni
2125 4265 2611 4322 estinenarrabilis
2639 4271 2791 4338 (1εαὶ.
2826 4287 2944 4341 Lm,
2977 4277 3048 4337 8).
3078 4275 3367 4342 Quomodo
3387 4261 3533 4334 enim
3580 4284 3721 4338 Deus

422 4354 630 4410 mentiti
661 4361 785 4407 sunt
814 4351 949 4406 mihi
982 4349 1113 4414 ;ﬁlii
1143 4350 1305 4404 alieni
1334 4349 1612 4405 inveterati
1629 4358 1769 4419 sunt,
1796 4357 1850 4404 et
1870 4350 2017 4406 clau-
2042 4422 2093 4443 ῃ
2123 4368 2188 4407 ex
2213 4370 2272 4407 se
2287 4356 2798 4412 consubstantialem
2821 4368 2942 4414 ante
2963 4368 3207 4432 tempora
3246 4373 3302 4420 et
3348 4381 3570 4439 semper
3617 4373 3714 4443 gi-

421 4443 735 4500 dicaverunt
767 4457 797 4494 a
827 4439 1034 4494 semitis
1056 4439 1168 4493 suis
1191 4437 1365 4507 (Psal.
1399 4453 1530 4502 xvn,
1564 4438 1672 4502 46).
1731 4461 1753 4486 ι»
1805 4438 2012 4494 Idcirco
2041 4422 2094 4483 D
2123 4450 2255 4512 gnat
2276 4443 2488 4511 Filium,
2537 4445 2656 4514 quis
2680 4448 2958 4502 enarrabit
2987 4450 3016 4502 ‘?
3072 4422 3152 4522 [⁸⁸
3197 4422 3719 4527 (ιιιοιιιοὰοιριιωδθ-

418 4548 537 4587 eum
571 4528 866 4601 repulistis,
905 4527 1030 4597 quia
1088 4527 1252 4581 homo
1308 4532 1443 4592 erat,
1485 4525 1610 4594 quia
1667 4542 1802 4595 puer
1855 4534 2013 4580 natus
2121 4529 2326 4584 stinatis
2358 4533 2690 4603 temporibus
2707 4550 2769 4589 ex
2789 4545 2959 4591 matre
2991 4537 3106 4593 sine
3145 4540 3244 4595 viri
3304 4544 3513 4600 semine
3546 4548 3714 4604 homo

416 4627 546 4676 erat.
585 4618 734 4674 Unde
765 4616 1004 4684 sequitur
1035 4631 1046 4667 :
1074 4637 1095 4660 σ
1129 4615 1197 4668 Et
1225 4613 1472 4668 ascendit
1501 4628 1662 4683 super
1717 4613 2011 4685 virgultum
2120 4626 2334 4674 creatus
2347 4620 2435 4687 sit,
2460 4630 2508 4675 et
2529 4638 2649 4675 eum
2669 4623 2816 4677 Deus
2846 4624 2964 4693 ipse
3005 4632 3360 4698 assumpserit
3395 4631 3452 4686 in
3501 4636 3713 4692 ωιίιειιθ

415 4724 596 4764 coram
628 4722 692 4762 eo
723 4705 880 4776 (Isai.
913 4718 1027 4770 Lm,
1063 4701 1144 4772 2).
1189 4725 1210 4750 n
1245 4701 1324 4755 De
1346 4701 1531 4755 radice
1559 4703 1867 4756 enimJesse
1895 4702 2010 4756 vir-
2122 4722 2390 4775 personae,
2434 4709 2555 4779 quis
2599 4711 2869 4766 enarrabit
2914 4712 2962 4784 ?]
2997 4713 3112 4770 Nec
3147 4715 3292 4770 illam
3373 4717 3540 4790 igitur
3607 4740 3712 4780 nec

411 4811 484 4867 ga
513 4795 641 4848 exiit
675 4813 687 4856 ;
723 4795 789 4847 de
842 4793 1000 4861 virga
1051 4789 1338 4860 virgultum
1395 4788 1653 4843 ascendit.
1705 4789 2004 4861 Virgultum
2111 4794 2268 4848 istam
2287 4795 2480 4849 Christi
2509 4799 2916 4868 generationem
2946 4800 3143 4872 aliquis
3171 4788 3464 4860 enarrabit.
3500 4809 3712 4882 cProp-

411 4881 757 4948 ascendebat,
774 4880 1026 4950 quoniam
1045 4899 1066 4930 α
1090 4879 1241 4932 Iesus
1258 4877 1574 4948 proﬁciebat
1593 4885 1746 4932 aetate
1767 4879 2003 4949 etgratia
2111 4888 2194 4936 ter
2219 4882 2411 4951 scelus,
2437 4899 2544 4938 non
2563 4885 2781 4954 quidem
2820 4904 2997 4956 suum,
3033 4891 3124 4944 sed
3168 4892 3354 4961 populi
3411 4896 3538 4965 mei,
3577 4877 3706 4966 per-

409 4969 555 5038 apud
583 4970 756 5023 Deum
775 4976 827 5021 et
845 4967 1093 5023 homines
1123 4967 1278 5036 (Luc.
1302 4981 1363 5032 ιι,
1397 4969 1509 5035 52).
1547 4988 1568 5014 ιι
1596 4976 1647 5020 et
1694 4967 1820 5035 quia
1873 4969 1997 5022 vul-
2107 4970 2254 5024 cussi
2275 4987 2400 5024 eum
2420 4972 2572 5042 (Isai.
2598 4988 2711 5039 LIII,
2733 4974 2806 5045 8).
2838 4998 2860 5023 ι»
2882 4974 3028 5043 Quid
3051 4979 3194 5032 enim
3211 4981 3434 5036 sceleris
3456 4983 3700 5054 admisit,

406 5066 488 5112 tus
518 5055 813 5111 divinitatis
833 5055 955 5123 ejus
985 5055 1086 5109 sub
1107 5054 1366 5124 assumpti
1394 5052 1538 5108 nube
1567 5054 1803 5108 hominis
1861 5054 1993 5110 abs-
2105 5057 2194 5128 qui
2212 5066 2496 5127 peccatum
2526 5076 2635 5116 non
2684 5061 2832 5130 fecit,
2865 5079 2964 5119 nec
3017 5065 3268 5122 inventus
3305 5073 3386 5123 est
3433 5072 3589 5127 dolus
3641 5075 3703 5128 in

401 5145 654 5203 conditus
685 5150 799 5199 erat
827 5151 878 5197 et
904 5144 1197 5212 despectus
1227 5159 1241 5210 ;
1280 5157 1382 5197 nec
1429 5143 1797 5213 reputavimus
1842 5159 1987 5200 eum.
2100 5161 2193 5201 ore
2213 5147 2331 5216 ejus
2351 5148 2379 5200 ‘?
2412 5149 2594 5217 (Ibid.,
2619 5152 2707 5220 9.)
2732 5151 2789 5206 Si
2819 5167 2951 5224 ergo
2973 5169 3160 5210 verum
3193 5163 3274 5212 est
3322 5161 3467 5230 quod
3500 5161 3700 5219 beatus

401 5257 424 5288 ι
461 5237 600 5291 Vere
621 5234 911 5304 languores
941 5239 1158 5286 nostros
1192 5230 1309 5301 ipse
1339 5230 1475 5299 tulit,
1504 5254 1526 5280 η
1553 5231 1657 5286 hoc
1686 5239 1766 5286 est
1797 5230 1987 5288 abstu-
2095 5233 2198 5288 Job
2231 5243 2468 5291 testatur.
2487 5235 2571 5308 [m
2599 5261 2620 5288 ‹«
2645 5237 2837 5295 Omnis
2858 5241 3020 5298 homo
3059 5244 3315 5315 mendax,
3341 5269 3360 5295 υ
3383 5256 3436 5302 et
3479 5249 3636 5321 alibi]
3680 5269 3692 5305 :

1698 5353 1933 5411 VARIE
1974 5357 2278 5414 LECTION
2284 5359 2385 5415 ES.

457 5477 974 5570 "'Ms.Rem.m'm't.
1007 5474 1183 5570 ungi-sl
1201 5475 1452 5570 inclusa.
1526 5475 1684 5570 ὟΜῇ
1709 5479 1888 5570 Rana.”
1921 5478 2250 5570 destinatos.
2314 5481 2446 5540 “'M.
2493 5485 2569 5543 S.
2603 5487 2751 5557 σωκ,
2792 5487 2938 5544 unde
2977 5486 3035 5543 in
3078 5488 3216 5561 ipso.
3288 5491 3448 5551 “'Ms.
3496 5498 3689 5570 Rem,

388 5555 552 5609 omit.
573 5553 736 5610 unci:
756 5550 999 5607 inclusa.
1068 5544 1234 5603 “Ws.
1264 5546 1340 5600 δ.
1381 5548 1512 5603 Ger.
1540 5549 1700 5605 omit.
1721 5544 1888 5606 uncis
1917 5551 2165 5609 inclusa.
