4030 6084
354 170 383 189 ..κ

300 267 437 321 1033

1296 256 1713 315 DISPUTATIO
1748 251 1966 313 JUDEI
2008 250 2153 311 CUM
2191 252 2618 311 CHRISTIANO

3464 260 3607 318 103‘

301 411 322 436 «
365 389 485 443 Non
539 394 620 442 est
646 387 810 442 homo
855 385 943 455 qui
977 400 1082 439 non
1130 386 1319 454 peccet
1345 382 1449 451 (ΙΙΙ
1469 384 1597 452 Reg.
1631 397 1744 449 vm,
1777 383 1889 448 46),
1919 381 1974 441 Α
1998 378 2309 443 fundentur,
2364 378 2500 435 sicut
2543 388 2768 436 testatur
2816 380 2985 437 Isaias
3014 385 3297 454 propheta.
3332 384 3435 452 Qui
3466 402 3598 458 ergo

299 493 399 532 nec
428 475 607 530 infans
635 476 787 544 cujus
828 474 937 530 vita
967 482 1046 528 est
1077 472 1236 527 unius
1267 471 1373 525 diei
1406 486 1577 540 super
1608 478 1830 523 terram.
1876 492 1897 516 υ

300 566 355 621 Si
416 580 604 620 verum
663 573 743 619 est
801 564 945 633 quod
1004 570 1057 618 et
1107 561 1297 615 beatus
1354 559 1537 613 David
1596 566 1820 614 testatur
1883 591 1899 629 ε

307 678 327 703 (ι
375 653 570 709 Omnis
602 652 770 707 homo
800 652 1042 707 mendax
1076 652 1250 719 (Psal.
1284 665 1410 718 cxv,
1448 649 1558 717 it),
1606 670 1626 695 η
1659 656 1709 702 et
1738 647 1898 702 alibi:

308 767 329 790 «ι
374 744 495 798 Non
543 740 934 810 justiﬁcabitur
973 740 1027 793 in
1058 746 1351 808 conspectu
1393 745 1479 791 tuo
1511 736 1688 791 omnis
1715 735 1904 792 vivens

310 832 489 901 (Psal.
519 844 684 897 cxut,
713 833 789 898 2),
818 852 839 878 »
884 827 1168 899 plusquam
1203 829 1364 881 homo
1395 834 1477 879 est
1500 825 1590 894 qui
1620 831 1902 893 peccatum

307 935 415 974 non
448 919 614 981 facit;
648 933 812 988 supra
854 916 1129 972 hominem
1161 916 1530 986 przerogativa
1565 912 1905 968 excellentiae

310 1008 431 1077 ejus
465 1006 583 1074 fuit,
616 1007 710 1075 qui
747 1030 767 1053 α
814 1006 983 1060 verbo
1031 1020 1137 1058 non
1164 1002 1389 1058 offendit
1416 1004 1560 1071 (Jac.
1588 1017 1668 1069 nt,
1701 1002 1777 1070 2),
1807 1017 1906 1056 nec

311 1095 569 1151 inventus
612 1095 768 1149 dolus
798 1104 876 1149 est
908 1094 964 1147 in
999 1109 1091 1147 ore
1129 1093 1247 1161 ejus
1278 1094 1453 1155 (Petr.
1501 1107 1558 1156 ιι,
1610 1091 1719 1159 22).
1766 1109 1788 1138 ι
1822 1092 1904 1145 De

307 1185 503 1240 eodem
545 1191 889 1238 sacramento
936 1182 988 1235 in
1017 1181 1228 1251 psalmo
1270 1179 1514 1235 dicitur:
1554 1202 1574 1226 ιι
1619 1179 1904 1248 Speciosus

308 1272 486 1327 forma
515 1287 629 1342 pra?
649 1271 778 1326 filiis
794 1271 1090 1339 hominum,
1126 1267 1318 1323 diffusa
1350 1276 1431 1323 est
1461 1267 1635 1338 gratia
1664 1268 1717 1321 in
1746 1266 1907 1321 labiis

314 1360 419 1415 tuis
471 1368 760 1431 propterea
793 1358 1067 1413 benedixit
1095 1366 1147 1412 te
1176 1358 1321 1411 Deus
1350 1356 1404 1409 in
1435 1364 1690 1411 aeternum
1726 1356 1902 1426 (Psal.

309 1465 457 1517 xuv,
515 1450 594 1519 3).
642 1471 662 1495 υ
693 1450 763 1502 Ει
806 1446 1153 1502 continuatim
1204 1445 1455 1500 eumdem
1503 1444 1801 1514 alloquens,
1834 1445 1906 1498 ita

308 1538 623 1610 subjungit:
678 1559 700 1585 (ι
745 1536 913 1590 Sedes
954 1543 1061 1601 tua,
1112 1535 1280 1601 Deus,
1312 1534 1366 1587 in
1410 1533 1669 1588 saeculum
1700 1533 1904 1600 saeculi,

308 1626 468 1697 virga
489 1624 818 1688 directionis,
843 1625 999 1696 virga
1020 1624 1171 1695 regni
1193 1625 1268 1677 tui
1290 1623 1472 1692 (lbid.,
1507 1625 1579 1692 7),
1627 1646 1646 1669 »ι
1683 1620 1764 1694 [³³⁸
1782 1638 1899 1691 per-
1934 1648 1983 1710 Β

308 1731 463 1772 curre
492 1715 783 1784 psalmum,
808 1721 859 1768 et
889 1713 1015 1767 vide
1045 1713 1116 1766 ad
1148 1727 1309 1766 unam
1340 1711 1590 1766 eamdem
1618 1726 1900 1781 personam

269 1864 272 1867 Α
314 1805 585 1877 psalmum
637 1805 739 1858 huc
768 1820 938 1873 usque
969 1799 1387 1872 continuatum]
1418 1800 1563 1853 Deus
1592 1800 1773 1870 itaque
1803 1806 1904 1866 est,

308 1893 394 1948 cui
427 1892 625 1947 dicitur
658 1908 670 1945 :
709 1913 730 1939 α
775 1891 946 1945 Sedes
973 1898 1081 1955 tua,
1128 1891 1296 1952 Deus,
1329 1888 1382 1941 in
1414 1889 1667 1943 saeculum
1700 1887 1904 1954 seaculi,

313 1982 478 2052 virga
502 1980 838 2047 directionis,
865 1980 1023 2049 virga
1045 1979 1201 2048 regni
1233 1977 1330 2031 tui.
1364 1996 1385 2026 ι
1420 1975 1663 2031 Cuivero
1677 1975 1905 2030 dicitur:

322 2093 343 2119 «ι
373 2070 541 2125 Sedes
568 2077 679 2135 tua,
713 2069 878 2135 Deus,
904 2067 956 2120 in
979 2067 1233 2122 saeculum
1270 2065 1476 2132 szeculi,
1506 2087 1527 2112 ι)
1564 2064 1665 2118 nisi
1697 2063 1782 2117 cui
1812 2081 1907 2117 su-

314 2158 499 2229 perius
529 2157 777 2211 dixerat:
838 2178 859 2203 α
906 2155 1199 2224 Speciosus
1233 2155 1400 2207 forma
1430 2168 1547 2222 prae
1575 2151 1695 2205 filiis
1726 2152 1909 2206 homi-

311 2261 476 2314 num;
510 2244 711 2299 diﬂ‘usa
743 2251 823 2299 est
853 2243 1029 2314 gratia
1058 2243 1113 2295 in
1143 2241 1299 2295 labiis
1340 2242 1461 2307 tuis,
1496 2248 1778 2310 propterea
1816 2240 1907 2295 be-

314 2334 523 2389 nedixit
582 2342 632 2388 te
679 2334 825 2387 Deus
873 2333 925 2386 in
972 2331 1280 2386 teternum?
1323 2352 1344 2375 ι»
1393 2328 1571 2398 Quem
1603 2329 1907 2398 speciosum

317 2422 489 2477 forma
518 2438 632 2492 prae
664 2421 785 2475 ﬁliis
816 2420 1092 2475 hominum
1136 2418 1392 2489 appellat,
1426 2418 1495 2471 ab
1516 2418 1750 2473 hominis
1806 2432 1906 2471 na-

314 2520 432 2565 tura
483 2528 604 2565 eum
652 2527 762 2565 non
804 2517 1039 2579 separat,
1099 2517 1150 2563 et
1193 2508 1463 2562 hominem
1515 2522 1633 2561 esse
1680 2514 1904 2560 constat.

316 2600 583 2654 Eumdem
621 2598 804 2670 igitur,
854 2613 1018 2670 quem
1067 2596 1376 2666 speciosum
1427 2596 1601 2649 forma
1641 2611 1751 2665 prae
1784 2594 1910 2648 filiis

315 2688 592 2743 hominum
616 2687 871 2757 appellat,
888 2687 1061 2740 Deum
1094 2685 1148 2739 in
1170 2684 1516 2752 subsequenti
1538 2698 1700 2737 versu
1723 2690 1908 2752 aperte

320 2776 584 2843 nominat,
633 2774 859 2829 dicens:
915 2796 936 2822 «
983 2773 1149 2827 Sedes
1196 2780 1306 2839 tua,
1348 2772 1515 2833 Deus,
1566 2772 1621 2824 in
1650 2772 1907 2827 stPculum

313 2865 514 2920 szeculi.
562 2887 583 2912 ι»
608 2865 687 2917 Ex
718 2864 801 2917 his
829 2877 964 2935 ergo
994 2869 1045 2917 et
1075 2862 1194 2916 aliis
1218 2860 1614 2931 Scripturarum
1644 2859 1909 2928 exemplis

313 2952 376 2982 ¹¹⁹
421 2952 773 3019 credidimus,
828 2959 880 3005 et
923 2950 1263 3006 credendum
1313 2964 1436 3004 esse
1465 2948 1754 3003 astruimus
1782 2947 1907 3019 quia

314 3042 559 3096 Christus
612 3049 695 3096 est
750 3041 897 3095 Deus
958 3043 1015 3094 et
1072 3040 1252 3104 homo,
1321 3037 1551 3092 discreta
1596 3037 1814 3092 omnino

315 3131 593 3200 utriusque
631 3137 836 3182 natura
883 3127 1142 3182 essentia.
1193 3127 1345 3179 Hunc
1369 3126 1487 3193 jam
1518 3126 1734 3179 venisse
1767 3124 1909 3179 (lici-

316 3233 438 3272 mus
470 3215 553 3284 m,
588 3216 716 3287 quia
762 3216 937 3287 signa,
971 3231 1092 3286 quas
1124 3215 1191 3269 de
1222 3215 1339 3282 ejus
1368 3214 1601 3268 adventu
1633 3213 1909 3282 praedixe—

309 3314 433 3360 runt
486 3306 780 3376 prOphetae,
827 3303 947 3371 jam
1005 3303 1297 3358 subsecuta
1346 3318 1467 3355 esse
1515 3302 1779 3357 videmus.
1844 3301 1911 3355 Ut

307 3395 452 3450 enim
504 3395 570 3448 de
600 3393 780 3447 multis
810 3408 977 3446 unum
1020 3407 1319 3455 assumam,
1366 3390 1536 3446 Jacob
1578 3389 1910 3443 benedicens

306 3484 504 3539 Iudam
535 3480 703 3535 ﬁlium
737 3496 895 3535 suum
947 3481 1053 3534 ait:
1092 3502 1111 3527 «
1154 3481 1277 3533 Non
1307 3476 1518 3532 deficiet
1551 3479 1809 3546 princeps
1838 3478 1907 3530 de

313 3572 472 3638 Juda,
519 3580 571 3625 et
611 3571 721 3624 dux
768 3570 837 3624 de
883 3568 1183 3623 femoribus
1218 3568 1355 3635 ejus,
1388 3568 1560 3622 donec.
1603 3566 1783 3621 veniat
1813 3552 1907 3636 qui

309 3660 608 3717 mittendus
661 3666 741 3713 est
785 3676 797 3719 ;
841 3665 894 3711 et
954 3657 1069 3726 ipse
1124 3657 1224 3711 erit
1276 3655 1606 3726 exspectatio
1661 3654 1903 3726 gentium

304 3751 473 3820 (Gen.
520 3765 644 3802 thx
692 3748 800 3817 10).
847 3768 867 3795 η
923 3745 1059 3814 Quia
1098 3761 1230 3817 ergo
1256 3746 1371 3815 jam
1403 3761 1500 3814 per
1527 3744 1902 3798 millia'anno-

302 3856 422 3894 rum
471 3835 671 3892 defecit
720 3835 971 3905 princeps
998 3850 1065 3889 ex
1100 3834 1239 3888 Juda
1269 3842 1320 3889 et
1359 3834 1472 3887 dux
1501 3832 1569 3887 de
1599 3832 1901 3887 femoribus

307 3927 425 3997 ejus
469 3939 533 3980 ac
562 3938 703 3994 pene
721 3922 834 3991 jam
866 3922 1039 3991 ipsum
1092 3921 1309 3976 evanuit
1338 3936 1536 3976 nomen
1568 3920 1896 3988 Iudaeorum,

305 4013 537 4070 dicimus
581 4011 707 4082 quia
754 4010 995 4063 Christus
1034 4010 1147 4078 jam
1181 4010 1327 4064 venit
1376 4008 1706 4079 exspectatio
1753 4023 1896 4078 gen-

300 4103 430 4158 tium
474 4107 574 4165 ;et
602 4101 660 4154 in
707 4100 912 4169 psalmo
957 4098 1156 4154 dicitur
1200 4113 1213 4152 :
1270 4119 1291 4146 «
1358 4096 1727 4153 Obscurentur
1752 4096 1896 4151 oculi

297 4206 503 4260 eorum,
552 4206 619 4243 ne
667 4187 885 4243 videant
927 4202 939 4255 ;
989 4194 1043 4241 et
1093 4185 1313 4240 dorsum
1342 4201 1530 4239 eorum
1562 4200 1779 4254 semper
1809 4185 1895 4240 in-

294 4296 458 4335 curva
482 4278 863 4351 (Psal.1.xvm,
894 4276 1005 4344 24).
1036 4297 1056 4323 ι)
1088 4272 1228 4342 Quia
1256 4274 1421 4346 igitur
1446 4275 1557 4341 jam
1584 4288 1683 4344 per
1714 4278 1891 4328 totum

295 4369 490 4425 orbem
534 4376 798 4422 terrarum
848 4364 1069 4418 dorsum
1113 4369 1348 4419 vestrum
1382 4362 1504 4416 aliis
1534 4362 1786 4434 gentibus
1809 4367 1891 4415 est

297 4454 662 4518 incurvatum,
702 4450 819 4519 jam
868 4447 1067 4503 defecit
1107 4447 1361 4517 princeps
1408 4463 1474 4501 ex
1504 4447 1660 4508 Juda.
1694 4454 1747 4500 et
1778 4446 1889 4499 dux

296 4544 363 4597 de
388 4539 685 4596 femoribus
728 4538 862 4605 ejus,
896 4544 947 4591 et
990 4535 1193 4591 idcirco
1232 4536 1464 4592 dicimus
1495 4536 1617 4606 quia
1649 4535 1888 4589 Christus

290 4631 403 4700 jam
434 4627 580 4684 venit
607 4624 941 4696 exspectatio
988 4625 1251 4697 gentium.
1285 4625 1437 4689 Item,
1469 4624 1593 4695 quia
1622 4624 1885 4693 adimple-

284 4728 396 4772 tum
426 4724 508 4771 est
543 4733 554 4769 :
596 4736 619 4764 «ι
661 4713 1116 4779 Reminiscentur,
1168 4720 1222 4768 et
1251 4719 1634 4767 convertentur
1664 4713 1732 4766 ad
1764 4713 1880 4766 Do-

292 4806 499 4859 minum
547 4801 785 4858 universi
833 4800 966 4855 fines
1010 4808 1287 4864 terrm;et
1333 4800 1638 4855 adorabunt
1664 4800 1719 4854 in
1751 4816 1885 4856 con-

290 4901 478 4965 spectu
526 4892 649 4962 ejus
686 4894 950 4945 universa:
997 4890 1219 4946 familia:
1252 4888 1494 4961 gentium
1545 4889 1721 4955 (Psal.
1761 4906 1881 4947 xxx.

284 4986 399 5053 28),
447 5005 468 5030 ο
529 4980 758 5036 dicimus
787 4979 911 5050 quia
961 4978 1205 5033 Christus
1242 4978 1360 5047 jam
1384 4977 1529 5033 venit
1556 4978 1882 5046 exspectatio

281 5070 523 5143 gentium
567 5070 652 5123 cui
681 5069 854 5123 honor
898 5074 951 5122 et
978 5067 1267 5137 imperium
1315 5082 1410 5136 per
1455 5074 1652 5121 mterna
1681 5067 1879 5121 saecula

282 5159 624 5215 saeculorum.
660 5156 765 5227 Qui
805 5170 941 5229 ergo
972 5155 1319 5213 crediderunt
1343 5155 1398 5209 in
1427 5170 1570 5225 eum,
1605 5170 1714 5210 non
1741 5170 1876 5211 con-

1846 2997 1908 3063 ὦ
1938 2997 1986 3059 C

2006 483 2111 522 non
2144 467 2487 535 crediderint,
2525 470 2653 524 audi
2699 469 2767 526 de
2795 471 3046 543 gentibus
3078 489 3089 525 :
3130 493 3151 520 υ
3195 472 3604 529 Confundantur

2005 572 2221 623 omnes,
2273 557 2362 626 qui
2402 557 2635 612 adorant
2682 560 2946 629 sculptilia
3004 568 3055 614 et
3086 561 3175 630 qui
3222 562 3523 632 gloriantur
3548 562 3602 617 in

2005 644 2311 698 simulacris
2327 646 2436 699 suis
2458 648 2635 714 (Psal.
2668 663 2820 715 XCVI,
2854 649 2931 718 '7).
2959 671 2979 697 υ
3020 649 3153 703 Audi
3184 658 3236 703 et
3268 651 3335 705 de
3364 651 3599 706 Iudaeis:

2010 756 2030 779 «ι
2076 732 2367 788 Deleantur
2417 735 2485 789 de
2515 735 2652 790 libro
2696 735 3011 805 viventium,
3045 745 3097 793 et
3154 753 3276 793 cum
3313 738 3465 806 iustis
3495 754 3600 796 non

2005 820 2310 876 scribantur
2338 824 2510 891 (Psal.
2549 841 2735 893 vam,
2774 828 2884 893 29).
2936 849 2956 872 ι»

2675 962 2922 1003 ιυοιευε.

2077 1059 2154 1113 Ex
2206 1061 2307 1115 hac
2340 1075 2478 1131 ergo
2510 1068 2596 1114 tua
2628 1061 2871 1118 illationc
2902 1063 3088 1135 colligi
3121 1074 3321 1137 potest.
3355 1067 3601 1122 Confun-

2011 1147 2206 1202 dantur
2251 1156 2303 1202 et
2352 1148 2656 1215 Christiani,
2727 1151 2854 1223 quia
2903 1160 2956 1207 et
3015 1154 3305 1208 Christiani
3379 1155 3605 1210 adorant

2011 1235 2301 1304 sculptilia,
2351 1243 2402 1290 et
2448 1236 2751 1305 gloriantur
2781 1239 2834 1293 in
2884 1242 3195 1297 simulacris
3236 1243 3388 1305 suis;
3426 1243 3603 1312 ipsum

2011 1324 2206 1377 etenim
2242 1325 2411 1377 Deum
2456 1324 2711 1396 eﬁigiatis
2739 1327 3031 1398 aliquando
3063 1330 3318 1385 miserum
3350 1332 3605 1400 penden-

2006 1419 2117 1466 tem
2141 1412 2193 1464 in
2212 1412 2449 1481 patibulo
2481 1414 2624 1467 cruci
2655 1415 2825 1470 clavis
2847 1416 3092 1483 affixum,
3120 1418 3263 1488 quod
3291 1420 3409 1488 ipso
3442 1419 3606 1474 etiam

2007 1497 2127 1551 visu
2159 1498 2488 1552 horrendum
2520 1507 2622 1565 est,
2653 1499 2818 1570 idque
2848 1503 3109 1570 adoratis,
3143 1512 3195 1559 et
3223 1505 3361 1559 circa
3392 1521 3605 1560 crucem

2011 1580 2263 1651 effigiatis
2290 1583 2647 1653 semipuerum
2679 1586 2851 1649 solem
2883 1588 3066 1642 nescio
3098 1588 3241 1642 unde
3271 1590 3613 1644 exterritum-

2014 1673 2068 1720 et
2098 1666 2393 1736 fugientem
2426 1668 2606 1721 lunam
2636 1670 3012 1740 semipuellam
3032 1671 3341 1742 lugubrem,
3375 1688 3587 1728 semum

2016 1770 2121 1822 que
2150 1754 2285 1808 lucis
2317 1770 2429 1809 suae
2459 1770 2630 1809 cornu
2677 1758 3031 1814 occultantem
3061 1778 3073 1823 ;
3106 1760 3396 1829 aliquando
3426 1770 3608 1817 autem

2015 1842 2187 1896 Deum
2234 1841 2480 1914 etligiatis
2520 1844 2739 1898 sublimi
2798 1846 2934 1901 solio
2985 1848 3285 1917 sedentem,
3333 1866 3608 1921 manuque

2015 1938 2266 1999 porrecta
2296 1930 2638 2002 signantem;
2685 1940 2739 1987 et
2766 1933 2911 1989 circa
2940 1951 3065 1989 eum
3096 1936 3251 2007 quasi
3284 1953 3483 2008 magno
3519 1940 3611 1993 di-

2017 2018 2235 2089 gnitatis
2276 2018 2574 2090 praestigio,
2607 2020 2862 2090 aquilam,
2895 2031 2948 2077 et
2996 2024 3267 2078 hominem
3301 2025 3530 2080 vitulum
3561 2032 3616 2081 et

2018 2107 2255 2161 leonem.
2301 2108 2411 2160 Has
2459 2106 2665 2177 efﬁgies
2722 2110 3005 2164 Christiani
3045 2111 3390 2181 exsculpunt,
3438 2113 3612 2169 fabri-

2017 2203 2142 2252 cant
2190 2200 2245 2250 et
2296 2196 2599 2268 depingunt
2655 2197 2798 2252 unde
2844 2208 3111 2268 possunt;
3148 2209 3201 2256 et
3247 2201 3339 2255 ubi
3371 2210 3611 2273 possunt,

2017 2284 2242 2338 adorant
2270 2292 2323 2338 et
2352 2284 2536 2340 colunt
2560 2301 2571 2338 :
2597 2286 2739 2355 quod
2772 2287 2860 2341 lex
2890 2304 2920 2341 a
2953 2288 3064 2342 Deo
3093 2288 3213 2343 data
3245 2292 3468 2345 omnino
3496 2291 3618 2346 ﬁeri

2016 2380 2181 2427 vetat.
2214 2374 2350 2426 Nam
2384 2374 2437 2426 in
2458 2374 2645 2428 Exodo
2674 2375 2752 2429 ita
2780 2375 3039 2444 scriptum
3060 2385 3140 2431 est
3173 2394 3185 2432 :
3231 2400 3251 2426 (ι
3295 2380 3417 2434 Non
3447 2380 3617 2436 facies

2019 2460 2113 2513 tibi
2163 2461 2429 2531 sculptile,
2463 2478 2639 2531 neque
2670 2479 2890 2518 omnem
2937 2464 3352 2522 similitudinem
3386 2484 3506 2536 quas
3536 2471 3617 2523 est

2017 2548 2073 2601 in
2102 2550 2240 2603 coelo
2289 2550 2540 2619 desuper,
2576 2560 2630 2605 et
2659 2568 2780 2621 quae
2822 2553 2877 2606 in
2911 2560 3050 2608 terra
3081 2554 3353 2621 deorsum,
3387 2573 3485 2612 nec
3514 2572 3616 2612 eo-

2017 2653 2133 2690 rum
2184 2654 2305 2706 que
2353 2646 2472 2692 sunt
2520 2640 2575 2692 in
2613 2640 2809 2711 aquis;
2865 2657 2973 2696 non
3021 2643 3277 2698 adorabis
3319 2661 3403 2712 ea,
3442 2662 3617 2717 neque

2018 2724 2168 2779 coles
2219 2726 2421 2793 (Exod.
2469 2744 2562 2795 xx,
2596 2728 2670 2797 4).
2734 2750 2754 2776 υ
2809 2730 2918 2783 Lex
2968 2729 3131 2801 igitur
3176 2733 3415 2786 eradicat
3454 2749 3613 2788 omne

2017 2811 2269 2881 sculptile
2310 2832 2324 2879 ;
2373 2821 2426 2868 et
2475 2831 2616 2882 eum,
2682 2816 2773 2885 qui
2822 2816 3026 2888 fecerit,
3086 2818 3357 2874 horrenda
3400 2821 3609 2890 judicat

2018 2902 2498 2958 condemnatione.

2617 3039 2687 3078 CH
2698 3040 3013 3082 RlSTIANUS.

2086 3136 2140 3191 Si
2171 3153 2402 3207 unquam
2436 3139 2522 3193 lex
2553 3155 2711 3194 omne
2736 3141 2806 3194 ita
2837 3140 3057 3195 damnat
3086 3143 3357 3212 sculptile,
3392 3152 3443 3199 et
3469 3145 3616 3202 nullo

2014 3226 2178 3280 modo
2236 3226 2311 3279 rei
2377 3226 2607 3295 alicujus
2667 3227 2793 3281 licet
2835 3228 2946 3282 fieri
2999 3229 3313 3293 similitudo,
3371 3234 3619 3302 peccavit

2013 3314 2248 3383 Moyses,
2282 3314 2371 3385 qui
2404 3331 2579 3368 rerum
2605 3315 2985 3371 similitudines
3015 3316 3291 3390 effigiavit,
3325 3329 3376 3375 et
3408 3323 3616 3376 exscul-

2012 3402 2158 3470 psit;
2211 3402 2319 3456 imo
2372 3403 2616 3473 peccavit
2672 3404 2956 3470 Dominus,
3000 3406 3089 3477 qui
3142 3422 3235 3461 eas
3282 3408 3505 3481 efligiari
3560 3419 3612 3466 et

2011 3490 2254 3560 exsculpi
2290 3492 2588 3547 mandavit.
2612 3493 2751 3545 Nam
2782 3492 2837 3546 in
2859 3494 3050 3548 Exodo
3082 3495 3342 3551 Dominus
3372 3498 3444 3552 ita
3474 3515 3613 3569 prce.

2008 3577 2151 3648 cepit
2203 3596 2272 3631 ;‹ι
2341 3579 2525 3634 Facies
2565 3580 2695 3636 mihi
2757 3583 3142 3653 sanctuarium,
3189 3585 3342 3655 juxta
3392 3603 3614 3643 omnem

2008 3665 2420 3721 similitudinem
2469 3667 2825 3734 tabernaculi,
2878 3671 3019 3740 quod
3065 3674 3341 3728 ostendam
3390 3676 3507 3745 tibi,
3559 3684 3612 3731 et

2005 3756 2253 3809 omnium
2277 3772 2548 3824 vasorum,
2572 3758 2624 3811 in
2642 3758 2842 3812 cultum
2867 3761 2981 3828 ejus
3002 3762 3199 3832 (Exod.
3228 3779 3357 3830 xxv,
3385 3767 3436 3835 8,
3462 3766 3535 3836 9).
3578 3789 3599 3815 ι›

2003 3845 2134 3897 Item
2167 3853 2287 3915 post
2319 3863 2488 3916 pauca
2522 3861 2534 3900 :
2572 3870 2592 3896 α
2638 3848 2824 3903 Facies
2854 3856 2907 3903 et
2937 3849 3196 3904 laminam
3229 3868 3299 3906 ex
3332 3868 3462 3909 auro
3494 3871 3601 3924 pu-

2001 3933 2241 4000 rissimo,
2292 3934 2345 3988 in
2407 3952 2515 4005 qua
2557 3936 2773 4006 sculpes
2832 3952 2995 4007 opere
3045 3939 3310 3994 caelatoris
3358 3952 3603 3997 sanctum

2000 4018 2233 4075 Domino
2264 4022 2463 4090 (Exod.
2495 4038 2689 4089 xxviii,
2722 4022 2840 4089 36).
2896 4047 2916 4073 ››
2953 4025 3084 4079 Item
3122 4044 3135 4079 :
3178 4049 3197 4073 «
3235 4027 3430 4082 Sumcs
3462 4030 3599 4084 duos

1998 4107 2208 4178 lapides
2237 4111 2557 4181 onychiuos,
2592 4119 2644 4166 et
2674 4112 2891 4180 sculpes
2912 4111 2964 4165 in
2995 4112 3070 4165 eis
3101 4114 3323 4169 nomina
3354 4115 3592 4172 ﬁliorum

1998 4196 2188 4264 Israel,
2241 4214 2407 4268 Opere
2468 4200 2773 4269 sculptoris,
2823 4207 2875 4253 et
2940 4200 3196 4256 caelatura
3256 4220 3598 4276 gemmarum

2002 4284 2182 4353 (Ibid.,
2214 4288 2392 4356 0-11).
2441 4310 2461 4335 υ
2498 4288 2642 4343 Ecce
2661 4305 2841 4342 rerum
2875 4288 3257 4346 similitudines
3288 4292 3597 4365 effigiantur

2003 4376 2055 4422 et
2084 4368 2308 4440 cﬂigiari
2356 4387 2385 4424 a
2416 4372 2647 4427 Domino
2690 4371 3103 4442 praecipiuntur.
3142 4374 3283 4429 Ecce
3314 4377 3597 4447 sculptura:

1998 4452 2129 4506 fiunt
2157 4454 2387 4509 Domino
2413 4455 2469 4509 in
2492 4456 2759 4526 lapidibus
2785 4456 3067 4526 onychinis
3098 4466 3148 4511 et
3178 4474 3326 4513 auro.
3364 4460 3422 4513 In
3452 4461 3590 4517 libro

1996 4557 2123 4597 vero
2154 4543 2360 4616 Regum
2401 4544 2617 4615 legitur,
2669 4543 2763 4599 ubi
2795 4545 3048 4613 templum
3082 4546 3312 4603 Domino
3343 4549 3588 4604 aedifica-

1996 4639 2085 4685 tur
2115 4649 2126 4685 :
2168 4653 2189 4679 α
2233 4634 2433 4687 Omnes
2456 4633 2690 4702 parietes
2721 4633 2903 4702 templi
2934 4633 3157 4701 sculpsit
3180 4650 3279 4702 per
3306 4636 3587 4694 circuitum

1993 4720 2157 4774 variis
2205 4720 2492 4788 cazlaturis,
2528 4729 2581 4775 et
2622 4728 2796 4786 torno,
2843 4728 2893 4774 et
2928 4719 3050 4775 fecit
3080 4721 3133 4773 in
3167 4722 3249 4775 eis
3279 4723 3582 4793 cherubim,

1995 4816 2046 4862 et
2090 4808 2303 4879 palmas
2334 4816 2385 4863 et
2435 4810 2669 4879 picturas
2720 4809 2893 4863 varias
2924 4808 3075 4878 quasi
3122 4811 3489 4880 prominentes
3520 4817 3588 4871 de

1991 4896 2201 4964 pariete
2226 4904 2277 4950 et
2326 4897 2667 4968 egredientes
2697 4897 2795 4969 (Ill
2844 4899 2969 4968 Reg.
3005 4914 3075 4964 vr,
3110 4899 3220 4969 29).
3271 4900 3414 4957 Fecit
3445 4921 3585 4974 quo-

1991 4999 2092 5053 que
2124 4992 2176 5038 et
2204 4999 2354 5039 mare
2371 4985 2528 5040 fusile
2551 4986 2741 5040 decem
2768 4986 3071 5040 cubitorum
3099 5003 3111 5047 ;
3137 4995 3188 5042 et
3216 4991 3393 5046 stabat
3421 5010 3587 5065 super

1989 5072 2275 5126 duodecim
2320 5073 2489 5128 boves
2520 5073 2643 5143 (III
2669 5074 2804 5146 Reg.
2855 5091 2948 5141 vn,
2983 5077 3193 5146 23-25).
3232 5100 3253 5127 η
3288 5080 3437 5136 Idem
3464 5092 3585 5153 post

1982 5175 2199 5228 pauca:
2258 5183 2279 5209 «ς
2327 5162 2473 5217 Fecit
2502 5161 2555 5215 in
2585 5171 2808 5220 oracuto
2852 5164 2920 5219 de
2948 5162 3115 5236 lignis
3162 5167 3430 5224 olivarum
3477 5173 3584 5227 duo

1276 5352 1285 5357 ,
1607 5280 1833 5336 vanus
1871 5281 2282 5339 LECTIONES.

352 5379 539 5467 "illis.
592 5381 781 5446 Rem.,
831 5377 992 5435 omit.
1036 5377 1202 5434 uncis
1250 5374 1496 5432 inclusa.
1566 5371 1624 5404 η’
1655 5376 1756 5432 Ms.
1814 5376 2001 5448 Rem,
2043 5378 2196 5434 locis.
2268 5375 2330 5408 ¹²⁰
2359 5381 2454 5438 Ms.
2491 5384 2553 5440 S.
2592 5384 2739 5460 Geta,
2770 5402 3023 5459 namque.
3093 5387 3155 5419 1“
3193 5392 3285 5446 Ms.
3338 5393 3391 5447 3.
3427 5393 3572 5467 Gen,

285 5452 574 5509 credimus.

566 5549 807 5604 PATROL.
842 5548 1021 5602 CLIX.

3155 5563 3220 5615 33
