  <div class='ocr_page' id='page_1' title='image "/cluster/home/n/w/nwhite01/storage/ocr_20150623/159/hvd.32044054760178/523.png"; bbox 0 0 3972 6072; ppageno 0'>
   <div class='ocr_carea' id='block_1_1' title="bbox 391 240 528 297">
    <p class='ocr_par' dir='ltr' id='par_1_1' title="bbox 391 240 528 297">
     <span class='ocr_line' id='line_1_1' title="bbox 391 240 528 297; baseline 0 -1"><span class='ocrx_word' id='word_1_1' title='bbox 391 240 528 297; x_wconf 74' lang='grc'>1035</span> 
     </span>
    </p>
   </div>
   <div class='ocr_carea' id='block_1_2' title="bbox 745 220 3323 292">
    <p class='ocr_par' dir='ltr' id='par_1_2' title="bbox 745 220 3323 292">
     <span class='ocr_line' id='line_1_2' title="bbox 745 220 3323 292; baseline -0.004 0"><span class='ocrx_word' id='word_1_2' title='bbox 745 226 1154 292; x_wconf 85' lang='lat' dir='ltr'>GISLEBERTI</span> <span class='ocrx_word' id='word_1_3' title='bbox 1183 228 1489 287; x_wconf 84' lang='lat' dir='ltr'>CRISPINI</span> <span class='ocrx_word' id='word_1_4' title='bbox 1517 229 1665 285; x_wconf 84' lang='grc' dir='ltr'>ΑΒΒ.</span> <span class='ocrx_word' id='word_1_5' title='bbox 1698 220 2086 283; x_wconf 83' lang='lat' dir='ltr'>WESTMON.</span> <span class='ocrx_word' id='word_1_6' title='bbox 2121 222 2539 282; x_wconf 79' lang='lat' dir='ltr'>DlSPUTATlO</span> <span class='ocrx_word' id='word_1_7' title='bbox 2568 225 2718 283; x_wconf 83' lang='lat' dir='ltr'>JUD.</span> <span class='ocrx_word' id='word_1_8' title='bbox 2751 227 2893 284; x_wconf 79' lang='lat' dir='ltr'>CUM</span> <span class='ocrx_word' id='word_1_9' title='bbox 2925 222 3323 285; x_wconf 81' lang='lat' dir='ltr'>CHRISTIAN.</span> 
     </span>
    </p>
   </div>
   <div class='ocr_carea' id='block_1_3' title="bbox 3568 228 3716 284">
    <p class='ocr_par' dir='ltr' id='par_1_3' title="bbox 3568 228 3716 284">
     <span class='ocr_line' id='line_1_3' title="bbox 3568 228 3716 284; baseline 0 -2"><span class='ocrx_word' id='word_1_10' title='bbox 3568 228 3716 284; x_wconf 71' lang='lat'>1036</span> 
     </span>
    </p>
   </div>
   <div class='ocr_carea' id='block_1_4' title="bbox 392 349 3729 427">
    <p class='ocr_par' dir='ltr' id='par_1_4' title="bbox 392 349 3729 427">
     <span class='ocr_line' id='line_1_4' title="bbox 392 349 3729 427; baseline -0.003 -8"><span class='ocrx_word' id='word_1_11' title='bbox 392 360 669 419; x_wconf 83' lang='lat' dir='ltr'>cherubim</span> <span class='ocrx_word' id='word_1_12' title='bbox 717 358 903 414; x_wconf 84' lang='lat' dir='ltr'>decem</span> <span class='ocrx_word' id='word_1_13' title='bbox 950 356 1254 413; x_wconf 78' lang='lat' dir='ltr'>cubitorum</span> <span class='ocrx_word' id='word_1_14' title='bbox 1297 351 1594 407; x_wconf 89' lang='lat' dir='ltr'>altitudinis</span> <span class='ocrx_word' id='word_1_15' title='bbox 1621 351 1723 423; x_wconf 84' lang='grc'><strong><em>(111</em></strong></span> <span class='ocrx_word' id='word_1_16' title='bbox 1744 353 1868 420; x_wconf 82' lang='lat' dir='ltr'>Reg.</span> <span class='ocrx_word' id='word_1_17' title='bbox 1902 365 1973 415; x_wconf 81' lang='lat' dir='ltr'>v1,</span> <span class='ocrx_word' id='word_1_18' title='bbox 2010 349 2067 410; x_wconf 83' lang='lat' dir='ltr'><strong>A</strong></span> <span class='ocrx_word' id='word_1_19' title='bbox 2093 350 2236 405; x_wconf 90' lang='lat' dir='ltr'>libro</span> <span class='ocrx_word' id='word_1_20' title='bbox 2257 351 2464 423; x_wconf 81' lang='lat' dir='ltr'>Regum</span> <span class='ocrx_word' id='word_1_21' title='bbox 2497 353 2735 425; x_wconf 85' lang='lat' dir='ltr'>legimus</span> <span class='ocrx_word' id='word_1_22' title='bbox 2755 354 2899 424; x_wconf 91' lang='lat' dir='ltr'>quod</span> <span class='ocrx_word' id='word_1_23' title='bbox 2932 354 3207 409; x_wconf 82' lang='lat' dir='ltr'>Bersabee</span> <span class='ocrx_word' id='word_1_24' title='bbox 3237 354 3493 409; x_wconf 75' lang='lat' dir='ltr'>adoravit</span> <span class='ocrx_word' id='word_1_25' title='bbox 3525 371 3729 427; x_wconf 77' lang='lat' dir='ltr'>regem</span> 
     </span>
    </p>
   </div>
   <div class='ocr_carea' id='block_1_5' title="bbox 394 436 1998 520">
    <p class='ocr_par' dir='ltr' id='par_1_5' title="bbox 394 436 1998 520">
     <span class='ocr_line' id='line_1_5' title="bbox 394 436 1998 520; baseline -0.011 -12"><span class='ocrx_word' id='word_1_26' title='bbox 394 453 505 520; x_wconf 74' lang='lat'>23).</span> <span class='ocrx_word' id='word_1_27' title='bbox 552 472 572 497; x_wconf 77' lang='grc' dir='ltr'>υ</span> <span class='ocrx_word' id='word_1_28' title='bbox 591 449 742 503; x_wconf 84' lang='lat' dir='ltr'>Idem</span> <span class='ocrx_word' id='word_1_29' title='bbox 774 466 785 507; x_wconf 90' lang='lat'>;</span> <span class='ocrx_word' id='word_1_30' title='bbox 822 470 842 494; x_wconf 85' lang='grc'>‹‹</span> <span class='ocrx_word' id='word_1_31' title='bbox 870 445 1201 499; x_wconf 83' lang='lat' dir='ltr'>lnduxerunt</span> <span class='ocrx_word' id='word_1_32' title='bbox 1222 439 1535 496; x_wconf 78' lang='lat' dir='ltr'>sacerdotes</span> <span class='ocrx_word' id='word_1_33' title='bbox 1558 454 1744 494; x_wconf 87' lang='lat' dir='ltr'>arcam</span> <span class='ocrx_word' id='word_1_34' title='bbox 1774 436 1998 491; x_wconf 82' lang='lat' dir='ltr'>foederis</span> 
     </span>
    </p>
   </div>
   <div class='ocr_carea' id='block_1_6' title="bbox 399 525 1997 597">
    <p class='ocr_par' dir='ltr' id='par_1_6' title="bbox 399 525 1997 597">
     <span class='ocr_line' id='line_1_6' title="bbox 399 525 1997 597; baseline -0.011 -2"><span class='ocrx_word' id='word_1_35' title='bbox 399 538 621 594; x_wconf 87' lang='lat' dir='ltr'>Domini</span> <span class='ocrx_word' id='word_1_36' title='bbox 651 536 706 590; x_wconf 92' lang='lat' dir='ltr'>in</span> <span class='ocrx_word' id='word_1_37' title='bbox 736 535 913 590; x_wconf 92' lang='lat' dir='ltr'>locum</span> <span class='ocrx_word' id='word_1_38' title='bbox 945 547 1127 597; x_wconf 90' lang='lat' dir='ltr'>suum,</span> <span class='ocrx_word' id='word_1_39' title='bbox 1159 530 1213 583; x_wconf 90' lang='lat' dir='ltr'>in</span> <span class='ocrx_word' id='word_1_40' title='bbox 1244 529 1523 584; x_wconf 83' lang='lat' dir='ltr'>oraculum</span> <span class='ocrx_word' id='word_1_41' title='bbox 1556 526 1739 596; x_wconf 83' lang='lat' dir='ltr'>templi</span> <span class='ocrx_word' id='word_1_42' title='bbox 1768 526 1821 579; x_wconf 92' lang='lat' dir='ltr'>in</span> <span class='ocrx_word' id='word_1_43' title='bbox 1854 525 1997 579; x_wconf 89' lang='lat' dir='ltr'>San-</span> 
     </span>
    </p>
   </div>
   <div class='ocr_carea' id='block_1_7' title="bbox 400 615 1987 688">
    <p class='ocr_par' dir='ltr' id='par_1_7' title="bbox 400 615 1987 688">
     <span class='ocr_line' id='line_1_7' title="bbox 400 615 1987 688; baseline -0.011 -4"><span class='ocrx_word' id='word_1_44' title='bbox 400 637 545 685; x_wconf 90' lang='lat' dir='ltr'>ctum</span> <span class='ocrx_word' id='word_1_45' title='bbox 591 632 923 688; x_wconf 86' lang='lat' dir='ltr'>sanctorum,</span> <span class='ocrx_word' id='word_1_46' title='bbox 969 620 1153 675; x_wconf 83' lang='lat' dir='ltr'>subter</span> <span class='ocrx_word' id='word_1_47' title='bbox 1208 618 1321 673; x_wconf 87' lang='lat' dir='ltr'>alas</span> <span class='ocrx_word' id='word_1_48' title='bbox 1366 617 1647 673; x_wconf 88' lang='lat' dir='ltr'>cherubim</span> <span class='ocrx_word' id='word_1_49' title='bbox 1707 615 1804 683; x_wconf 85' lang='lat' dir='ltr'>(Ill</span> <span class='ocrx_word' id='word_1_50' title='bbox 1859 616 1987 685; x_wconf 81' lang='lat' dir='ltr'>Reg.</span> 
     </span>
    </p>
   </div>
   <div class='ocr_carea' id='block_1_8' title="bbox 401 700 1995 782">
    <p class='ocr_par' dir='ltr' id='par_1_8' title="bbox 401 700 1995 782">
     <span class='ocr_line' id='line_1_8' title="bbox 401 700 1995 782; baseline -0.01 -12"><span class='ocrx_word' id='word_1_51' title='bbox 401 734 517 782; x_wconf 78' lang='lat' dir='ltr'>vin,</span> <span class='ocrx_word' id='word_1_52' title='bbox 549 700 647 782; x_wconf 37' lang='lat'>6)..</span> <span class='ocrx_word' id='word_1_53' title='bbox 674 736 694 759; x_wconf 79' lang='grc' dir='ltr'><strong>υ</strong></span> <span class='ocrx_word' id='word_1_54' title='bbox 724 712 861 766; x_wconf 87' lang='lat' dir='ltr'>Ecce</span> <span class='ocrx_word' id='word_1_55' title='bbox 891 717 1081 779; x_wconf 83' lang='lat' dir='ltr'>aperte</span> <span class='ocrx_word' id='word_1_56' title='bbox 1101 708 1345 762; x_wconf 84' lang='lat' dir='ltr'>nominat</span> <span class='ocrx_word' id='word_1_57' title='bbox 1364 707 1603 776; x_wconf 83' lang='lat' dir='ltr'>picturas</span> <span class='ocrx_word' id='word_1_58' title='bbox 1630 712 1685 759; x_wconf 90' lang='lat' dir='ltr'>et</span> <span class='ocrx_word' id='word_1_59' title='bbox 1710 703 1995 773; x_wconf 91' lang='lat' dir='ltr'>sculptilia,</span> 
     </span>
    </p>
   </div>
   <div class='ocr_carea' id='block_1_9' title="bbox 397 791 1997 873">
    <p class='ocr_par' dir='ltr' id='par_1_9' title="bbox 397 791 1997 873">
     <span class='ocr_line' id='line_1_9' title="bbox 397 791 1997 873; baseline -0.009 -14"><span class='ocrx_word' id='word_1_60' title='bbox 397 820 505 860; x_wconf 90' lang='lat' dir='ltr'>non</span> <span class='ocrx_word' id='word_1_61' title='bbox 534 799 915 873; x_wconf 88' lang='lat' dir='ltr'>improbando,</span> <span class='ocrx_word' id='word_1_62' title='bbox 950 797 1047 852; x_wconf 89' lang='lat' dir='ltr'>sed</span> <span class='ocrx_word' id='word_1_63' title='bbox 1075 795 1430 867; x_wconf 86' lang='lat' dir='ltr'>approbando</span> <span class='ocrx_word' id='word_1_64' title='bbox 1461 810 1524 849; x_wconf 91' lang='lat' dir='ltr'>ea</span> <span class='ocrx_word' id='word_1_65' title='bbox 1561 810 1679 864; x_wconf 72' lang='lat' dir='ltr'>qua:</span> <span class='ocrx_word' id='word_1_66' title='bbox 1710 793 1763 846; x_wconf 90' lang='lat' dir='ltr'>in</span> <span class='ocrx_word' id='word_1_67' title='bbox 1796 791 1997 861; x_wconf 91' lang='lat' dir='ltr'>templo</span> 
     </span>
    </p>
   </div>
   <div class='ocr_carea' id='block_1_10' title="bbox 396 879 1998 954">
    <p class='ocr_par' dir='ltr' id='par_1_10' title="bbox 396 879 1998 954">
     <span class='ocr_line' id='line_1_10' title="bbox 396 879 1998 954; baseline -0.009 -7"><span class='ocrx_word' id='word_1_68' title='bbox 396 891 614 953; x_wconf 89' lang='lat' dir='ltr'>Domini</span> <span class='ocrx_word' id='word_1_69' title='bbox 664 890 809 943; x_wconf 90' lang='lat' dir='ltr'>facta</span> <span class='ocrx_word' id='word_1_70' title='bbox 856 886 1090 941; x_wconf 89' lang='lat' dir='ltr'>existunt</span> <span class='ocrx_word' id='word_1_71' title='bbox 1157 884 1448 954; x_wconf 88' lang='lat' dir='ltr'>sculptilia.</span> <span class='ocrx_word' id='word_1_72' title='bbox 1505 883 1643 937; x_wconf 90' lang='lat' dir='ltr'>Nam</span> <span class='ocrx_word' id='word_1_73' title='bbox 1689 881 1833 935; x_wconf 89' lang='lat' dir='ltr'>Deus</span> <span class='ocrx_word' id='word_1_74' title='bbox 1880 879 1998 948; x_wconf 88' lang='lat' dir='ltr'>ipse</span> 
     </span>
    </p>
   </div>
   <div class='ocr_carea' id='block_1_11' title="bbox 396 968 1997 1047">
    <p class='ocr_par' dir='ltr' id='par_1_11' title="bbox 396 968 1997 1047">
     <span class='ocr_line' id='line_1_11' title="bbox 396 968 1997 1047; baseline -0.01 -11"><span class='ocrx_word' id='word_1_75' title='bbox 396 980 586 1036; x_wconf 88' lang='lat' dir='ltr'>omnia</span> <span class='ocrx_word' id='word_1_76' title='bbox 633 993 753 1047; x_wconf 73' lang='lat' dir='ltr'>quae</span> <span class='ocrx_word' id='word_1_77' title='bbox 782 976 924 1030; x_wconf 83' lang='lat' dir='ltr'>facta</span> <span class='ocrx_word' id='word_1_78' title='bbox 954 983 1073 1027; x_wconf 81' lang='lat' dir='ltr'>sunt</span> <span class='ocrx_word' id='word_1_79' title='bbox 1117 971 1463 1042; x_wconf 83' lang='lat' dir='ltr'>approbando</span> <span class='ocrx_word' id='word_1_80' title='bbox 1493 986 1552 1024; x_wconf 89' lang='lat' dir='ltr'>se</span> <span class='ocrx_word' id='word_1_81' title='bbox 1582 968 1872 1022; x_wconf 78' lang='lat' dir='ltr'>insinuavit</span> <span class='ocrx_word' id='word_1_82' title='bbox 1901 982 1997 1021; x_wconf 81' lang='lat' dir='ltr'>ac-</span> 
     </span>
    </p>
   </div>
   <div class='ocr_carea' id='block_1_12' title="bbox 398 1058 1998 1138">
    <p class='ocr_par' dir='ltr' id='par_1_12' title="bbox 398 1058 1998 1138">
     <span class='ocr_line' id='line_1_12' title="bbox 398 1058 1998 1138; baseline -0.01 -14"><span class='ocrx_word' id='word_1_83' title='bbox 398 1068 635 1138; x_wconf 88' lang='lat' dir='ltr'>cepisse.</span> <span class='ocrx_word' id='word_1_84' title='bbox 690 1090 711 1113; x_wconf 89' lang='grc'>‹‹</span> <span class='ocrx_word' id='word_1_85' title='bbox 756 1066 823 1119; x_wconf 88' lang='lat' dir='ltr'>Et</span> <span class='ocrx_word' id='word_1_86' title='bbox 852 1078 960 1118; x_wconf 89' lang='lat' dir='ltr'>non</span> <span class='ocrx_word' id='word_1_87' title='bbox 988 1068 1255 1132; x_wconf 86' lang='lat' dir='ltr'>poterant,</span> <span class='ocrx_word' id='word_1_88' title='bbox 1299 1059 1491 1129; x_wconf 89' lang='lat' dir='ltr'>inquit,</span> <span class='ocrx_word' id='word_1_89' title='bbox 1526 1058 1831 1112; x_wconf 86' lang='lat' dir='ltr'>sacerdotes</span> <span class='ocrx_word' id='word_1_90' title='bbox 1857 1063 1998 1108; x_wconf 89' lang='lat' dir='ltr'>stare</span> 
     </span>
    </p>
   </div>
   <div class='ocr_carea' id='block_1_13' title="bbox 398 1145 1996 1223">
    <p class='ocr_par' dir='ltr' id='par_1_13' title="bbox 398 1145 1996 1223">
     <span class='ocr_line' id='line_1_13' title="bbox 398 1145 1996 1223; baseline -0.011 -9"><span class='ocrx_word' id='word_1_91' title='bbox 398 1167 452 1215; x_wconf 86' lang='lat' dir='ltr'>et</span> <span class='ocrx_word' id='word_1_92' title='bbox 496 1157 822 1222; x_wconf 88' lang='lat' dir='ltr'>ministrare,</span> <span class='ocrx_word' id='word_1_93' title='bbox 872 1159 1095 1223; x_wconf 92' lang='lat' dir='ltr'>propter</span> <span class='ocrx_word' id='word_1_94' title='bbox 1140 1148 1443 1205; x_wconf 88' lang='lat' dir='ltr'>nebulam:</span> <span class='ocrx_word' id='word_1_95' title='bbox 1492 1147 1809 1218; x_wconf 81' lang='lat' dir='ltr'>impleverat</span> <span class='ocrx_word' id='word_1_96' title='bbox 1854 1145 1996 1199; x_wconf 90' lang='lat' dir='ltr'>enim</span> 
     </span>
    </p>
   </div>
   <div class='ocr_carea' id='block_1_14' title="bbox 401 1234 2001 1319">
    <p class='ocr_par' dir='ltr' id='par_1_14' title="bbox 401 1234 2001 1319">
     <span class='ocr_line' id='line_1_14' title="bbox 401 1234 2001 1319; baseline -0.009 -18"><span class='ocrx_word' id='word_1_97' title='bbox 401 1246 575 1319; x_wconf 80' lang='lat' dir='ltr'>gloria</span> <span class='ocrx_word' id='word_1_98' title='bbox 616 1242 832 1299; x_wconf 87' lang='lat' dir='ltr'>Domini</span> <span class='ocrx_word' id='word_1_99' title='bbox 877 1242 1101 1295; x_wconf 91' lang='lat' dir='ltr'>domum</span> <span class='ocrx_word' id='word_1_100' title='bbox 1150 1237 1370 1293; x_wconf 90' lang='lat' dir='ltr'>Domini</span> <span class='ocrx_word' id='word_1_101' title='bbox 1400 1235 1581 1308; x_wconf 84' lang='lat' dir='ltr'>(ibid.,</span> <span class='ocrx_word' id='word_1_102' title='bbox 1617 1235 1725 1305; x_wconf 73' lang='grc'>11).</span> <span class='ocrx_word' id='word_1_103' title='bbox 1774 1257 1795 1282; x_wconf 76' lang='grc' dir='ltr'><strong><em>υ</em></strong></span> <span class='ocrx_word' id='word_1_104' title='bbox 1833 1234 2001 1287; x_wconf 86' lang='lat' dir='ltr'>Isaias</span> 
     </span>
    </p>
   </div>
   <div class='ocr_carea' id='block_1_15' title="bbox 400 1328 1999 1407">
    <p class='ocr_par' dir='ltr' id='par_1_15' title="bbox 400 1328 1999 1407">
     <span class='ocr_line' id='line_1_15' title="bbox 400 1328 1999 1407; baseline -0.011 -16"><span class='ocrx_word' id='word_1_105' title='bbox 400 1335 668 1407; x_wconf 88' lang='lat' dir='ltr'>propheta</span> <span class='ocrx_word' id='word_1_106' title='bbox 723 1330 911 1385; x_wconf 82' lang='lat' dir='ltr'>dixit:</span> <span class='ocrx_word' id='word_1_107' title='bbox 975 1351 995 1378; x_wconf 79' lang='grc' dir='ltr'>(ι</span> <span class='ocrx_word' id='word_1_108' title='bbox 1041 1328 1100 1381; x_wconf 88' lang='lat' dir='ltr'>In</span> <span class='ocrx_word' id='word_1_109' title='bbox 1157 1342 1299 1381; x_wconf 90' lang='lat' dir='ltr'>anno</span> <span class='ocrx_word' id='word_1_110' title='bbox 1357 1341 1463 1395; x_wconf 93' lang='lat' dir='ltr'>quo</span> <span class='ocrx_word' id='word_1_111' title='bbox 1520 1330 1761 1379; x_wconf 85' lang='lat' dir='ltr'>mortuus</span> <span class='ocrx_word' id='word_1_112' title='bbox 1791 1330 1872 1376; x_wconf 87' lang='lat' dir='ltr'>est</span> <span class='ocrx_word' id='word_1_113' title='bbox 1902 1338 1999 1375; x_wconf 86' lang='lat' dir='ltr'>rex</span> 
     </span>
    </p>
   </div>
   <div class='ocr_carea' id='block_1_16' title="bbox 401 1410 1998 1490">
    <p class='ocr_par' dir='ltr' id='par_1_16' title="bbox 401 1410 1998 1490">
     <span class='ocr_line' id='line_1_16' title="bbox 401 1410 1998 1490; baseline -0.009 -12"><span class='ocrx_word' id='word_1_114' title='bbox 401 1423 586 1490; x_wconf 86' lang='lat' dir='ltr'>Ozias,</span> <span class='ocrx_word' id='word_1_115' title='bbox 619 1420 733 1475; x_wconf 91' lang='lat' dir='ltr'>vidi</span> <span class='ocrx_word' id='word_1_116' title='bbox 763 1418 1056 1474; x_wconf 90' lang='lat' dir='ltr'>Dominum</span> <span class='ocrx_word' id='word_1_117' title='bbox 1089 1416 1372 1470; x_wconf 87' lang='lat' dir='ltr'>sedentem</span> <span class='ocrx_word' id='word_1_118' title='bbox 1402 1428 1562 1484; x_wconf 89' lang='lat' dir='ltr'>super</span> <span class='ocrx_word' id='word_1_119' title='bbox 1589 1412 1780 1466; x_wconf 87' lang='lat' dir='ltr'>solium</span> <span class='ocrx_word' id='word_1_120' title='bbox 1813 1410 1998 1465; x_wconf 84' lang='lat' dir='ltr'>excel-</span> 
     </span>
    </p>
   </div>
   <div class='ocr_carea' id='block_1_17' title="bbox 401 1499 1998 1574">
    <p class='ocr_par' dir='ltr' id='par_1_17' title="bbox 401 1499 1998 1574">
     <span class='ocr_line' id='line_1_17' title="bbox 401 1499 1998 1574; baseline -0.011 -6"><span class='ocrx_word' id='word_1_121' title='bbox 401 1529 523 1568; x_wconf 85' lang='lat' dir='ltr'>sum</span> <span class='ocrx_word' id='word_1_122' title='bbox 553 1519 605 1566; x_wconf 90' lang='lat' dir='ltr'>et</span> <span class='ocrx_word' id='word_1_123' title='bbox 630 1509 923 1565; x_wconf 90' lang='lat' dir='ltr'>elevatum.</span> <span class='ocrx_word' id='word_1_124' title='bbox 957 1502 1237 1574; x_wconf 85' lang='lat' dir='ltr'>Seraphim</span> <span class='ocrx_word' id='word_1_125' title='bbox 1261 1501 1475 1556; x_wconf 88' lang='lat' dir='ltr'>stabant</span> <span class='ocrx_word' id='word_1_126' title='bbox 1502 1516 1666 1570; x_wconf 86' lang='lat' dir='ltr'>super</span> <span class='ocrx_word' id='word_1_127' title='bbox 1693 1499 1825 1554; x_wconf 89' lang='lat' dir='ltr'>illud</span> <span class='ocrx_word' id='word_1_128' title='bbox 1860 1516 1873 1560; x_wconf 89' lang='lat'><strong>;</strong></span> <span class='ocrx_word' id='word_1_129' title='bbox 1906 1514 1998 1552; x_wconf 85' lang='lat' dir='ltr'>sex</span> 
     </span>
    </p>
   </div>
   <div class='ocr_carea' id='block_1_18' title="bbox 404 1587 2003 1663">
    <p class='ocr_par' dir='ltr' id='par_1_18' title="bbox 404 1587 2003 1663">
     <span class='ocr_line' id='line_1_18' title="bbox 404 1587 2003 1663; baseline -0.011 -7"><span class='ocrx_word' id='word_1_130' title='bbox 404 1602 507 1656; x_wconf 63' lang='lat' dir='ltr'>ala)</span> <span class='ocrx_word' id='word_1_131' title='bbox 561 1597 675 1663; x_wconf 87' lang='lat' dir='ltr'>uni,</span> <span class='ocrx_word' id='word_1_132' title='bbox 717 1604 769 1649; x_wconf 90' lang='lat' dir='ltr'>et</span> <span class='ocrx_word' id='word_1_133' title='bbox 826 1609 923 1648; x_wconf 85' lang='lat' dir='ltr'>sex</span> <span class='ocrx_word' id='word_1_134' title='bbox 952 1592 1054 1646; x_wconf 67' lang='lat' dir='ltr'>ala:</span> <span class='ocrx_word' id='word_1_135' title='bbox 1110 1590 1261 1645; x_wconf 88' lang='lat' dir='ltr'>alteri</span> <span class='ocrx_word' id='word_1_136' title='bbox 1295 1591 1426 1657; x_wconf 80' lang='lat' dir='ltr'>(Isa.</span> <span class='ocrx_word' id='word_1_137' title='bbox 1485 1604 1556 1656; x_wconf 86' lang='lat' dir='ltr'>Vl,</span> <span class='ocrx_word' id='word_1_138' title='bbox 1594 1589 1668 1657; x_wconf 64' lang='grc' dir='ltr'>ἓ).</span> <span class='ocrx_word' id='word_1_139' title='bbox 1717 1610 1737 1635; x_wconf 77' lang='grc' dir='ltr'>ι›</span> <span class='ocrx_word' id='word_1_140' title='bbox 1786 1589 1867 1641; x_wconf 89' lang='lat' dir='ltr'>De</span> <span class='ocrx_word' id='word_1_141' title='bbox 1895 1587 2003 1640; x_wconf 91' lang='lat' dir='ltr'>illis</span> 
     </span>
    </p>
   </div>
   <div class='ocr_carea' id='block_1_19' title="bbox 2106 438 3734 514">
    <p class='ocr_par' dir='ltr' id='par_1_19' title="bbox 2106 438 3734 514">
     <span class='ocr_line' id='line_1_19' title="bbox 2106 438 3734 514; baseline 0.002 -21"><span class='ocrx_word' id='word_1_142' title='bbox 2106 438 2300 506; x_wconf 82' lang='lat' dir='ltr'>David,</span> <span class='ocrx_word' id='word_1_143' title='bbox 2351 447 2402 494; x_wconf 91' lang='lat' dir='ltr'>et</span> <span class='ocrx_word' id='word_1_144' title='bbox 2441 440 2496 494; x_wconf 91' lang='lat' dir='ltr'>in</span> <span class='ocrx_word' id='word_1_145' title='bbox 2541 442 2727 496; x_wconf 89' lang='lat' dir='ltr'>multis</span> <span class='ocrx_word' id='word_1_146' title='bbox 2777 450 3076 499; x_wconf 87' lang='lat' dir='ltr'>vestrarum</span> <span class='ocrx_word' id='word_1_147' title='bbox 3124 442 3538 514; x_wconf 89' lang='lat' dir='ltr'>Scripturarum</span> <span class='ocrx_word' id='word_1_148' title='bbox 3584 443 3734 499; x_wconf 83' lang='lat' dir='ltr'>locis</span> 
     </span>
    </p>
   </div>
   <div class='ocr_carea' id='block_1_20' title="bbox 2106 527 3731 603">
    <p class='ocr_par' dir='ltr' id='par_1_20' title="bbox 2106 527 3731 603">
     <span class='ocr_line' id='line_1_20' title="bbox 2106 527 3731 603; baseline 0.004 -23"><span class='ocrx_word' id='word_1_149' title='bbox 2106 527 2343 599; x_wconf 82' lang='lat' dir='ltr'>legimus</span> <span class='ocrx_word' id='word_1_150' title='bbox 2373 528 2519 600; x_wconf 87' lang='lat' dir='ltr'>quod</span> <span class='ocrx_word' id='word_1_151' title='bbox 2552 530 2716 585; x_wconf 84' lang='lat' dir='ltr'>homo</span> <span class='ocrx_word' id='word_1_152' title='bbox 2768 530 3042 585; x_wconf 82' lang='lat' dir='ltr'>hominem</span> <span class='ocrx_word' id='word_1_153' title='bbox 3073 531 3340 596; x_wconf 81' lang='lat' dir='ltr'>adoravit,</span> <span class='ocrx_word' id='word_1_154' title='bbox 3374 534 3641 603; x_wconf 88' lang='lat' dir='ltr'>quamvis</span> <span class='ocrx_word' id='word_1_155' title='bbox 3672 532 3731 586; x_wconf 88' lang='lat' dir='ltr'>in</span> 
     </span>
    </p>
   </div>
   <div class='ocr_carea' id='block_1_21' title="bbox 2106 614 3730 687">
    <p class='ocr_par' dir='ltr' id='par_1_21' title="bbox 2106 614 3730 687">
     <span class='ocr_line' id='line_1_21' title="bbox 2106 614 3730 687; baseline 0.004 -18"><span class='ocrx_word' id='word_1_156' title='bbox 2106 614 2230 686; x_wconf 82' lang='lat' dir='ltr'>lege</span> <span class='ocrx_word' id='word_1_157' title='bbox 2260 616 2517 687; x_wconf 91' lang='lat' dir='ltr'>scriptum</span> <span class='ocrx_word' id='word_1_158' title='bbox 2549 617 2648 671; x_wconf 88' lang='lat' dir='ltr'>sit:</span> <span class='ocrx_word' id='word_1_159' title='bbox 2689 642 2709 666; x_wconf 84' lang='lat'><strong>«</strong></span> <span class='ocrx_word' id='word_1_160' title='bbox 2730 619 3025 674; x_wconf 90' lang='lat' dir='ltr'>Dominum</span> <span class='ocrx_word' id='word_1_161' title='bbox 3058 620 3230 673; x_wconf 91' lang='lat' dir='ltr'>Deum</span> <span class='ocrx_word' id='word_1_162' title='bbox 3264 628 3412 674; x_wconf 86' lang='lat' dir='ltr'>tuum</span> <span class='ocrx_word' id='word_1_163' title='bbox 3445 621 3730 675; x_wconf 81' lang='lat' dir='ltr'>adorabis</span> 
     </span>
    </p>
   </div>
   <div class='ocr_carea' id='block_1_22' title="bbox 2106 704 3721 777">
    <p class='ocr_par' dir='ltr' id='par_1_22' title="bbox 2106 704 3721 777">
     <span class='ocr_line' id='line_1_22' title="bbox 2106 704 3721 777; baseline 0.003 -19"><span class='ocrx_word' id='word_1_164' title='bbox 2106 704 2292 771; x_wconf 85' lang='lat' dir='ltr'>(Deut.</span> <span class='ocrx_word' id='word_1_165' title='bbox 2323 721 2393 772; x_wconf 80' lang='lat' dir='ltr'>v1,</span> <span class='ocrx_word' id='word_1_166' title='bbox 2425 704 2525 771; x_wconf 82' lang='lat' dir='ltr'>l3;</span> <span class='ocrx_word' id='word_1_167' title='bbox 2558 722 2613 772; x_wconf 74' lang='grc' dir='ltr'>ι,</span> <span class='ocrx_word' id='word_1_168' title='bbox 2646 710 2713 760; x_wconf 63' lang='grc' dir='ltr'>ΞΟ</span> <span class='ocrx_word' id='word_1_169' title='bbox 2748 721 2761 773; x_wconf 87' lang='grc'><strong>;</strong></span> <span class='ocrx_word' id='word_1_170' title='bbox 2812 708 3007 763; x_wconf 78' lang='lat' dir='ltr'>Matth.</span> <span class='ocrx_word' id='word_1_171' title='bbox 3038 723 3111 771; x_wconf 84' lang='lat' dir='ltr'>1v,</span> <span class='ocrx_word' id='word_1_172' title='bbox 3147 709 3251 773; x_wconf 72' lang='lat'>10;</span> <span class='ocrx_word' id='word_1_173' title='bbox 3286 709 3420 764; x_wconf 85' lang='lat' dir='ltr'>Luc.</span> <span class='ocrx_word' id='word_1_174' title='bbox 3447 726 3525 772; x_wconf 76' lang='grc' dir='ltr'>ιν,</span> <span class='ocrx_word' id='word_1_175' title='bbox 3560 710 3643 777; x_wconf 88' lang='grc'>8).</span> <span class='ocrx_word' id='word_1_176' title='bbox 3700 732 3721 755; x_wconf 73' lang='grc' dir='ltr'><strong>ι</strong></span> 
     </span>
    </p>
   </div>
   <div class='ocr_carea' id='block_1_23' title="bbox 2107 791 3727 863">
    <p class='ocr_par' dir='ltr' id='par_1_23' title="bbox 2107 791 3727 863">
     <span class='ocr_line' id='line_1_23' title="bbox 2107 791 3727 863; baseline 0.005 -19"><span class='ocrx_word' id='word_1_177' title='bbox 2107 791 2237 845; x_wconf 89' lang='lat' dir='ltr'>Cum</span> <span class='ocrx_word' id='word_1_178' title='bbox 2290 792 2455 863; x_wconf 77' lang='lat' dir='ltr'>igitur</span> <span class='ocrx_word' id='word_1_179' title='bbox 2502 794 2836 850; x_wconf 84' lang='lat' dir='ltr'>Christianus</span> <span class='ocrx_word' id='word_1_180' title='bbox 2877 811 3093 851; x_wconf 89' lang='lat' dir='ltr'>crucem</span> <span class='ocrx_word' id='word_1_181' title='bbox 3137 796 3345 860; x_wconf 82' lang='lat' dir='ltr'>adorat,</span> <span class='ocrx_word' id='word_1_182' title='bbox 3394 797 3586 851; x_wconf 86' lang='lat' dir='ltr'>divino</span> <span class='ocrx_word' id='word_1_183' title='bbox 3618 813 3727 852; x_wconf 85' lang='lat' dir='ltr'>re-</span> 
     </span>
    </p>
   </div>
   <div class='ocr_carea' id='block_1_24' title="bbox 2107 878 3722 954">
    <p class='ocr_par' dir='ltr' id='par_1_24' title="bbox 2107 878 3722 954">
     <span class='ocr_line' id='line_1_24' title="bbox 2107 878 3722 954; baseline 0.004 -21"><span class='ocrx_word' id='word_1_184' title='bbox 2107 878 2324 950; x_wconf 86' lang='lat' dir='ltr'>ligionis</span> <span class='ocrx_word' id='word_1_185' title='bbox 2376 881 2521 936; x_wconf 91' lang='lat' dir='ltr'>cultu</span> <span class='ocrx_word' id='word_1_186' title='bbox 2568 882 2757 937; x_wconf 90' lang='lat' dir='ltr'>adorat</span> <span class='ocrx_word' id='word_1_187' title='bbox 2806 884 2863 937; x_wconf 92' lang='lat' dir='ltr'>in</span> <span class='ocrx_word' id='word_1_188' title='bbox 2894 899 3055 939; x_wconf 84' lang='lat' dir='ltr'>cruce</span> <span class='ocrx_word' id='word_1_189' title='bbox 3116 884 3425 954; x_wconf 86' lang='lat' dir='ltr'>passionem</span> <span class='ocrx_word' id='word_1_190' title='bbox 3477 885 3722 952; x_wconf 85' lang='lat' dir='ltr'>Christi,</span> 
     </span>
    </p>
   </div>
   <div class='ocr_carea' id='block_1_25' title="bbox 2107 969 3723 1043">
    <p class='ocr_par' dir='ltr' id='par_1_25' title="bbox 2107 969 3723 1043">
     <span class='ocr_line' id='line_1_25' title="bbox 2107 969 3723 1043; baseline 0.004 -22"><span class='ocrx_word' id='word_1_191' title='bbox 2107 977 2331 1038; x_wconf 89' lang='lat' dir='ltr'>propter</span> <span class='ocrx_word' id='word_1_192' title='bbox 2372 969 2627 1036; x_wconf 88' lang='lat' dir='ltr'>hominis,</span> <span class='ocrx_word' id='word_1_193' title='bbox 2678 986 2710 1025; x_wconf 92' lang='lat' dir='ltr'>a</span> <span class='ocrx_word' id='word_1_194' title='bbox 2741 972 2856 1025; x_wconf 91' lang='lat' dir='ltr'>Deo</span> <span class='ocrx_word' id='word_1_195' title='bbox 2905 971 3163 1043; x_wconf 85' lang='lat' dir='ltr'>assumpti</span> <span class='ocrx_word' id='word_1_196' title='bbox 3195 973 3247 1025; x_wconf 92' lang='lat' dir='ltr'>in</span> <span class='ocrx_word' id='word_1_197' title='bbox 3280 973 3546 1027; x_wconf 86' lang='lat' dir='ltr'>unitatem</span> <span class='ocrx_word' id='word_1_198' title='bbox 3578 990 3723 1042; x_wconf 83' lang='lat' dir='ltr'>per-</span> 
     </span>
    </p>
   </div>
   <div class='ocr_carea' id='block_1_26' title="bbox 2108 1057 3724 1127">
    <p class='ocr_par' dir='ltr' id='par_1_26' title="bbox 2108 1057 3724 1127">
     <span class='ocr_line' id='line_1_26' title="bbox 2108 1057 3724 1127; baseline 0.004 -18"><span class='ocrx_word' id='word_1_199' title='bbox 2108 1072 2275 1121; x_wconf 70' lang='lat' dir='ltr'>sonze,</span> <span class='ocrx_word' id='word_1_200' title='bbox 2304 1057 2631 1127; x_wconf 85' lang='lat' dir='ltr'>passionem,</span> <span class='ocrx_word' id='word_1_201' title='bbox 2666 1073 2731 1113; x_wconf 90' lang='lat' dir='ltr'>ac</span> <span class='ocrx_word' id='word_1_202' title='bbox 2751 1058 2933 1113; x_wconf 89' lang='lat' dir='ltr'>debito</span> <span class='ocrx_word' id='word_1_203' title='bbox 2955 1058 3321 1115; x_wconf 88' lang='lat' dir='ltr'>venerationis</span> <span class='ocrx_word' id='word_1_204' title='bbox 3339 1060 3483 1114; x_wconf 91' lang='lat' dir='ltr'>cultu</span> <span class='ocrx_word' id='word_1_205' title='bbox 3512 1062 3724 1115; x_wconf 84' lang='lat' dir='ltr'>adorat</span> 
     </span>
    </p>
   </div>
   <div class='ocr_carea' id='block_1_27' title="bbox 2108 1144 3722 1217">
    <p class='ocr_par' dir='ltr' id='par_1_27' title="bbox 2108 1144 3722 1217">
     <span class='ocr_line' id='line_1_27' title="bbox 2108 1144 3722 1217; baseline 0.002 -19"><span class='ocrx_word' id='word_1_206' title='bbox 2108 1145 2284 1198; x_wconf 88' lang='lat' dir='ltr'>crucis</span> <span class='ocrx_word' id='word_1_207' title='bbox 2327 1144 2582 1216; x_wconf 74' lang='lat' dir='ltr'>efﬁgiem,</span> <span class='ocrx_word' id='word_1_208' title='bbox 2636 1147 2805 1217; x_wconf 86' lang='lat' dir='ltr'>ipsius</span> <span class='ocrx_word' id='word_1_209' title='bbox 2836 1147 3138 1203; x_wconf 72' lang='lat' dir='ltr'>Dominicae</span> <span class='ocrx_word' id='word_1_210' title='bbox 3190 1148 3462 1217; x_wconf 89' lang='lat' dir='ltr'>passionis</span> <span class='ocrx_word' id='word_1_211' title='bbox 3490 1150 3722 1205; x_wconf 76' lang='lat' dir='ltr'>exscul-</span> 
     </span>
    </p>
   </div>
   <div class='ocr_carea' id='block_1_28' title="bbox 2106 1233 3718 1307">
    <p class='ocr_par' dir='ltr' id='par_1_28' title="bbox 2106 1233 3718 1307">
     <span class='ocr_line' id='line_1_28' title="bbox 2106 1233 3718 1307; baseline 0.004 -22"><span class='ocrx_word' id='word_1_212' title='bbox 2106 1241 2251 1303; x_wconf 91' lang='lat' dir='ltr'>plam</span> <span class='ocrx_word' id='word_1_213' title='bbox 2284 1233 2713 1290; x_wconf 87' lang='lat' dir='ltr'>similitudinem.</span> <span class='ocrx_word' id='word_1_214' title='bbox 2766 1236 2835 1291; x_wconf 93' lang='lat' dir='ltr'>Ut</span> <span class='ocrx_word' id='word_1_215' title='bbox 2864 1251 2969 1307; x_wconf 89' lang='lat' dir='ltr'>ego</span> <span class='ocrx_word' id='word_1_216' title='bbox 2999 1237 3188 1305; x_wconf 89' lang='lat' dir='ltr'>paucis</span> <span class='ocrx_word' id='word_1_217' title='bbox 3223 1246 3276 1292; x_wconf 88' lang='lat' dir='ltr'>et</span> <span class='ocrx_word' id='word_1_218' title='bbox 3304 1237 3544 1293; x_wconf 84' lang='lat' dir='ltr'>breviter</span> <span class='ocrx_word' id='word_1_219' title='bbox 3572 1254 3718 1295; x_wconf 86' lang='lat' dir='ltr'>con-</span> 
     </span>
    </p>
   </div>
   <div class='ocr_carea' id='block_1_29' title="bbox 2108 1320 3713 1387">
    <p class='ocr_par' dir='ltr' id='par_1_29' title="bbox 2108 1320 3713 1387">
     <span class='ocr_line' id='line_1_29' title="bbox 2108 1320 3713 1387; baseline 0.005 -13"><span class='ocrx_word' id='word_1_220' title='bbox 2108 1320 2345 1387; x_wconf 91' lang='lat' dir='ltr'>cludam,</span> <span class='ocrx_word' id='word_1_221' title='bbox 2397 1320 2457 1349; x_wconf 65' lang='grc' dir='ltr'>ω</span> <span class='ocrx_word' id='word_1_222' title='bbox 2488 1322 2693 1377; x_wconf 89' lang='lat' dir='ltr'>nullam</span> <span class='ocrx_word' id='word_1_223' title='bbox 2724 1325 2945 1380; x_wconf 88' lang='lat' dir='ltr'>omnino</span> <span class='ocrx_word' id='word_1_224' title='bbox 2976 1324 3311 1379; x_wconf 86' lang='lat' dir='ltr'>Christianus</span> <span class='ocrx_word' id='word_1_225' title='bbox 3338 1326 3526 1381; x_wconf 88' lang='lat' dir='ltr'>divino</span> <span class='ocrx_word' id='word_1_226' title='bbox 3557 1328 3713 1382; x_wconf 89' lang='lat' dir='ltr'>cultu</span> 
     </span>
    </p>
   </div>
   <div class='ocr_carea' id='block_1_30' title="bbox 2109 1409 3722 1484">
    <p class='ocr_par' dir='ltr' id='par_1_30' title="bbox 2109 1409 3722 1484">
     <span class='ocr_line' id='line_1_30' title="bbox 2109 1409 3722 1484; baseline 0.004 -21"><span class='ocrx_word' id='word_1_227' title='bbox 2109 1409 2184 1464; x_wconf 90' lang='lat' dir='ltr'>rei</span> <span class='ocrx_word' id='word_1_228' title='bbox 2228 1410 2460 1481; x_wconf 88' lang='lat' dir='ltr'>alicujus</span> <span class='ocrx_word' id='word_1_229' title='bbox 2507 1411 2694 1465; x_wconf 90' lang='lat' dir='ltr'>adorat</span> <span class='ocrx_word' id='word_1_230' title='bbox 2742 1411 2996 1484; x_wconf 81' lang='lat' dir='ltr'>eﬂigiem,</span> <span class='ocrx_word' id='word_1_231' title='bbox 3050 1413 3234 1468; x_wconf 91' lang='lat' dir='ltr'>debito</span> <span class='ocrx_word' id='word_1_232' title='bbox 3274 1421 3455 1469; x_wconf 88' lang='lat' dir='ltr'>tamen</span> <span class='ocrx_word' id='word_1_233' title='bbox 3484 1414 3722 1470; x_wconf 85' lang='lat' dir='ltr'>honoris</span> 
     </span>
    </p>
   </div>
   <div class='ocr_carea' id='block_1_31' title="bbox 2111 1498 3721 1558">
    <p class='ocr_par' dir='ltr' id='par_1_31' title="bbox 2111 1498 3721 1558">
     <span class='ocr_line' id='line_1_31' title="bbox 2111 1498 3721 1558; baseline 0.004 -7"><span class='ocrx_word' id='word_1_234' title='bbox 2111 1498 2258 1551; x_wconf 89' lang='lat' dir='ltr'>cultu</span> <span class='ocrx_word' id='word_1_235' title='bbox 2290 1503 2534 1553; x_wconf 89' lang='lat' dir='ltr'>sacratas</span> <span class='ocrx_word' id='word_1_236' title='bbox 2584 1515 2856 1555; x_wconf 89' lang='lat' dir='ltr'>sacrarum</span> <span class='ocrx_word' id='word_1_237' title='bbox 2889 1516 3065 1555; x_wconf 91' lang='lat' dir='ltr'>rerum</span> <span class='ocrx_word' id='word_1_238' title='bbox 3090 1501 3219 1557; x_wconf 90' lang='lat' dir='ltr'>colit</span> <span class='ocrx_word' id='word_1_239' title='bbox 3246 1510 3298 1556; x_wconf 90' lang='lat' dir='ltr'>et</span> <span class='ocrx_word' id='word_1_240' title='bbox 3327 1502 3563 1558; x_wconf 86' lang='lat' dir='ltr'>honorat</span> <span class='ocrx_word' id='word_1_241' title='bbox 3590 1503 3721 1558; x_wconf 73' lang='lat' dir='ltr'>efﬁ-</span> 
     </span>
    </p>
   </div>
   <div class='ocr_carea' id='block_1_32' title="bbox 2112 1586 3716 1662">
    <p class='ocr_par' dir='ltr' id='par_1_32' title="bbox 2112 1586 3716 1662">
     <span class='ocr_line' id='line_1_32' title="bbox 2112 1586 3716 1662; baseline 0.004 -24"><span class='ocrx_word' id='word_1_242' title='bbox 2112 1586 2228 1656; x_wconf 89' lang='lat' dir='ltr'>gies</span> <span class='ocrx_word' id='word_1_243' title='bbox 2256 1595 2305 1640; x_wconf 91' lang='lat' dir='ltr'>et</span> <span class='ocrx_word' id='word_1_244' title='bbox 2335 1587 2597 1657; x_wconf 86' lang='lat' dir='ltr'>picturas.</span> <span class='ocrx_word' id='word_1_245' title='bbox 2654 1588 2840 1642; x_wconf 89' lang='lat' dir='ltr'>Recita</span> <span class='ocrx_word' id='word_1_246' title='bbox 2870 1605 3004 1660; x_wconf 87' lang='lat' dir='ltr'>ergo</span> <span class='ocrx_word' id='word_1_247' title='bbox 3028 1589 3355 1660; x_wconf 88' lang='lat' dir='ltr'>Scripturas,</span> <span class='ocrx_word' id='word_1_248' title='bbox 3390 1590 3571 1662; x_wconf 80' lang='lat' dir='ltr'>legem</span> <span class='ocrx_word' id='word_1_249' title='bbox 3598 1592 3716 1648; x_wconf 79' lang='lat' dir='ltr'>sci-</span> 
     </span>
    </p>
   </div>
   <div class='ocr_carea' id='block_1_33' title="bbox 407 1674 3714 1764">
    <p class='ocr_par' dir='ltr' id='par_1_33' title="bbox 407 1674 3714 1764">
     <span class='ocr_line' id='line_1_33' title="bbox 407 1674 3714 1764; baseline -0.003 -22"><span class='ocrx_word' id='word_1_250' title='bbox 407 1696 636 1760; x_wconf 89' lang='lat' dir='ltr'>quatuor</span> <span class='ocrx_word' id='word_1_251' title='bbox 702 1682 1013 1737; x_wconf 89' lang='lat' dir='ltr'>animalium</span> <span class='ocrx_word' id='word_1_252' title='bbox 1058 1678 1360 1748; x_wconf 86' lang='lat' dir='ltr'>speciebus,</span> <span class='ocrx_word' id='word_1_253' title='bbox 1420 1693 1552 1747; x_wconf 90' lang='lat' dir='ltr'>quas</span> <span class='ocrx_word' id='word_1_254' title='bbox 1596 1676 1864 1731; x_wconf 89' lang='lat' dir='ltr'>derisione</span> <span class='ocrx_word' id='word_1_255' title='bbox 1910 1675 1998 1728; x_wconf 83' lang='lat' dir='ltr'>in-</span> <span class='ocrx_word' id='word_1_256' title='bbox 2027 1705 2081 1764; x_wconf 85' lang='lat' dir='ltr'>B</span> <span class='ocrx_word' id='word_1_257' title='bbox 2114 1674 2237 1764; x_wconf 86' lang='lat' dir='ltr'>licet</span> <span class='ocrx_word' id='word_1_258' title='bbox 2294 1682 2345 1728; x_wconf 92' lang='lat' dir='ltr'>et</span> <span class='ocrx_word' id='word_1_259' title='bbox 2392 1676 2708 1764; x_wconf 86' lang='lat' dir='ltr'>prophetas,</span> <span class='ocrx_word' id='word_1_260' title='bbox 2757 1676 2967 1731; x_wconf 87' lang='lat' dir='ltr'>videbis</span> <span class='ocrx_word' id='word_1_261' title='bbox 3031 1694 3094 1732; x_wconf 87' lang='lat' dir='ltr'>ea</span> <span class='ocrx_word' id='word_1_262' title='bbox 3140 1678 3346 1745; x_wconf 90' lang='lat' dir='ltr'>omnia,</span> <span class='ocrx_word' id='word_1_263' title='bbox 3388 1695 3511 1748; x_wconf 66' lang='lat' dir='ltr'>quae</span> <span class='ocrx_word' id='word_1_264' title='bbox 3575 1680 3714 1749; x_wconf 86' lang='lat' dir='ltr'>dixi,</span> 
     </span>
    </p>
   </div>
   <div class='ocr_carea' id='block_1_34' title="bbox 404 1763 1996 1847">
    <p class='ocr_par' dir='ltr' id='par_1_34' title="bbox 404 1763 1996 1847">
     <span class='ocr_line' id='line_1_34' title="bbox 404 1763 1996 1847; baseline -0.009 -16"><span class='ocrx_word' id='word_1_265' title='bbox 404 1778 553 1847; x_wconf 87' lang='lat' dir='ltr'>justa</span> <span class='ocrx_word' id='word_1_266' title='bbox 594 1770 815 1837; x_wconf 86' lang='lat' dir='ltr'>notasti,</span> <span class='ocrx_word' id='word_1_267' title='bbox 848 1768 1098 1823; x_wconf 89' lang='lat' dir='ltr'>Ezechiel</span> <span class='ocrx_word' id='word_1_268' title='bbox 1124 1767 1393 1837; x_wconf 80' lang='lat' dir='ltr'>prOpheta</span> <span class='ocrx_word' id='word_1_269' title='bbox 1423 1766 1493 1819; x_wconf 90' lang='lat' dir='ltr'>ita</span> <span class='ocrx_word' id='word_1_270' title='bbox 1522 1765 1761 1835; x_wconf 87' lang='lat' dir='ltr'>loquitur</span> <span class='ocrx_word' id='word_1_271' title='bbox 1791 1782 1802 1817; x_wconf 91' lang='lat'>:</span> <span class='ocrx_word' id='word_1_272' title='bbox 1843 1787 1863 1811; x_wconf 78' lang='grc' dir='ltr'>α</span> <span class='ocrx_word' id='word_1_273' title='bbox 1908 1763 1996 1817; x_wconf 86' lang='lat' dir='ltr'>Si-</span> 
     </span>
    </p>
   </div>
   <div class='ocr_carea' id='block_1_35' title="bbox 408 1852 1998 1933">
    <p class='ocr_par' dir='ltr' id='par_1_35' title="bbox 408 1852 1998 1933">
     <span class='ocr_line' id='line_1_35' title="bbox 408 1852 1998 1933; baseline -0.01 -14"><span class='ocrx_word' id='word_1_274' title='bbox 408 1861 655 1919; x_wconf 88' lang='lat' dir='ltr'>militudo</span> <span class='ocrx_word' id='word_1_275' title='bbox 698 1858 875 1914; x_wconf 80' lang='lat' dir='ltr'>vultus</span> <span class='ocrx_word' id='word_1_276' title='bbox 906 1863 1137 1927; x_wconf 83' lang='lat' dir='ltr'>quatuor</span> <span class='ocrx_word' id='word_1_277' title='bbox 1174 1854 1506 1919; x_wconf 90' lang='lat' dir='ltr'>animalium,</span> <span class='ocrx_word' id='word_1_278' title='bbox 1541 1853 1707 1907; x_wconf 86' lang='lat' dir='ltr'>facies</span> <span class='ocrx_word' id='word_1_279' title='bbox 1738 1852 1998 1933; x_wconf 60' lang='lat' dir='ltr'>hominis,</span> 
     </span>
    </p>
   </div>
   <div class='ocr_carea' id='block_1_36' title="bbox 406 1940 2003 2013">
    <p class='ocr_par' dir='ltr' id='par_1_36' title="bbox 406 1940 2003 2013">
     <span class='ocr_line' id='line_1_36' title="bbox 406 1940 2003 2013; baseline -0.009 -5"><span class='ocrx_word' id='word_1_280' title='bbox 406 1961 459 2008; x_wconf 90' lang='lat' dir='ltr'>et</span> <span class='ocrx_word' id='word_1_281' title='bbox 488 1951 652 2005; x_wconf 83' lang='lat' dir='ltr'>facies</span> <span class='ocrx_word' id='word_1_282' title='bbox 681 1947 853 2002; x_wconf 91' lang='lat' dir='ltr'>leonis</span> <span class='ocrx_word' id='word_1_283' title='bbox 886 1961 918 2000; x_wconf 88' lang='lat' dir='ltr'>a</span> <span class='ocrx_word' id='word_1_284' title='bbox 947 1943 1149 1998; x_wconf 86' lang='lat' dir='ltr'>dextris</span> <span class='ocrx_word' id='word_1_285' title='bbox 1174 1943 1417 2013; x_wconf 88' lang='lat' dir='ltr'>ipsorum</span> <span class='ocrx_word' id='word_1_286' title='bbox 1448 1950 1693 2012; x_wconf 89' lang='lat' dir='ltr'>quatuor,</span> <span class='ocrx_word' id='word_1_287' title='bbox 1719 1940 1803 2011; x_wconf 83' lang='lat' dir='ltr'>[m</span> <span class='ocrx_word' id='word_1_288' title='bbox 1835 1940 2003 1995; x_wconf 84' lang='lat' dir='ltr'>facies</span> 
     </span>
    </p>
   </div>
   <div class='ocr_carea' id='block_1_37' title="bbox 405 2027 2004 2101">
    <p class='ocr_par' dir='ltr' id='par_1_37' title="bbox 405 2027 2004 2101">
     <span class='ocr_line' id='line_1_37' title="bbox 405 2027 2004 2101; baseline -0.009 -5"><span class='ocrx_word' id='word_1_289' title='bbox 405 2056 535 2097; x_wconf 89' lang='lat' dir='ltr'>vero</span> <span class='ocrx_word' id='word_1_290' title='bbox 584 2037 733 2092; x_wconf 91' lang='lat' dir='ltr'>vituli</span> <span class='ocrx_word' id='word_1_291' title='bbox 782 2052 811 2089; x_wconf 91' lang='lat' dir='ltr'>a</span> <span class='ocrx_word' id='word_1_292' title='bbox 861 2032 1090 2088; x_wconf 90' lang='lat' dir='ltr'>sinistris</span> <span class='ocrx_word' id='word_1_293' title='bbox 1136 2033 1379 2101; x_wconf 90' lang='lat' dir='ltr'>ipsorum</span> <span class='ocrx_word' id='word_1_294' title='bbox 1424 2039 1691 2101; x_wconf 89' lang='lat' dir='ltr'>quatuor,</span> <span class='ocrx_word' id='word_1_295' title='bbox 1753 2037 1806 2084; x_wconf 91' lang='lat' dir='ltr'>et</span> <span class='ocrx_word' id='word_1_296' title='bbox 1837 2027 2004 2083; x_wconf 86' lang='lat' dir='ltr'>facies</span> 
     </span>
    </p>
   </div>
   <div class='ocr_carea' id='block_1_38' title="bbox 404 2115 1999 2201">
    <p class='ocr_par' dir='ltr' id='par_1_38' title="bbox 404 2115 1999 2201">
     <span class='ocr_line' id='line_1_38' title="bbox 404 2115 1999 2201; baseline -0.013 -17"><span class='ocrx_word' id='word_1_297' title='bbox 404 2127 597 2201; x_wconf 70' lang='lat' dir='ltr'>aquila:</span> <span class='ocrx_word' id='word_1_298' title='bbox 627 2126 862 2193; x_wconf 89' lang='lat' dir='ltr'>desuper</span> <span class='ocrx_word' id='word_1_299' title='bbox 904 2122 1153 2192; x_wconf 91' lang='lat' dir='ltr'>ipsorum</span> <span class='ocrx_word' id='word_1_300' title='bbox 1189 2128 1425 2190; x_wconf 83' lang='lat' dir='ltr'>quatuor</span> <span class='ocrx_word' id='word_1_301' title='bbox 1452 2117 1680 2188; x_wconf 69' lang='lat' dir='ltr'>(Ezech.</span> <span class='ocrx_word' id='word_1_302' title='bbox 1733 2133 1771 2185; x_wconf 85' lang='grc' dir='ltr'>ι,</span> <span class='ocrx_word' id='word_1_303' title='bbox 1825 2115 1935 2188; x_wconf 86' lang='grc'>10.]</span> <span class='ocrx_word' id='word_1_304' title='bbox 1979 2139 1999 2164; x_wconf 76' lang='grc' dir='ltr'><strong>υ</strong></span> 
     </span>
    </p>
   </div>
   <div class='ocr_carea' id='block_1_39' title="bbox 401 2206 2006 2287">
    <p class='ocr_par' dir='ltr' id='par_1_39' title="bbox 401 2206 2006 2287">
     <span class='ocr_line' id='line_1_39' title="bbox 401 2206 2006 2287; baseline -0.009 -14"><span class='ocrx_word' id='word_1_305' title='bbox 401 2217 560 2287; x_wconf 82' lang='lat' dir='ltr'>Quod</span> <span class='ocrx_word' id='word_1_306' title='bbox 591 2228 726 2285; x_wconf 82' lang='lat' dir='ltr'>ergo</span> <span class='ocrx_word' id='word_1_307' title='bbox 756 2211 922 2266; x_wconf 82' lang='lat' dir='ltr'>Isaias</span> <span class='ocrx_word' id='word_1_308' title='bbox 970 2208 1126 2275; x_wconf 88' lang='lat' dir='ltr'>vidit,</span> <span class='ocrx_word' id='word_1_309' title='bbox 1162 2207 1299 2261; x_wconf 80' lang='lat' dir='ltr'>dixit</span> <span class='ocrx_word' id='word_1_310' title='bbox 1328 2215 1379 2261; x_wconf 88' lang='lat' dir='ltr'>et</span> <span class='ocrx_word' id='word_1_311' title='bbox 1409 2206 1649 2278; x_wconf 89' lang='lat' dir='ltr'>scripsit,</span> <span class='ocrx_word' id='word_1_312' title='bbox 1682 2207 1829 2277; x_wconf 90' lang='lat' dir='ltr'>quod</span> <span class='ocrx_word' id='word_1_313' title='bbox 1864 2207 2006 2259; x_wconf 87' lang='lat' dir='ltr'>Eze-</span> 
     </span>
    </p>
   </div>
   <div class='ocr_carea' id='block_1_40' title="bbox 404 2294 2005 2369">
    <p class='ocr_par' dir='ltr' id='par_1_40' title="bbox 404 2294 2005 2369">
     <span class='ocr_line' id='line_1_40' title="bbox 404 2294 2005 2369; baseline -0.008 -9"><span class='ocrx_word' id='word_1_314' title='bbox 404 2306 543 2361; x_wconf 91' lang='lat' dir='ltr'>chiel</span> <span class='ocrx_word' id='word_1_315' title='bbox 575 2302 727 2369; x_wconf 86' lang='lat' dir='ltr'>vidit,</span> <span class='ocrx_word' id='word_1_316' title='bbox 774 2299 916 2355; x_wconf 84' lang='lat' dir='ltr'>dixit</span> <span class='ocrx_word' id='word_1_317' title='bbox 944 2305 997 2353; x_wconf 91' lang='lat' dir='ltr'>et</span> <span class='ocrx_word' id='word_1_318' title='bbox 1028 2297 1262 2367; x_wconf 87' lang='lat' dir='ltr'>scripsit,</span> <span class='ocrx_word' id='word_1_319' title='bbox 1295 2296 1421 2351; x_wconf 91' lang='lat' dir='ltr'>licet</span> <span class='ocrx_word' id='word_1_320' title='bbox 1449 2303 1574 2365; x_wconf 89' lang='lat' dir='ltr'>post</span> <span class='ocrx_word' id='word_1_321' title='bbox 1605 2310 1698 2349; x_wconf 91' lang='lat' dir='ltr'>eos</span> <span class='ocrx_word' id='word_1_322' title='bbox 1729 2294 1918 2361; x_wconf 84' lang='lat' dir='ltr'>scribi,</span> <span class='ocrx_word' id='word_1_323' title='bbox 1952 2301 2005 2348; x_wconf 88' lang='lat' dir='ltr'>ct</span> 
     </span>
    </p>
   </div>
   <div class='ocr_carea' id='block_1_41' title="bbox 406 2382 2008 2460">
    <p class='ocr_par' dir='ltr' id='par_1_41' title="bbox 406 2382 2008 2460">
     <span class='ocr_line' id='line_1_41' title="bbox 406 2382 2008 2460; baseline -0.009 -11"><span class='ocrx_word' id='word_1_324' title='bbox 406 2393 511 2450; x_wconf 91' lang='lat' dir='ltr'>dici</span> <span class='ocrx_word' id='word_1_325' title='bbox 544 2399 596 2447; x_wconf 89' lang='lat' dir='ltr'>et</span> <span class='ocrx_word' id='word_1_326' title='bbox 642 2392 868 2460; x_wconf 63' lang='lat' dir='ltr'>picturas</span> <span class='ocrx_word' id='word_1_327' title='bbox 905 2387 1092 2458; x_wconf 89' lang='lat' dir='ltr'>aliqua</span> <span class='ocrx_word' id='word_1_328' title='bbox 1138 2389 1265 2440; x_wconf 85' lang='lat' dir='ltr'>nota</span> <span class='ocrx_word' id='word_1_329' title='bbox 1310 2383 1537 2455; x_wconf 82' lang='lat' dir='ltr'>signari.</span> <span class='ocrx_word' id='word_1_330' title='bbox 1571 2384 1722 2439; x_wconf 89' lang='lat' dir='ltr'>Sicut</span> <span class='ocrx_word' id='word_1_331' title='bbox 1747 2383 1894 2438; x_wconf 90' lang='lat' dir='ltr'>enim</span> <span class='ocrx_word' id='word_1_332' title='bbox 1926 2382 2008 2436; x_wconf 89' lang='lat' dir='ltr'>lit-</span> 
     </span>
    </p>
   </div>
   <div class='ocr_carea' id='block_1_42' title="bbox 409 2470 2009 2549">
    <p class='ocr_par' dir='ltr' id='par_1_42' title="bbox 409 2470 2009 2549">
     <span class='ocr_line' id='line_1_42' title="bbox 409 2470 2009 2549; baseline -0.009 -11"><span class='ocrx_word' id='word_1_333' title='bbox 409 2491 536 2538; x_wconf 75' lang='lat' dir='ltr'>terae</span> <span class='ocrx_word' id='word_1_334' title='bbox 586 2476 993 2549; x_wconf 88' lang='lat' dir='ltr'>quodammodo</span> <span class='ocrx_word' id='word_1_335' title='bbox 1019 2473 1175 2544; x_wconf 64' lang='lat' dir='ltr'>;fiunt</span> <span class='ocrx_word' id='word_1_336' title='bbox 1219 2473 1509 2528; x_wconf 88' lang='lat' dir='ltr'>verborum</span> <span class='ocrx_word' id='word_1_337' title='bbox 1538 2470 1731 2544; x_wconf 64' lang='lat' dir='ltr'>ﬁgura:</span> <span class='ocrx_word' id='word_1_338' title='bbox 1763 2479 1816 2526; x_wconf 91' lang='lat' dir='ltr'>et</span> <span class='ocrx_word' id='word_1_339' title='bbox 1846 2479 2009 2535; x_wconf 60' lang='lat' dir='ltr'>note,</span> 
     </span>
    </p>
   </div>
   <div class='ocr_carea' id='block_1_43' title="bbox 407 2559 2015 2638">
    <p class='ocr_par' dir='ltr' id='par_1_43' title="bbox 407 2559 2015 2638">
     <span class='ocr_line' id='line_1_43' title="bbox 407 2559 2015 2638; baseline -0.009 -13"><span class='ocrx_word' id='word_1_340' title='bbox 407 2571 481 2625; x_wconf 87' lang='lat' dir='ltr'>ita</span> <span class='ocrx_word' id='word_1_341' title='bbox 512 2577 563 2625; x_wconf 90' lang='lat' dir='ltr'>et</span> <span class='ocrx_word' id='word_1_342' title='bbox 611 2568 834 2638; x_wconf 69' lang='lat' dir='ltr'>picturae</span> <span class='ocrx_word' id='word_1_343' title='bbox 884 2563 1277 2633; x_wconf 86' lang='lat' dir='ltr'>scripturarum</span> <span class='ocrx_word' id='word_1_344' title='bbox 1337 2576 1522 2615; x_wconf 88' lang='lat' dir='ltr'>rerum</span> <span class='ocrx_word' id='word_1_345' title='bbox 1552 2561 1787 2614; x_wconf 83' lang='lat' dir='ltr'>existunt</span> <span class='ocrx_word' id='word_1_346' title='bbox 1820 2559 2015 2612; x_wconf 83' lang='lat' dir='ltr'>simili-</span> 
     </span>
    </p>
   </div>
   <div class='ocr_carea' id='block_1_44' title="bbox 414 2648 2019 2721">
    <p class='ocr_par' dir='ltr' id='par_1_44' title="bbox 414 2648 2019 2721">
     <span class='ocr_line' id='line_1_44' title="bbox 414 2648 2019 2721; baseline -0.008 -8"><span class='ocrx_word' id='word_1_347' title='bbox 414 2658 626 2713; x_wconf 89' lang='lat' dir='ltr'>tudines</span> <span class='ocrx_word' id='word_1_348' title='bbox 654 2663 705 2709; x_wconf 91' lang='lat' dir='ltr'>et</span> <span class='ocrx_word' id='word_1_349' title='bbox 734 2661 893 2709; x_wconf 72' lang='lat' dir='ltr'>noue.</span> <span class='ocrx_word' id='word_1_350' title='bbox 928 2650 1068 2720; x_wconf 86' lang='lat' dir='ltr'>Quid</span> <span class='ocrx_word' id='word_1_351' title='bbox 1094 2650 1249 2721; x_wconf 92' lang='lat' dir='ltr'>plura</span> <span class='ocrx_word' id='word_1_352' title='bbox 1274 2650 1302 2702; x_wconf 64' lang='grc' dir='ltr'>εἶ</span> <span class='ocrx_word' id='word_1_353' title='bbox 1336 2664 1642 2704; x_wconf 85' lang='lat' dir='ltr'>sermonem</span> <span class='ocrx_word' id='word_1_354' title='bbox 1677 2648 2019 2719; x_wconf 85' lang='lat' dir='ltr'>colligamus,</span> 
     </span>
    </p>
   </div>
   <div class='ocr_carea' id='block_1_45' title="bbox 415 2737 2020 2813">
    <p class='ocr_par' dir='ltr' id='par_1_45' title="bbox 415 2737 2020 2813">
     <span class='ocr_line' id='line_1_45' title="bbox 415 2737 2020 2813; baseline -0.007 -11"><span class='ocrx_word' id='word_1_355' title='bbox 415 2756 471 2802; x_wconf 90' lang='lat' dir='ltr'>et</span> <span class='ocrx_word' id='word_1_356' title='bbox 502 2746 572 2800; x_wconf 89' lang='lat' dir='ltr'>ad</span> <span class='ocrx_word' id='word_1_357' title='bbox 618 2741 905 2813; x_wconf 66' lang='lat' dir='ltr'>proposita:</span> <span class='ocrx_word' id='word_1_358' title='bbox 950 2739 1244 2812; x_wconf 89' lang='lat' dir='ltr'>questionis</span> <span class='ocrx_word' id='word_1_359' title='bbox 1288 2737 1450 2793; x_wconf 85' lang='lat' dir='ltr'>ﬁnem</span> <span class='ocrx_word' id='word_1_360' title='bbox 1493 2738 1840 2793; x_wconf 86' lang='lat' dir='ltr'>accedamus.</span> <span class='ocrx_word' id='word_1_361' title='bbox 1892 2738 2020 2791; x_wconf 85' lang='lat' dir='ltr'>Pro-</span> 
     </span>
    </p>
   </div>
   <div class='ocr_carea' id='block_1_46' title="bbox 424 2825 2017 2896">
    <p class='ocr_par' dir='ltr' id='par_1_46' title="bbox 424 2825 2017 2896">
     <span class='ocr_line' id='line_1_46' title="bbox 424 2825 2017 2896; baseline -0.007 -8"><span class='ocrx_word' id='word_1_362' title='bbox 424 2833 599 2888; x_wconf 89' lang='lat' dir='ltr'>hibuit</span> <span class='ocrx_word' id='word_1_363' title='bbox 630 2834 779 2885; x_wconf 88' lang='lat' dir='ltr'>Deus</span> <span class='ocrx_word' id='word_1_364' title='bbox 807 2844 875 2883; x_wconf 89' lang='lat' dir='ltr'>ne</span> <span class='ocrx_word' id='word_1_365' title='bbox 906 2828 1041 2882; x_wconf 84' lang='lat' dir='ltr'>ﬁant</span> <span class='ocrx_word' id='word_1_366' title='bbox 1070 2827 1354 2896; x_wconf 89' lang='lat' dir='ltr'>sculptilia,</span> <span class='ocrx_word' id='word_1_367' title='bbox 1390 2835 1441 2880; x_wconf 91' lang='lat' dir='ltr'>et</span> <span class='ocrx_word' id='word_1_368' title='bbox 1471 2834 1672 2889; x_wconf 91' lang='lat' dir='ltr'>tamen,</span> <span class='ocrx_word' id='word_1_369' title='bbox 1709 2827 1847 2880; x_wconf 88' lang='lat' dir='ltr'>sicut</span> <span class='ocrx_word' id='word_1_370' title='bbox 1876 2825 2017 2896; x_wconf 89' lang='lat' dir='ltr'>legi-</span> 
     </span>
    </p>
   </div>
   <div class='ocr_carea' id='block_1_47' title="bbox 423 2914 2026 2988">
    <p class='ocr_par' dir='ltr' id='par_1_47' title="bbox 423 2914 2026 2988">
     <span class='ocr_line' id='line_1_47' title="bbox 423 2914 2026 2988; baseline -0.006 -12"><span class='ocrx_word' id='word_1_371' title='bbox 423 2938 562 2988; x_wconf 89' lang='lat' dir='ltr'>mus,</span> <span class='ocrx_word' id='word_1_372' title='bbox 595 2936 626 2973; x_wconf 90' lang='lat' dir='ltr'>a</span> <span class='ocrx_word' id='word_1_373' title='bbox 655 2920 773 2972; x_wconf 88' lang='lat' dir='ltr'>Deo</span> <span class='ocrx_word' id='word_1_374' title='bbox 820 2917 976 2986; x_wconf 88' lang='lat' dir='ltr'>jussa</span> <span class='ocrx_word' id='word_1_375' title='bbox 1010 2923 1133 2969; x_wconf 91' lang='lat' dir='ltr'>sunt</span> <span class='ocrx_word' id='word_1_376' title='bbox 1160 2914 1278 2970; x_wconf 84' lang='lat' dir='ltr'>fieri</span> <span class='ocrx_word' id='word_1_377' title='bbox 1322 2914 1613 2983; x_wconf 89' lang='lat' dir='ltr'>sculptilia.</span> <span class='ocrx_word' id='word_1_378' title='bbox 1646 2914 2026 2984; x_wconf 86' lang='lat' dir='ltr'>Competenter</span> 
     </span>
    </p>
   </div>
   <div class='ocr_carea' id='block_1_48' title="bbox 423 3002 2028 3082">
    <p class='ocr_par' dir='ltr' id='par_1_48' title="bbox 423 3002 2028 3082">
     <span class='ocr_line' id='line_1_48' title="bbox 423 3002 2028 3082; baseline -0.006 -18"><span class='ocrx_word' id='word_1_379' title='bbox 423 3010 588 3082; x_wconf 79' lang='lat' dir='ltr'>igitur</span> <span class='ocrx_word' id='word_1_380' title='bbox 634 3006 954 3061; x_wconf 87' lang='lat' dir='ltr'>mandatum</span> <span class='ocrx_word' id='word_1_381' title='bbox 1005 3003 1144 3074; x_wconf 84' lang='lat' dir='ltr'>legis</span> <span class='ocrx_word' id='word_1_382' title='bbox 1198 3002 1577 3072; x_wconf 89' lang='lat' dir='ltr'>accipiendum</span> <span class='ocrx_word' id='word_1_383' title='bbox 1610 3009 1710 3070; x_wconf 89' lang='lat' dir='ltr'>est,</span> <span class='ocrx_word' id='word_1_384' title='bbox 1752 3003 1860 3057; x_wconf 91' lang='lat' dir='ltr'>imo</span> <span class='ocrx_word' id='word_1_385' title='bbox 1890 3003 2028 3057; x_wconf 86' lang='lat' dir='ltr'>sicut</span> 
     </span>
    </p>
   </div>
   <div class='ocr_carea' id='block_1_49' title="bbox 422 3090 2023 3169">
    <p class='ocr_par' dir='ltr' id='par_1_49' title="bbox 422 3090 2023 3169">
     <span class='ocr_line' id='line_1_49' title="bbox 422 3090 2023 3169; baseline -0.006 -16"><span class='ocrx_word' id='word_1_386' title='bbox 422 3099 539 3169; x_wconf 90' lang='lat' dir='ltr'>ipse</span> <span class='ocrx_word' id='word_1_387' title='bbox 583 3095 859 3168; x_wconf 85' lang='lat' dir='ltr'>legislator</span> <span class='ocrx_word' id='word_1_388' title='bbox 903 3092 1138 3147; x_wconf 89' lang='lat' dir='ltr'>declarat</span> <span class='ocrx_word' id='word_1_389' title='bbox 1202 3090 1613 3162; x_wconf 88' lang='lat' dir='ltr'>intelligendum</span> <span class='ocrx_word' id='word_1_390' title='bbox 1662 3099 1770 3146; x_wconf 92' lang='lat' dir='ltr'>est.</span> <span class='ocrx_word' id='word_1_391' title='bbox 1814 3113 1834 3138; x_wconf 87' lang='grc'>‹‹</span> <span class='ocrx_word' id='word_1_392' title='bbox 1880 3091 2023 3157; x_wconf 88' lang='lat' dir='ltr'>Non,</span> 
     </span>
    </p>
   </div>
   <div class='ocr_carea' id='block_1_50' title="bbox 425 3180 2031 3257">
    <p class='ocr_par' dir='ltr' id='par_1_50' title="bbox 425 3180 2031 3257">
     <span class='ocr_line' id='line_1_50' title="bbox 425 3180 2031 3257; baseline -0.006 -15"><span class='ocrx_word' id='word_1_393' title='bbox 425 3186 620 3257; x_wconf 87' lang='lat' dir='ltr'>inquit,</span> <span class='ocrx_word' id='word_1_394' title='bbox 667 3183 830 3238; x_wconf 84' lang='lat' dir='ltr'>facies</span> <span class='ocrx_word' id='word_1_395' title='bbox 880 3180 1129 3251; x_wconf 89' lang='lat' dir='ltr'>sculptile</span> <span class='ocrx_word' id='word_1_396' title='bbox 1177 3180 1376 3250; x_wconf 70' lang='lat' dir='ltr'>(Exod.</span> <span class='ocrx_word' id='word_1_397' title='bbox 1429 3196 1520 3245; x_wconf 85' lang='lat' dir='ltr'>xx,</span> <span class='ocrx_word' id='word_1_398' title='bbox 1571 3180 1649 3247; x_wconf 67' lang='grc'>4),</span> <span class='ocrx_word' id='word_1_399' title='bbox 1687 3202 1708 3227; x_wconf 74' lang='grc' dir='ltr'>υ</span> <span class='ocrx_word' id='word_1_400' title='bbox 1746 3187 1874 3247; x_wconf 87' lang='lat' dir='ltr'>etc.,</span> <span class='ocrx_word' id='word_1_401' title='bbox 1906 3195 2031 3234; x_wconf 89' lang='lat' dir='ltr'>cau-</span> 
     </span>
    </p>
   </div>
   <div class='ocr_carea' id='block_1_51' title="bbox 427 3268 2030 3345">
    <p class='ocr_par' dir='ltr' id='par_1_51' title="bbox 427 3268 2030 3345">
     <span class='ocr_line' id='line_1_51' title="bbox 427 3268 2030 3345; baseline -0.006 -14"><span class='ocrx_word' id='word_1_402' title='bbox 427 3290 657 3345; x_wconf 88' lang='lat' dir='ltr'>samque</span> <span class='ocrx_word' id='word_1_403' title='bbox 673 3273 1006 3327; x_wconf 87' lang='lat' dir='ltr'>demonstrat</span> <span class='ocrx_word' id='word_1_404' title='bbox 1039 3286 1050 3325; x_wconf 93' lang='lat'>:</span> <span class='ocrx_word' id='word_1_405' title='bbox 1085 3293 1104 3317; x_wconf 82' lang='grc'>‹‹</span> <span class='ocrx_word' id='word_1_406' title='bbox 1132 3270 1257 3323; x_wconf 89' lang='lat' dir='ltr'>Non</span> <span class='ocrx_word' id='word_1_407' title='bbox 1287 3268 1543 3323; x_wconf 88' lang='lat' dir='ltr'>adorabis</span> <span class='ocrx_word' id='word_1_408' title='bbox 1565 3283 1649 3332; x_wconf 89' lang='lat' dir='ltr'>ea,</span> <span class='ocrx_word' id='word_1_409' title='bbox 1675 3283 1850 3337; x_wconf 91' lang='lat' dir='ltr'>neque</span> <span class='ocrx_word' id='word_1_410' title='bbox 1881 3268 2030 3322; x_wconf 89' lang='lat' dir='ltr'>coles</span> 
     </span>
    </p>
   </div>
   <div class='ocr_carea' id='block_1_52' title="bbox 427 3356 2006 3436">
    <p class='ocr_par' dir='ltr' id='par_1_52' title="bbox 427 3356 2006 3436">
     <span class='ocr_line' id='line_1_52' title="bbox 427 3356 2006 3436; baseline -0.006 -16"><span class='ocrx_word' id='word_1_411' title='bbox 427 3364 605 3436; x_wconf 77' lang='lat' dir='ltr'>(ibid.,</span> <span class='ocrx_word' id='word_1_412' title='bbox 634 3364 709 3431; x_wconf 78' lang='grc'>5).</span> <span class='ocrx_word' id='word_1_413' title='bbox 756 3383 777 3409; x_wconf 78' lang='grc' dir='ltr'><strong>υ</strong></span> <span class='ocrx_word' id='word_1_414' title='bbox 814 3359 1052 3414; x_wconf 86' lang='lat' dir='ltr'>Exclusa</span> <span class='ocrx_word' id='word_1_415' title='bbox 1085 3357 1249 3430; x_wconf 81' lang='lat' dir='ltr'>igitur</span> <span class='ocrx_word' id='word_1_416' title='bbox 1277 3356 1468 3427; x_wconf 81' lang='lat' dir='ltr'>perfidi</span> <span class='ocrx_word' id='word_1_417' title='bbox 1500 3356 1670 3410; x_wconf 89' lang='lat' dir='ltr'>caltus</span> <span class='ocrx_word' id='word_1_418' title='bbox 1701 3356 2006 3411; x_wconf 88' lang='lat' dir='ltr'>idololatria</span> 
     </span>
    </p>
   </div>
   <div class='ocr_carea' id='block_1_53' title="bbox 433 3443 2023 3517">
    <p class='ocr_par' dir='ltr' id='par_1_53' title="bbox 433 3443 2023 3517">
     <span class='ocr_line' id='line_1_53' title="bbox 433 3443 2023 3517; baseline -0.008 -8"><span class='ocrx_word' id='word_1_419' title='bbox 433 3453 579 3509; x_wconf 85' lang='lat' dir='ltr'>facta</span> <span class='ocrx_word' id='word_1_420' title='bbox 607 3456 726 3505; x_wconf 89' lang='lat' dir='ltr'>sunt</span> <span class='ocrx_word' id='word_1_421' title='bbox 757 3449 831 3502; x_wconf 90' lang='lat' dir='ltr'>ab</span> <span class='ocrx_word' id='word_1_422' title='bbox 864 3446 965 3515; x_wconf 90' lang='lat' dir='ltr'>eis,</span> <span class='ocrx_word' id='word_1_423' title='bbox 997 3455 1053 3500; x_wconf 88' lang='lat' dir='ltr'>et</span> <span class='ocrx_word' id='word_1_424' title='bbox 1082 3444 1194 3501; x_wconf 88' lang='lat' dir='ltr'>fieri</span> <span class='ocrx_word' id='word_1_425' title='bbox 1227 3453 1450 3517; x_wconf 88' lang='lat' dir='ltr'>possunt</span> <span class='ocrx_word' id='word_1_426' title='bbox 1478 3460 1511 3498; x_wconf 89' lang='lat' dir='ltr'>a</span> <span class='ocrx_word' id='word_1_427' title='bbox 1539 3444 1696 3499; x_wconf 89' lang='lat' dir='ltr'>nobis</span> <span class='ocrx_word' id='word_1_428' title='bbox 1726 3443 2023 3514; x_wconf 90' lang='lat' dir='ltr'>sculptilia.</span> 
     </span>
    </p>
   </div>
   <div class='ocr_carea' id='block_1_54' title="bbox 435 3531 2031 3607">
    <p class='ocr_par' dir='ltr' id='par_1_54' title="bbox 435 3531 2031 3607">
     <span class='ocr_line' id='line_1_54' title="bbox 435 3531 2031 3607; baseline -0.008 -10"><span class='ocrx_word' id='word_1_429' title='bbox 435 3541 685 3597; x_wconf 89' lang='lat' dir='ltr'>Facimus</span> <span class='ocrx_word' id='word_1_430' title='bbox 714 3539 827 3592; x_wconf 90' lang='lat' dir='ltr'>Deo</span> <span class='ocrx_word' id='word_1_431' title='bbox 856 3537 1112 3607; x_wconf 86' lang='lat' dir='ltr'>picturas,</span> <span class='ocrx_word' id='word_1_432' title='bbox 1161 3534 1387 3587; x_wconf 83' lang='lat' dir='ltr'>facimus</span> <span class='ocrx_word' id='word_1_433' title='bbox 1416 3534 1534 3587; x_wconf 91' lang='lat' dir='ltr'>Deo</span> <span class='ocrx_word' id='word_1_434' title='bbox 1565 3531 1863 3595; x_wconf 65' lang='lat' dir='ltr'>caelaturas,</span> <span class='ocrx_word' id='word_1_435' title='bbox 1900 3532 2031 3586; x_wconf 83' lang='lat' dir='ltr'>taci-</span> 
     </span>
    </p>
   </div>
   <div class='ocr_carea' id='block_1_55' title="bbox 433 3620 2032 3693">
    <p class='ocr_par' dir='ltr' id='par_1_55' title="bbox 433 3620 2032 3693">
     <span class='ocr_line' id='line_1_55' title="bbox 433 3620 2032 3693; baseline -0.006 -9"><span class='ocrx_word' id='word_1_436' title='bbox 433 3647 554 3686; x_wconf 89' lang='lat' dir='ltr'>mus</span> <span class='ocrx_word' id='word_1_437' title='bbox 583 3630 698 3683; x_wconf 85' lang='lat' dir='ltr'>Deo</span> <span class='ocrx_word' id='word_1_438' title='bbox 719 3634 771 3680; x_wconf 90' lang='lat' dir='ltr'>et</span> <span class='ocrx_word' id='word_1_439' title='bbox 796 3624 1137 3693; x_wconf 87' lang='lat' dir='ltr'>sculpturas;</span> <span class='ocrx_word' id='word_1_440' title='bbox 1173 3622 1267 3675; x_wconf 89' lang='lat' dir='ltr'>sed</span> <span class='ocrx_word' id='word_1_441' title='bbox 1297 3621 1485 3675; x_wconf 85' lang='lat' dir='ltr'>divino</span> <span class='ocrx_word' id='word_1_442' title='bbox 1515 3621 1657 3674; x_wconf 91' lang='lat' dir='ltr'>cultu</span> <span class='ocrx_word' id='word_1_443' title='bbox 1680 3636 1778 3674; x_wconf 91' lang='lat' dir='ltr'>nec</span> <span class='ocrx_word' id='word_1_444' title='bbox 1806 3620 2032 3674; x_wconf 88' lang='lat' dir='ltr'>colimus</span> 
     </span>
    </p>
   </div>
   <div class='ocr_carea' id='block_1_56' title="bbox 434 3710 2031 3784">
    <p class='ocr_par' dir='ltr' id='par_1_56' title="bbox 434 3710 2031 3784">
     <span class='ocr_line' id='line_1_56' title="bbox 434 3710 2031 3784; baseline -0.006 -12"><span class='ocrx_word' id='word_1_445' title='bbox 434 3733 552 3784; x_wconf 90' lang='lat' dir='ltr'>eas,</span> <span class='ocrx_word' id='word_1_446' title='bbox 584 3730 688 3770; x_wconf 84' lang='lat' dir='ltr'>nec</span> <span class='ocrx_word' id='word_1_447' title='bbox 727 3713 1035 3765; x_wconf 88' lang='lat' dir='ltr'>adoramus.</span> <span class='ocrx_word' id='word_1_448' title='bbox 1080 3710 1220 3762; x_wconf 87' lang='lat' dir='ltr'>Nam</span> <span class='ocrx_word' id='word_1_449' title='bbox 1244 3710 1419 3777; x_wconf 89' lang='lat' dir='ltr'>ipsam</span> <span class='ocrx_word' id='word_1_450' title='bbox 1448 3723 1681 3775; x_wconf 87' lang='lat' dir='ltr'>crucem,</span> <span class='ocrx_word' id='word_1_451' title='bbox 1714 3724 1870 3777; x_wconf 89' lang='lat' dir='ltr'>quam</span> <span class='ocrx_word' id='word_1_452' title='bbox 1903 3724 2031 3762; x_wconf 91' lang='lat' dir='ltr'>cru-</span> 
     </span>
    </p>
   </div>
   <div class='ocr_carea' id='block_1_57' title="bbox 437 3794 2028 3867">
    <p class='ocr_par' dir='ltr' id='par_1_57' title="bbox 437 3794 2028 3867">
     <span class='ocr_line' id='line_1_57' title="bbox 437 3794 2028 3867; baseline -0.007 -8"><span class='ocrx_word' id='word_1_453' title='bbox 437 3819 558 3859; x_wconf 88' lang='lat' dir='ltr'>cem</span> <span class='ocrx_word' id='word_1_454' title='bbox 605 3804 852 3855; x_wconf 88' lang='lat' dir='ltr'>sanctam</span> <span class='ocrx_word' id='word_1_455' title='bbox 904 3796 1153 3863; x_wconf 91' lang='lat' dir='ltr'>dicimus,</span> <span class='ocrx_word' id='word_1_456' title='bbox 1204 3795 1388 3866; x_wconf 88' lang='lat' dir='ltr'>utique</span> <span class='ocrx_word' id='word_1_457' title='bbox 1434 3794 1663 3867; x_wconf 84' lang='lat' dir='ltr'>lignum,</span> <span class='ocrx_word' id='word_1_458' title='bbox 1695 3811 1800 3849; x_wconf 90' lang='lat' dir='ltr'>non</span> <span class='ocrx_word' id='word_1_459' title='bbox 1834 3796 2028 3862; x_wconf 88' lang='lat' dir='ltr'>Deum,</span> 
     </span>
    </p>
   </div>
   <div class='ocr_carea' id='block_1_58' title="bbox 435 3883 2029 3953">
    <p class='ocr_par' dir='ltr' id='par_1_58' title="bbox 435 3883 2029 3953">
     <span class='ocr_line' id='line_1_58' title="bbox 435 3883 2029 3953; baseline -0.006 -6"><span class='ocrx_word' id='word_1_460' title='bbox 435 3906 553 3948; x_wconf 90' lang='lat' dir='ltr'>esse</span> <span class='ocrx_word' id='word_1_461' title='bbox 598 3888 846 3952; x_wconf 85' lang='lat' dir='ltr'>dicimus,</span> <span class='ocrx_word' id='word_1_462' title='bbox 900 3884 1212 3953; x_wconf 88' lang='lat' dir='ltr'>nullamque</span> <span class='ocrx_word' id='word_1_463' title='bbox 1241 3883 1293 3937; x_wconf 89' lang='lat' dir='ltr'>in</span> <span class='ocrx_word' id='word_1_464' title='bbox 1325 3899 1405 3951; x_wconf 89' lang='lat' dir='ltr'>se,</span> <span class='ocrx_word' id='word_1_465' title='bbox 1439 3891 1537 3937; x_wconf 89' lang='lat' dir='ltr'>aut</span> <span class='ocrx_word' id='word_1_466' title='bbox 1572 3899 1638 3937; x_wconf 90' lang='lat' dir='ltr'>ex</span> <span class='ocrx_word' id='word_1_467' title='bbox 1670 3900 1749 3947; x_wconf 85' lang='lat' dir='ltr'>se,</span> <span class='ocrx_word' id='word_1_468' title='bbox 1782 3883 2029 3938; x_wconf 89' lang='lat' dir='ltr'>virtutem</span> 
     </span>
    </p>
   </div>
   <div class='ocr_carea' id='block_1_59' title="bbox 434 3971 2029 4043">
    <p class='ocr_par' dir='ltr' id='par_1_59' title="bbox 434 3971 2029 4043">
     <span class='ocr_line' id='line_1_59' title="bbox 434 3971 2029 4043; baseline -0.005 -8"><span class='ocrx_word' id='word_1_469' title='bbox 434 3979 641 4036; x_wconf 84' lang='lat' dir='ltr'>habere</span> <span class='ocrx_word' id='word_1_470' title='bbox 689 3992 808 4031; x_wconf 89' lang='lat' dir='ltr'>eam</span> <span class='ocrx_word' id='word_1_471' title='bbox 855 3974 1086 4028; x_wconf 87' lang='lat' dir='ltr'>dicimus</span> <span class='ocrx_word' id='word_1_472' title='bbox 1127 3991 1141 4039; x_wconf 86' lang='lat'><strong>;</strong></span> <span class='ocrx_word' id='word_1_473' title='bbox 1191 3988 1253 4027; x_wconf 93' lang='lat' dir='ltr'>ac</span> <span class='ocrx_word' id='word_1_474' title='bbox 1301 3980 1592 4043; x_wconf 85' lang='lat' dir='ltr'>postquam</span> <span class='ocrx_word' id='word_1_475' title='bbox 1646 3971 2029 4027; x_wconf 83' lang='lat' dir='ltr'>benedictione</span> 
     </span>
    </p>
   </div>
   <div class='ocr_carea' id='block_1_60' title="bbox 436 4061 2028 4143">
    <p class='ocr_par' dir='ltr' id='par_1_60' title="bbox 436 4061 2028 4143">
     <span class='ocr_line' id='line_1_60' title="bbox 436 4061 2028 4143; baseline -0.005 -19"><span class='ocrx_word' id='word_1_476' title='bbox 436 4066 739 4143; x_wconf 81' lang='lat' dir='ltr'>pontificali</span> <span class='ocrx_word' id='word_1_477' title='bbox 810 4061 1180 4118; x_wconf 87' lang='lat' dir='ltr'>sanctiﬁcatur</span> <span class='ocrx_word' id='word_1_478' title='bbox 1233 4061 1287 4114; x_wconf 93' lang='lat' dir='ltr'>in</span> <span class='ocrx_word' id='word_1_479' title='bbox 1352 4061 1670 4116; x_wconf 87' lang='lat' dir='ltr'>memoriam</span> <span class='ocrx_word' id='word_1_480' title='bbox 1729 4062 2028 4116; x_wconf 68' lang='lat' dir='ltr'>Dominicaa</span> 
     </span>
    </p>
   </div>
   <div class='ocr_carea' id='block_1_61' title="bbox 435 4149 2031 4230">
    <p class='ocr_par' dir='ltr' id='par_1_61' title="bbox 435 4149 2031 4230">
     <span class='ocr_line' id='line_1_61' title="bbox 435 4149 2031 4230; baseline -0.005 -18"><span class='ocrx_word' id='word_1_481' title='bbox 435 4156 723 4230; x_wconf 84' lang='lat' dir='ltr'>passionis,</span> <span class='ocrx_word' id='word_1_482' title='bbox 750 4152 867 4223; x_wconf 90' lang='lat' dir='ltr'>jam</span> <span class='ocrx_word' id='word_1_483' title='bbox 898 4166 1116 4206; x_wconf 88' lang='lat' dir='ltr'>crucem</span> <span class='ocrx_word' id='word_1_484' title='bbox 1146 4165 1253 4204; x_wconf 89' lang='lat' dir='ltr'>non</span> <span class='ocrx_word' id='word_1_485' title='bbox 1284 4149 1489 4216; x_wconf 90' lang='lat' dir='ltr'>divino,</span> <span class='ocrx_word' id='word_1_486' title='bbox 1525 4150 1620 4203; x_wconf 92' lang='lat' dir='ltr'>sed</span> <span class='ocrx_word' id='word_1_487' title='bbox 1649 4149 1829 4204; x_wconf 91' lang='lat' dir='ltr'>debito</span> <span class='ocrx_word' id='word_1_488' title='bbox 1861 4166 2031 4204; x_wconf 88' lang='lat' dir='ltr'>vene-</span> 
     </span>
    </p>
   </div>
   <div class='ocr_carea' id='block_1_62' title="bbox 441 4238 2026 4305">
    <p class='ocr_par' dir='ltr' id='par_1_62' title="bbox 441 4238 2026 4305">
     <span class='ocr_line' id='line_1_62' title="bbox 441 4238 2026 4305; baseline -0.006 -4"><span class='ocrx_word' id='word_1_489' title='bbox 441 4245 669 4301; x_wconf 86' lang='lat' dir='ltr'>rationis</span> <span class='ocrx_word' id='word_1_490' title='bbox 726 4242 867 4297; x_wconf 92' lang='lat' dir='ltr'>cultu</span> <span class='ocrx_word' id='word_1_491' title='bbox 916 4239 1231 4305; x_wconf 88' lang='lat' dir='ltr'>attollimus,</span> <span class='ocrx_word' id='word_1_492' title='bbox 1297 4239 1587 4293; x_wconf 79' lang='lat' dir='ltr'>adoramus</span> <span class='ocrx_word' id='word_1_493' title='bbox 1648 4246 1701 4291; x_wconf 88' lang='lat' dir='ltr'>et</span> <span class='ocrx_word' id='word_1_494' title='bbox 1757 4238 2026 4300; x_wconf 87' lang='lat' dir='ltr'>colimus;</span> 
     </span>
    </p>
   </div>
   <div class='ocr_carea' id='block_1_63' title="bbox 439 4327 2030 4402">
    <p class='ocr_par' dir='ltr' id='par_1_63' title="bbox 439 4327 2030 4402">
     <span class='ocr_line' id='line_1_63' title="bbox 439 4327 2030 4402; baseline -0.007 -12"><span class='ocrx_word' id='word_1_495' title='bbox 439 4335 577 4391; x_wconf 87' lang='lat' dir='ltr'>sicut</span> <span class='ocrx_word' id='word_1_496' title='bbox 597 4334 650 4387; x_wconf 91' lang='lat' dir='ltr'>in</span> <span class='ocrx_word' id='word_1_497' title='bbox 680 4330 896 4402; x_wconf 86' lang='lat' dir='ltr'>psalmo</span> <span class='ocrx_word' id='word_1_498' title='bbox 926 4328 1158 4383; x_wconf 88' lang='lat' dir='ltr'>dicitur:</span> <span class='ocrx_word' id='word_1_499' title='bbox 1188 4349 1208 4375; x_wconf 82' lang='grc' dir='ltr'>‹ι</span> <span class='ocrx_word' id='word_1_500' title='bbox 1243 4328 1477 4382; x_wconf 85' lang='lat' dir='ltr'>Adorate</span> <span class='ocrx_word' id='word_1_501' title='bbox 1506 4327 1801 4381; x_wconf 82' lang='lat' dir='ltr'>scabellum</span> <span class='ocrx_word' id='word_1_502' title='bbox 1834 4327 2030 4397; x_wconf 88' lang='lat' dir='ltr'>pedum</span> 
     </span>
    </p>
   </div>
   <div class='ocr_carea' id='block_1_64' title="bbox 2107 1763 3713 1835">
    <p class='ocr_par' dir='ltr' id='par_1_64' title="bbox 2107 1763 3713 1835">
     <span class='ocr_line' id='line_1_64' title="bbox 2107 1763 3713 1835; baseline 0.004 -20"><span class='ocrx_word' id='word_1_503' title='bbox 2107 1763 2305 1833; x_wconf 88' lang='lat' dir='ltr'>scripta</span> <span class='ocrx_word' id='word_1_504' title='bbox 2329 1777 2446 1817; x_wconf 83' lang='lat' dir='ltr'>esse</span> <span class='ocrx_word' id='word_1_505' title='bbox 2475 1763 2530 1816; x_wconf 91' lang='lat' dir='ltr'>in</span> <span class='ocrx_word' id='word_1_506' title='bbox 2560 1763 2682 1835; x_wconf 86' lang='lat' dir='ltr'>lege</span> <span class='ocrx_word' id='word_1_507' title='bbox 2711 1772 2802 1819; x_wconf 90' lang='lat' dir='ltr'>aut</span> <span class='ocrx_word' id='word_1_508' title='bbox 2830 1765 3133 1835; x_wconf 86' lang='lat' dir='ltr'>prOphetis,</span> <span class='ocrx_word' id='word_1_509' title='bbox 3166 1773 3259 1821; x_wconf 86' lang='lat' dir='ltr'>aut</span> <span class='ocrx_word' id='word_1_510' title='bbox 3288 1767 3479 1821; x_wconf 90' lang='lat' dir='ltr'>eadem</span> <span class='ocrx_word' id='word_1_511' title='bbox 3512 1771 3713 1835; x_wconf 85' lang='lat' dir='ltr'>verba,</span> 
     </span>
    </p>
   </div>
   <div class='ocr_carea' id='block_1_65' title="bbox 2110 1851 3717 1927">
    <p class='ocr_par' dir='ltr' id='par_1_65' title="bbox 2110 1851 3717 1927">
     <span class='ocr_line' id='line_1_65' title="bbox 2110 1851 3717 1927; baseline 0.005 -23"><span class='ocrx_word' id='word_1_512' title='bbox 2110 1859 2200 1904; x_wconf 89' lang='lat' dir='ltr'>aut</span> <span class='ocrx_word' id='word_1_513' title='bbox 2237 1851 2487 1906; x_wconf 91' lang='lat' dir='ltr'>eumdem</span> <span class='ocrx_word' id='word_1_514' title='bbox 2539 1853 2759 1908; x_wconf 89' lang='lat' dir='ltr'>omnino</span> <span class='ocrx_word' id='word_1_515' title='bbox 2802 1870 3020 1909; x_wconf 90' lang='lat' dir='ltr'>sensum</span> <span class='ocrx_word' id='word_1_516' title='bbox 3051 1855 3324 1910; x_wconf 89' lang='lat' dir='ltr'>habentia.</span> <span class='ocrx_word' id='word_1_517' title='bbox 3361 1856 3580 1927; x_wconf 83' lang='lat' dir='ltr'>Cogita,</span> <span class='ocrx_word' id='word_1_518' title='bbox 3624 1858 3717 1912; x_wconf 90' lang='lat' dir='ltr'>in-</span> 
     </span>
    </p>
   </div>
   <div class='ocr_carea' id='block_1_66' title="bbox 2111 1942 3721 2017">
    <p class='ocr_par' dir='ltr' id='par_1_66' title="bbox 2111 1942 3721 2017">
     <span class='ocr_line' id='line_1_66' title="bbox 2111 1942 3721 2017; baseline 0.005 -24"><span class='ocrx_word' id='word_1_519' title='bbox 2111 1955 2297 2008; x_wconf 87' lang='lat' dir='ltr'>quam,</span> <span class='ocrx_word' id='word_1_520' title='bbox 2347 1947 2399 1995; x_wconf 89' lang='lat' dir='ltr'>et</span> <span class='ocrx_word' id='word_1_521' title='bbox 2436 1942 2676 2012; x_wconf 87' lang='lat' dir='ltr'>recogita</span> <span class='ocrx_word' id='word_1_522' title='bbox 2732 1942 2863 2013; x_wconf 90' lang='lat' dir='ltr'>quid</span> <span class='ocrx_word' id='word_1_523' title='bbox 2935 1944 3279 2012; x_wconf 85' lang='lat' dir='ltr'>exspectatis,</span> <span class='ocrx_word' id='word_1_524' title='bbox 3330 1953 3383 1999; x_wconf 89' lang='lat' dir='ltr'>et</span> <span class='ocrx_word' id='word_1_525' title='bbox 3429 1962 3721 2017; x_wconf 87' lang='lat' dir='ltr'>quousque</span> 
     </span>
    </p>
   </div>
   <div class='ocr_carea' id='block_1_67' title="bbox 2113 2028 3726 2103">
    <p class='ocr_par' dir='ltr' id='par_1_67' title="bbox 2113 2028 3726 2103">
     <span class='ocr_line' id='line_1_67' title="bbox 2113 2028 3726 2103; baseline 0.002 -22"><span class='ocrx_word' id='word_1_526' title='bbox 2113 2028 2457 2097; x_wconf 83' lang='lat' dir='ltr'>exspectatis,</span> <span class='ocrx_word' id='word_1_527' title='bbox 2484 2037 2535 2083; x_wconf 90' lang='lat' dir='ltr'>et</span> <span class='ocrx_word' id='word_1_528' title='bbox 2551 2045 2656 2097; x_wconf 89' lang='lat' dir='ltr'>quo</span> <span class='ocrx_word' id='word_1_529' title='bbox 2678 2031 2839 2101; x_wconf 84' lang='lat' dir='ltr'>signo</span> <span class='ocrx_word' id='word_1_530' title='bbox 2861 2036 3174 2101; x_wconf 83' lang='lat' dir='ltr'>exspectata</span> <span class='ocrx_word' id='word_1_531' title='bbox 3204 2030 3289 2097; x_wconf 79' lang='lat'>&quot;‘,</span> <span class='ocrx_word' id='word_1_532' title='bbox 3312 2048 3441 2087; x_wconf 90' lang='lat' dir='ltr'>cum</span> <span class='ocrx_word' id='word_1_533' title='bbox 3469 2034 3726 2103; x_wconf 85' lang='lat' dir='ltr'>aderunt,</span> 
     </span>
    </p>
   </div>
   <div class='ocr_carea' id='block_1_68' title="bbox 2116 2116 3727 2194">
    <p class='ocr_par' dir='ltr' id='par_1_68' title="bbox 2116 2116 3727 2194">
     <span class='ocr_line' id='line_1_68' title="bbox 2116 2116 3727 2194; baseline 0.004 -24"><span class='ocrx_word' id='word_1_534' title='bbox 2116 2116 2469 2187; x_wconf 86' lang='lat' dir='ltr'>dignoscetis.</span> <span class='ocrx_word' id='word_1_535' title='bbox 2548 2118 2687 2172; x_wconf 91' lang='lat' dir='ltr'>Nam</span> <span class='ocrx_word' id='word_1_536' title='bbox 2755 2119 2844 2187; x_wconf 92' lang='lat' dir='ltr'>qui</span> <span class='ocrx_word' id='word_1_537' title='bbox 2911 2119 3327 2190; x_wconf 86' lang='lat' dir='ltr'>promittebatur</span> <span class='ocrx_word' id='word_1_538' title='bbox 3388 2120 3727 2194; x_wconf 81' lang='lat' dir='ltr'>mittendus,</span> 
     </span>
    </p>
   </div>
   <div class='ocr_carea' id='block_1_69' title="bbox 2114 2205 3729 2282">
    <p class='ocr_par' dir='ltr' id='par_1_69' title="bbox 2114 2205 3729 2282">
     <span class='ocr_line' id='line_1_69' title="bbox 2114 2205 3729 2282; baseline 0.003 -23"><span class='ocrx_word' id='word_1_539' title='bbox 2114 2205 2265 2259; x_wconf 89' lang='lat' dir='ltr'>venit</span> <span class='ocrx_word' id='word_1_540' title='bbox 2310 2206 2421 2273; x_wconf 89' lang='lat' dir='ltr'>jam</span> <span class='ocrx_word' id='word_1_541' title='bbox 2473 2205 2690 2273; x_wconf 87' lang='lat' dir='ltr'>missus,</span> <span class='ocrx_word' id='word_1_542' title='bbox 2739 2206 2877 2262; x_wconf 88' lang='lat' dir='ltr'>sicut</span> <span class='ocrx_word' id='word_1_543' title='bbox 2924 2215 3249 2262; x_wconf 87' lang='lat' dir='ltr'>attestantur</span> <span class='ocrx_word' id='word_1_544' title='bbox 3310 2210 3470 2282; x_wconf 90' lang='lat' dir='ltr'>signa</span> <span class='ocrx_word' id='word_1_545' title='bbox 3528 2211 3729 2280; x_wconf 86' lang='lat' dir='ltr'>quibus</span> 
     </span>
    </p>
   </div>
   <div class='ocr_carea' id='block_1_70' title="bbox 2116 2292 3725 2375">
    <p class='ocr_par' dir='ltr' id='par_1_70' title="bbox 2116 2292 3725 2375">
     <span class='ocr_line' id='line_1_70' title="bbox 2116 2292 3725 2375; baseline 0.005 -29"><span class='ocrx_word' id='word_1_546' title='bbox 2116 2292 2582 2363; x_wconf 81' lang='lat' dir='ltr'>praenuntiabatur</span> <span class='ocrx_word' id='word_1_547' title='bbox 2607 2295 2764 2350; x_wconf 78' lang='lat' dir='ltr'>Iesus</span> <span class='ocrx_word' id='word_1_548' title='bbox 2793 2295 3055 2363; x_wconf 89' lang='lat' dir='ltr'>Christus,</span> <span class='ocrx_word' id='word_1_549' title='bbox 3089 2298 3424 2366; x_wconf 86' lang='lat' dir='ltr'>exspectatio</span> <span class='ocrx_word' id='word_1_550' title='bbox 3453 2299 3725 2375; x_wconf 71' lang='lat' dir='ltr'>gentium,</span> 
     </span>
    </p>
   </div>
   <div class='ocr_carea' id='block_1_71' title="bbox 2121 2381 3717 2470">
    <p class='ocr_par' dir='ltr' id='par_1_71' title="bbox 2121 2381 3717 2470">
     <span class='ocr_line' id='line_1_71' title="bbox 2121 2381 3717 2470; baseline 0.004 -33"><span class='ocrx_word' id='word_1_551' title='bbox 2121 2383 2210 2437; x_wconf 91' lang='lat' dir='ltr'>cui</span> <span class='ocrx_word' id='word_1_552' title='bbox 2260 2382 2432 2437; x_wconf 90' lang='lat' dir='ltr'>honor</span> <span class='ocrx_word' id='word_1_553' title='bbox 2478 2391 2531 2437; x_wconf 90' lang='lat' dir='ltr'>et</span> <span class='ocrx_word' id='word_1_554' title='bbox 2568 2381 2853 2454; x_wconf 90' lang='lat' dir='ltr'>imperium</span> <span class='ocrx_word' id='word_1_555' title='bbox 2905 2400 3001 2454; x_wconf 90' lang='lat' dir='ltr'>per</span> <span class='ocrx_word' id='word_1_556' title='bbox 3029 2386 3213 2440; x_wconf 89' lang='lat' dir='ltr'>omnia</span> <span class='ocrx_word' id='word_1_557' title='bbox 3241 2386 3451 2441; x_wconf 63' lang='lat' dir='ltr'>saecula</span> <span class='ocrx_word' id='word_1_558' title='bbox 3481 2388 3717 2470; x_wconf 47' lang='grc' dir='ltr'>ποιῆθ’</span> 
     </span>
    </p>
   </div>
   <div class='ocr_carea' id='block_1_72' title="bbox 2123 2470 2500 2524">
    <p class='ocr_par' dir='ltr' id='par_1_72' title="bbox 2123 2470 2500 2524">
     <span class='ocr_line' id='line_1_72' title="bbox 2123 2470 2500 2524; baseline -0.003 0"><span class='ocrx_word' id='word_1_559' title='bbox 2123 2484 2268 2524; x_wconf 89' lang='lat' dir='ltr'>rum.</span> <span class='ocrx_word' id='word_1_560' title='bbox 2302 2470 2500 2524; x_wconf 86' lang='lat' dir='ltr'>Amen.</span> 
     </span>
    </p>
   </div>
   <div class='ocr_carea' id='block_1_73' title="bbox 2197 2555 3731 2634">
    <p class='ocr_par' dir='ltr' id='par_1_73' title="bbox 2197 2555 3731 2634">
     <span class='ocr_line' id='line_1_73' title="bbox 2197 2555 3731 2634; baseline 0.004 -23"><span class='ocrx_word' id='word_1_561' title='bbox 2197 2555 2258 2585; x_wconf 74' lang='grc'>³⁸³</span> <span class='ocrx_word' id='word_1_562' title='bbox 2298 2558 2773 2614; x_wconf 85' lang='lat' dir='ltr'>Reverendissimo</span> <span class='ocrx_word' id='word_1_563' title='bbox 2797 2562 3162 2627; x_wconf 60' lang='lat' dir='ltr'>Anaxxxnno,</span> <span class='ocrx_word' id='word_1_564' title='bbox 3186 2561 3288 2616; x_wconf 92' lang='lat' dir='ltr'>Dei</span> <span class='ocrx_word' id='word_1_565' title='bbox 3308 2562 3489 2634; x_wconf 79' lang='lat' dir='ltr'>gratia</span> <span class='ocrx_word' id='word_1_566' title='bbox 3513 2562 3731 2619; x_wconf 84' lang='lat' dir='ltr'>Lincol-</span> 
     </span>
    </p>
   </div>
   <div class='ocr_carea' id='block_1_74' title="bbox 2126 2646 3736 2723">
    <p class='ocr_par' dir='ltr' id='par_1_74' title="bbox 2126 2646 3736 2723">
     <span class='ocr_line' id='line_1_74' title="bbox 2126 2646 3736 2723; baseline 0.004 -23"><span class='ocrx_word' id='word_1_567' title='bbox 2126 2646 2283 2701; x_wconf 80' lang='lat' dir='ltr'>nensi</span> <span class='ocrx_word' id='word_1_568' title='bbox 2315 2646 2597 2717; x_wconf 83' lang='lat' dir='ltr'>episcopo,</span> <span class='ocrx_word' id='word_1_569' title='bbox 2628 2647 2849 2717; x_wconf 89' lang='lat' dir='ltr'>quidam</span> <span class='ocrx_word' id='word_1_570' title='bbox 2871 2647 2993 2703; x_wconf 81' lang='lat' dir='ltr'>fidei</span> <span class='ocrx_word' id='word_1_571' title='bbox 3017 2649 3336 2705; x_wconf 67' lang='lat' dir='ltr'>Christianae</span> <span class='ocrx_word' id='word_1_572' title='bbox 3361 2660 3736 2723; x_wconf 83' lang='lat' dir='ltr'>prepugnator</span> 
     </span>
    </p>
   </div>
   <div class='ocr_carea' id='block_1_75' title="bbox 2128 2735 3728 2809">
    <p class='ocr_par' dir='ltr' id='par_1_75' title="bbox 2128 2735 3728 2809">
     <span class='ocr_line' id='line_1_75' title="bbox 2128 2735 3728 2809; baseline 0.002 -19"><span class='ocrx_word' id='word_1_573' title='bbox 2128 2743 2181 2790; x_wconf 89' lang='lat' dir='ltr'>et</span> <span class='ocrx_word' id='word_1_574' title='bbox 2227 2751 2436 2804; x_wconf 83' lang='lat' dir='ltr'>servus,</span> <span class='ocrx_word' id='word_1_575' title='bbox 2486 2735 2541 2789; x_wconf 89' lang='lat' dir='ltr'>in</span> <span class='ocrx_word' id='word_1_576' title='bbox 2589 2736 2780 2805; x_wconf 89' lang='lat' dir='ltr'>spiritu</span> <span class='ocrx_word' id='word_1_577' title='bbox 2829 2737 2927 2791; x_wconf 87' lang='lat' dir='ltr'>Dei</span> <span class='ocrx_word' id='word_1_578' title='bbox 2978 2746 3128 2793; x_wconf 90' lang='lat' dir='ltr'>recta</span> <span class='ocrx_word' id='word_1_579' title='bbox 3176 2754 3387 2809; x_wconf 82' lang='lat' dir='ltr'>sapere,</span> <span class='ocrx_word' id='word_1_580' title='bbox 3420 2743 3476 2793; x_wconf 90' lang='lat' dir='ltr'>et</span> <span class='ocrx_word' id='word_1_581' title='bbox 3505 2740 3577 2794; x_wconf 90' lang='lat' dir='ltr'>de</span> <span class='ocrx_word' id='word_1_582' title='bbox 3606 2739 3728 2808; x_wconf 86' lang='lat' dir='ltr'>ejus</span> 
     </span>
    </p>
   </div>
   <div class='ocr_carea' id='block_1_76' title="bbox 2128 2823 3729 2898">
    <p class='ocr_par' dir='ltr' id='par_1_76' title="bbox 2128 2823 3729 2898">
     <span class='ocr_line' id='line_1_76' title="bbox 2128 2823 3729 2898; baseline 0.002 -21"><span class='ocrx_word' id='word_1_583' title='bbox 2128 2839 2347 2893; x_wconf 88' lang='lat' dir='ltr'>semper</span> <span class='ocrx_word' id='word_1_584' title='bbox 2375 2823 2742 2879; x_wconf 91' lang='lat' dir='ltr'>consolatione</span> <span class='ocrx_word' id='word_1_585' title='bbox 2771 2825 3034 2898; x_wconf 77' lang='lat' dir='ltr'>gaudere.</span> <span class='ocrx_word' id='word_1_586' title='bbox 3071 2824 3241 2895; x_wconf 90' lang='lat' dir='ltr'>Quam</span> <span class='ocrx_word' id='word_1_587' title='bbox 3272 2827 3565 2896; x_wconf 87' lang='lat' dir='ltr'>plurimum</span> <span class='ocrx_word' id='word_1_588' title='bbox 3595 2828 3729 2881; x_wconf 90' lang='lat' dir='ltr'>litte-</span> 
     </span>
    </p>
   </div>
   <div class='ocr_carea' id='block_1_77' title="bbox 2130 2911 3731 2984">
    <p class='ocr_par' dir='ltr' id='par_1_77' title="bbox 2130 2911 3731 2984">
     <span class='ocr_line' id='line_1_77' title="bbox 2130 2911 3731 2984; baseline 0.002 -18"><span class='ocrx_word' id='word_1_589' title='bbox 2130 2912 2207 2966; x_wconf 88' lang='lat' dir='ltr'>ris</span> <span class='ocrx_word' id='word_1_590' title='bbox 2250 2911 2365 2966; x_wconf 90' lang='lat' dir='ltr'>istis</span> <span class='ocrx_word' id='word_1_591' title='bbox 2414 2912 2706 2967; x_wconf 91' lang='lat' dir='ltr'>instructus</span> <span class='ocrx_word' id='word_1_592' title='bbox 2754 2914 2847 2981; x_wconf 91' lang='lat' dir='ltr'>ait,</span> <span class='ocrx_word' id='word_1_593' title='bbox 2917 2930 3026 2968; x_wconf 91' lang='lat' dir='ltr'>non</span> <span class='ocrx_word' id='word_1_594' title='bbox 3074 2916 3244 2969; x_wconf 90' lang='lat' dir='ltr'>solum</span> <span class='ocrx_word' id='word_1_595' title='bbox 3296 2916 3572 2984; x_wconf 86' lang='lat' dir='ltr'>humanis,</span> <span class='ocrx_word' id='word_1_596' title='bbox 3633 2916 3731 2970; x_wconf 89' lang='lat' dir='ltr'>sed</span> 
     </span>
    </p>
   </div>
   <div class='ocr_carea' id='block_1_78' title="bbox 2132 2999 3731 3077">
    <p class='ocr_par' dir='ltr' id='par_1_78' title="bbox 2132 2999 3731 3077">
     <span class='ocr_line' id='line_1_78' title="bbox 2132 2999 3731 3077; baseline 0.003 -22"><span class='ocrx_word' id='word_1_597' title='bbox 2132 2999 2294 3055; x_wconf 89' lang='lat' dir='ltr'>etiam</span> <span class='ocrx_word' id='word_1_598' title='bbox 2344 3000 2541 3055; x_wconf 87' lang='lat' dir='ltr'>divinis</span> <span class='ocrx_word' id='word_1_599' title='bbox 2571 3000 2786 3071; x_wconf 84' lang='lat' dir='ltr'>legibus</span> <span class='ocrx_word' id='word_1_600' title='bbox 2825 3001 3087 3068; x_wconf 89' lang='lat' dir='ltr'>eruditus,</span> <span class='ocrx_word' id='word_1_601' title='bbox 3121 3011 3171 3057; x_wconf 90' lang='lat' dir='ltr'>et</span> <span class='ocrx_word' id='word_1_602' title='bbox 3203 3004 3509 3073; x_wconf 88' lang='lat' dir='ltr'>personalis</span> <span class='ocrx_word' id='word_1_603' title='bbox 3537 3005 3731 3077; x_wconf 79' lang='lat' dir='ltr'>gratiae</span> 
     </span>
    </p>
   </div>
   <div class='ocr_carea' id='block_1_79' title="bbox 2138 3088 3729 3163">
    <p class='ocr_par' dir='ltr' id='par_1_79' title="bbox 2138 3088 3729 3163">
     <span class='ocr_line' id='line_1_79' title="bbox 2138 3088 3729 3163; baseline 0.003 -21"><span class='ocrx_word' id='word_1_604' title='bbox 2138 3089 2344 3143; x_wconf 88' lang='lat' dir='ltr'>honore</span> <span class='ocrx_word' id='word_1_605' title='bbox 2373 3088 2655 3157; x_wconf 77' lang='lat' dir='ltr'>praeditus,</span> <span class='ocrx_word' id='word_1_606' title='bbox 2689 3089 2843 3146; x_wconf 89' lang='lat' dir='ltr'>mitto</span> <span class='ocrx_word' id='word_1_607' title='bbox 2872 3090 3028 3145; x_wconf 88' lang='lat' dir='ltr'>vobis</span> <span class='ocrx_word' id='word_1_608' title='bbox 3050 3090 3566 3161; x_wconf 85' lang='lat' dir='ltr'>disputatiunculam</span> <span class='ocrx_word' id='word_1_609' title='bbox 3595 3109 3729 3163; x_wconf 85' lang='lat' dir='ltr'>par-</span> 
     </span>
    </p>
   </div>
   <div class='ocr_carea' id='block_1_80' title="bbox 2138 3177 3731 3251">
    <p class='ocr_par' dir='ltr' id='par_1_80' title="bbox 2138 3177 3731 3251">
     <span class='ocr_line' id='line_1_80' title="bbox 2138 3177 3731 3251; baseline 0.003 -19"><span class='ocrx_word' id='word_1_610' title='bbox 2138 3191 2264 3232; x_wconf 87' lang='lat' dir='ltr'>vam</span> <span class='ocrx_word' id='word_1_611' title='bbox 2295 3184 2473 3232; x_wconf 90' lang='lat' dir='ltr'>vestro</span> <span class='ocrx_word' id='word_1_612' title='bbox 2503 3177 2920 3232; x_wconf 87' lang='lat' dir='ltr'>examinandam</span> <span class='ocrx_word' id='word_1_613' title='bbox 2945 3178 3173 3247; x_wconf 87' lang='lat' dir='ltr'>judicio,</span> <span class='ocrx_word' id='word_1_614' title='bbox 3207 3196 3367 3249; x_wconf 91' lang='lat' dir='ltr'>quam</span> <span class='ocrx_word' id='word_1_615' title='bbox 3401 3197 3577 3251; x_wconf 88' lang='lat' dir='ltr'>nuper</span> <span class='ocrx_word' id='word_1_616' title='bbox 3608 3197 3731 3237; x_wconf 89' lang='lat' dir='ltr'>cum</span> 
     </span>
    </p>
   </div>
   <div class='ocr_carea' id='block_1_81' title="bbox 2140 3265 3730 3338">
    <p class='ocr_par' dir='ltr' id='par_1_81' title="bbox 2140 3265 3730 3338">
     <span class='ocr_line' id='line_1_81' title="bbox 2140 3265 3730 3338; baseline 0.005 -21"><span class='ocrx_word' id='word_1_617' title='bbox 2140 3265 2373 3334; x_wconf 88' lang='lat' dir='ltr'>quodam</span> <span class='ocrx_word' id='word_1_618' title='bbox 2416 3265 2605 3321; x_wconf 66' lang='lat' dir='ltr'>Iudaeo</span> <span class='ocrx_word' id='word_1_619' title='bbox 2653 3266 2951 3338; x_wconf 85' lang='lat' dir='ltr'>conﬂigens</span> <span class='ocrx_word' id='word_1_620' title='bbox 2980 3268 3145 3322; x_wconf 90' lang='lat' dir='ltr'>edidi.</span> <span class='ocrx_word' id='word_1_621' title='bbox 3180 3267 3415 3337; x_wconf 82' lang='lat' dir='ltr'>Quidam</span> <span class='ocrx_word' id='word_1_622' title='bbox 3446 3270 3577 3324; x_wconf 87' lang='lat' dir='ltr'>mihi</span> <span class='ocrx_word' id='word_1_623' title='bbox 3609 3285 3730 3325; x_wconf 88' lang='lat' dir='ltr'>cum</span> 
     </span>
    </p>
   </div>
   <div class='ocr_carea' id='block_1_82' title="bbox 2139 3353 3737 3427">
    <p class='ocr_par' dir='ltr' id='par_1_82' title="bbox 2139 3353 3737 3427">
     <span class='ocr_line' id='line_1_82' title="bbox 2139 3353 3737 3427; baseline 0.003 -20"><span class='ocrx_word' id='word_1_624' title='bbox 2139 3353 2392 3423; x_wconf 75' lang='lat' dir='ltr'>cognitus</span> <span class='ocrx_word' id='word_1_625' title='bbox 2418 3361 2558 3408; x_wconf 89' lang='lat' dir='ltr'>esset</span> <span class='ocrx_word' id='word_1_626' title='bbox 2580 3353 2797 3409; x_wconf 68' lang='lat' dir='ltr'>Iudaeus</span> <span class='ocrx_word' id='word_1_627' title='bbox 2843 3354 3130 3424; x_wconf 88' lang='lat' dir='ltr'>cujusdam</span> <span class='ocrx_word' id='word_1_628' title='bbox 3161 3357 3365 3427; x_wconf 85' lang='lat' dir='ltr'>negotii</span> <span class='ocrx_word' id='word_1_629' title='bbox 3395 3372 3576 3424; x_wconf 88' lang='lat' dir='ltr'>causa,</span> <span class='ocrx_word' id='word_1_630' title='bbox 3612 3366 3737 3412; x_wconf 87' lang='lat' dir='ltr'>tan-</span> 
     </span>
    </p>
   </div>
   <div class='ocr_carea' id='block_1_83' title="bbox 2141 3440 3735 3517">
    <p class='ocr_par' dir='ltr' id='par_1_83' title="bbox 2141 3440 3735 3517">
     <span class='ocr_line' id='line_1_83' title="bbox 2141 3440 3735 3517; baseline 0.004 -23"><span class='ocrx_word' id='word_1_631' title='bbox 2141 3440 2263 3494; x_wconf 89' lang='lat' dir='ltr'>dem</span> <span class='ocrx_word' id='word_1_632' title='bbox 2307 3450 2535 3511; x_wconf 82' lang='lat' dir='ltr'>cogente</span> <span class='ocrx_word' id='word_1_633' title='bbox 2582 3457 2768 3498; x_wconf 91' lang='lat' dir='ltr'>amore</span> <span class='ocrx_word' id='word_1_634' title='bbox 2815 3443 3128 3514; x_wconf 87' lang='lat' dir='ltr'>frequenter</span> <span class='ocrx_word' id='word_1_635' title='bbox 3155 3444 3234 3498; x_wconf 90' lang='lat' dir='ltr'>illi</span> <span class='ocrx_word' id='word_1_636' title='bbox 3279 3445 3574 3500; x_wconf 86' lang='lat' dir='ltr'>suadebam</span> <span class='ocrx_word' id='word_1_637' title='bbox 3605 3462 3735 3517; x_wconf 88' lang='lat' dir='ltr'>qua-</span> 
     </span>
    </p>
   </div>
   <div class='ocr_carea' id='block_1_84' title="bbox 2141 3529 3733 3600">
    <p class='ocr_par' dir='ltr' id='par_1_84' title="bbox 2141 3529 3733 3600">
     <span class='ocr_line' id='line_1_84' title="bbox 2141 3529 3733 3600; baseline 0.004 -18"><span class='ocrx_word' id='word_1_638' title='bbox 2141 3535 2295 3583; x_wconf 90' lang='lat' dir='ltr'>tenus</span> <span class='ocrx_word' id='word_1_639' title='bbox 2343 3529 2623 3585; x_wconf 86' lang='lat' dir='ltr'>Judaismo</span> <span class='ocrx_word' id='word_1_640' title='bbox 2673 3531 2860 3586; x_wconf 90' lang='lat' dir='ltr'>relicto</span> <span class='ocrx_word' id='word_1_641' title='bbox 2909 3532 3245 3588; x_wconf 88' lang='lat' dir='ltr'>Christianus</span> <span class='ocrx_word' id='word_1_642' title='bbox 3275 3531 3614 3600; x_wconf 74' lang='lat' dir='ltr'>efﬁceretur;</span> <span class='ocrx_word' id='word_1_643' title='bbox 3647 3535 3733 3590; x_wconf 89' lang='lat' dir='ltr'>cui</span> 
     </span>
    </p>
   </div>
   <div class='ocr_carea' id='block_1_85' title="bbox 2140 3616 3739 3677">
    <p class='ocr_par' dir='ltr' id='par_1_85' title="bbox 2140 3616 3739 3677">
     <span class='ocr_line' id='line_1_85' title="bbox 2140 3616 3739 3677; baseline 0.004 -6"><span class='ocrx_word' id='word_1_644' title='bbox 2140 3616 2300 3671; x_wconf 88' lang='lat' dir='ltr'>etiam</span> <span class='ocrx_word' id='word_1_645' title='bbox 2360 3619 2712 3673; x_wconf 86' lang='lat' dir='ltr'>multimodas</span> <span class='ocrx_word' id='word_1_646' title='bbox 2758 3620 2957 3674; x_wconf 89' lang='lat' dir='ltr'>erroris</span> <span class='ocrx_word' id='word_1_647' title='bbox 3012 3620 3094 3674; x_wconf 85' lang='lat' dir='ltr'>sui</span> <span class='ocrx_word' id='word_1_648' title='bbox 3152 3620 3266 3676; x_wconf 85' lang='lat' dir='ltr'>vias</span> <span class='ocrx_word' id='word_1_649' title='bbox 3320 3622 3565 3677; x_wconf 82' lang='lat' dir='ltr'>veritatis</span> <span class='ocrx_word' id='word_1_650' title='bbox 3618 3624 3739 3677; x_wconf 83' lang='lat' dir='ltr'>luce</span> 
     </span>
    </p>
   </div>
   <div class='ocr_carea' id='block_1_86' title="bbox 2140 3708 3737 3781">
    <p class='ocr_par' dir='ltr' id='par_1_86' title="bbox 2140 3708 3737 3781">
     <span class='ocr_line' id='line_1_86' title="bbox 2140 3708 3737 3781; baseline 0.004 -23"><span class='ocrx_word' id='word_1_651' title='bbox 2140 3713 2585 3772; x_wconf 87' lang='lat' dir='ltr'>monstraveram,</span> <span class='ocrx_word' id='word_1_652' title='bbox 2618 3714 2669 3762; x_wconf 92' lang='lat' dir='ltr'>et</span> <span class='ocrx_word' id='word_1_653' title='bbox 2692 3709 2837 3780; x_wconf 88' lang='lat' dir='ltr'>quod</span> <span class='ocrx_word' id='word_1_654' title='bbox 2868 3708 3118 3763; x_wconf 89' lang='lat' dir='ltr'>dicebam</span> <span class='ocrx_word' id='word_1_655' title='bbox 3150 3726 3261 3764; x_wconf 74' lang='lat' dir='ltr'>sua:</span> <span class='ocrx_word' id='word_1_656' title='bbox 3288 3708 3429 3781; x_wconf 88' lang='lat' dir='ltr'>legis</span> <span class='ocrx_word' id='word_1_657' title='bbox 3457 3718 3510 3765; x_wconf 92' lang='lat' dir='ltr'>et</span> <span class='ocrx_word' id='word_1_658' title='bbox 3536 3719 3737 3766; x_wconf 74' lang='lat' dir='ltr'>nostra:</span> 
     </span>
    </p>
   </div>
   <div class='ocr_carea' id='block_1_87' title="bbox 2138 3794 3741 3865">
    <p class='ocr_par' dir='ltr' id='par_1_87' title="bbox 2138 3794 3741 3865">
     <span class='ocr_line' id='line_1_87' title="bbox 2138 3794 3741 3865; baseline 0.003 -17"><span class='ocrx_word' id='word_1_659' title='bbox 2138 3794 2458 3849; x_wconf 86' lang='lat' dir='ltr'>testimoniis</span> <span class='ocrx_word' id='word_1_660' title='bbox 2506 3796 2914 3865; x_wconf 90' lang='lat' dir='ltr'>approbabam;</span> <span class='ocrx_word' id='word_1_661' title='bbox 2978 3797 3076 3851; x_wconf 90' lang='lat' dir='ltr'>sed</span> <span class='ocrx_word' id='word_1_662' title='bbox 3106 3812 3230 3853; x_wconf 90' lang='lat' dir='ltr'>cum</span> <span class='ocrx_word' id='word_1_663' title='bbox 3279 3798 3543 3855; x_wconf 87' lang='lat' dir='ltr'>obdurato</span> <span class='ocrx_word' id='word_1_664' title='bbox 3572 3800 3741 3854; x_wconf 89' lang='lat' dir='ltr'>corde</span> 
     </span>
    </p>
   </div>
   <div class='ocr_carea' id='block_1_88' title="bbox 2139 3881 3739 3955">
    <p class='ocr_par' dir='ltr' id='par_1_88' title="bbox 2139 3881 3739 3955">
     <span class='ocr_line' id='line_1_88' title="bbox 2139 3881 3739 3955; baseline 0.004 -19"><span class='ocrx_word' id='word_1_665' title='bbox 2139 3883 2193 3936; x_wconf 90' lang='lat' dir='ltr'>in</span> <span class='ocrx_word' id='word_1_666' title='bbox 2223 3897 2321 3937; x_wconf 89' lang='lat' dir='ltr'>sua</span> <span class='ocrx_word' id='word_1_667' title='bbox 2369 3881 2685 3939; x_wconf 74' lang='lat' dir='ltr'>inﬁdelitate</span> <span class='ocrx_word' id='word_1_668' title='bbox 2713 3886 3059 3953; x_wconf 90' lang='lat' dir='ltr'>persisteret,</span> <span class='ocrx_word' id='word_1_669' title='bbox 3101 3894 3261 3955; x_wconf 88' lang='lat' dir='ltr'>atque</span> <span class='ocrx_word' id='word_1_670' title='bbox 3307 3902 3547 3942; x_wconf 89' lang='lat' dir='ltr'>errorem</span> <span class='ocrx_word' id='word_1_671' title='bbox 3575 3904 3739 3943; x_wconf 89' lang='lat' dir='ltr'>suum</span> 
     </span>
    </p>
   </div>
   <div class='ocr_carea' id='block_1_89' title="bbox 2137 3970 3738 4045">
    <p class='ocr_par' dir='ltr' id='par_1_89' title="bbox 2137 3970 3738 4045">
     <span class='ocr_line' id='line_1_89' title="bbox 2137 3970 3738 4045; baseline 0.005 -22"><span class='ocrx_word' id='word_1_672' title='bbox 2137 3970 2336 4040; x_wconf 88' lang='lat' dir='ltr'>ineptis</span> <span class='ocrx_word' id='word_1_673' title='bbox 2375 3972 2764 4041; x_wconf 69' lang='lat' dir='ltr'>quaestionibus</span> <span class='ocrx_word' id='word_1_674' title='bbox 2811 3982 2870 4027; x_wconf 89' lang='lat' dir='ltr'>et</span> <span class='ocrx_word' id='word_1_675' title='bbox 2894 3975 3451 4045; x_wconf 86' lang='lat' dir='ltr'>argumentationibus</span> <span class='ocrx_word' id='word_1_676' title='bbox 3483 3984 3738 4042; x_wconf 86' lang='lat' dir='ltr'>tueretur,</span> 
     </span>
    </p>
   </div>
   <div class='ocr_carea' id='block_1_90' title="bbox 2140 4059 3741 4133">
    <p class='ocr_par' dir='ltr' id='par_1_90' title="bbox 2140 4059 3741 4133">
     <span class='ocr_line' id='line_1_90' title="bbox 2140 4059 3741 4133; baseline 0.002 -20"><span class='ocrx_word' id='word_1_677' title='bbox 2140 4059 2360 4114; x_wconf 90' lang='lat' dir='ltr'>tandem</span> <span class='ocrx_word' id='word_1_678' title='bbox 2409 4060 2681 4115; x_wconf 90' lang='lat' dir='ltr'>amicabili</span> <span class='ocrx_word' id='word_1_679' title='bbox 2720 4062 3079 4118; x_wconf 89' lang='lat' dir='ltr'>conventione</span> <span class='ocrx_word' id='word_1_680' title='bbox 3126 4063 3499 4133; x_wconf 83' lang='lat' dir='ltr'>convenimus,</span> <span class='ocrx_word' id='word_1_681' title='bbox 3543 4074 3596 4119; x_wconf 89' lang='lat' dir='ltr'>et</span> <span class='ocrx_word' id='word_1_682' title='bbox 3623 4064 3741 4118; x_wconf 84' lang='lat' dir='ltr'>dis-</span> 
     </span>
    </p>
   </div>
   <div class='ocr_carea' id='block_1_91' title="bbox 2140 4148 3743 4223">
    <p class='ocr_par' dir='ltr' id='par_1_91' title="bbox 2140 4148 3743 4223">
     <span class='ocr_line' id='line_1_91' title="bbox 2140 4148 3743 4223; baseline 0.004 -22"><span class='ocrx_word' id='word_1_683' title='bbox 2140 4148 2358 4217; x_wconf 89' lang='lat' dir='ltr'>putandi</span> <span class='ocrx_word' id='word_1_684' title='bbox 2416 4148 2594 4220; x_wconf 89' lang='lat' dir='ltr'>gratia</span> <span class='ocrx_word' id='word_1_685' title='bbox 2664 4149 2981 4204; x_wconf 90' lang='lat' dir='ltr'>resedimus.</span> <span class='ocrx_word' id='word_1_686' title='bbox 3048 4150 3219 4222; x_wconf 84' lang='lat' dir='ltr'>Igitur</span> <span class='ocrx_word' id='word_1_687' title='bbox 3272 4160 3598 4223; x_wconf 84' lang='lat' dir='ltr'>rogaverunt</span> <span class='ocrx_word' id='word_1_688' title='bbox 3654 4168 3743 4208; x_wconf 87' lang='lat' dir='ltr'>me</span> 
     </span>
    </p>
   </div>
   <div class='ocr_carea' id='block_1_92' title="bbox 2140 4238 3739 4310">
    <p class='ocr_par' dir='ltr' id='par_1_92' title="bbox 2140 4238 3739 4310">
     <span class='ocr_line' id='line_1_92' title="bbox 2140 4238 3739 4310; baseline 0.003 -20"><span class='ocrx_word' id='word_1_689' title='bbox 2140 4238 2415 4291; x_wconf 87' lang='lat' dir='ltr'>auditores</span> <span class='ocrx_word' id='word_1_690' title='bbox 2446 4246 2502 4291; x_wconf 89' lang='lat' dir='ltr'>ut</span> <span class='ocrx_word' id='word_1_691' title='bbox 2534 4239 2637 4293; x_wconf 89' lang='lat' dir='ltr'>hoc</span> <span class='ocrx_word' id='word_1_692' title='bbox 2664 4254 2760 4308; x_wconf 89' lang='lat' dir='ltr'>pro</span> <span class='ocrx_word' id='word_1_693' title='bbox 2790 4239 3024 4294; x_wconf 88' lang='lat' dir='ltr'>utilitate</span> <span class='ocrx_word' id='word_1_694' title='bbox 3047 4238 3202 4294; x_wconf 86' lang='lat' dir='ltr'>ﬁdeis</span> <span class='ocrx_word' id='word_1_695' title='bbox 3222 4239 3417 4295; x_wconf 89' lang='lat' dir='ltr'>litteris</span> <span class='ocrx_word' id='word_1_696' title='bbox 3446 4241 3739 4310; x_wconf 89' lang='lat' dir='ltr'>traderem,</span> 
     </span>
    </p>
   </div>
   <div class='ocr_carea' id='block_1_93' title="bbox 2140 4324 3741 4400">
    <p class='ocr_par' dir='ltr' id='par_1_93' title="bbox 2140 4324 3741 4400">
     <span class='ocr_line' id='line_1_93' title="bbox 2140 4324 3741 4400; baseline 0.003 -22"><span class='ocrx_word' id='word_1_697' title='bbox 2140 4325 2335 4395; x_wconf 91' lang='lat' dir='ltr'>quibus</span> <span class='ocrx_word' id='word_1_698' title='bbox 2382 4324 2613 4380; x_wconf 87' lang='lat' dir='ltr'>libenter</span> <span class='ocrx_word' id='word_1_699' title='bbox 2665 4326 2926 4381; x_wconf 88' lang='lat' dir='ltr'>obediens</span> <span class='ocrx_word' id='word_1_700' title='bbox 2972 4342 3074 4397; x_wconf 89' lang='lat' dir='ltr'>pro</span> <span class='ocrx_word' id='word_1_701' title='bbox 3121 4328 3423 4398; x_wconf 88' lang='lat' dir='ltr'>capacitate</span> <span class='ocrx_word' id='word_1_702' title='bbox 3473 4328 3741 4400; x_wconf 86' lang='lat' dir='ltr'>ingenioli</span> 
     </span>
    </p>
   </div>
   <div class='ocr_carea' id='block_1_94' title="bbox 440 4409 3744 4494">
    <p class='ocr_par' dir='ltr' id='par_1_94' title="bbox 440 4409 3744 4494">
     <span class='ocr_line' id='line_1_94' title="bbox 440 4409 3744 4494; baseline -0.003 -15"><span class='ocrx_word' id='word_1_703' title='bbox 440 4423 581 4494; x_wconf 84' lang='lat' dir='ltr'>ejus,</span> <span class='ocrx_word' id='word_1_704' title='bbox 616 4420 863 4492; x_wconf 91' lang='lat' dir='ltr'>quoniam</span> <span class='ocrx_word' id='word_1_705' title='bbox 914 4425 1159 4472; x_wconf 89' lang='lat' dir='ltr'>sanctum</span> <span class='ocrx_word' id='word_1_706' title='bbox 1191 4424 1272 4470; x_wconf 91' lang='lat' dir='ltr'>est</span> <span class='ocrx_word' id='word_1_707' title='bbox 1300 4414 1476 4482; x_wconf 74' lang='lat' dir='ltr'>(Psal.</span> <span class='ocrx_word' id='word_1_708' title='bbox 1510 4430 1698 4481; x_wconf 86' lang='lat' dir='ltr'>xcvm,</span> <span class='ocrx_word' id='word_1_709' title='bbox 1731 4419 1807 4485; x_wconf 61' lang='grc' dir='ltr'>εἰ).</span> <span class='ocrx_word' id='word_1_710' title='bbox 1855 4438 1876 4463; x_wconf 78' lang='grc' dir='ltr'>ι»</span> <span class='ocrx_word' id='word_1_711' title='bbox 1914 4417 2030 4470; x_wconf 88' lang='lat' dir='ltr'>De-</span> <span class='ocrx_word' id='word_1_712' title='bbox 2060 4409 2112 4469; x_wconf 93' lang='lat' dir='ltr'>D</span> <span class='ocrx_word' id='word_1_713' title='bbox 2144 4413 2252 4468; x_wconf 91' lang='lat' dir='ltr'>mei</span> <span class='ocrx_word' id='word_1_714' title='bbox 2310 4412 2409 4467; x_wconf 91' lang='lat' dir='ltr'>sub</span> <span class='ocrx_word' id='word_1_715' title='bbox 2464 4429 2698 4484; x_wconf 89' lang='lat' dir='ltr'>persona</span> <span class='ocrx_word' id='word_1_716' title='bbox 2750 4414 2927 4469; x_wconf 86' lang='lat' dir='ltr'>Judaei</span> <span class='ocrx_word' id='word_1_717' title='bbox 2956 4422 3009 4470; x_wconf 89' lang='lat' dir='ltr'>et</span> <span class='ocrx_word' id='word_1_718' title='bbox 3065 4415 3361 4470; x_wconf 87' lang='lat' dir='ltr'>Christiani</span> <span class='ocrx_word' id='word_1_719' title='bbox 3417 4415 3744 4485; x_wconf 77' lang='lat' dir='ltr'>disputantis</span> 
     </span>
    </p>
   </div>
   <div class='ocr_carea' id='block_1_95' title="bbox 436 4503 2033 4573">
    <p class='ocr_par' dir='ltr' id='par_1_95' title="bbox 436 4503 2033 4573">
     <span class='ocr_line' id='line_1_95' title="bbox 436 4503 2033 4573; baseline -0.006 -5"><span class='ocrx_word' id='word_1_720' title='bbox 436 4513 550 4568; x_wconf 92' lang='lat' dir='ltr'>bilo</span> <span class='ocrx_word' id='word_1_721' title='bbox 601 4506 962 4566; x_wconf 89' lang='lat' dir='ltr'>venerationis</span> <span class='ocrx_word' id='word_1_722' title='bbox 1009 4505 1156 4559; x_wconf 91' lang='lat' dir='ltr'>cultu</span> <span class='ocrx_word' id='word_1_723' title='bbox 1206 4504 1411 4557; x_wconf 88' lang='lat' dir='ltr'>idcirco</span> <span class='ocrx_word' id='word_1_724' title='bbox 1478 4503 1735 4569; x_wconf 89' lang='lat' dir='ltr'>dicimus,</span> <span class='ocrx_word' id='word_1_725' title='bbox 1768 4503 1895 4573; x_wconf 91' lang='lat' dir='ltr'>quia</span> <span class='ocrx_word' id='word_1_726' title='bbox 1925 4504 2033 4559; x_wconf 89' lang='lat' dir='ltr'>alio</span> 
     </span>
    </p>
   </div>
   <div class='ocr_carea' id='block_1_96' title="bbox 437 4590 2031 4657">
    <p class='ocr_par' dir='ltr' id='par_1_96' title="bbox 437 4590 2031 4657">
     <span class='ocr_line' id='line_1_96' title="bbox 437 4590 2031 4657; baseline -0.006 -1"><span class='ocrx_word' id='word_1_727' title='bbox 437 4601 602 4656; x_wconf 90' lang='lat' dir='ltr'>modo</span> <span class='ocrx_word' id='word_1_728' title='bbox 624 4598 854 4653; x_wconf 90' lang='lat' dir='ltr'>dicimus</span> <span class='ocrx_word' id='word_1_729' title='bbox 879 4614 891 4649; x_wconf 90' lang='lat'>:</span> <span class='ocrx_word' id='word_1_730' title='bbox 922 4592 1295 4647; x_wconf 86' lang='lat' dir='ltr'>«Christianus</span> <span class='ocrx_word' id='word_1_731' title='bbox 1316 4592 1448 4646; x_wconf 89' lang='lat' dir='ltr'>colit</span> <span class='ocrx_word' id='word_1_732' title='bbox 1464 4592 1669 4657; x_wconf 90' lang='lat' dir='ltr'>Deum;</span> <span class='ocrx_word' id='word_1_733' title='bbox 1700 4613 1720 4639; x_wconf 76' lang='grc' dir='ltr'>ι»</span> <span class='ocrx_word' id='word_1_734' title='bbox 1745 4590 1852 4645; x_wconf 89' lang='lat' dir='ltr'>alio</span> <span class='ocrx_word' id='word_1_735' title='bbox 1870 4591 2031 4646; x_wconf 91' lang='lat' dir='ltr'>modo</span> 
     </span>
    </p>
   </div>
   <div class='ocr_carea' id='block_1_97' title="bbox 438 4678 2032 4752">
    <p class='ocr_par' dir='ltr' id='par_1_97' title="bbox 438 4678 2032 4752">
     <span class='ocr_line' id='line_1_97' title="bbox 438 4678 2032 4752; baseline -0.006 -8"><span class='ocrx_word' id='word_1_736' title='bbox 438 4688 665 4744; x_wconf 82' lang='lat' dir='ltr'>dicimus</span> <span class='ocrx_word' id='word_1_737' title='bbox 716 4708 736 4733; x_wconf 85' lang='lat'><strong>«</strong></span> <span class='ocrx_word' id='word_1_738' title='bbox 783 4683 912 4739; x_wconf 88' lang='lat' dir='ltr'>colit</span> <span class='ocrx_word' id='word_1_739' title='bbox 954 4682 1188 4736; x_wconf 90' lang='lat' dir='ltr'>rusticus</span> <span class='ocrx_word' id='word_1_740' title='bbox 1228 4696 1439 4752; x_wconf 83' lang='lat' dir='ltr'>agrum.</span> <span class='ocrx_word' id='word_1_741' title='bbox 1489 4701 1509 4726; x_wconf 78' lang='grc' dir='ltr'><em>η</em></span> <span class='ocrx_word' id='word_1_742' title='bbox 1566 4679 1701 4733; x_wconf 90' lang='lat' dir='ltr'>Item</span> <span class='ocrx_word' id='word_1_743' title='bbox 1733 4678 1839 4733; x_wconf 91' lang='lat' dir='ltr'>alio</span> <span class='ocrx_word' id='word_1_744' title='bbox 1871 4680 2032 4735; x_wconf 93' lang='lat' dir='ltr'>modo</span> 
     </span>
    </p>
   </div>
   <div class='ocr_carea' id='block_1_98' title="bbox 437 4767 2026 4837">
    <p class='ocr_par' dir='ltr' id='par_1_98' title="bbox 437 4767 2026 4837">
     <span class='ocr_line' id='line_1_98' title="bbox 437 4767 2026 4837; baseline -0.008 -4"><span class='ocrx_word' id='word_1_745' title='bbox 437 4779 671 4833; x_wconf 89' lang='lat' dir='ltr'>dicimus</span> <span class='ocrx_word' id='word_1_746' title='bbox 707 4799 727 4823; x_wconf 86' lang='lat'><strong>«</strong></span> <span class='ocrx_word' id='word_1_747' title='bbox 764 4773 953 4828; x_wconf 88' lang='lat' dir='ltr'>adorat</span> <span class='ocrx_word' id='word_1_748' title='bbox 982 4772 1146 4825; x_wconf 91' lang='lat' dir='ltr'>homo</span> <span class='ocrx_word' id='word_1_749' title='bbox 1165 4770 1358 4835; x_wconf 91' lang='lat' dir='ltr'>Deum,</span> <span class='ocrx_word' id='word_1_750' title='bbox 1395 4791 1415 4817; x_wconf 78' lang='grc' dir='ltr'><em>η</em></span> <span class='ocrx_word' id='word_1_751' title='bbox 1443 4767 1549 4823; x_wconf 91' lang='lat' dir='ltr'>alio</span> <span class='ocrx_word' id='word_1_752' title='bbox 1582 4767 1744 4821; x_wconf 90' lang='lat' dir='ltr'>modo</span> <span class='ocrx_word' id='word_1_753' title='bbox 1774 4767 2026 4837; x_wconf 88' lang='lat' dir='ltr'>dicimus,</span> 
     </span>
    </p>
   </div>
   <div class='ocr_carea' id='block_1_99' title="bbox 442 4855 2028 4928">
    <p class='ocr_par' dir='ltr' id='par_1_99' title="bbox 442 4855 2028 4928">
     <span class='ocr_line' id='line_1_99' title="bbox 442 4855 2028 4928; baseline -0.003 -13"><span class='ocrx_word' id='word_1_754' title='bbox 442 4888 464 4915; x_wconf 74' lang='grc' dir='ltr'>«ι</span> <span class='ocrx_word' id='word_1_755' title='bbox 521 4865 711 4919; x_wconf 89' lang='lat' dir='ltr'>adorat</span> <span class='ocrx_word' id='word_1_756' title='bbox 748 4863 913 4916; x_wconf 91' lang='lat' dir='ltr'>homo</span> <span class='ocrx_word' id='word_1_757' title='bbox 962 4858 1198 4928; x_wconf 78' lang='lat' dir='ltr'>aliquem</span> <span class='ocrx_word' id='word_1_758' title='bbox 1248 4856 1475 4925; x_wconf 84' lang='lat' dir='ltr'>alicujus</span> <span class='ocrx_word' id='word_1_759' title='bbox 1514 4855 1795 4927; x_wconf 89' lang='lat' dir='ltr'>dignitatis</span> <span class='ocrx_word' id='word_1_760' title='bbox 1835 4856 2028 4924; x_wconf 91' lang='lat' dir='ltr'>virum,</span> 
     </span>
    </p>
   </div>
   <div class='ocr_carea' id='block_1_100' title="bbox 433 4944 2035 5022">
    <p class='ocr_par' dir='ltr' id='par_1_100' title="bbox 433 4944 2035 5022">
     <span class='ocr_line' id='line_1_100' title="bbox 433 4944 2035 5022; baseline -0.009 -9"><span class='ocrx_word' id='word_1_761' title='bbox 433 4952 523 5013; x_wconf 90' lang='lat' dir='ltr'>vel</span> <span class='ocrx_word' id='word_1_762' title='bbox 569 4950 788 5022; x_wconf 81' lang='lat' dir='ltr'>aliquod</span> <span class='ocrx_word' id='word_1_763' title='bbox 836 4947 1061 5018; x_wconf 88' lang='lat' dir='ltr'>alicujus</span> <span class='ocrx_word' id='word_1_764' title='bbox 1103 4944 1659 5020; x_wconf 65' lang='lat' dir='ltr'>dignitatissignum.</span> <span class='ocrx_word' id='word_1_765' title='bbox 1724 4967 1745 4993; x_wconf 78' lang='grc' dir='ltr'><strong><em>υ</em></strong></span> <span class='ocrx_word' id='word_1_766' title='bbox 1795 4945 1934 4999; x_wconf 87' lang='lat' dir='ltr'>Nam</span> <span class='ocrx_word' id='word_1_767' title='bbox 1977 4944 2035 5000; x_wconf 88' lang='lat' dir='ltr'>in</span> 
     </span>
    </p>
   </div>
   <div class='ocr_carea' id='block_1_101' title="bbox 2136 4500 3743 4575">
    <p class='ocr_par' dir='ltr' id='par_1_101' title="bbox 2136 4500 3743 4575">
     <span class='ocr_line' id='line_1_101' title="bbox 2136 4500 3743 4575; baseline 0.003 -19"><span class='ocrx_word' id='word_1_768' title='bbox 2136 4500 2381 4572; x_wconf 89' lang='lat' dir='ltr'>apicibus</span> <span class='ocrx_word' id='word_1_769' title='bbox 2424 4501 2703 4557; x_wconf 89' lang='lat' dir='ltr'>adnotavi.</span> <span class='ocrx_word' id='word_1_770' title='bbox 2732 4504 2794 4557; x_wconf 89' lang='lat' dir='ltr'>In</span> <span class='ocrx_word' id='word_1_771' title='bbox 2838 4518 2943 4573; x_wconf 91' lang='lat' dir='ltr'>quo</span> <span class='ocrx_word' id='word_1_772' title='bbox 2973 4504 3020 4557; x_wconf 92' lang='lat' dir='ltr'>si</span> <span class='ocrx_word' id='word_1_773' title='bbox 3051 4503 3181 4575; x_wconf 89' lang='lat' dir='ltr'>quid</span> <span class='ocrx_word' id='word_1_774' title='bbox 3210 4503 3353 4559; x_wconf 87' lang='lat' dir='ltr'>bene</span> <span class='ocrx_word' id='word_1_775' title='bbox 3377 4504 3603 4571; x_wconf 91' lang='lat' dir='ltr'>dictum,</span> <span class='ocrx_word' id='word_1_776' title='bbox 3638 4505 3743 4561; x_wconf 88' lang='lat' dir='ltr'>Dei</span> 
     </span>
    </p>
   </div>
   <div class='ocr_carea' id='block_1_102' title="bbox 2131 4590 3745 4662">
    <p class='ocr_par' dir='ltr' id='par_1_102' title="bbox 2131 4590 3745 4662">
     <span class='ocr_line' id='line_1_102' title="bbox 2131 4590 3745 4662; baseline 0.003 -19"><span class='ocrx_word' id='word_1_777' title='bbox 2131 4590 2324 4662; x_wconf 62' lang='lat' dir='ltr'>gratiae</span> <span class='ocrx_word' id='word_1_778' title='bbox 2364 4590 2664 4657; x_wconf 87' lang='lat' dir='ltr'>tribuatur;</span> <span class='ocrx_word' id='word_1_779' title='bbox 2715 4590 2759 4644; x_wconf 89' lang='lat' dir='ltr'>si</span> <span class='ocrx_word' id='word_1_780' title='bbox 2790 4590 2918 4660; x_wconf 89' lang='lat' dir='ltr'>quid</span> <span class='ocrx_word' id='word_1_781' title='bbox 2948 4591 3187 4646; x_wconf 87' lang='lat' dir='ltr'>otiosum</span> <span class='ocrx_word' id='word_1_782' title='bbox 3218 4598 3278 4647; x_wconf 85' lang='lat' dir='ltr'>et</span> <span class='ocrx_word' id='word_1_783' title='bbox 3307 4591 3530 4660; x_wconf 87' lang='lat' dir='ltr'>inutile,</span> <span class='ocrx_word' id='word_1_784' title='bbox 3558 4601 3745 4648; x_wconf 84' lang='lat' dir='ltr'>vestra</span> 
     </span>
    </p>
   </div>
   <div class='ocr_carea' id='block_1_103' title="bbox 2131 4678 3739 4751">
    <p class='ocr_par' dir='ltr' id='par_1_103' title="bbox 2131 4678 3739 4751">
     <span class='ocr_line' id='line_1_103' title="bbox 2131 4678 3739 4751; baseline 0.002 -19"><span class='ocrx_word' id='word_1_785' title='bbox 2131 4678 2416 4749; x_wconf 90' lang='lat' dir='ltr'>prudentia</span> <span class='ocrx_word' id='word_1_786' title='bbox 2446 4678 2655 4733; x_wconf 91' lang='lat' dir='ltr'>noverit</span> <span class='ocrx_word' id='word_1_787' title='bbox 2685 4694 2954 4748; x_wconf 88' lang='lat' dir='ltr'>resecare,</span> <span class='ocrx_word' id='word_1_788' title='bbox 2986 4679 3103 4735; x_wconf 87' lang='lat' dir='ltr'>sive</span> <span class='ocrx_word' id='word_1_789' title='bbox 3132 4687 3325 4747; x_wconf 89' lang='lat' dir='ltr'>totum,</span> <span class='ocrx_word' id='word_1_790' title='bbox 3357 4680 3471 4735; x_wconf 89' lang='lat' dir='ltr'>sive</span> <span class='ocrx_word' id='word_1_791' title='bbox 3499 4688 3739 4751; x_wconf 86' lang='lat' dir='ltr'>partem,</span> 
     </span>
    </p>
   </div>
   <div class='ocr_carea' id='block_1_104' title="bbox 2131 4766 3738 4838">
    <p class='ocr_par' dir='ltr' id='par_1_104' title="bbox 2131 4766 3738 4838">
     <span class='ocr_line' id='line_1_104' title="bbox 2131 4766 3738 4838; baseline 0.002 -17"><span class='ocrx_word' id='word_1_792' title='bbox 2131 4766 2489 4822; x_wconf 87' lang='lat' dir='ltr'>libentissime</span> <span class='ocrx_word' id='word_1_793' title='bbox 2539 4766 2708 4821; x_wconf 89' lang='lat' dir='ltr'>feram</span> <span class='ocrx_word' id='word_1_794' title='bbox 2740 4767 3003 4837; x_wconf 87' lang='lat' dir='ltr'>quidquid</span> <span class='ocrx_word' id='word_1_795' title='bbox 3051 4768 3207 4822; x_wconf 84' lang='lat' dir='ltr'>vobis</span> <span class='ocrx_word' id='word_1_796' title='bbox 3232 4767 3501 4838; x_wconf 84' lang='lat' dir='ltr'>placuerit</span> <span class='ocrx_word' id='word_1_797' title='bbox 3531 4769 3738 4825; x_wconf 87' lang='lat' dir='ltr'>facere.</span> 
     </span>
    </p>
   </div>
   <div class='ocr_carea' id='block_1_105' title="bbox 2144 4854 3743 4929">
    <p class='ocr_par' dir='ltr' id='par_1_105' title="bbox 2144 4854 3743 4929">
     <span class='ocr_line' id='line_1_105' title="bbox 2144 4854 3743 4929; baseline 0.003 -20"><span class='ocrx_word' id='word_1_798' title='bbox 2144 4856 2293 4929; x_wconf 82' lang='lat' dir='ltr'>Ergo</span> <span class='ocrx_word' id='word_1_799' title='bbox 2321 4854 2540 4910; x_wconf 68' lang='lat' dir='ltr'>Iudaeus</span> <span class='ocrx_word' id='word_1_800' title='bbox 2560 4855 2651 4911; x_wconf 90' lang='lat' dir='ltr'>ille</span> <span class='ocrx_word' id='word_1_801' title='bbox 2680 4856 2971 4925; x_wconf 90' lang='lat' dir='ltr'>plurimum</span> <span class='ocrx_word' id='word_1_802' title='bbox 2996 4873 3094 4911; x_wconf 91' lang='lat' dir='ltr'>sua</span> <span class='ocrx_word' id='word_1_803' title='bbox 3118 4856 3239 4929; x_wconf 78' lang='lat' dir='ltr'>lege</span> <span class='ocrx_word' id='word_1_804' title='bbox 3268 4857 3496 4926; x_wconf 89' lang='lat' dir='ltr'>peritus,</span> <span class='ocrx_word' id='word_1_805' title='bbox 3528 4865 3743 4913; x_wconf 86' lang='lat' dir='ltr'>nostra-</span> 
     </span>
    </p>
   </div>
   <div class='ocr_carea' id='block_1_106' title="bbox 2141 4944 3520 5017">
    <p class='ocr_par' dir='ltr' id='par_1_106' title="bbox 2141 4944 3520 5017">
     <span class='ocr_line' id='line_1_106' title="bbox 2141 4944 3520 5017; baseline -0.001 -17"><span class='ocrx_word' id='word_1_806' title='bbox 2141 4961 2261 5000; x_wconf 88' lang='lat' dir='ltr'>rum</span> <span class='ocrx_word' id='word_1_807' title='bbox 2290 4944 2453 5001; x_wconf 88' lang='lat' dir='ltr'>etiam</span> <span class='ocrx_word' id='word_1_808' title='bbox 2484 4944 2781 4999; x_wconf 89' lang='lat' dir='ltr'>litterarum</span> <span class='ocrx_word' id='word_1_809' title='bbox 2812 4960 2920 5001; x_wconf 90' lang='lat' dir='ltr'>non</span> <span class='ocrx_word' id='word_1_810' title='bbox 2950 4945 3147 5001; x_wconf 90' lang='lat' dir='ltr'>inscius</span> <span class='ocrx_word' id='word_1_811' title='bbox 3173 4944 3253 5001; x_wconf 88' lang='lat' dir='ltr'>sic</span> <span class='ocrx_word' id='word_1_812' title='bbox 3280 4944 3520 5017; x_wconf 71' lang='lat' dir='ltr'>incoapit.</span> 
     </span>
    </p>
   </div>
   <div class='ocr_carea' id='block_1_107' title="bbox 1748 5147 2420 5205">
    <p class='ocr_par' dir='ltr' id='par_1_107' title="bbox 1748 5147 2420 5205">
     <span class='ocr_line' id='line_1_107' title="bbox 1748 5147 2420 5205; baseline -0.003 -1"><span class='ocrx_word' id='word_1_813' title='bbox 1748 5148 1974 5205; x_wconf 72' lang='lat' dir='ltr'><strong>VABIrE</strong></span> <span class='ocrx_word' id='word_1_814' title='bbox 2007 5147 2311 5205; x_wconf 84' lang='lat' dir='ltr'>LECTION</span> <span class='ocrx_word' id='word_1_815' title='bbox 2316 5149 2420 5205; x_wconf 87' lang='lat' dir='ltr'>ES.</span> 
     </span>
    </p>
   </div>
   <div class='ocr_carea' id='block_1_108' title="bbox 505 5343 1543 5411">
    <p class='ocr_par' dir='ltr' id='par_1_108' title="bbox 505 5343 1543 5411">
     <span class='ocr_line' id='line_1_108' title="bbox 505 5343 1543 5411; baseline -0.017 2"><span class='ocrx_word' id='word_1_816' title='bbox 505 5353 565 5385; x_wconf 78' lang='lat'><strong><em>“‘</em></strong></span> <span class='ocrx_word' id='word_1_817' title='bbox 593 5356 689 5411; x_wconf 79' lang='lat' dir='ltr'>Ms.</span> <span class='ocrx_word' id='word_1_818' title='bbox 716 5354 867 5408; x_wconf 80' lang='lat' dir='ltr'>Rem.</span> <span class='ocrx_word' id='word_1_819' title='bbox 895 5348 1053 5404; x_wconf 81' lang='lat' dir='ltr'>omit.</span> <span class='ocrx_word' id='word_1_820' title='bbox 1085 5345 1250 5401; x_wconf 79' lang='lat' dir='ltr'>uncis</span> <span class='ocrx_word' id='word_1_821' title='bbox 1301 5343 1543 5397; x_wconf 77' lang='lat' dir='ltr'>inclusa.</span> 
     </span>
    </p>
   </div>
   <div class='ocr_carea' id='block_1_109' title="bbox 1639 5339 2406 5410">
    <p class='ocr_par' dir='ltr' id='par_1_109' title="bbox 1639 5339 2406 5410">
     <span class='ocr_line' id='line_1_109' title="bbox 1639 5339 2406 5410; baseline 0.001 -13"><span class='ocrx_word' id='word_1_822' title='bbox 1639 5339 1699 5370; x_wconf 67' lang='grc'>³³⁸</span> <span class='ocrx_word' id='word_1_823' title='bbox 1731 5342 1828 5397; x_wconf 80' lang='lat' dir='ltr'>Ms.</span> <span class='ocrx_word' id='word_1_824' title='bbox 1883 5344 2057 5410; x_wconf 71' lang='lat' dir='ltr'>Rem,</span> <span class='ocrx_word' id='word_1_825' title='bbox 2104 5340 2406 5399; x_wconf 84' lang='lat' dir='ltr'>excludam.</span> 
     </span>
    </p>
   </div>
   <div class='ocr_carea' id='block_1_110' title="bbox 2485 5342 3742 5415">
    <p class='ocr_par' dir='ltr' id='par_1_110' title="bbox 2485 5342 3742 5415">
     <span class='ocr_line' id='line_1_110' title="bbox 2485 5342 3742 5415; baseline 0.002 -14"><span class='ocrx_word' id='word_1_826' title='bbox 2485 5344 2545 5374; x_wconf 76' lang='grc'>¹²⁴</span> <span class='ocrx_word' id='word_1_827' title='bbox 2575 5345 2671 5401; x_wconf 74' lang='lat' dir='ltr'>Ms.</span> <span class='ocrx_word' id='word_1_828' title='bbox 2706 5345 2774 5401; x_wconf 92' lang='lat' dir='ltr'>S.</span> <span class='ocrx_word' id='word_1_829' title='bbox 2825 5345 3040 5409; x_wconf 72' lang='lat' dir='ltr'>Germ,</span> <span class='ocrx_word' id='word_1_830' title='bbox 3100 5352 3433 5415; x_wconf 87' lang='lat' dir='ltr'>exspectato.</span> <span class='ocrx_word' id='word_1_831' title='bbox 3515 5342 3577 5373; x_wconf 78' lang='grc'>¹¹⁸</span> <span class='ocrx_word' id='word_1_832' title='bbox 3607 5347 3742 5403; x_wconf 60' lang='lat' dir='ltr'>Hcce</span> 
     </span>
    </p>
   </div>
   <div class='ocr_carea' id='block_1_111' title="bbox 434 5413 3742 5500">
    <p class='ocr_par' dir='ltr' id='par_1_111' title="bbox 434 5413 3742 5500">
     <span class='ocr_line' id='line_1_111' title="bbox 434 5413 3742 5500; baseline -0.001 -25"><span class='ocrx_word' id='word_1_833' title='bbox 434 5429 681 5498; x_wconf 72' lang='lat' dir='ltr'>epistola,</span> <span class='ocrx_word' id='word_1_834' title='bbox 732 5433 781 5477; x_wconf 90' lang='lat' dir='ltr'>ul</span> <span class='ocrx_word' id='word_1_835' title='bbox 818 5424 1002 5500; x_wconf 76' lang='lat' dir='ltr'>liquet.</span> <span class='ocrx_word' id='word_1_836' title='bbox 1057 5424 1130 5500; x_wconf 68' lang='lat' dir='ltr'>est</span> <span class='ocrx_word' id='word_1_837' title='bbox 1164 5414 1472 5500; x_wconf 70' lang='lat' dir='ltr'>(iisleberti,</span> <span class='ocrx_word' id='word_1_838' title='bbox 1507 5413 2113 5500; x_wconf 38' lang='lat' dir='ltr'>et”liuicxlisputati‘oni.</span> <span class='ocrx_word' id='word_1_839' title='bbox 2160 5415 2689 5500; x_wconf 56' lang='lat' dir='ltr'>erat_pi&#39;§ernittend_a</span> <span class='ocrx_word' id='word_1_840' title='bbox 2714 5417 2900 5500; x_wconf 43' lang='lat' dir='ltr'>;ns_icut</span> <span class='ocrx_word' id='word_1_841' title='bbox 2929 5415 2984 5500; x_wconf 69' lang='lat' dir='ltr'>in</span> <span class='ocrx_word' id='word_1_842' title='bbox 3027 5431 3141 5500; x_wconf 49' lang='lat' dir='ltr'>.ms.</span> <span class='ocrx_word' id='word_1_843' title='bbox 3177 5413 3379 5472; x_wconf 71' lang='lat' dir='ltr'>Victor.</span> <span class='ocrx_word' id='word_1_844' title='bbox 3411 5417 3514 5486; x_wconf 87' lang='lat' dir='ltr'>ipsi</span> <span class='ocrx_word' id='word_1_845' title='bbox 3546 5419 3742 5488; x_wconf 62' lang='lat' dir='ltr'>prasti-</span> 
     </span>
    </p>
   </div>
   <div class='ocr_carea' id='block_1_112' title="bbox 432 5485 3152 5570">
    <p class='ocr_par' dir='ltr' id='par_1_112' title="bbox 432 5485 3152 5570">
     <span class='ocr_line' id='line_1_112' title="bbox 432 5485 3152 5570; baseline -0.004 -17"><span class='ocrx_word' id='word_1_846' title='bbox 432 5485 577 5570; x_wconf 76' lang='lat' dir='ltr'>gitur</span> <span class='ocrx_word' id='word_1_847' title='bbox 605 5485 705 5551; x_wconf 68' lang='lat' dir='ltr'>sub</span> <span class='ocrx_word' id='word_1_848' title='bbox 739 5498 838 5549; x_wconf 81' lang='lat' dir='ltr'>hoc</span> <span class='ocrx_word' id='word_1_849' title='bbox 870 5485 1022 5545; x_wconf 74' lang='lat' dir='ltr'>titulo</span> <span class='ocrx_word' id='word_1_850' title='bbox 1053 5508 1063 5542; x_wconf 90' lang='lat'>:</span> <span class='ocrx_word' id='word_1_851' title='bbox 1099 5485 1622 5557; x_wconf 77' lang='lat' dir='ltr'>lncipitallercatio</span> <span class='ocrx_word' id='word_1_852' title='bbox 1652 5485 1952 5554; x_wconf 76' lang='lat' dir='ltr'>cujusdam</span> <span class='ocrx_word' id='word_1_853' title='bbox 1985 5485 2298 5540; x_wconf 74' lang='lat' dir='ltr'>Christiani</span> <span class='ocrx_word' id='word_1_854' title='bbox 2327 5490 2385 5542; x_wconf 79' lang='lat' dir='ltr'>et</span> <span class='ocrx_word' id='word_1_855' title='bbox 2413 5488 2596 5543; x_wconf 74' lang='lat' dir='ltr'>Judcei</span> <span class='ocrx_word' id='word_1_856' title='bbox 2624 5488 2691 5543; x_wconf 87' lang='lat' dir='ltr'>de</span> <span class='ocrx_word' id='word_1_857' title='bbox 2719 5488 2827 5557; x_wconf 81' lang='lat' dir='ltr'>ﬁde</span> <span class='ocrx_word' id='word_1_858' title='bbox 2847 5486 3152 5543; x_wconf 79' lang='lat' dir='ltr'>catholica.</span> 
     </span>
    </p>
   </div>
  </div>
