  <div class='ocr_page' id='page_1' title='image "/cluster/home/n/w/nwhite01/storage/ocr_20150623/159/mdp.39015015350443/102.png"; bbox 0 0 4168 6282; ppageno 0'>
   <div class='ocr_carea' id='block_1_1' title="bbox 447 321 549 384">
    <p class='ocr_par' dir='ltr' id='par_1_1' title="bbox 447 321 549 384">
     <span class='ocr_line' id='line_1_1' title="bbox 447 321 549 384; baseline 0.02 -2"><span class='ocrx_word' id='word_1_1' title='bbox 447 321 549 384; x_wconf 79' lang='lat'><strong>189</strong></span> 
     </span>
    </p>
   </div>
   <div class='ocr_carea' id='block_1_2' title="bbox 1514 341 2639 416">
    <p class='ocr_par' dir='ltr' id='par_1_2' title="bbox 1514 341 2639 416">
     <span class='ocr_line' id='line_1_2' title="bbox 1514 341 2639 416; baseline 0.016 -18"><span class='ocrx_word' id='word_1_2' title='bbox 1514 341 1610 399; x_wconf 86' lang='lat' dir='ltr'><strong>DE</strong></span> <span class='ocrx_word' id='word_1_3' title='bbox 1656 343 1909 406; x_wconf 75' lang='lat' dir='ltr'><strong>liEBUS</strong></span> <span class='ocrx_word' id='word_1_4' title='bbox 1947 345 2313 410; x_wconf 60' lang='grc' dir='ltr'>Τυωιαις</span> <span class='ocrx_word' id='word_1_5' title='bbox 2356 353 2502 412; x_wconf 86' lang='lat' dir='ltr'><strong>LIB.</strong></span> <span class='ocrx_word' id='word_1_6' title='bbox 2542 355 2639 416; x_wconf 87' lang='lat' dir='ltr'><strong>IV.</strong></span> 
     </span>
    </p>
   </div>
   <div class='ocr_carea' id='block_1_3' title="bbox 445 438 2018 539">
    <p class='ocr_par' dir='ltr' id='par_1_3' title="bbox 445 438 2015 539">
     <span class='ocr_line' id='line_1_3' title="bbox 445 438 2015 539; baseline 0.017 -50"><span class='ocrx_word' id='word_1_7' title='bbox 445 438 520 539; x_wconf 46' lang='grc' dir='ltr'>τῷ</span> <span class='ocrx_word' id='word_1_8' title='bbox 548 439 860 511; x_wconf 86' lang='grc' dir='ltr'>πολυτελεῖ,</span> <span class='ocrx_word' id='word_1_9' title='bbox 892 447 984 499; x_wconf 76' lang='grc' dir='ltr'>καὶ</span> <span class='ocrx_word' id='word_1_10' title='bbox 1027 450 1483 526; x_wconf 81' lang='grc' dir='ltr'>μεγαλοπρεπείᾳ</span> <span class='ocrx_word' id='word_1_11' title='bbox 1516 458 1708 511; x_wconf 81' lang='grc' dir='ltr'>οἰκιῶν</span> <span class='ocrx_word' id='word_1_12' title='bbox 1735 463 1830 514; x_wconf 71' lang='grc' dir='ltr'>καὶ</span> <span class='ocrx_word' id='word_1_13' title='bbox 1853 464 2015 518; x_wconf 83' lang='grc' dir='ltr'>ναῶν.</span> 
     </span>
    </p>
   </div>
   <div class='ocr_carea' id='block_1_4' title="bbox 2120 438 3711 539">
    <p class='ocr_par' dir='ltr' id='par_1_4' title="bbox 2125 467 3711 539">
     <span class='ocr_line' id='line_1_4' title="bbox 2125 467 3711 539; baseline 0.005 -19"><span class='ocrx_word' id='word_1_14' title='bbox 2125 467 2424 535; x_wconf 73' lang='lat' dir='ltr'><strong>potentiam</strong></span> <span class='ocrx_word' id='word_1_15' title='bbox 2451 468 2556 525; x_wconf 87' lang='lat' dir='ltr'><strong>sibi</strong></span> <span class='ocrx_word' id='word_1_16' title='bbox 2598 484 2880 539; x_wconf 82' lang='lat' dir='ltr'><strong>peperere.</strong></span> <span class='ocrx_word' id='word_1_17' title='bbox 2916 469 3114 527; x_wconf 81' lang='lat' dir='ltr'><strong>Urbem</strong></span> <span class='ocrx_word' id='word_1_18' title='bbox 3146 471 3495 528; x_wconf 78' lang='lat' dir='ltr'><strong>basilicarum</strong></span> <span class='ocrx_word' id='word_1_19' title='bbox 3531 479 3584 526; x_wconf 89' lang='lat' dir='ltr'><strong>et</strong></span> <span class='ocrx_word' id='word_1_20' title='bbox 3612 473 3711 527; x_wconf 74' lang='grc' dir='ltr'><strong>ἀι.-</strong></span> 
     </span>
    </p>
   </div>
   <div class='ocr_carea' id='block_1_5' title="bbox 444 531 2021 618">
    <p class='ocr_par' dir='ltr' id='par_1_5' title="bbox 444 531 2021 618">
     <span class='ocr_line' id='line_1_5' title="bbox 444 531 2021 618; baseline 0.017 -34"><span class='ocrx_word' id='word_1_21' title='bbox 444 531 707 603; x_wconf 80' lang='grc' dir='ltr'>Τριήρεις</span> <span class='ocrx_word' id='word_1_22' title='bbox 742 535 799 590; x_wconf 81' lang='grc' dir='ltr'>δὲ</span> <span class='ocrx_word' id='word_1_23' title='bbox 835 549 1328 611; x_wconf 85' lang='grc' dir='ltr'>ναυπηγησάμενοι</span> <span class='ocrx_word' id='word_1_24' title='bbox 1360 548 1460 601; x_wconf 84' lang='grc' dir='ltr'>οὐκ</span> <span class='ocrx_word' id='word_1_25' title='bbox 1483 550 1691 618; x_wconf 80' lang='grc' dir='ltr'><strong>ὀλίγας,</strong></span> <span class='ocrx_word' id='word_1_26' title='bbox 1727 555 1821 607; x_wconf 77' lang='grc' dir='ltr'><strong>καὶ</strong></span> <span class='ocrx_word' id='word_1_27' title='bbox 1858 557 2021 610; x_wconf 75' lang='grc' dir='ltr'>δυνάο</span> 
     </span>
    </p>
   </div>
   <div class='ocr_carea' id='block_1_6' title="bbox 448 623 2021 722">
    <p class='ocr_par' dir='ltr' id='par_1_6' title="bbox 448 623 2021 722">
     <span class='ocr_line' id='line_1_6' title="bbox 448 623 2021 722; baseline 0.017 -45"><span class='ocrx_word' id='word_1_28' title='bbox 448 642 577 722; x_wconf 22' lang='grc' dir='ltr'>μεᾼις</span> <span class='ocrx_word' id='word_1_29' title='bbox 618 631 1049 702; x_wconf 79' lang='grc' dir='ltr'>περιϐαλόμενοι</span> <span class='ocrx_word' id='word_1_30' title='bbox 1104 638 1352 709; x_wconf 79' lang='grc' dir='ltr'>ίσχυρὰς,</span> <span class='ocrx_word' id='word_1_31' title='bbox 1397 645 1529 712; x_wconf 81' lang='grc' dir='ltr'>πρός</span> <span class='ocrx_word' id='word_1_32' title='bbox 1588 661 1646 698; x_wconf 80' lang='grc' dir='ltr'><strong>τε</strong></span> <span class='ocrx_word' id='word_1_33' title='bbox 1681 647 1810 709; x_wconf 79' lang='grc' dir='ltr'>τοὺς</span> <span class='ocrx_word' id='word_1_34' title='bbox 1847 652 1903 701; x_wconf 78' lang='grc' dir='ltr'>ἐν</span> <span class='ocrx_word' id='word_1_35' title='bbox 1933 623 2021 722; x_wconf 20' lang='grc' dir='ltr'><strong>’τῇ</strong></span> 
     </span>
    </p>
   </div>
   <div class='ocr_carea' id='block_1_7' title="bbox 443 717 2022 810">
    <p class='ocr_par' dir='ltr' id='par_1_7' title="bbox 443 717 2022 810">
     <span class='ocr_line' id='line_1_7' title="bbox 443 717 2022 810; baseline 0.016 -41"><span class='ocrx_word' id='word_1_36' title='bbox 443 717 686 793; x_wconf 77' lang='grc' dir='ltr'><strong>θαλάττῃ</strong></span> <span class='ocrx_word' id='word_1_37' title='bbox 732 722 998 789; x_wconf 83' lang='grc' dir='ltr'>δυνατοὺς</span> <span class='ocrx_word' id='word_1_38' title='bbox 1027 727 1322 794; x_wconf 76' lang='grc' dir='ltr'><strong>δοκοῦντας</strong></span> <span class='ocrx_word' id='word_1_39' title='bbox 1377 734 1632 801; x_wconf 87' lang='grc' dir='ltr'>γενέσθαι</span> <span class='ocrx_word' id='word_1_40' title='bbox 1688 717 2022 810; x_wconf 55' lang='grc' dir='ltr'><strong>προενήνεγζ</strong></span> 
     </span>
    </p>
   </div>
   <div class='ocr_carea' id='block_1_8' title="bbox 446 811 2021 894">
    <p class='ocr_par' dir='ltr' id='par_1_8' title="bbox 446 811 2021 894">
     <span class='ocr_line' id='line_1_8' title="bbox 446 811 2021 894; baseline 0.017 -32"><span class='ocrx_word' id='word_1_41' title='bbox 446 811 620 878; x_wconf 79' lang='grc' dir='ltr'>μένοι,</span> <span class='ocrx_word' id='word_1_42' title='bbox 653 813 837 886; x_wconf 80' lang='grc' dir='ltr'>φθόνῳ</span> <span class='ocrx_word' id='word_1_43' title='bbox 865 816 1246 890; x_wconf 73' lang='grc' dir='ltr'>διεπολέμουν,</span> <span class='ocrx_word' id='word_1_44' title='bbox 1288 824 1398 878; x_wconf 79' lang='grc' dir='ltr'>δέει</span> <span class='ocrx_word' id='word_1_45' title='bbox 1434 827 1521 880; x_wconf 81' lang='grc' dir='ltr'><strong>ἐπ’</strong></span> <span class='ocrx_word' id='word_1_46' title='bbox 1550 828 1750 894; x_wconf 80' lang='grc' dir='ltr'>αὐτοὺς</span> <span class='ocrx_word' id='word_1_47' title='bbox 1784 831 1876 886; x_wconf 73' lang='grc' dir='ltr'>τὸν</span> <span class='ocrx_word' id='word_1_48' title='bbox 1921 835 2021 887; x_wconf 66' lang='grc' dir='ltr'>πόα</span> 
     </span>
    </p>
   </div>
   <div class='ocr_carea' id='block_1_9' title="bbox 443 903 2067 1000">
    <p class='ocr_par' dir='ltr' id='par_1_9' title="bbox 443 903 2067 1000">
     <span class='ocr_line' id='line_1_9' title="bbox 443 903 2067 1000; baseline 0.022 -46"><span class='ocrx_word' id='word_1_49' title='bbox 443 903 616 1000; x_wconf 69' lang='grc' dir='ltr'>λεμον</span> <span class='ocrx_word' id='word_1_50' title='bbox 649 910 1026 982; x_wconf 74' lang='grc' dir='ltr'><strong>ἐπιφερόντων</strong></span> <span class='ocrx_word' id='word_1_51' title='bbox 1054 958 1068 980; x_wconf 86' lang='grc'><strong>,</strong></span> <span class='ocrx_word' id='word_1_52' title='bbox 1097 916 1175 986; x_wconf 82' lang='grc' dir='ltr'>τῷ</span> <span class='ocrx_word' id='word_1_53' title='bbox 1208 917 1387 972; x_wconf 79' lang='grc' dir='ltr'>δοκεῖν</span> <span class='ocrx_word' id='word_1_54' title='bbox 1431 922 1526 976; x_wconf 67' lang='grc' dir='ltr'>επὶ</span> <span class='ocrx_word' id='word_1_55' title='bbox 1569 924 1715 993; x_wconf 83' lang='grc' dir='ltr'>μέγα</span> <span class='ocrx_word' id='word_1_56' title='bbox 1757 927 1858 1000; x_wconf 75' lang='grc' dir='ltr'><strong>ήδη</strong></span> <span class='ocrx_word' id='word_1_57' title='bbox 1917 948 2024 1000; x_wconf 79' lang='grc' dir='ltr'>χω-</span> <span class='ocrx_word' id='word_1_58' title='bbox 2056 938 2067 945; x_wconf 81' lang='grc'><strong>’</strong></span> 
     </span>
    </p>
   </div>
   <div class='ocr_carea' id='block_1_10' title="bbox 443 994 2021 1090">
    <p class='ocr_par' dir='ltr' id='par_1_10' title="bbox 443 994 2021 1090">
     <span class='ocr_line' id='line_1_10' title="bbox 443 994 2021 1090; baseline 0.017 -44"><span class='ocrx_word' id='word_1_59' title='bbox 443 994 609 1066; x_wconf 81' lang='grc' dir='ltr'>ρῆσαι</span> <span class='ocrx_word' id='word_1_60' title='bbox 636 1000 941 1070; x_wconf 81' lang='grc' dir='ltr'>δυνάμεως.</span> <span class='ocrx_word' id='word_1_61' title='bbox 973 1004 1090 1076; x_wconf 82' lang='grc' dir='ltr'>Τήν</span> <span class='ocrx_word' id='word_1_62' title='bbox 1119 1025 1178 1060; x_wconf 88' lang='grc' dir='ltr'><strong>τε.</strong></span> <span class='ocrx_word' id='word_1_63' title='bbox 1235 1012 1375 1080; x_wconf 78' lang='grc' dir='ltr'>πρὸς</span> <span class='ocrx_word' id='word_1_64' title='bbox 1432 1013 1526 1067; x_wconf 76' lang='grc' dir='ltr'>τὸν</span> <span class='ocrx_word' id='word_1_65' title='bbox 1581 994 1791 1070; x_wconf 36' lang='grc' dir='ltr'>Ἰόνιον-</span> <span class='ocrx_word' id='word_1_66' title='bbox 1831 994 2021 1090; x_wconf 73' lang='grc' dir='ltr'>χώραν</span> 
     </span>
    </p>
   </div>
   <div class='ocr_carea' id='block_1_11' title="bbox 442 1091 2018 1183">
    <p class='ocr_par' dir='ltr' id='par_1_11' title="bbox 442 1091 2018 1183">
     <span class='ocr_line' id='line_1_11' title="bbox 442 1091 2018 1183; baseline 0.016 -41"><span class='ocrx_word' id='word_1_67' title='bbox 442 1091 729 1183; x_wconf 74' lang='grc' dir='ltr'>ἐκπλέοντι</span> <span class='ocrx_word' id='word_1_68' title='bbox 761 1096 850 1148; x_wconf 73' lang='grc' dir='ltr'><strong>ἐπ’</strong></span> <span class='ocrx_word' id='word_1_69' title='bbox 884 1099 1177 1173; x_wconf 81' lang='grc' dir='ltr'>ἀριστερὰ,</span> <span class='ocrx_word' id='word_1_70' title='bbox 1209 1105 1302 1160; x_wconf 74' lang='grc' dir='ltr'><strong>ἐπ’</strong></span> <span class='ocrx_word' id='word_1_71' title='bbox 1336 1105 1507 1162; x_wconf 77' lang='grc' dir='ltr'>αὑτοῦ</span> <span class='ocrx_word' id='word_1_72' title='bbox 1556 1108 1625 1180; x_wconf 84' lang='grc' dir='ltr'>δὴ</span> <span class='ocrx_word' id='word_1_73' title='bbox 1661 1110 1758 1165; x_wconf 86' lang='grc' dir='ltr'><strong>τοῦ</strong></span> <span class='ocrx_word' id='word_1_74' title='bbox 1814 1115 2018 1183; x_wconf 85' lang='grc' dir='ltr'>μυχοῦ,</span> 
     </span>
    </p>
   </div>
   <div class='ocr_carea' id='block_1_12' title="bbox 441 1181 2020 1274">
    <p class='ocr_par' dir='ltr' id='par_1_12' title="bbox 441 1181 2020 1274">
     <span class='ocr_line' id='line_1_12' title="bbox 441 1181 2020 1274; baseline 0.015 -38"><span class='ocrx_word' id='word_1_75' title='bbox 441 1181 630 1253; x_wconf 77' lang='grc' dir='ltr'>χώραν</span> <span class='ocrx_word' id='word_1_76' title='bbox 661 1204 723 1240; x_wconf 88' lang='grc' dir='ltr'><strong>τε</strong></span> <span class='ocrx_word' id='word_1_77' title='bbox 751 1184 923 1244; x_wconf 83' lang='grc' dir='ltr'>οὖσαν</span> <span class='ocrx_word' id='word_1_78' title='bbox 949 1193 1011 1246; x_wconf 84' lang='grc' dir='ltr'><strong>οὐ</strong></span> <span class='ocrx_word' id='word_1_79' title='bbox 1063 1195 1303 1267; x_wconf 82' lang='grc' dir='ltr'>φαύλην,</span> <span class='ocrx_word' id='word_1_80' title='bbox 1333 1199 1430 1257; x_wconf 76' lang='grc' dir='ltr'>καὶ</span> <span class='ocrx_word' id='word_1_81' title='bbox 1472 1202 1659 1268; x_wconf 83' lang='grc' dir='ltr'>πόλεις</span> <span class='ocrx_word' id='word_1_82' title='bbox 1691 1181 2020 1274; x_wconf 80' lang='grc' dir='ltr'>εὐδαίμονας</span> 
     </span>
    </p>
   </div>
   <div class='ocr_carea' id='block_1_13' title="bbox 443 1277 2017 1365">
    <p class='ocr_par' dir='ltr' id='par_1_13' title="bbox 443 1277 2017 1365">
     <span class='ocr_line' id='line_1_13' title="bbox 443 1277 2017 1365; baseline 0.016 -37"><span class='ocrx_word' id='word_1_83' title='bbox 443 1277 824 1346; x_wconf 80' lang='grc' dir='ltr'><strong>ὑπηγάγοντο,</strong></span> <span class='ocrx_word' id='word_1_84' title='bbox 873 1285 969 1339; x_wconf 76' lang='grc' dir='ltr'><strong>ἐπὶ</strong></span> <span class='ocrx_word' id='word_1_85' title='bbox 1002 1288 1062 1340; x_wconf 78' lang='grc' dir='ltr'><strong>τὸ</strong></span> <span class='ocrx_word' id='word_1_86' title='bbox 1125 1289 1352 1356; x_wconf 71' lang='grc' dir='ltr'>Αἰγαῖον</span> <span class='ocrx_word' id='word_1_87' title='bbox 1405 1292 1644 1363; x_wconf 77' lang='grc' dir='ltr'>πέλαγος</span> <span class='ocrx_word' id='word_1_88' title='bbox 1676 1297 1974 1365; x_wconf 78' lang='grc' dir='ltr'>ἀφικέσθαι</span> <span class='ocrx_word' id='word_1_89' title='bbox 2004 1315 2017 1330; x_wconf 87' lang='grc'><strong>·</strong></span> 
     </span>
    </p>
   </div>
   <div class='ocr_carea' id='block_1_14' title="bbox 442 1369 2017 1459">
    <p class='ocr_par' dir='ltr' id='par_1_14' title="bbox 442 1369 2017 1459">
     <span class='ocr_line' id='line_1_14' title="bbox 442 1369 2017 1459; baseline 0.017 -40"><span class='ocrx_word' id='word_1_90' title='bbox 442 1369 568 1433; x_wconf 73' lang='grc' dir='ltr'>τούς</span> <span class='ocrx_word' id='word_1_91' title='bbox 597 1388 656 1424; x_wconf 88' lang='grc' dir='ltr'><strong>τε</strong></span> <span class='ocrx_word' id='word_1_92' title='bbox 695 1375 1022 1446; x_wconf 75' lang='grc' dir='ltr'><strong>παράπλους</strong></span> <span class='ocrx_word' id='word_1_93' title='bbox 1053 1379 1224 1434; x_wconf 78' lang='grc' dir='ltr'>αὑτοῦ</span> <span class='ocrx_word' id='word_1_94' title='bbox 1277 1381 1453 1457; x_wconf 82' lang='grc' dir='ltr'>ταύτῃ</span> <span class='ocrx_word' id='word_1_95' title='bbox 1484 1389 2017 1459; x_wconf 80' lang='grc' dir='ltr'>καταστρεψάμενοι,</span> 
     </span>
    </p>
   </div>
   <div class='ocr_carea' id='block_1_15' title="bbox 442 1461 2021 1545">
    <p class='ocr_par' dir='ltr' id='par_1_15' title="bbox 442 1461 2021 1545">
     <span class='ocr_line' id='line_1_15' title="bbox 442 1461 2021 1545; baseline 0.016 -32"><span class='ocrx_word' id='word_1_96' title='bbox 442 1461 736 1534; x_wconf 69' lang='grc' dir='ltr'>Κέρκυρὰν</span> <span class='ocrx_word' id='word_1_97' title='bbox 762 1483 822 1518; x_wconf 89' lang='grc' dir='ltr'><strong>τε</strong></span> <span class='ocrx_word' id='word_1_98' title='bbox 853 1467 1221 1541; x_wconf 71' lang='grc' dir='ltr'>εχειρώσαντο</span> <span class='ocrx_word' id='word_1_99' title='bbox 1262 1474 1586 1545; x_wconf 79' lang='grc' dir='ltr'>σύμπασαν,</span> <span class='ocrx_word' id='word_1_100' title='bbox 1640 1480 1736 1533; x_wconf 74' lang='grc' dir='ltr'>καὶ</span> <span class='ocrx_word' id='word_1_101' title='bbox 1789 1480 2021 1538; x_wconf 81' lang='grc' dir='ltr'>Εὕσοιάν</span> 
     </span>
    </p>
   </div>
   <div class='ocr_carea' id='block_1_16' title="bbox 439 1558 2021 1641">
    <p class='ocr_par' dir='ltr' id='par_1_16' title="bbox 439 1558 2021 1641">
     <span class='ocr_line' id='line_1_16' title="bbox 439 1558 2021 1641; baseline 0.015 -34"><span class='ocrx_word' id='word_1_102' title='bbox 439 1571 497 1608; x_wconf 89' lang='grc' dir='ltr'><strong>τε</strong></span> <span class='ocrx_word' id='word_1_103' title='bbox 541 1558 637 1623; x_wconf 80' lang='grc' dir='ltr'>καὶ</span> <span class='ocrx_word' id='word_1_104' title='bbox 674 1559 925 1631; x_wconf 77' lang='grc' dir='ltr'>Κρήτην,</span> <span class='ocrx_word' id='word_1_105' title='bbox 960 1567 1057 1619; x_wconf 75' lang='grc' dir='ltr'>καὶ</span> <span class='ocrx_word' id='word_1_106' title='bbox 1084 1566 1506 1641; x_wconf 74' lang='grc' dir='ltr'>Πελοποννήσου</span> <span class='ocrx_word' id='word_1_107' title='bbox 1538 1573 1637 1635; x_wconf 82' lang='grc' dir='ltr'>τὰς</span> <span class='ocrx_word' id='word_1_108' title='bbox 1667 1575 1874 1639; x_wconf 81' lang='grc' dir='ltr'>πόλεις.</span> <span class='ocrx_word' id='word_1_109' title='bbox 1910 1576 2021 1631; x_wconf 78' lang='grc' dir='ltr'><strong>Καὶ</strong></span> 
     </span>
    </p>
   </div>
   <div class='ocr_carea' id='block_1_17' title="bbox 362 1649 2021 1738">
    <p class='ocr_par' dir='ltr' id='par_1_17' title="bbox 362 1649 2021 1738">
     <span class='ocr_line' id='line_1_17' title="bbox 362 1649 2021 1738; baseline 0.013 -37"><span class='ocrx_word' id='word_1_110' title='bbox 362 1700 365 1701; x_wconf 65' lang='lat'><strong>,</strong></span> <span class='ocrx_word' id='word_1_111' title='bbox 443 1649 532 1701; x_wconf 72' lang='grc' dir='ltr'>ἐπὶ</span> <span class='ocrx_word' id='word_1_112' title='bbox 562 1650 764 1720; x_wconf 89' lang='grc' dir='ltr'>Συρίαν</span> <span class='ocrx_word' id='word_1_113' title='bbox 789 1652 844 1705; x_wconf 86' lang='grc' dir='ltr'>δὲ</span> <span class='ocrx_word' id='word_1_114' title='bbox 879 1656 1211 1727; x_wconf 81' lang='grc' dir='ltr'>ἀφικόμενοι</span> <span class='ocrx_word' id='word_1_115' title='bbox 1262 1662 1457 1734; x_wconf 85' lang='grc' dir='ltr'>στόλῳ,</span> <span class='ocrx_word' id='word_1_116' title='bbox 1490 1665 1586 1718; x_wconf 79' lang='grc' dir='ltr'>καὶ</span> <span class='ocrx_word' id='word_1_117' title='bbox 1630 1668 1891 1738; x_wconf 75' lang='grc' dir='ltr'>Κυρήνην</span> <span class='ocrx_word' id='word_1_118' title='bbox 1920 1671 2021 1722; x_wconf 78' lang='grc' dir='ltr'>πό-</span> 
     </span>
    </p>
   </div>
   <div class='ocr_carea' id='block_1_18' title="bbox 441 1741 2020 1826">
    <p class='ocr_par' dir='ltr' id='par_1_18' title="bbox 441 1741 2020 1826">
     <span class='ocr_line' id='line_1_18' title="bbox 441 1741 2020 1826; baseline 0.014 -33"><span class='ocrx_word' id='word_1_119' title='bbox 441 1741 524 1794; x_wconf 67' lang='grc' dir='ltr'><strong>λιν</strong></span> <span class='ocrx_word' id='word_1_120' title='bbox 556 1743 648 1812; x_wconf 76' lang='grc' dir='ltr'><strong>ὑφ’</strong></span> <span class='ocrx_word' id='word_1_121' title='bbox 702 1745 889 1811; x_wconf 82' lang='grc' dir='ltr'>αὐτοῖς</span> <span class='ocrx_word' id='word_1_122' title='bbox 937 1753 1325 1823; x_wconf 80' lang='grc' dir='ltr'>ποιησάμενοι,</span> <span class='ocrx_word' id='word_1_123' title='bbox 1365 1759 1579 1826; x_wconf 86' lang='grc' dir='ltr'>μεγάλα</span> <span class='ocrx_word' id='word_1_124' title='bbox 1635 1758 2020 1815; x_wconf 73' lang='grc' dir='ltr'>ὕπεδείκνυντο</span> 
     </span>
    </p>
   </div>
   <div class='ocr_carea' id='block_1_19' title="bbox 439 1836 2021 1927">
    <p class='ocr_par' dir='ltr' id='par_1_19' title="bbox 439 1836 2021 1927">
     <span class='ocr_line' id='line_1_19' title="bbox 439 1836 2021 1927; baseline 0.039 -42"><span class='ocrx_word' id='word_1_125' title='bbox 439 1836 603 1905; x_wconf 73' lang='grc' dir='ltr'>ἔργα.</span> <span class='ocrx_word' id='word_1_126' title='bbox 665 1840 804 1908; x_wconf 83' lang='grc' dir='ltr'>πρός</span> <span class='ocrx_word' id='word_1_127' title='bbox 863 1859 922 1895; x_wconf 86' lang='grc' dir='ltr'><strong>τε</strong></span> <span class='ocrx_word' id='word_1_128' title='bbox 986 1843 1117 1905; x_wconf 81' lang='grc' dir='ltr'>τοὺς</span> <span class='ocrx_word' id='word_1_129' title='bbox 1183 1845 1493 1919; x_wconf 74' lang='grc' dir='ltr'>βαρσάρους</span> <span class='ocrx_word' id='word_1_130' title='bbox 1547 1852 1724 1924; x_wconf 69' lang='grc' dir='ltr'><strong>ταύτυ</strong></span> <span class='ocrx_word' id='word_1_131' title='bbox 1776 1855 2021 1927; x_wconf 64' lang='grc' dir='ltr'><strong>πολλαχῆ</strong></span> 
     </span>
    </p>
   </div>
   <div class='ocr_carea' id='block_1_20' title="bbox 437 1929 2020 2017">
    <p class='ocr_par' dir='ltr' id='par_1_20' title="bbox 437 1929 2020 2017">
     <span class='ocr_line' id='line_1_20' title="bbox 437 1929 2020 2017; baseline 0.014 -36"><span class='ocrx_word' id='word_1_132' title='bbox 437 1929 1016 2004; x_wconf 84' lang='grc' dir='ltr'>διαναυμαχήσαντες,</span> <span class='ocrx_word' id='word_1_133' title='bbox 1080 1939 1175 1991; x_wconf 70' lang='grc' dir='ltr'>καὶ</span> <span class='ocrx_word' id='word_1_134' title='bbox 1216 1941 1318 2010; x_wconf 81' lang='grc' dir='ltr'>τῆς</span> <span class='ocrx_word' id='word_1_135' title='bbox 1394 1942 1675 2016; x_wconf 79' lang='grc' dir='ltr'><strong>Θαλάσσης</strong></span> <span class='ocrx_word' id='word_1_136' title='bbox 1726 1947 1828 2017; x_wconf 85' lang='grc' dir='ltr'>τῆς</span> <span class='ocrx_word' id='word_1_137' title='bbox 1866 1949 2020 2013; x_wconf 75' lang='grc' dir='ltr'>ἐντὸς</span> 
     </span>
    </p>
   </div>
   <div class='ocr_carea' id='block_1_21' title="bbox 451 2022 2018 2104">
    <p class='ocr_par' dir='ltr' id='par_1_21' title="bbox 451 2022 2018 2104">
     <span class='ocr_line' id='line_1_21' title="bbox 451 2022 2018 2104; baseline 0.013 -29"><span class='ocrx_word' id='word_1_138' title='bbox 451 2022 795 2093; x_wconf 78' lang='grc' dir='ltr'>Ἡρακλείων</span> <span class='ocrx_word' id='word_1_139' title='bbox 830 2029 1047 2096; x_wconf 80' lang='grc' dir='ltr'>στηλῶν</span> <span class='ocrx_word' id='word_1_140' title='bbox 1091 2031 1594 2104; x_wconf 75' lang='grc' dir='ltr'>ἐπικρατήσαντες,</span> <span class='ocrx_word' id='word_1_141' title='bbox 1641 2043 1784 2094; x_wconf 81' lang='grc' dir='ltr'>κατά</span> <span class='ocrx_word' id='word_1_142' title='bbox 1820 2058 1876 2094; x_wconf 72' lang='grc' dir='ltr'><strong>τε</strong></span> <span class='ocrx_word' id='word_1_143' title='bbox 1911 2041 2018 2094; x_wconf 84' lang='grc' dir='ltr'><strong>Εὐ-</strong></span> 
     </span>
    </p>
   </div>
   <div class='ocr_carea' id='block_1_22' title="bbox 446 2113 2020 2199">
    <p class='ocr_par' dir='ltr' id='par_1_22' title="bbox 446 2113 2020 2199">
     <span class='ocr_line' id='line_1_22' title="bbox 446 2113 2020 2199; baseline 0.015 -35"><span class='ocrx_word' id='word_1_144' title='bbox 446 2113 658 2183; x_wconf 81' lang='grc' dir='ltr'>ρώπην.</span> <span class='ocrx_word' id='word_1_145' title='bbox 688 2117 829 2185; x_wconf 73' lang='grc' dir='ltr'>πρὸς</span> <span class='ocrx_word' id='word_1_146' title='bbox 853 2119 982 2182; x_wconf 81' lang='grc' dir='ltr'>τοὺς</span> <span class='ocrx_word' id='word_1_147' title='bbox 1011 2123 1069 2173; x_wconf 75' lang='grc' dir='ltr'>ἐν</span> <span class='ocrx_word' id='word_1_148' title='bbox 1105 2125 1173 2195; x_wconf 78' lang='grc' dir='ltr'>τῇ</span> <span class='ocrx_word' id='word_1_149' title='bbox 1233 2123 1475 2199; x_wconf 82' lang='grc' dir='ltr'><strong>Θαλάττῃ</strong></span> <span class='ocrx_word' id='word_1_150' title='bbox 1516 2127 1814 2193; x_wconf 83' lang='grc' dir='ltr'>δοκοῦντας</span> <span class='ocrx_word' id='word_1_151' title='bbox 1859 2130 2020 2186; x_wconf 80' lang='grc' dir='ltr'>δύνα-</span> 
     </span>
    </p>
   </div>
   <div class='ocr_carea' id='block_1_23' title="bbox 441 2206 2019 2298">
    <p class='ocr_par' dir='ltr' id='par_1_23' title="bbox 441 2206 2019 2298">
     <span class='ocr_line' id='line_1_23' title="bbox 441 2206 2019 2298; baseline 0.015 -39"><span class='ocrx_word' id='word_1_152' title='bbox 441 2206 565 2261; x_wconf 83' lang='grc' dir='ltr'>σθαι</span> <span class='ocrx_word' id='word_1_153' title='bbox 597 2210 778 2264; x_wconf 80' lang='grc' dir='ltr'>ὁτιοῦν</span> <span class='ocrx_word' id='word_1_154' title='bbox 821 2211 1206 2285; x_wconf 79' lang='grc' dir='ltr'>διεπολέμουν.</span> <span class='ocrx_word' id='word_1_155' title='bbox 1244 2219 1356 2275; x_wconf 81' lang='grc' dir='ltr'><strong>Καὶ</strong></span> <span class='ocrx_word' id='word_1_156' title='bbox 1409 2220 1644 2287; x_wconf 87' lang='grc' dir='ltr'>Ἰταλίας</span> <span class='ocrx_word' id='word_1_157' title='bbox 1702 2226 1886 2295; x_wconf 80' lang='grc' dir='ltr'>μέντοι</span> <span class='ocrx_word' id='word_1_158' title='bbox 1919 2227 2019 2298; x_wconf 80' lang='grc' dir='ltr'>τῆς</span> 
     </span>
    </p>
   </div>
   <div class='ocr_carea' id='block_1_24' title="bbox 439 2300 2019 2386">
    <p class='ocr_par' dir='ltr' id='par_1_24' title="bbox 439 2300 2019 2386">
     <span class='ocr_line' id='line_1_24' title="bbox 439 2300 2019 2386; baseline 0.013 -34"><span class='ocrx_word' id='word_1_159' title='bbox 439 2300 731 2370; x_wconf 76' lang='grc' dir='ltr'>παράπλου</span> <span class='ocrx_word' id='word_1_160' title='bbox 771 2303 925 2360; x_wconf 72' lang='grc' dir='ltr'>οὐδὲν</span> <span class='ocrx_word' id='word_1_161' title='bbox 975 2308 1004 2360; x_wconf 84' lang='grc' dir='ltr'><strong>ὃ</strong></span> <span class='ocrx_word' id='word_1_162' title='bbox 1032 2325 1086 2362; x_wconf 89' lang='grc' dir='ltr'><strong>τι</strong></span> <span class='ocrx_word' id='word_1_163' title='bbox 1137 2311 1231 2364; x_wconf 82' lang='grc' dir='ltr'>καὶ</span> <span class='ocrx_word' id='word_1_164' title='bbox 1257 2310 1408 2377; x_wconf 78' lang='grc' dir='ltr'>ἄξιον</span> <span class='ocrx_word' id='word_1_165' title='bbox 1441 2315 1604 2382; x_wconf 81' lang='grc' dir='ltr'>λόγου</span> <span class='ocrx_word' id='word_1_166' title='bbox 1662 2316 2019 2386; x_wconf 78' lang='grc' dir='ltr'><strong>ὑπηγάγοντο</strong></span> 
     </span>
    </p>
   </div>
   <div class='ocr_carea' id='block_1_25' title="bbox 441 2393 2018 2478">
    <p class='ocr_par' dir='ltr' id='par_1_25' title="bbox 441 2393 2018 2478">
     <span class='ocr_line' id='line_1_25' title="bbox 441 2393 2018 2478; baseline 0.012 -33"><span class='ocrx_word' id='word_1_167' title='bbox 441 2393 648 2460; x_wconf 74' lang='grc' dir='ltr'>σφίσιν,</span> <span class='ocrx_word' id='word_1_168' title='bbox 685 2397 865 2469; x_wconf 82' lang='grc' dir='ltr'>ὅτιμὴ</span> <span class='ocrx_word' id='word_1_169' title='bbox 909 2397 1204 2471; x_wconf 76' lang='grc' dir='ltr'>Ῥαδέννην</span> <span class='ocrx_word' id='word_1_170' title='bbox 1240 2404 1398 2460; x_wconf 86' lang='grc' dir='ltr'>πόλιν</span> <span class='ocrx_word' id='word_1_171' title='bbox 1446 2407 1766 2478; x_wconf 72' lang='grc' dir='ltr'>εὐδαίμονα,</span> <span class='ocrx_word' id='word_1_172' title='bbox 1827 2410 2018 2465; x_wconf 81' lang='grc' dir='ltr'>τελευο</span> 
     </span>
    </p>
   </div>
   <div class='ocr_carea' id='block_1_26' title="bbox 437 2486 2018 2570">
    <p class='ocr_par' dir='ltr' id='par_1_26' title="bbox 437 2486 2018 2570">
     <span class='ocr_line' id='line_1_26' title="bbox 437 2486 2018 2570; baseline 0.014 -37"><span class='ocrx_word' id='word_1_173' title='bbox 437 2486 708 2555; x_wconf 80' lang='grc' dir='ltr'>τήσαντος</span> <span class='ocrx_word' id='word_1_174' title='bbox 736 2487 829 2542; x_wconf 89' lang='grc' dir='ltr'><strong>τοῦ</strong></span> <span class='ocrx_word' id='word_1_175' title='bbox 853 2492 911 2543; x_wconf 69' lang='grc' dir='ltr'>ἐν</span> <span class='ocrx_word' id='word_1_176' title='bbox 957 2493 1096 2565; x_wconf 68' lang='grc' dir='ltr'>αὖτῇ</span> <span class='ocrx_word' id='word_1_177' title='bbox 1133 2495 1425 2566; x_wconf 83' lang='grc' dir='ltr'>ήγεμόνος,</span> <span class='ocrx_word' id='word_1_178' title='bbox 1471 2497 1560 2550; x_wconf 81' lang='grc' dir='ltr'>διὰ</span> <span class='ocrx_word' id='word_1_179' title='bbox 1616 2499 1677 2552; x_wconf 75' lang='grc' dir='ltr'>τὸ</span> <span class='ocrx_word' id='word_1_180' title='bbox 1728 2501 1804 2570; x_wconf 80' lang='grc' dir='ltr'>μὴ</span> <span class='ocrx_word' id='word_1_181' title='bbox 1848 2503 1907 2564; x_wconf 73' lang='grc' dir='ltr'>ἐς</span> <span class='ocrx_word' id='word_1_182' title='bbox 1958 2501 2018 2555; x_wconf 78' lang='grc' dir='ltr'>τὸ</span> 
     </span>
    </p>
   </div>
   <div class='ocr_carea' id='block_1_27' title="bbox 436 2575 2019 2662">
    <p class='ocr_par' dir='ltr' id='par_1_27' title="bbox 436 2575 2019 2662">
     <span class='ocr_line' id='line_1_27' title="bbox 436 2575 2019 2662; baseline 0.015 -38"><span class='ocrx_word' id='word_1_183' title='bbox 436 2575 715 2645; x_wconf 81' lang='grc' dir='ltr'><strong>ὁμόφυλον</strong></span> <span class='ocrx_word' id='word_1_184' title='bbox 758 2580 898 2634; x_wconf 83' lang='grc' dir='ltr'>ίέναι</span> <span class='ocrx_word' id='word_1_185' title='bbox 932 2584 1178 2656; x_wconf 74' lang='grc' dir='ltr'>πολέμῳ,</span> <span class='ocrx_word' id='word_1_186' title='bbox 1211 2587 1329 2639; x_wconf 82' lang='grc' dir='ltr'>ἀλλ’</span> <span class='ocrx_word' id='word_1_187' title='bbox 1361 2589 1456 2644; x_wconf 74' lang='grc' dir='ltr'><strong>ἐπὶ</strong></span> <span class='ocrx_word' id='word_1_188' title='bbox 1513 2591 1642 2654; x_wconf 78' lang='grc' dir='ltr'>τοὺς</span> <span class='ocrx_word' id='word_1_189' title='bbox 1681 2593 2019 2662; x_wconf 79' lang='grc' dir='ltr'>ἀλλοφύλους</span> 
     </span>
    </p>
   </div>
   <div class='ocr_carea' id='block_1_28' title="bbox 436 2666 2018 2754">
    <p class='ocr_par' dir='ltr' id='par_1_28' title="bbox 436 2666 2018 2754">
     <span class='ocr_line' id='line_1_28' title="bbox 436 2666 2018 2754; baseline 0.016 -38"><span class='ocrx_word' id='word_1_190' title='bbox 436 2666 850 2744; x_wconf 75' lang='grc' dir='ltr'>διαναυμαχεῖν.</span> <span class='ocrx_word' id='word_1_191' title='bbox 893 2673 1275 2748; x_wconf 80' lang='grc' dir='ltr'>Ἐπολέμησαν</span> <span class='ocrx_word' id='word_1_192' title='bbox 1301 2679 1355 2735; x_wconf 77' lang='grc' dir='ltr'>δὲ</span> <span class='ocrx_word' id='word_1_193' title='bbox 1407 2673 1556 2737; x_wconf 76' lang='grc' dir='ltr'>οὗτοι</span> <span class='ocrx_word' id='word_1_194' title='bbox 1616 2685 1752 2754; x_wconf 85' lang='grc' dir='ltr'>πρός</span> <span class='ocrx_word' id='word_1_195' title='bbox 1787 2703 1843 2739; x_wconf 87' lang='grc' dir='ltr'><strong>τε</strong></span> <span class='ocrx_word' id='word_1_196' title='bbox 1889 2689 2018 2752; x_wconf 81' lang='grc' dir='ltr'>τοὺς</span> 
     </span>
    </p>
   </div>
   <div class='ocr_carea' id='block_1_29' title="bbox 441 2757 2016 2852">
    <p class='ocr_par' dir='ltr' id='par_1_29' title="bbox 441 2757 2016 2852">
     <span class='ocr_line' id='line_1_29' title="bbox 441 2757 2016 2852; baseline 0.016 -42"><span class='ocrx_word' id='word_1_197' title='bbox 441 2757 736 2831; x_wconf 76' lang='grc' dir='ltr'>Ἕλληνας,</span> <span class='ocrx_word' id='word_1_198' title='bbox 803 2771 897 2819; x_wconf 66' lang='grc' dir='ltr'><strong>καὶ</strong></span> <span class='ocrx_word' id='word_1_199' title='bbox 945 2772 1257 2843; x_wconf 78' lang='grc' dir='ltr'>ναυμαχίας</span> <span class='ocrx_word' id='word_1_200' title='bbox 1316 2777 1756 2848; x_wconf 77' lang='grc' dir='ltr'>περιγενόμενοι,</span> <span class='ocrx_word' id='word_1_201' title='bbox 1807 2781 1908 2852; x_wconf 84' lang='grc' dir='ltr'><strong>τήν</strong></span> <span class='ocrx_word' id='word_1_202' title='bbox 1957 2800 2016 2835; x_wconf 88' lang='grc' dir='ltr'><strong>τε</strong></span> 
     </span>
    </p>
   </div>
   <div class='ocr_carea' id='block_1_30' title="bbox 443 2856 2018 2942">
    <p class='ocr_par' dir='ltr' id='par_1_30' title="bbox 443 2856 2018 2942">
     <span class='ocr_line' id='line_1_30' title="bbox 443 2856 2018 2942; baseline 0.015 -37"><span class='ocrx_word' id='word_1_203' title='bbox 443 2856 781 2924; x_wconf 72' lang='grc' dir='ltr'>μητρόπολιν</span> <span class='ocrx_word' id='word_1_204' title='bbox 821 2861 1212 2932; x_wconf 77' lang='grc' dir='ltr'>ὲχεφώσαντο,</span> <span class='ocrx_word' id='word_1_205' title='bbox 1271 2868 1655 2939; x_wconf 73' lang='grc' dir='ltr'>ἱπισπομένων</span> <span class='ocrx_word' id='word_1_206' title='bbox 1718 2873 1871 2942; x_wconf 81' lang='grc' dir='ltr'>σφίσι</span> <span class='ocrx_word' id='word_1_207' title='bbox 1925 2874 2018 2928; x_wconf 68' lang='grc' dir='ltr'>καὶ</span> 
     </span>
    </p>
   </div>
   <div class='ocr_carea' id='block_1_31' title="bbox 440 2947 2019 3033">
    <p class='ocr_par' dir='ltr' id='par_1_31' title="bbox 440 2947 2019 3033">
     <span class='ocr_line' id='line_1_31' title="bbox 440 2947 2019 3033; baseline 0.015 -35"><span class='ocrx_word' id='word_1_208' title='bbox 440 2947 718 3017; x_wconf 72' lang='grc' dir='ltr'>ἑσπερίων</span> <span class='ocrx_word' id='word_1_209' title='bbox 748 2954 989 3022; x_wconf 78' lang='grc' dir='ltr'>συχνῶν.</span> <span class='ocrx_word' id='word_1_210' title='bbox 1035 2955 1462 3030; x_wconf 78' lang='grc' dir='ltr'>Ἐξηγουμένων</span> <span class='ocrx_word' id='word_1_211' title='bbox 1492 2962 1540 3016; x_wconf 81' lang='grc' dir='ltr'>δ’</span> <span class='ocrx_word' id='word_1_212' title='bbox 1569 2964 1751 3019; x_wconf 82' lang='grc' dir='ltr'>αὐτῶν</span> <span class='ocrx_word' id='word_1_213' title='bbox 1777 2965 1872 3019; x_wconf 67' lang='grc' dir='ltr'><strong>ἐπὶ</strong></span> <span class='ocrx_word' id='word_1_214' title='bbox 1889 2967 2019 3033; x_wconf 79' lang='grc' dir='ltr'>τοὺς</span> 
     </span>
    </p>
   </div>
   <div class='ocr_carea' id='block_1_32' title="bbox 439 3039 2016 3130">
    <p class='ocr_par' dir='ltr' id='par_1_32' title="bbox 439 3039 2016 3130">
     <span class='ocr_line' id='line_1_32' title="bbox 439 3039 2016 3130; baseline 0.015 -39"><span class='ocrx_word' id='word_1_215' title='bbox 439 3039 731 3112; x_wconf 82' lang='grc' dir='ltr'>Ἓλληνας,</span> <span class='ocrx_word' id='word_1_216' title='bbox 767 3047 957 3111; x_wconf 78' lang='grc' dir='ltr'>καὶὼς</span> <span class='ocrx_word' id='word_1_217' title='bbox 1002 3050 1097 3119; x_wconf 82' lang='grc' dir='ltr'>τῆς</span> <span class='ocrx_word' id='word_1_218' title='bbox 1133 3053 1368 3124; x_wconf 65' lang='grc' dir='ltr'>ἠπείρου</span> <span class='ocrx_word' id='word_1_219' title='bbox 1404 3055 1724 3127; x_wconf 76' lang='grc' dir='ltr'>ἀντέχεσθαι</span> <span class='ocrx_word' id='word_1_220' title='bbox 1757 3059 2016 3130; x_wconf 66' lang='grc' dir='ltr'>ἤρξαντο,</span> 
     </span>
    </p>
   </div>
   <div class='ocr_carea' id='block_1_33' title="bbox 2125 564 3706 636">
    <p class='ocr_par' dir='ltr' id='par_1_33' title="bbox 2125 564 3706 636">
     <span class='ocr_line' id='line_1_33' title="bbox 2125 564 3706 636; baseline 0.004 -23"><span class='ocrx_word' id='word_1_221' title='bbox 2125 574 2362 628; x_wconf 86' lang='lat' dir='ltr'><strong>morum,</strong></span> <span class='ocrx_word' id='word_1_222' title='bbox 2391 576 2603 617; x_wconf 83' lang='lat' dir='ltr'><strong>necnon</strong></span> <span class='ocrx_word' id='word_1_223' title='bbox 2634 564 2957 633; x_wconf 91' lang='lat' dir='ltr'><strong>templorum</strong></span> <span class='ocrx_word' id='word_1_224' title='bbox 2990 565 3393 636; x_wconf 80' lang='lat' dir='ltr'><strong>magniﬁcentia</strong></span> <span class='ocrx_word' id='word_1_225' title='bbox 3431 565 3706 626; x_wconf 77' lang='lat' dir='ltr'><strong>condeco-</strong></span> 
     </span>
    </p>
   </div>
   <div class='ocr_carea' id='block_1_34' title="bbox 2127 651 3705 723">
    <p class='ocr_par' dir='ltr' id='par_1_34' title="bbox 2127 651 3705 723">
     <span class='ocr_line' id='line_1_34' title="bbox 2127 651 3705 723; baseline 0.004 -17"><span class='ocrx_word' id='word_1_226' title='bbox 2127 663 2340 710; x_wconf 87' lang='lat' dir='ltr'><strong>rarunt.</strong></span> <span class='ocrx_word' id='word_1_227' title='bbox 2379 651 2659 711; x_wconf 85' lang='lat' dir='ltr'><strong>Triremes</strong></span> <span class='ocrx_word' id='word_1_228' title='bbox 2683 667 3006 714; x_wconf 77' lang='lat' dir='ltr'><strong>exstruxere</strong></span> <span class='ocrx_word' id='word_1_229' title='bbox 3039 675 3144 714; x_wconf 92' lang='lat' dir='ltr'><strong>non</strong></span> <span class='ocrx_word' id='word_1_230' title='bbox 3185 658 3454 723; x_wconf 83' lang='lat' dir='ltr'><strong>modicas,</strong></span> <span class='ocrx_word' id='word_1_231' title='bbox 3490 667 3544 712; x_wconf 89' lang='lat' dir='ltr'><strong>et</strong></span> <span class='ocrx_word' id='word_1_232' title='bbox 3575 672 3705 712; x_wconf 88' lang='lat' dir='ltr'><strong>mu-</strong></span> 
     </span>
    </p>
   </div>
   <div class='ocr_carea' id='block_1_35' title="bbox 2123 746 3707 806">
    <p class='ocr_par' dir='ltr' id='par_1_35' title="bbox 2123 746 3707 806">
     <span class='ocr_line' id='line_1_35' title="bbox 2123 746 3707 806; baseline 0.003 -7"><span class='ocrx_word' id='word_1_233' title='bbox 2123 746 2378 802; x_wconf 88' lang='lat' dir='ltr'><strong>nimentis</strong></span> <span class='ocrx_word' id='word_1_234' title='bbox 2407 763 2466 804; x_wconf 81' lang='lat' dir='ltr'><strong>se</strong></span> <span class='ocrx_word' id='word_1_235' title='bbox 2491 750 2864 805; x_wconf 88' lang='lat' dir='ltr'><strong>communicre</strong></span> <span class='ocrx_word' id='word_1_236' title='bbox 2896 750 3252 806; x_wconf 75' lang='lat' dir='ltr'><strong>ﬁrmissimis.</strong></span> <span class='ocrx_word' id='word_1_237' title='bbox 3308 751 3511 806; x_wconf 85' lang='lat' dir='ltr'><strong>Deinde</strong></span> <span class='ocrx_word' id='word_1_238' title='bbox 3533 750 3707 804; x_wconf 89' lang='lat' dir='ltr'><strong>ambi—</strong></span> 
     </span>
    </p>
   </div>
   <div class='ocr_carea' id='block_1_36' title="bbox 2126 838 3703 914">
    <p class='ocr_par' dir='ltr' id='par_1_36' title="bbox 2126 838 3703 914">
     <span class='ocr_line' id='line_1_36' title="bbox 2126 838 3703 914; baseline 0.003 -22"><span class='ocrx_word' id='word_1_239' title='bbox 2126 838 2277 895; x_wconf 89' lang='lat' dir='ltr'><strong>tione</strong></span> <span class='ocrx_word' id='word_1_240' title='bbox 2313 842 2468 907; x_wconf 90' lang='lat' dir='ltr'><strong>moti,</strong></span> <span class='ocrx_word' id='word_1_241' title='bbox 2505 841 2720 897; x_wconf 88' lang='lat' dir='ltr'><strong>navalia</strong></span> <span class='ocrx_word' id='word_1_242' title='bbox 2757 841 2915 914; x_wconf 79' lang='lat'><strong>100</strong></span> <span class='ocrx_word' id='word_1_243' title='bbox 2939 844 3122 912; x_wconf 62' lang='lat' dir='ltr'><strong>praelia</strong></span> <span class='ocrx_word' id='word_1_244' title='bbox 3146 843 3703 899; x_wconf 87' lang='lat' dir='ltr'><strong>committebantcum</strong></span> 
     </span>
    </p>
   </div>
   <div class='ocr_carea' id='block_1_37' title="bbox 2124 932 3707 1007">
    <p class='ocr_par' dir='ltr' id='par_1_37' title="bbox 2124 932 3707 1007">
     <span class='ocr_line' id='line_1_37' title="bbox 2124 932 3707 1007; baseline 0.003 -21"><span class='ocrx_word' id='word_1_245' title='bbox 2124 932 2190 986; x_wconf 87' lang='lat' dir='ltr'><strong>iis</strong></span> <span class='ocrx_word' id='word_1_246' title='bbox 2216 932 2307 1000; x_wconf 92' lang='lat' dir='ltr'><strong>qui</strong></span> <span class='ocrx_word' id='word_1_247' title='bbox 2341 932 2499 1003; x_wconf 76' lang='lat' dir='ltr'><strong>longe</strong></span> <span class='ocrx_word' id='word_1_248' title='bbox 2527 933 2746 1003; x_wconf 84' lang='lat' dir='ltr'><strong>lateque</strong></span> <span class='ocrx_word' id='word_1_249' title='bbox 2769 935 2950 989; x_wconf 87' lang='lat' dir='ltr'><strong>navali</strong></span> <span class='ocrx_word' id='word_1_250' title='bbox 3007 936 3178 1007; x_wconf 74' lang='lat' dir='ltr'><strong>gloria</strong></span> <span class='ocrx_word' id='word_1_251' title='bbox 3237 950 3533 991; x_wconf 88' lang='lat' dir='ltr'><strong>coruscare</strong></span> <span class='ocrx_word' id='word_1_252' title='bbox 3556 936 3707 990; x_wconf 79' lang='lat' dir='ltr'><strong>vide-</strong></span> 
     </span>
    </p>
   </div>
   <div class='ocr_carea' id='block_1_38' title="bbox 2123 1021 3706 1096">
    <p class='ocr_par' dir='ltr' id='par_1_38' title="bbox 2123 1021 3706 1096">
     <span class='ocr_line' id='line_1_38' title="bbox 2123 1021 3706 1096; baseline 0.003 -20"><span class='ocrx_word' id='word_1_253' title='bbox 2123 1021 2345 1078; x_wconf 87' lang='lat' dir='ltr'><strong>bantur.</strong></span> <span class='ocrx_word' id='word_1_254' title='bbox 2384 1025 2561 1079; x_wconf 86' lang='lat' dir='ltr'><strong>Etiam</strong></span> <span class='ocrx_word' id='word_1_255' title='bbox 2595 1024 2645 1078; x_wconf 82' lang='grc' dir='ltr'><strong>Ιιὶ</strong></span> <span class='ocrx_word' id='word_1_256' title='bbox 2687 1039 2921 1093; x_wconf 88' lang='lat' dir='ltr'><strong>quorum</strong></span> <span class='ocrx_word' id='word_1_257' title='bbox 2967 1027 3208 1096; x_wconf 85' lang='lat' dir='ltr'><strong>potentia</strong></span> <span class='ocrx_word' id='word_1_258' title='bbox 3262 1028 3404 1082; x_wconf 87' lang='lat' dir='ltr'><strong>mari</strong></span> <span class='ocrx_word' id='word_1_259' title='bbox 3471 1027 3706 1083; x_wconf 81' lang='lat' dir='ltr'><strong>maxima</strong></span> 
     </span>
    </p>
   </div>
   <div class='ocr_carea' id='block_1_39' title="bbox 2123 1116 3708 1180">
    <p class='ocr_par' dir='ltr' id='par_1_39' title="bbox 2123 1116 3708 1180">
     <span class='ocr_line' id='line_1_39' title="bbox 2123 1116 3708 1180; baseline 0.003 -12"><span class='ocrx_word' id='word_1_260' title='bbox 2123 1123 2262 1180; x_wconf 87' lang='lat' dir='ltr'><strong>erat,</strong></span> <span class='ocrx_word' id='word_1_261' title='bbox 2303 1117 2622 1173; x_wconf 86' lang='lat' dir='ltr'><strong>metuebant</strong></span> <span class='ocrx_word' id='word_1_262' title='bbox 2657 1116 2984 1173; x_wconf 81' lang='lat' dir='ltr'><strong>Venetorum</strong></span> <span class='ocrx_word' id='word_1_263' title='bbox 3039 1119 3313 1175; x_wconf 81' lang='lat' dir='ltr'><strong>lacessere</strong></span> <span class='ocrx_word' id='word_1_264' title='bbox 3335 1134 3486 1174; x_wconf 90' lang='lat' dir='ltr'><strong>arma</strong></span> <span class='ocrx_word' id='word_1_265' title='bbox 3521 1134 3538 1173; x_wconf 89' lang='lat'><strong>:</strong></span> <span class='ocrx_word' id='word_1_266' title='bbox 3569 1119 3708 1173; x_wconf 88' lang='lat' dir='ltr'><strong>adeo</strong></span> 
     </span>
    </p>
   </div>
   <div class='ocr_carea' id='block_1_40' title="bbox 2125 1208 3705 1281">
    <p class='ocr_par' dir='ltr' id='par_1_40' title="bbox 2125 1208 3705 1281">
     <span class='ocr_line' id='line_1_40' title="bbox 2125 1208 3705 1281; baseline 0.001 -21"><span class='ocrx_word' id='word_1_267' title='bbox 2125 1222 2320 1276; x_wconf 79' lang='lat' dir='ltr'><strong>magna</strong></span> <span class='ocrx_word' id='word_1_268' title='bbox 2358 1209 2443 1265; x_wconf 83' lang='lat' dir='ltr'><strong>his</strong></span> <span class='ocrx_word' id='word_1_269' title='bbox 2484 1219 2798 1267; x_wconf 75' lang='lat' dir='ltr'><strong>accesserat</strong></span> <span class='ocrx_word' id='word_1_270' title='bbox 2857 1211 3121 1280; x_wconf 90' lang='lat' dir='ltr'><strong>potentia.</strong></span> <span class='ocrx_word' id='word_1_271' title='bbox 3170 1208 3469 1281; x_wconf 75' lang='lat' dir='ltr'><strong>Regionetn</strong></span> <span class='ocrx_word' id='word_1_272' title='bbox 3523 1218 3705 1266; x_wconf 89' lang='lat' dir='ltr'><strong>autem</strong></span> 
     </span>
    </p>
   </div>
   <div class='ocr_carea' id='block_1_41' title="bbox 2126 1301 3709 1374">
    <p class='ocr_par' dir='ltr' id='par_1_41' title="bbox 2126 1301 3709 1374">
     <span class='ocr_line' id='line_1_41' title="bbox 2126 1301 3709 1374; baseline 0.001 -18"><span class='ocrx_word' id='word_1_273' title='bbox 2126 1301 2274 1356; x_wconf 84' lang='lat' dir='ltr'><strong>haud</strong></span> <span class='ocrx_word' id='word_1_274' title='bbox 2304 1301 2871 1373; x_wconf 71' lang='lat' dir='ltr'><strong>intrugiferam.qnae</strong></span> <span class='ocrx_word' id='word_1_275' title='bbox 2921 1303 3205 1374; x_wconf 67' lang='lat' dir='ltr'><strong>naviganti</strong></span> <span class='ocrx_word' id='word_1_276' title='bbox 3253 1319 3284 1359; x_wconf 87' lang='lat' dir='ltr'><strong>a</strong></span> <span class='ocrx_word' id='word_1_277' title='bbox 3334 1304 3458 1358; x_wconf 82' lang='lat' dir='ltr'><strong>sinu</strong></span> <span class='ocrx_word' id='word_1_278' title='bbox 3516 1317 3709 1359; x_wconf 87' lang='lat' dir='ltr'><strong>versus</strong></span> 
     </span>
    </p>
   </div>
   <div class='ocr_carea' id='block_1_42' title="bbox 2122 1394 3705 1465">
    <p class='ocr_par' dir='ltr' id='par_1_42' title="bbox 2122 1394 3705 1465">
     <span class='ocr_line' id='line_1_42' title="bbox 2122 1394 3705 1465; baseline 0.003 -19"><span class='ocrx_word' id='word_1_279' title='bbox 2122 1394 2334 1447; x_wconf 87' lang='lat' dir='ltr'><strong>Ionium</strong></span> <span class='ocrx_word' id='word_1_280' title='bbox 2373 1408 2402 1448; x_wconf 87' lang='lat' dir='ltr'><strong>a</strong></span> <span class='ocrx_word' id='word_1_281' title='bbox 2429 1395 2651 1450; x_wconf 87' lang='lat' dir='ltr'><strong>sinistra</strong></span> <span class='ocrx_word' id='word_1_282' title='bbox 2687 1405 2791 1462; x_wconf 89' lang='lat' dir='ltr'><strong>est,</strong></span> <span class='ocrx_word' id='word_1_283' title='bbox 2841 1397 3078 1451; x_wconf 66' lang='lat' dir='ltr'><strong>eturlzes</strong></span> <span class='ocrx_word' id='word_1_284' title='bbox 3123 1396 3411 1464; x_wconf 83' lang='lat' dir='ltr'><strong>opulentas</strong></span> <span class='ocrx_word' id='word_1_285' title='bbox 3466 1395 3705 1465; x_wconf 63' lang='lat' dir='ltr'><strong>subeaeo</strong></span> 
     </span>
    </p>
   </div>
   <div class='ocr_carea' id='block_1_43' title="bbox 2123 1485 3704 1558">
    <p class='ocr_par' dir='ltr' id='par_1_43' title="bbox 2123 1485 3704 1558">
     <span class='ocr_line' id='line_1_43' title="bbox 2123 1485 3704 1558; baseline -0.001 -15"><span class='ocrx_word' id='word_1_286' title='bbox 2123 1498 2249 1543; x_wconf 88' lang='lat' dir='ltr'><strong>runt</strong></span> <span class='ocrx_word' id='word_1_287' title='bbox 2273 1501 2446 1558; x_wconf 83' lang='lat' dir='ltr'><strong>usque</strong></span> <span class='ocrx_word' id='word_1_288' title='bbox 2471 1487 2539 1542; x_wconf 91' lang='lat' dir='ltr'><strong>ad</strong></span> <span class='ocrx_word' id='word_1_289' title='bbox 2577 1501 2726 1542; x_wconf 87' lang='lat' dir='ltr'><strong>mare</strong></span> <span class='ocrx_word' id='word_1_290' title='bbox 2779 1485 3051 1558; x_wconf 64' lang='lat' dir='ltr'><strong>Aﬁgazum.</strong></span> <span class='ocrx_word' id='word_1_291' title='bbox 3104 1486 3274 1557; x_wconf 75' lang='lat' dir='ltr'><strong>&quot;uitis</strong></span> <span class='ocrx_word' id='word_1_292' title='bbox 3297 1495 3487 1558; x_wconf 88' lang='lat' dir='ltr'><strong>portus</strong></span> <span class='ocrx_word' id='word_1_293' title='bbox 3510 1502 3704 1543; x_wconf 77' lang='lat' dir='ltr'><strong>omnes</strong></span> 
     </span>
    </p>
   </div>
   <div class='ocr_carea' id='block_1_44' title="bbox 2123 1580 3707 1653">
    <p class='ocr_par' dir='ltr' id='par_1_44' title="bbox 2123 1580 3707 1653">
     <span class='ocr_line' id='line_1_44' title="bbox 2123 1580 3707 1653; baseline 0.001 -18"><span class='ocrx_word' id='word_1_294' title='bbox 2123 1582 2176 1635; x_wconf 88' lang='lat' dir='ltr'><strong>in</strong></span> <span class='ocrx_word' id='word_1_295' title='bbox 2210 1588 2531 1651; x_wconf 87' lang='lat' dir='ltr'><strong>potestatem</strong></span> <span class='ocrx_word' id='word_1_296' title='bbox 2569 1580 2892 1650; x_wconf 78' lang='lat' dir='ltr'><strong>redigentes,</strong></span> <span class='ocrx_word' id='word_1_297' title='bbox 2947 1582 3244 1653; x_wconf 81' lang='lat' dir='ltr'><strong>Corcyram</strong></span> <span class='ocrx_word' id='word_1_298' title='bbox 3296 1582 3607 1638; x_wconf 79' lang='lat' dir='ltr'><strong>universam</strong></span> <span class='ocrx_word' id='word_1_299' title='bbox 3649 1582 3707 1636; x_wconf 90' lang='lat' dir='ltr'><strong>in</strong></span> 
     </span>
    </p>
   </div>
   <div class='ocr_carea' id='block_1_45' title="bbox 2122 1674 3709 1745">
    <p class='ocr_par' dir='ltr' id='par_1_45' title="bbox 2122 1674 3709 1745">
     <span class='ocr_line' id='line_1_45' title="bbox 2122 1674 3709 1745; baseline 0.001 -17"><span class='ocrx_word' id='word_1_300' title='bbox 2122 1674 2385 1729; x_wconf 85' lang='lat' dir='ltr'><strong>ditionem</strong></span> <span class='ocrx_word' id='word_1_301' title='bbox 2424 1681 2776 1743; x_wconf 80' lang='lat' dir='ltr'><strong>acceperunt.</strong></span> <span class='ocrx_word' id='word_1_302' title='bbox 2833 1674 3112 1745; x_wconf 85' lang='lat' dir='ltr'><strong>Ceperunt</strong></span> <span class='ocrx_word' id='word_1_303' title='bbox 3169 1675 3525 1740; x_wconf 68' lang='lat' dir='ltr'><strong>Eubmam,et</strong></span> <span class='ocrx_word' id='word_1_304' title='bbox 3573 1674 3709 1731; x_wconf 89' lang='lat' dir='ltr'><strong>Cre-</strong></span> 
     </span>
    </p>
   </div>
   <div class='ocr_carea' id='block_1_46' title="bbox 2125 1766 3708 1837">
    <p class='ocr_par' dir='ltr' id='par_1_46' title="bbox 2125 1766 3708 1837">
     <span class='ocr_line' id='line_1_46' title="bbox 2125 1766 3708 1837; baseline 0.001 -15"><span class='ocrx_word' id='word_1_305' title='bbox 2125 1776 2262 1830; x_wconf 84' lang='lat' dir='ltr'><strong>tam.</strong></span> <span class='ocrx_word' id='word_1_306' title='bbox 2296 1766 2979 1837; x_wconf 84' lang='lat' dir='ltr'><strong>Peioponnesiquenrbes.</strong></span> <span class='ocrx_word' id='word_1_307' title='bbox 3038 1767 3175 1825; x_wconf 83' lang='lat' dir='ltr'><strong>Cum</strong></span> <span class='ocrx_word' id='word_1_308' title='bbox 3228 1769 3404 1824; x_wconf 82' lang='lat' dir='ltr'><strong>classe</strong></span> <span class='ocrx_word' id='word_1_309' title='bbox 3436 1775 3708 1823; x_wconf 87' lang='lat' dir='ltr'><strong>venerunt</strong></span> 
     </span>
    </p>
   </div>
   <div class='ocr_carea' id='block_1_47' title="bbox 2126 1858 3702 1931">
    <p class='ocr_par' dir='ltr' id='par_1_47' title="bbox 2126 1858 3702 1931">
     <span class='ocr_line' id='line_1_47' title="bbox 2126 1858 3702 1931; baseline -0.001 -17"><span class='ocrx_word' id='word_1_310' title='bbox 2126 1860 2179 1914; x_wconf 90' lang='lat' dir='ltr'><strong>in</strong></span> <span class='ocrx_word' id='word_1_311' title='bbox 2233 1859 2470 1930; x_wconf 81' lang='lat' dir='ltr'><strong>Syriam:</strong></span> <span class='ocrx_word' id='word_1_312' title='bbox 2508 1860 2935 1929; x_wconf 68' lang='lat' dir='ltr'><strong>subigentcsque</strong></span> <span class='ocrx_word' id='word_1_313' title='bbox 2982 1858 3230 1931; x_wconf 88' lang='lat' dir='ltr'><strong>Cyrenen</strong></span> <span class='ocrx_word' id='word_1_314' title='bbox 3271 1858 3702 1928; x_wconf 77' lang='lat' dir='ltr'><strong>urbem,magna</strong></span> 
     </span>
    </p>
   </div>
   <div class='ocr_carea' id='block_1_48' title="bbox 2122 1950 3704 2023">
    <p class='ocr_par' dir='ltr' id='par_1_48' title="bbox 2122 1950 3704 2023">
     <span class='ocr_line' id='line_1_48' title="bbox 2122 1950 3704 2023; baseline -0.001 -18"><span class='ocrx_word' id='word_1_315' title='bbox 2122 1950 2380 2007; x_wconf 83' lang='lat' dir='ltr'><strong>militaris</strong></span> <span class='ocrx_word' id='word_1_316' title='bbox 2406 1950 2632 2005; x_wconf 88' lang='lat' dir='ltr'><strong>virtutis</strong></span> <span class='ocrx_word' id='word_1_317' title='bbox 2660 1950 2806 2006; x_wconf 78' lang='lat' dir='ltr'><strong>facta</strong></span> <span class='ocrx_word' id='word_1_318' title='bbox 2863 1950 3246 2023; x_wconf 71' lang='lat' dir='ltr'><strong>designabant,</strong></span> <span class='ocrx_word' id='word_1_319' title='bbox 3308 1951 3516 2022; x_wconf 88' lang='lat' dir='ltr'><strong>ubique</strong></span> <span class='ocrx_word' id='word_1_320' title='bbox 3569 1965 3704 2006; x_wconf 90' lang='lat' dir='ltr'><strong>cum</strong></span> 
     </span>
    </p>
   </div>
   <div class='ocr_carea' id='block_1_49' title="bbox 2120 2041 3708 2113">
    <p class='ocr_par' dir='ltr' id='par_1_49' title="bbox 2120 2041 3708 2113">
     <span class='ocr_line' id='line_1_49' title="bbox 2120 2041 3708 2113; baseline -0.001 -14"><span class='ocrx_word' id='word_1_321' title='bbox 2120 2043 2377 2100; x_wconf 86' lang='lat' dir='ltr'><strong>Barbaris</strong></span> <span class='ocrx_word' id='word_1_322' title='bbox 2408 2043 2590 2113; x_wconf 68' lang='lat' dir='ltr'><strong>praelia</strong></span> <span class='ocrx_word' id='word_1_323' title='bbox 2623 2045 2836 2098; x_wconf 80' lang='lat' dir='ltr'><strong>navalia</strong></span> <span class='ocrx_word' id='word_1_324' title='bbox 2861 2041 3154 2111; x_wconf 79' lang='lat' dir='ltr'><strong>facientes,</strong></span> <span class='ocrx_word' id='word_1_325' title='bbox 3177 2054 3231 2098; x_wconf 90' lang='lat' dir='ltr'><strong>et</strong></span> <span class='ocrx_word' id='word_1_326' title='bbox 3287 2059 3440 2100; x_wconf 88' lang='lat' dir='ltr'><strong>mare</strong></span> <span class='ocrx_word' id='word_1_327' title='bbox 3476 2045 3708 2100; x_wconf 80' lang='lat' dir='ltr'><strong>univer-</strong></span> 
     </span>
    </p>
   </div>
   <div class='ocr_carea' id='block_1_50' title="bbox 2120 2135 3701 2208">
    <p class='ocr_par' dir='ltr' id='par_1_50' title="bbox 2120 2135 3701 2208">
     <span class='ocr_line' id='line_1_50' title="bbox 2120 2135 3701 2208; baseline -0.003 -15"><span class='ocrx_word' id='word_1_328' title='bbox 2120 2152 2266 2204; x_wconf 84' lang='lat' dir='ltr'><strong>sum,</strong></span> <span class='ocrx_word' id='word_1_329' title='bbox 2296 2137 2541 2208; x_wconf 85' lang='lat' dir='ltr'><strong>quodest</strong></span> <span class='ocrx_word' id='word_1_330' title='bbox 2574 2137 2714 2191; x_wconf 90' lang='lat' dir='ltr'><strong>intra</strong></span> <span class='ocrx_word' id='word_1_331' title='bbox 2759 2135 3007 2191; x_wconf 86' lang='lat' dir='ltr'><strong>llerculis</strong></span> <span class='ocrx_word' id='word_1_332' title='bbox 3047 2137 3354 2200; x_wconf 75' lang='lat' dir='ltr'><strong>columnas.</strong></span> <span class='ocrx_word' id='word_1_333' title='bbox 3376 2136 3701 2207; x_wconf 82' lang='lat' dir='ltr'><strong>perdoman-</strong></span> 
     </span>
    </p>
   </div>
   <div class='ocr_carea' id='block_1_51' title="bbox 2119 2221 3707 2300">
    <p class='ocr_par' dir='ltr' id='par_1_51' title="bbox 2119 2221 3707 2300">
     <span class='ocr_line' id='line_1_51' title="bbox 2119 2221 3707 2300; baseline -0.004 -14"><span class='ocrx_word' id='word_1_334' title='bbox 2119 2241 2221 2286; x_wconf 89' lang='lat' dir='ltr'><strong>tes.</strong></span> <span class='ocrx_word' id='word_1_335' title='bbox 2244 2231 2418 2286; x_wconf 86' lang='lat' dir='ltr'><strong>Etiam</strong></span> <span class='ocrx_word' id='word_1_336' title='bbox 2457 2230 2770 2300; x_wconf 80' lang='lat' dir='ltr'><strong>pugnabant</strong></span> <span class='ocrx_word' id='word_1_337' title='bbox 2831 2228 3050 2284; x_wconf 79' lang='lat' dir='ltr'><strong>fortiter</strong></span> <span class='ocrx_word' id='word_1_338' title='bbox 3085 2238 3276 2283; x_wconf 88' lang='lat' dir='ltr'><strong>contra</strong></span> <span class='ocrx_word' id='word_1_339' title='bbox 3299 2242 3398 2283; x_wconf 89' lang='lat' dir='ltr'><strong>eos</strong></span> <span class='ocrx_word' id='word_1_340' title='bbox 3425 2229 3521 2297; x_wconf 87' lang='lat' dir='ltr'><strong>qui</strong></span> <span class='ocrx_word' id='word_1_341' title='bbox 3548 2221 3707 2283; x_wconf 86' lang='lat' dir='ltr'><strong>erant</strong></span> 
     </span>
    </p>
   </div>
   <div class='ocr_carea' id='block_1_52' title="bbox 2121 2323 3703 2393">
    <p class='ocr_par' dir='ltr' id='par_1_52' title="bbox 2121 2323 3703 2393">
     <span class='ocr_line' id='line_1_52' title="bbox 2121 2323 3703 2393; baseline -0.002 -14"><span class='ocrx_word' id='word_1_342' title='bbox 2121 2325 2176 2379; x_wconf 89' lang='lat' dir='ltr'><strong>in</strong></span> <span class='ocrx_word' id='word_1_343' title='bbox 2210 2324 2448 2393; x_wconf 87' lang='lat' dir='ltr'><strong>Europa,</strong></span> <span class='ocrx_word' id='word_1_344' title='bbox 2470 2332 2524 2379; x_wconf 92' lang='lat' dir='ltr'><strong>et</strong></span> <span class='ocrx_word' id='word_1_345' title='bbox 2545 2324 2648 2379; x_wconf 88' lang='lat' dir='ltr'><strong>sibi</strong></span> <span class='ocrx_word' id='word_1_346' title='bbox 2681 2323 2972 2379; x_wconf 87' lang='lat' dir='ltr'><strong>admodum</strong></span> <span class='ocrx_word' id='word_1_347' title='bbox 3028 2330 3278 2392; x_wconf 85' lang='lat' dir='ltr'><strong>potentes</strong></span> <span class='ocrx_word' id='word_1_348' title='bbox 3326 2323 3660 2379; x_wconf 82' lang='lat' dir='ltr'><strong>videbantur</strong></span> <span class='ocrx_word' id='word_1_349' title='bbox 3688 2341 3703 2376; x_wconf 92' lang='lat'>:</span> 
     </span>
    </p>
   </div>
   <div class='ocr_carea' id='block_1_53' title="bbox 2121 2416 3695 2487">
    <p class='ocr_par' dir='ltr' id='par_1_53' title="bbox 2121 2416 3695 2487">
     <span class='ocr_line' id='line_1_53' title="bbox 2121 2416 3695 2487; baseline 0 -17"><span class='ocrx_word' id='word_1_350' title='bbox 2121 2433 2220 2474; x_wconf 89' lang='lat' dir='ltr'><strong>nec</strong></span> <span class='ocrx_word' id='word_1_351' title='bbox 2243 2418 2492 2473; x_wconf 87' lang='lat' dir='ltr'><strong>oratione</strong></span> <span class='ocrx_word' id='word_1_352' title='bbox 2522 2417 2746 2487; x_wconf 74' lang='lat' dir='ltr'><strong>dignum</strong></span> <span class='ocrx_word' id='word_1_353' title='bbox 2781 2426 2938 2486; x_wconf 90' lang='lat' dir='ltr'><strong>puto,</strong></span> <span class='ocrx_word' id='word_1_354' title='bbox 2983 2416 3127 2487; x_wconf 84' lang='lat' dir='ltr'><strong>quod</strong></span> <span class='ocrx_word' id='word_1_355' title='bbox 3152 2431 3260 2470; x_wconf 92' lang='lat' dir='ltr'><strong>non</strong></span> <span class='ocrx_word' id='word_1_356' title='bbox 3292 2416 3695 2487; x_wconf 80' lang='lat' dir='ltr'><strong>adnavigaruut</strong></span> 
     </span>
    </p>
   </div>
   <div class='ocr_carea' id='block_1_54' title="bbox 2119 2509 3704 2578">
    <p class='ocr_par' dir='ltr' id='par_1_54' title="bbox 2119 2509 3704 2578">
     <span class='ocr_line' id='line_1_54' title="bbox 2119 2509 3704 2578; baseline -0.002 -12"><span class='ocrx_word' id='word_1_357' title='bbox 2119 2512 2300 2577; x_wconf 70' lang='lat' dir='ltr'><strong>Italiae,</strong></span> <span class='ocrx_word' id='word_1_358' title='bbox 2368 2524 2471 2566; x_wconf 88' lang='lat' dir='ltr'><strong>nec</strong></span> <span class='ocrx_word' id='word_1_359' title='bbox 2528 2509 2634 2566; x_wconf 82' lang='lat' dir='ltr'><strong>sibi</strong></span> <span class='ocrx_word' id='word_1_360' title='bbox 2701 2509 3061 2578; x_wconf 78' lang='lat' dir='ltr'><strong>subiecerunt</strong></span> <span class='ocrx_word' id='word_1_361' title='bbox 3120 2509 3459 2575; x_wconf 76' lang='lat' dir='ltr'><strong>Ravennam,</strong></span> <span class='ocrx_word' id='word_1_362' title='bbox 3514 2513 3704 2566; x_wconf 88' lang='lat' dir='ltr'><strong>urbem</strong></span> 
     </span>
    </p>
   </div>
   <div class='ocr_carea' id='block_1_55' title="bbox 2119 2603 3708 2677">
    <p class='ocr_par' dir='ltr' id='par_1_55' title="bbox 2119 2603 3708 2677">
     <span class='ocr_line' id='line_1_55' title="bbox 2119 2603 3708 2677; baseline -0.002 -16"><span class='ocrx_word' id='word_1_363' title='bbox 2119 2607 2458 2677; x_wconf 87' lang='lat' dir='ltr'><strong>opulentam,</strong></span> <span class='ocrx_word' id='word_1_364' title='bbox 2493 2603 2742 2673; x_wconf 85' lang='lat' dir='ltr'><strong>principe</strong></span> <span class='ocrx_word' id='word_1_365' title='bbox 2771 2604 2936 2672; x_wconf 76' lang='lat' dir='ltr'><strong>ltnjus</strong></span> <span class='ocrx_word' id='word_1_366' title='bbox 3004 2603 3290 2662; x_wconf 80' lang='lat' dir='ltr'><strong>defuncto.</strong></span> <span class='ocrx_word' id='word_1_367' title='bbox 3328 2603 3470 2670; x_wconf 85' lang='lat' dir='ltr'><strong>Quia</strong></span> <span class='ocrx_word' id='word_1_368' title='bbox 3509 2619 3708 2675; x_wconf 84' lang='lat' dir='ltr'><strong>nempe</strong></span> 
     </span>
    </p>
   </div>
   <div class='ocr_carea' id='block_1_56' title="bbox 2121 2692 3706 2765">
    <p class='ocr_par' dir='ltr' id='par_1_56' title="bbox 2121 2692 3706 2765">
     <span class='ocr_line' id='line_1_56' title="bbox 2121 2692 3706 2765; baseline 0.001 -17"><span class='ocrx_word' id='word_1_369' title='bbox 2121 2710 2229 2748; x_wconf 87' lang='lat' dir='ltr'><strong>non</strong></span> <span class='ocrx_word' id='word_1_370' title='bbox 2266 2692 2517 2749; x_wconf 88' lang='lat' dir='ltr'><strong>solebant</strong></span> <span class='ocrx_word' id='word_1_371' title='bbox 2546 2700 2736 2748; x_wconf 89' lang='lat' dir='ltr'><strong>contra</strong></span> <span class='ocrx_word' id='word_1_372' title='bbox 2795 2692 3046 2761; x_wconf 83' lang='lat' dir='ltr'><strong>ejusdem</strong></span> <span class='ocrx_word' id='word_1_373' title='bbox 3111 2695 3293 2765; x_wconf 74' lang='lat' dir='ltr'><strong>gentis</strong></span> <span class='ocrx_word' id='word_1_374' title='bbox 3355 2704 3409 2750; x_wconf 89' lang='lat' dir='ltr'><strong>et</strong></span> <span class='ocrx_word' id='word_1_375' title='bbox 3457 2696 3706 2764; x_wconf 83' lang='lat' dir='ltr'><strong>corporis</strong></span> 
     </span>
    </p>
   </div>
   <div class='ocr_carea' id='block_1_57' title="bbox 2120 2784 3705 2855">
    <p class='ocr_par' dir='ltr' id='par_1_57' title="bbox 2120 2784 3705 2855">
     <span class='ocr_line' id='line_1_57' title="bbox 2120 2784 3705 2855; baseline 0 -14"><span class='ocrx_word' id='word_1_376' title='bbox 2120 2786 2366 2841; x_wconf 84' lang='lat' dir='ltr'><strong>homines</strong></span> <span class='ocrx_word' id='word_1_377' title='bbox 2399 2784 2598 2838; x_wconf 89' lang='lat' dir='ltr'><strong>bellum</strong></span> <span class='ocrx_word' id='word_1_378' title='bbox 2651 2800 2894 2852; x_wconf 89' lang='lat' dir='ltr'><strong>movere,</strong></span> <span class='ocrx_word' id='word_1_379' title='bbox 2968 2786 3061 2840; x_wconf 88' lang='lat' dir='ltr'><strong>sed</strong></span> <span class='ocrx_word' id='word_1_380' title='bbox 3117 2797 3312 2842; x_wconf 88' lang='lat' dir='ltr'><strong>contra</strong></span> <span class='ocrx_word' id='word_1_381' title='bbox 3367 2787 3705 2855; x_wconf 71' lang='lat' dir='ltr'><strong>alienigenas</strong></span> 
     </span>
    </p>
   </div>
   <div class='ocr_carea' id='block_1_58' title="bbox 2118 2877 3702 2948">
    <p class='ocr_par' dir='ltr' id='par_1_58' title="bbox 2118 2877 3702 2948">
     <span class='ocr_line' id='line_1_58' title="bbox 2118 2877 3702 2948; baseline -0.003 -14"><span class='ocrx_word' id='word_1_382' title='bbox 2118 2893 2269 2934; x_wconf 83' lang='lat' dir='ltr'><strong>arma</strong></span> <span class='ocrx_word' id='word_1_383' title='bbox 2299 2877 2570 2933; x_wconf 79' lang='lat' dir='ltr'><strong>ferebant.</strong></span> <span class='ocrx_word' id='word_1_384' title='bbox 2637 2877 2802 2932; x_wconf 84' lang='lat' dir='ltr'><strong>Arma</strong></span> <span class='ocrx_word' id='word_1_385' title='bbox 2865 2879 3032 2932; x_wconf 87' lang='lat' dir='ltr'><strong>etiam</strong></span> <span class='ocrx_word' id='word_1_386' title='bbox 3095 2878 3457 2948; x_wconf 77' lang='lat' dir='ltr'><strong>arripuerunt</strong></span> <span class='ocrx_word' id='word_1_387' title='bbox 3508 2884 3702 2932; x_wconf 75' lang='lat' dir='ltr'><strong>contra</strong></span> 
     </span>
    </p>
   </div>
   <div class='ocr_carea' id='block_1_59' title="bbox 2118 2971 3700 3042">
    <p class='ocr_par' dir='ltr' id='par_1_59' title="bbox 2118 2971 3700 3042">
     <span class='ocr_line' id='line_1_59' title="bbox 2118 2971 3700 3042; baseline -0.003 -12"><span class='ocrx_word' id='word_1_388' title='bbox 2118 2972 2364 3039; x_wconf 66' lang='lat' dir='ltr'><strong>Graecos,</strong></span> <span class='ocrx_word' id='word_1_389' title='bbox 2405 2987 2548 3041; x_wconf 90' lang='lat' dir='ltr'><strong>quos</strong></span> <span class='ocrx_word' id='word_1_390' title='bbox 2582 2972 2764 3028; x_wconf 85' lang='lat' dir='ltr'><strong>navali</strong></span> <span class='ocrx_word' id='word_1_391' title='bbox 2823 2972 3013 3042; x_wconf 59' lang='lat' dir='ltr'><strong>prelio</strong></span> <span class='ocrx_word' id='word_1_392' title='bbox 3061 2971 3338 3033; x_wconf 84' lang='lat' dir='ltr'><strong>vicerunt.</strong></span> <span class='ocrx_word' id='word_1_393' title='bbox 3393 2985 3700 3042; x_wconf 86' lang='lat' dir='ltr'><strong>eorumque</strong></span> 
     </span>
    </p>
   </div>
   <div class='ocr_carea' id='block_1_60' title="bbox 2120 3061 3702 3137">
    <p class='ocr_par' dir='ltr' id='par_1_60' title="bbox 2120 3061 3702 3137">
     <span class='ocr_line' id='line_1_60' title="bbox 2120 3061 3702 3137; baseline -0.003 -15"><span class='ocrx_word' id='word_1_394' title='bbox 2120 3067 2463 3137; x_wconf 89' lang='lat' dir='ltr'><strong>metropolim</strong></span> <span class='ocrx_word' id='word_1_395' title='bbox 2487 3068 2563 3137; x_wconf 71' lang='grc'><strong>(4)</strong></span> <span class='ocrx_word' id='word_1_396' title='bbox 2590 3067 2947 3134; x_wconf 77' lang='lat' dir='ltr'><strong>subegerunt.</strong></span> <span class='ocrx_word' id='word_1_397' title='bbox 2978 3079 3101 3119; x_wconf 89' lang='lat' dir='ltr'><strong>cum</strong></span> <span class='ocrx_word' id='word_1_398' title='bbox 3124 3065 3342 3135; x_wconf 88' lang='lat' dir='ltr'><strong>plurimi</strong></span> <span class='ocrx_word' id='word_1_399' title='bbox 3370 3061 3702 3118; x_wconf 84' lang='lat' dir='ltr'><strong>Occidenta-</strong></span> 
     </span>
    </p>
   </div>
   <div class='ocr_carea' id='block_1_61' title="bbox 436 3134 2018 3233">
    <p class='ocr_par' dir='ltr' id='par_1_61' title="bbox 436 3134 2016 3233">
     <span class='ocr_line' id='line_1_61' title="bbox 436 3134 2016 3233; baseline 0.014 -47"><span class='ocrx_word' id='word_1_400' title='bbox 538 3134 738 3233; x_wconf 77' lang='grc' dir='ltr'>βραχεῖ</span> <span class='ocrx_word' id='word_1_401' title='bbox 757 3139 812 3190; x_wconf 80' lang='grc' dir='ltr'>δὲ</span> <span class='ocrx_word' id='word_1_402' title='bbox 850 3141 1036 3211; x_wconf 83' lang='grc' dir='ltr'>χώραν</span> <span class='ocrx_word' id='word_1_403' title='bbox 1080 3143 1183 3213; x_wconf 81' lang='grc' dir='ltr'>τῆς</span> <span class='ocrx_word' id='word_1_404' title='bbox 1241 3146 1478 3216; x_wconf 71' lang='grc' dir='ltr'>ἠπείρου</span> <span class='ocrx_word' id='word_1_405' title='bbox 1521 3149 1828 3221; x_wconf 68' lang='grc' dir='ltr'>ἐκτήσαντο</span> <span class='ocrx_word' id='word_1_406' title='bbox 1877 3154 2016 3223; x_wconf 81' lang='grc' dir='ltr'>ἀγα-</span> 
     </span>
    </p>
   </div>
   <div class='ocr_carea' id='block_1_62' title="bbox 2120 3134 3703 3233">
    <p class='ocr_par' dir='ltr' id='par_1_62' title="bbox 2120 3134 3703 3233">
     <span class='ocr_line' id='line_1_62' title="bbox 2120 3134 3703 3233; baseline -0.006 -17"><span class='ocrx_word' id='word_1_407' title='bbox 2120 3163 2200 3218; x_wconf 89' lang='lat' dir='ltr'><strong>les</strong></span> <span class='ocrx_word' id='word_1_408' title='bbox 2237 3134 2374 3233; x_wconf 76' lang='lat' dir='ltr'><strong>ipsis</strong></span> <span class='ocrx_word' id='word_1_409' title='bbox 2417 3134 2871 3228; x_wconf 64' lang='lat' dir='ltr'><strong>adiungerentur.</strong></span> <span class='ocrx_word' id='word_1_410' title='bbox 2905 3155 3105 3226; x_wconf 87' lang='lat' dir='ltr'><strong>Copias</strong></span> <span class='ocrx_word' id='word_1_411' title='bbox 3127 3134 3321 3211; x_wconf 83' lang='lat' dir='ltr'><strong>tamen</strong></span> <span class='ocrx_word' id='word_1_412' title='bbox 3351 3169 3472 3208; x_wconf 92' lang='lat' dir='ltr'><strong>cum</strong></span> <span class='ocrx_word' id='word_1_413' title='bbox 3533 3154 3703 3207; x_wconf 81' lang='lat' dir='ltr'><strong>duce-</strong></span> 
     </span>
    </p>
   </div>
   <div class='ocr_carea' id='block_1_63' title="bbox 437 3228 2015 3316">
    <p class='ocr_par' dir='ltr' id='par_1_63' title="bbox 437 3228 2015 3316">
     <span class='ocr_line' id='line_1_63' title="bbox 437 3228 2015 3316; baseline 0.015 -37"><span class='ocrx_word' id='word_1_414' title='bbox 437 3228 559 3298; x_wconf 83' lang='grc' dir='ltr'>θὴν,</span> <span class='ocrx_word' id='word_1_415' title='bbox 585 3230 680 3283; x_wconf 74' lang='grc' dir='ltr'>καὶ</span> <span class='ocrx_word' id='word_1_416' title='bbox 718 3230 923 3303; x_wconf 63' lang='grc' dir='ltr'>ὀχυρὰν</span> <span class='ocrx_word' id='word_1_417' title='bbox 949 3235 1050 3304; x_wconf 76' lang='grc' dir='ltr'><strong>τήν</strong></span> <span class='ocrx_word' id='word_1_418' title='bbox 1079 3239 1237 3292; x_wconf 88' lang='grc' dir='ltr'>πόλιν</span> <span class='ocrx_word' id='word_1_419' title='bbox 1263 3240 1444 3294; x_wconf 78' lang='grc' dir='ltr'>αὐτῶν</span> <span class='ocrx_word' id='word_1_420' title='bbox 1476 3243 1830 3316; x_wconf 87' lang='grc' dir='ltr'>παρείχοντο.</span> <span class='ocrx_word' id='word_1_421' title='bbox 1882 3249 2015 3302; x_wconf 87' lang='grc' dir='ltr'>κατ’</span> 
     </span>
    </p>
   </div>
   <div class='ocr_carea' id='block_1_64' title="bbox 436 3322 2014 3411">
    <p class='ocr_par' dir='ltr' id='par_1_64' title="bbox 436 3322 2014 3411">
     <span class='ocr_line' id='line_1_64' title="bbox 436 3322 2014 3411; baseline 0.014 -38"><span class='ocrx_word' id='word_1_422' title='bbox 436 3322 602 3392; x_wconf 76' lang='grc' dir='ltr'>ἄμφω</span> <span class='ocrx_word' id='word_1_423' title='bbox 627 3324 704 3376; x_wconf 89' lang='grc' dir='ltr'>τὼ</span> <span class='ocrx_word' id='word_1_424' title='bbox 724 3325 964 3398; x_wconf 83' lang='grc' dir='ltr'>δυνάμεε</span> <span class='ocrx_word' id='word_1_425' title='bbox 996 3332 1088 3383; x_wconf 77' lang='grc' dir='ltr'><strong>ἐπὶ</strong></span> <span class='ocrx_word' id='word_1_426' title='bbox 1124 3332 1268 3399; x_wconf 75' lang='grc' dir='ltr'>μέγα</span> <span class='ocrx_word' id='word_1_427' title='bbox 1292 3333 1577 3400; x_wconf 78' lang='grc' dir='ltr'>αὔξοντες.</span> <span class='ocrx_word' id='word_1_428' title='bbox 1613 3339 1760 3411; x_wconf 82' lang='grc' dir='ltr'>Πρός</span> <span class='ocrx_word' id='word_1_429' title='bbox 1794 3358 1854 3394; x_wconf 89' lang='grc' dir='ltr'><strong>τε</strong></span> <span class='ocrx_word' id='word_1_430' title='bbox 1885 3342 2014 3406; x_wconf 74' lang='grc' dir='ltr'>τοὺς</span> 
     </span>
    </p>
   </div>
   <div class='ocr_carea' id='block_1_65' title="bbox 434 3415 2014 3504">
    <p class='ocr_par' dir='ltr' id='par_1_65' title="bbox 434 3415 2014 3504">
     <span class='ocr_line' id='line_1_65' title="bbox 434 3415 2014 3504; baseline 0.013 -37"><span class='ocrx_word' id='word_1_431' title='bbox 434 3415 534 3486; x_wconf 84' lang='grc' dir='ltr'><strong>τῆς</strong></span> <span class='ocrx_word' id='word_1_432' title='bbox 582 3419 817 3490; x_wconf 71' lang='grc' dir='ltr'>ἠπείρου</span> <span class='ocrx_word' id='word_1_433' title='bbox 875 3424 1150 3494; x_wconf 75' lang='grc' dir='ltr'>ἡγεμόνας</span> <span class='ocrx_word' id='word_1_434' title='bbox 1205 3428 1609 3497; x_wconf 78' lang='grc' dir='ltr'>διενεχθέντες,</span> <span class='ocrx_word' id='word_1_435' title='bbox 1667 3433 2014 3504; x_wconf 76' lang='grc' dir='ltr'>ἐπολέμησαν</span> 
     </span>
    </p>
   </div>
   <div class='ocr_carea' id='block_1_66' title="bbox 436 3511 2014 3596">
    <p class='ocr_par' dir='ltr' id='par_1_66' title="bbox 436 3511 2014 3596">
     <span class='ocr_line' id='line_1_66' title="bbox 436 3511 2014 3596; baseline 0.016 -36"><span class='ocrx_word' id='word_1_436' title='bbox 436 3511 526 3561; x_wconf 77' lang='grc' dir='ltr'><strong>ἐπὶ</strong></span> <span class='ocrx_word' id='word_1_437' title='bbox 560 3511 764 3576; x_wconf 70' lang='grc' dir='ltr'>πολλὰς</span> <span class='ocrx_word' id='word_1_438' title='bbox 796 3515 992 3582; x_wconf 72' lang='grc' dir='ltr'>γενεάς</span> <span class='ocrx_word' id='word_1_439' title='bbox 1016 3517 1107 3570; x_wconf 77' lang='grc' dir='ltr'>τὸν</span> <span class='ocrx_word' id='word_1_440' title='bbox 1139 3518 1400 3588; x_wconf 63' lang='grc' dir='ltr'>πόλεμον,</span> <span class='ocrx_word' id='word_1_441' title='bbox 1435 3523 1528 3577; x_wconf 72' lang='grc' dir='ltr'>καὶ</span> <span class='ocrx_word' id='word_1_442' title='bbox 1579 3524 1837 3594; x_wconf 72' lang='grc' dir='ltr'>διέφερον</span> <span class='ocrx_word' id='word_1_443' title='bbox 1873 3544 2014 3596; x_wconf 77' lang='grc' dir='ltr'>χρη-</span> 
     </span>
    </p>
   </div>
   <div class='ocr_carea' id='block_1_67' title="bbox 441 3604 2015 3690">
    <p class='ocr_par' dir='ltr' id='par_1_67' title="bbox 441 3604 2015 3690">
     <span class='ocr_line' id='line_1_67' title="bbox 441 3604 2015 3690; baseline 0.011 -33"><span class='ocrx_word' id='word_1_444' title='bbox 441 3604 624 3670; x_wconf 81' lang='grc' dir='ltr'>μάτων</span> <span class='ocrx_word' id='word_1_445' title='bbox 651 3607 926 3678; x_wconf 77' lang='grc' dir='ltr'>προσόδῳ,</span> <span class='ocrx_word' id='word_1_446' title='bbox 959 3610 1056 3680; x_wconf 67' lang='grc' dir='ltr'>τὴν</span> <span class='ocrx_word' id='word_1_447' title='bbox 1086 3612 1242 3667; x_wconf 69' lang='grc' dir='ltr'>πόλιν</span> <span class='ocrx_word' id='word_1_448' title='bbox 1307 3615 1556 3686; x_wconf 83' lang='grc' dir='ltr'>μεγάλην</span> <span class='ocrx_word' id='word_1_449' title='bbox 1585 3619 1802 3682; x_wconf 78' lang='grc' dir='ltr'>ἑαυτοῖς</span> <span class='ocrx_word' id='word_1_450' title='bbox 1840 3637 2015 3690; x_wconf 71' lang='grc' dir='ltr'>παραε-</span> 
     </span>
    </p>
   </div>
   <div class='ocr_carea' id='block_1_68' title="bbox 445 3700 2012 3785">
    <p class='ocr_par' dir='ltr' id='par_1_68' title="bbox 445 3700 2012 3785">
     <span class='ocr_line' id='line_1_68' title="bbox 445 3700 2012 3785; baseline 0.011 -35"><span class='ocrx_word' id='word_1_451' title='bbox 445 3700 881 3772; x_wconf 84' lang='grc' dir='ltr'>σκευασάμενοι.</span> <span class='ocrx_word' id='word_1_452' title='bbox 914 3707 1068 3759; x_wconf 75' lang='grc' dir='ltr'>Μετὰ</span> <span class='ocrx_word' id='word_1_453' title='bbox 1102 3707 1159 3760; x_wconf 84' lang='grc' dir='ltr'>δὲ</span> <span class='ocrx_word' id='word_1_454' title='bbox 1211 3709 1386 3764; x_wconf 86' lang='grc' dir='ltr'>ταῦτα</span> <span class='ocrx_word' id='word_1_455' title='bbox 1422 3713 1515 3766; x_wconf 80' lang='grc' dir='ltr'>καὶ</span> <span class='ocrx_word' id='word_1_456' title='bbox 1566 3711 1673 3766; x_wconf 76' lang='grc' dir='ltr'><strong>ὑπὸ</strong></span> <span class='ocrx_word' id='word_1_457' title='bbox 1704 3713 2012 3785; x_wconf 79' lang='grc' dir='ltr'>Βαρδὰρων</span> 
     </span>
    </p>
   </div>
   <div class='ocr_carea' id='block_1_69' title="bbox 437 3789 2010 3877">
    <p class='ocr_par' dir='ltr' id='par_1_69' title="bbox 437 3789 2010 3877">
     <span class='ocr_line' id='line_1_69' title="bbox 437 3789 2010 3877; baseline 0.011 -33"><span class='ocrx_word' id='word_1_458' title='bbox 437 3789 748 3859; x_wconf 70' lang='grc' dir='ltr'>βασιλέως,</span> <span class='ocrx_word' id='word_1_459' title='bbox 816 3794 920 3864; x_wconf 84' lang='grc' dir='ltr'>τῆς</span> <span class='ocrx_word' id='word_1_460' title='bbox 988 3796 1220 3862; x_wconf 80' lang='grc' dir='ltr'>Ἰταλίας</span> <span class='ocrx_word' id='word_1_461' title='bbox 1288 3802 1428 3871; x_wconf 79' lang='grc' dir='ltr'>πρὸς</span> <span class='ocrx_word' id='word_1_462' title='bbox 1494 3803 1742 3876; x_wconf 72' lang='grc' dir='ltr'>ἑσπέραν</span> <span class='ocrx_word' id='word_1_463' title='bbox 1803 3805 2010 3877; x_wconf 82' lang='grc' dir='ltr'>χώρας,</span> 
     </span>
    </p>
   </div>
   <div class='ocr_carea' id='block_1_70' title="bbox 437 3887 2014 3972">
    <p class='ocr_par' dir='ltr' id='par_1_70' title="bbox 437 3887 2014 3972">
     <span class='ocr_line' id='line_1_70' title="bbox 437 3887 2014 3972; baseline 0.013 -37"><span class='ocrx_word' id='word_1_464' title='bbox 437 3887 573 3956; x_wconf 71' lang='grc' dir='ltr'>πρδς</span> <span class='ocrx_word' id='word_1_465' title='bbox 637 3887 730 3941; x_wconf 87' lang='grc' dir='ltr'><strong>τδν</strong></span> <span class='ocrx_word' id='word_1_466' title='bbox 796 3888 1016 3959; x_wconf 84' lang='grc' dir='ltr'>Ῥώμης</span> <span class='ocrx_word' id='word_1_467' title='bbox 1068 3892 1355 3964; x_wconf 72' lang='grc' dir='ltr'>ἀρχιερέα,</span> <span class='ocrx_word' id='word_1_468' title='bbox 1410 3896 1718 3952; x_wconf 72' lang='grc' dir='ltr'>ἐκπεσόντα</span> <span class='ocrx_word' id='word_1_469' title='bbox 1786 3916 1847 3953; x_wconf 86' lang='grc' dir='ltr'><strong>τε</strong></span> <span class='ocrx_word' id='word_1_470' title='bbox 1913 3901 2014 3972; x_wconf 81' lang='grc' dir='ltr'>τῆς</span> 
     </span>
    </p>
   </div>
   <div class='ocr_carea' id='block_1_71' title="bbox 435 3979 2013 4063">
    <p class='ocr_par' dir='ltr' id='par_1_71' title="bbox 435 3979 2013 4063">
     <span class='ocr_line' id='line_1_71' title="bbox 435 3979 2013 4063; baseline 0.012 -34"><span class='ocrx_word' id='word_1_471' title='bbox 435 3979 636 4050; x_wconf 79' lang='grc' dir='ltr'>ἀρχῆς,</span> <span class='ocrx_word' id='word_1_472' title='bbox 703 3981 798 4034; x_wconf 74' lang='grc' dir='ltr'>καὶ</span> <span class='ocrx_word' id='word_1_473' title='bbox 860 3980 962 4050; x_wconf 81' lang='grc' dir='ltr'>τῆς</span> <span class='ocrx_word' id='word_1_474' title='bbox 1024 3982 1320 4054; x_wconf 83' lang='grc' dir='ltr'>Ῥωμαίων</span> <span class='ocrx_word' id='word_1_475' title='bbox 1397 3987 1618 4051; x_wconf 83' lang='grc' dir='ltr'>πόλεως</span> <span class='ocrx_word' id='word_1_476' title='bbox 1690 3993 2013 4063; x_wconf 83' lang='grc' dir='ltr'>κατήγαγόν</span> 
     </span>
    </p>
   </div>
   <div class='ocr_carea' id='block_1_72' title="bbox 435 4072 2015 4158">
    <p class='ocr_par' dir='ltr' id='par_1_72' title="bbox 435 4072 2015 4158">
     <span class='ocr_line' id='line_1_72' title="bbox 435 4072 2015 4158; baseline 0.011 -36"><span class='ocrx_word' id='word_1_477' title='bbox 435 4087 495 4122; x_wconf 83' lang='grc' dir='ltr'><strong>τε</strong></span> <span class='ocrx_word' id='word_1_478' title='bbox 552 4072 642 4125; x_wconf 76' lang='grc' dir='ltr'><strong>τὸν</strong></span> <span class='ocrx_word' id='word_1_479' title='bbox 703 4073 969 4144; x_wconf 78' lang='grc' dir='ltr'>ἀρχιερέα</span> <span class='ocrx_word' id='word_1_480' title='bbox 1005 4076 1098 4129; x_wconf 74' lang='grc' dir='ltr'>καὶ</span> <span class='ocrx_word' id='word_1_481' title='bbox 1156 4076 1296 4148; x_wconf 71' lang='grc' dir='ltr'>πρὸς</span> <span class='ocrx_word' id='word_1_482' title='bbox 1343 4077 1437 4133; x_wconf 74' lang='grc' dir='ltr'><strong>τδν</strong></span> <span class='ocrx_word' id='word_1_483' title='bbox 1493 4079 1722 4150; x_wconf 81' lang='grc' dir='ltr'>βασιλέα</span> <span class='ocrx_word' id='word_1_484' title='bbox 1768 4085 2015 4158; x_wconf 85' lang='grc' dir='ltr'>πολεμή-</span> 
     </span>
    </p>
   </div>
   <div class='ocr_carea' id='block_1_73' title="bbox 439 4163 2014 4249">
    <p class='ocr_par' dir='ltr' id='par_1_73' title="bbox 439 4163 2014 4249">
     <span class='ocr_line' id='line_1_73' title="bbox 439 4163 2014 4249; baseline 0.01 -34"><span class='ocrx_word' id='word_1_485' title='bbox 439 4179 651 4228; x_wconf 78' lang='grc' dir='ltr'>σαντες,</span> <span class='ocrx_word' id='word_1_486' title='bbox 727 4163 868 4219; x_wconf 80' lang='grc' dir='ltr'>ὥστε</span> <span class='ocrx_word' id='word_1_487' title='bbox 929 4167 1251 4239; x_wconf 73' lang='grc' dir='ltr'>ἐμπεδῶσαι</span> <span class='ocrx_word' id='word_1_488' title='bbox 1309 4168 1390 4241; x_wconf 79' lang='grc' dir='ltr'><strong>τῷ</strong></span> <span class='ocrx_word' id='word_1_489' title='bbox 1433 4174 1689 4246; x_wconf 77' lang='grc' dir='ltr'>ἀρχιερεῖ</span> <span class='ocrx_word' id='word_1_490' title='bbox 1754 4178 1854 4246; x_wconf 81' lang='grc' dir='ltr'>τὴν</span> <span class='ocrx_word' id='word_1_491' title='bbox 1909 4179 2014 4249; x_wconf 75' lang='grc' dir='ltr'><strong>ἀρ-</strong></span> 
     </span>
    </p>
   </div>
   <div class='ocr_carea' id='block_1_74' title="bbox 439 4259 2016 4340">
    <p class='ocr_par' dir='ltr' id='par_1_74' title="bbox 439 4259 2016 4340">
     <span class='ocr_line' id='line_1_74' title="bbox 439 4259 2016 4340; baseline 0.012 -31"><span class='ocrx_word' id='word_1_492' title='bbox 439 4259 561 4329; x_wconf 80' lang='grc' dir='ltr'>χὴν,</span> <span class='ocrx_word' id='word_1_493' title='bbox 590 4261 872 4333; x_wconf 77' lang='grc' dir='ltr'>ναυμαχία</span> <span class='ocrx_word' id='word_1_494' title='bbox 902 4279 960 4314; x_wconf 87' lang='grc' dir='ltr'><strong>τε</strong></span> <span class='ocrx_word' id='word_1_495' title='bbox 991 4263 1405 4334; x_wconf 73' lang='grc' dir='ltr'>ἐπεκράτησαν,</span> <span class='ocrx_word' id='word_1_496' title='bbox 1433 4268 1530 4321; x_wconf 76' lang='grc' dir='ltr'>καὶ</span> <span class='ocrx_word' id='word_1_497' title='bbox 1547 4270 1883 4340; x_wconf 83' lang='grc' dir='ltr'>κατήγαγον.</span> <span class='ocrx_word' id='word_1_498' title='bbox 1903 4273 2016 4327; x_wconf 71' lang='grc' dir='ltr'><strong>Καὶ</strong></span> 
     </span>
    </p>
   </div>
   <div class='ocr_carea' id='block_1_75' title="bbox 440 4352 2017 4436">
    <p class='ocr_par' dir='ltr' id='par_1_75' title="bbox 440 4352 2017 4436">
     <span class='ocr_line' id='line_1_75' title="bbox 440 4352 2017 4436; baseline 0.009 -31"><span class='ocrx_word' id='word_1_499' title='bbox 440 4352 573 4422; x_wconf 78' lang='grc' dir='ltr'>πρός</span> <span class='ocrx_word' id='word_1_500' title='bbox 597 4371 656 4406; x_wconf 88' lang='grc' dir='ltr'><strong>τε</strong></span> <span class='ocrx_word' id='word_1_501' title='bbox 687 4353 814 4417; x_wconf 75' lang='grc' dir='ltr'>τοὺς</span> <span class='ocrx_word' id='word_1_502' title='bbox 850 4355 1136 4421; x_wconf 80' lang='grc' dir='ltr'>Ἰανυῖους,</span> <span class='ocrx_word' id='word_1_503' title='bbox 1172 4355 1466 4424; x_wconf 81' lang='grc' dir='ltr'>δοκοῦντας</span> <span class='ocrx_word' id='word_1_504' title='bbox 1519 4361 1621 4431; x_wconf 80' lang='grc' dir='ltr'>τῆς</span> <span class='ocrx_word' id='word_1_505' title='bbox 1662 4364 1806 4417; x_wconf 84' lang='grc' dir='ltr'>κατὰ</span> <span class='ocrx_word' id='word_1_506' title='bbox 1838 4366 2017 4436; x_wconf 81' lang='grc' dir='ltr'>χωρία</span> 
     </span>
    </p>
   </div>
   <div class='ocr_carea' id='block_1_76' title="bbox 436 4447 2011 4526">
    <p class='ocr_par' dir='ltr' id='par_1_76' title="bbox 436 4447 2011 4526">
     <span class='ocr_line' id='line_1_76' title="bbox 436 4447 2011 4526; baseline 0.01 -28"><span class='ocrx_word' id='word_1_507' title='bbox 436 4448 640 4512; x_wconf 79' lang='grc' dir='ltr'>ἐκεῖσε,</span> <span class='ocrx_word' id='word_1_508' title='bbox 669 4449 762 4500; x_wconf 77' lang='grc' dir='ltr'>καὶ</span> <span class='ocrx_word' id='word_1_509' title='bbox 794 4447 891 4516; x_wconf 75' lang='grc' dir='ltr'><strong>τήν</strong></span> <span class='ocrx_word' id='word_1_510' title='bbox 928 4448 1177 4519; x_wconf 86' lang='grc' dir='ltr'>πάραλον</span> <span class='ocrx_word' id='word_1_511' title='bbox 1228 4452 1330 4521; x_wconf 81' lang='grc' dir='ltr'>τῆς</span> <span class='ocrx_word' id='word_1_512' title='bbox 1382 4452 1615 4516; x_wconf 81' lang='grc' dir='ltr'>Ἰταλίας</span> <span class='ocrx_word' id='word_1_513' title='bbox 1668 4457 2011 4526; x_wconf 75' lang='grc' dir='ltr'>ἐπικρατεῖν.</span> 
     </span>
    </p>
   </div>
   <div class='ocr_carea' id='block_1_77' title="bbox 2119 3247 3701 3319">
    <p class='ocr_par' dir='ltr' id='par_1_77' title="bbox 2119 3247 3701 3319">
     <span class='ocr_line' id='line_1_77' title="bbox 2119 3247 3701 3319; baseline -0.005 -9"><span class='ocrx_word' id='word_1_514' title='bbox 2119 3263 2241 3310; x_wconf 88' lang='lat' dir='ltr'><strong>rent</strong></span> <span class='ocrx_word' id='word_1_515' title='bbox 2269 3254 2535 3310; x_wconf 73' lang='lat' dir='ltr'><strong>adversus</strong></span> <span class='ocrx_word' id='word_1_516' title='bbox 2569 3250 2821 3319; x_wconf 63' lang='lat' dir='ltr'><strong>Graecos,</strong></span> <span class='ocrx_word' id='word_1_517' title='bbox 2858 3251 3177 3306; x_wconf 88' lang='lat' dir='ltr'><strong>continente</strong></span> <span class='ocrx_word' id='word_1_518' title='bbox 3222 3263 3330 3302; x_wconf 93' lang='lat' dir='ltr'><strong>non</strong></span> <span class='ocrx_word' id='word_1_519' title='bbox 3363 3247 3701 3311; x_wconf 86' lang='lat' dir='ltr'><strong>abstinuere,</strong></span> 
     </span>
    </p>
   </div>
   <div class='ocr_carea' id='block_1_78' title="bbox 2119 3341 3703 3418">
    <p class='ocr_par' dir='ltr' id='par_1_78' title="bbox 2119 3341 3703 3418">
     <span class='ocr_line' id='line_1_78' title="bbox 2119 3341 3703 3418; baseline -0.004 -15"><span class='ocrx_word' id='word_1_520' title='bbox 2119 3362 2310 3405; x_wconf 86' lang='lat' dir='ltr'><strong>verum</strong></span> <span class='ocrx_word' id='word_1_521' title='bbox 2345 3348 2616 3418; x_wconf 69' lang='lat' dir='ltr'><strong>regionem</strong></span> <span class='ocrx_word' id='word_1_522' title='bbox 2639 3343 2760 3412; x_wconf 82' lang='lat' dir='ltr'><strong>ejus</strong></span> <span class='ocrx_word' id='word_1_523' title='bbox 2793 3358 2900 3398; x_wconf 88' lang='lat' dir='ltr'><strong>non</strong></span> <span class='ocrx_word' id='word_1_524' title='bbox 2923 3341 3192 3398; x_wconf 87' lang='lat' dir='ltr'><strong>modicam</strong></span> <span class='ocrx_word' id='word_1_525' title='bbox 3221 3349 3274 3396; x_wconf 90' lang='lat' dir='ltr'><strong>et</strong></span> <span class='ocrx_word' id='word_1_526' title='bbox 3298 3342 3561 3411; x_wconf 89' lang='lat' dir='ltr'><strong>optimam</strong></span> <span class='ocrx_word' id='word_1_527' title='bbox 3590 3353 3703 3396; x_wconf 61' lang='lat' dir='ltr'><strong>sua</strong></span> 
     </span>
    </p>
   </div>
   <div class='ocr_carea' id='block_1_79' title="bbox 2116 3433 3699 3507">
    <p class='ocr_par' dir='ltr' id='par_1_79' title="bbox 2116 3433 3699 3507">
     <span class='ocr_line' id='line_1_79' title="bbox 2116 3433 3699 3507; baseline -0.006 -11"><span class='ocrx_word' id='word_1_528' title='bbox 2116 3439 2312 3496; x_wconf 90' lang='lat' dir='ltr'><strong>ditioni</strong></span> <span class='ocrx_word' id='word_1_529' title='bbox 2338 3439 2594 3507; x_wconf 79' lang='lat' dir='ltr'><strong>junxcre.</strong></span> <span class='ocrx_word' id='word_1_530' title='bbox 2622 3436 2827 3492; x_wconf 85' lang='lat' dir='ltr'><strong>Urbem</strong></span> <span class='ocrx_word' id='word_1_531' title='bbox 2851 3450 3070 3506; x_wconf 85' lang='lat' dir='ltr'><strong>quoque</strong></span> <span class='ocrx_word' id='word_1_532' title='bbox 3092 3449 3246 3490; x_wconf 87' lang='lat' dir='ltr'><strong>suam</strong></span> <span class='ocrx_word' id='word_1_533' title='bbox 3269 3433 3699 3488; x_wconf 84' lang='lat' dir='ltr'><strong>munitissimam</strong></span> 
     </span>
    </p>
   </div>
   <div class='ocr_carea' id='block_1_80' title="bbox 2116 3524 3698 3603">
    <p class='ocr_par' dir='ltr' id='par_1_80' title="bbox 2116 3524 3698 3603">
     <span class='ocr_line' id='line_1_80' title="bbox 2116 3524 3698 3603; baseline -0.006 -15"><span class='ocrx_word' id='word_1_534' title='bbox 2116 3535 2443 3603; x_wconf 63' lang='lat' dir='ltr'><strong>praestitere.</strong></span> <span class='ocrx_word' id='word_1_535' title='bbox 2465 3546 2586 3585; x_wconf 86' lang='lat' dir='ltr'><strong>eum</strong></span> <span class='ocrx_word' id='word_1_536' title='bbox 2617 3544 2736 3583; x_wconf 85' lang='lat' dir='ltr'><strong>eam</strong></span> <span class='ocrx_word' id='word_1_537' title='bbox 2769 3536 2822 3583; x_wconf 92' lang='lat' dir='ltr'><strong>et</strong></span> <span class='ocrx_word' id='word_1_538' title='bbox 2851 3526 3029 3580; x_wconf 81' lang='lat' dir='ltr'><strong>navali</strong></span> <span class='ocrx_word' id='word_1_539' title='bbox 3068 3524 3420 3596; x_wconf 87' lang='lat' dir='ltr'><strong>pedestriquc</strong></span> <span class='ocrx_word' id='word_1_540' title='bbox 3450 3524 3698 3593; x_wconf 76' lang='lat' dir='ltr'><strong>potentia</strong></span> 
     </span>
    </p>
   </div>
   <div class='ocr_carea' id='block_1_81' title="bbox 2117 3616 3700 3688">
    <p class='ocr_par' dir='ltr' id='par_1_81' title="bbox 2117 3616 3700 3688">
     <span class='ocr_line' id='line_1_81' title="bbox 2117 3616 3700 3688; baseline -0.007 -8"><span class='ocrx_word' id='word_1_541' title='bbox 2117 3625 2422 3680; x_wconf 73' lang='lat' dir='ltr'><strong>auxissent.</strong></span> <span class='ocrx_word' id='word_1_542' title='bbox 2452 3620 2751 3676; x_wconf 73' lang='lat' dir='ltr'><strong>Discordia:</strong></span> <span class='ocrx_word' id='word_1_543' title='bbox 2784 3618 2917 3688; x_wconf 85' lang='lat' dir='ltr'><strong>ipsis</strong></span> <span class='ocrx_word' id='word_1_544' title='bbox 2945 3619 3375 3673; x_wconf 86' lang='lat' dir='ltr'><strong>intercesserant</strong></span> <span class='ocrx_word' id='word_1_545' title='bbox 3396 3632 3516 3673; x_wconf 89' lang='lat' dir='ltr'><strong>cum</strong></span> <span class='ocrx_word' id='word_1_546' title='bbox 3549 3616 3700 3686; x_wconf 81' lang='lat' dir='ltr'><strong>Epiri</strong></span> 
     </span>
    </p>
   </div>
   <div class='ocr_carea' id='block_1_82' title="bbox 2115 3707 3700 3780">
    <p class='ocr_par' dir='ltr' id='par_1_82' title="bbox 2115 3707 3700 3780">
     <span class='ocr_line' id='line_1_82' title="bbox 2115 3707 3700 3780; baseline -0.007 -7"><span class='ocrx_word' id='word_1_547' title='bbox 2115 3718 2369 3773; x_wconf 87' lang='lat' dir='ltr'><strong>ducibus.</strong></span> <span class='ocrx_word' id='word_1_548' title='bbox 2394 3714 2630 3768; x_wconf 83' lang='lat' dir='ltr'><strong>Proinde</strong></span> <span class='ocrx_word' id='word_1_549' title='bbox 2658 3712 2710 3767; x_wconf 90' lang='lat' dir='ltr'><strong>id</strong></span> <span class='ocrx_word' id='word_1_550' title='bbox 2741 3713 2940 3767; x_wconf 88' lang='lat' dir='ltr'><strong>bellum</strong></span> <span class='ocrx_word' id='word_1_551' title='bbox 2974 3711 3192 3780; x_wconf 70' lang='lat' dir='ltr'><strong>longius</strong></span> <span class='ocrx_word' id='word_1_552' title='bbox 3225 3709 3463 3765; x_wconf 80' lang='lat' dir='ltr'><strong>duravit.</strong></span> <span class='ocrx_word' id='word_1_553' title='bbox 3487 3707 3700 3778; x_wconf 89' lang='lat' dir='ltr'><strong>Opibus</strong></span> 
     </span>
    </p>
   </div>
   <div class='ocr_carea' id='block_1_83' title="bbox 2115 3801 3702 3876">
    <p class='ocr_par' dir='ltr' id='par_1_83' title="bbox 2115 3801 3702 3876">
     <span class='ocr_line' id='line_1_83' title="bbox 2115 3801 3702 3876; baseline -0.006 -10"><span class='ocrx_word' id='word_1_554' title='bbox 2115 3806 2778 3870; x_wconf 66' lang='lat' dir='ltr'><strong>etecllentc5,civitatcm</strong></span> <span class='ocrx_word' id='word_1_555' title='bbox 2820 3819 2977 3859; x_wconf 89' lang='lat' dir='ltr'><strong>suam</strong></span> <span class='ocrx_word' id='word_1_556' title='bbox 3034 3818 3286 3876; x_wconf 70' lang='lat' dir='ltr'><strong>magnam</strong></span> <span class='ocrx_word' id='word_1_557' title='bbox 3343 3801 3702 3856; x_wconf 84' lang='lat' dir='ltr'><strong>reddiderunt</strong></span> 
     </span>
    </p>
   </div>
   <div class='ocr_carea' id='block_1_84' title="bbox 2116 3893 3699 3975">
    <p class='ocr_par' dir='ltr' id='par_1_84' title="bbox 2116 3893 3699 3975">
     <span class='ocr_line' id='line_1_84' title="bbox 2116 3893 3699 3975; baseline -0.007 -17"><span class='ocrx_word' id='word_1_558' title='bbox 2116 3919 2282 3975; x_wconf 78' lang='lat' dir='ltr'><strong>opum</strong></span> <span class='ocrx_word' id='word_1_559' title='bbox 2315 3914 2567 3956; x_wconf 80' lang='lat' dir='ltr'><strong>accessu.</strong></span> <span class='ocrx_word' id='word_1_560' title='bbox 2596 3899 2867 3953; x_wconf 62' lang='lat' dir='ltr'><strong>Praeterea</strong></span> <span class='ocrx_word' id='word_1_561' title='bbox 2899 3897 3214 3967; x_wconf 85' lang='lat' dir='ltr'><strong>pontiﬁcem</strong></span> <span class='ocrx_word' id='word_1_562' title='bbox 3268 3895 3564 3948; x_wconf 80' lang='lat' dir='ltr'><strong>maximum</strong></span> <span class='ocrx_word' id='word_1_563' title='bbox 3595 3893 3699 3948; x_wconf 79' lang='lat' dir='ltr'><strong>Ro-</strong></span> 
     </span>
    </p>
   </div>
   <div class='ocr_carea' id='block_1_85' title="bbox 2117 3988 3700 4062">
    <p class='ocr_par' dir='ltr' id='par_1_85' title="bbox 2117 3988 3700 4062">
     <span class='ocr_line' id='line_1_85' title="bbox 2117 3988 3700 4062; baseline -0.007 -8"><span class='ocrx_word' id='word_1_564' title='bbox 2117 4013 2341 4054; x_wconf 88' lang='lat' dir='ltr'><strong>manum</strong></span> <span class='ocrx_word' id='word_1_565' title='bbox 2361 3995 2510 4050; x_wconf 85' lang='lat' dir='ltr'><strong>Italia</strong></span> <span class='ocrx_word' id='word_1_566' title='bbox 2535 3994 2818 4062; x_wconf 81' lang='lat' dir='ltr'><strong>Romaque</strong></span> <span class='ocrx_word' id='word_1_567' title='bbox 2845 3991 3062 4059; x_wconf 80' lang='lat' dir='ltr'><strong>pulsum</strong></span> <span class='ocrx_word' id='word_1_568' title='bbox 3091 3990 3158 4043; x_wconf 90' lang='lat' dir='ltr'><strong>ab</strong></span> <span class='ocrx_word' id='word_1_569' title='bbox 3185 4003 3310 4057; x_wconf 73' lang='lat' dir='ltr'><strong>rege</strong></span> <span class='ocrx_word' id='word_1_570' title='bbox 3340 3988 3574 4043; x_wconf 66' lang='lat' dir='ltr'><strong>barbaro</strong></span> <span class='ocrx_word' id='word_1_571' title='bbox 3597 3989 3700 4053; x_wconf 82' lang='lat'><strong>(5).</strong></span> 
     </span>
    </p>
   </div>
   <div class='ocr_carea' id='block_1_86' title="bbox 2117 4078 3699 4160">
    <p class='ocr_par' dir='ltr' id='par_1_86' title="bbox 2117 4078 3699 4160">
     <span class='ocr_line' id='line_1_86' title="bbox 2117 4078 3699 4160; baseline -0.008 -15"><span class='ocrx_word' id='word_1_572' title='bbox 2117 4091 2184 4145; x_wconf 89' lang='lat' dir='ltr'><strong>ad</strong></span> <span class='ocrx_word' id='word_1_573' title='bbox 2209 4090 2586 4160; x_wconf 76' lang='lat' dir='ltr'><strong>pontiﬁcatum</strong></span> <span class='ocrx_word' id='word_1_574' title='bbox 2608 4094 2662 4139; x_wconf 88' lang='lat' dir='ltr'><strong>et</strong></span> <span class='ocrx_word' id='word_1_575' title='bbox 2691 4082 2979 4152; x_wconf 90' lang='lat' dir='ltr'><strong>imperium</strong></span> <span class='ocrx_word' id='word_1_576' title='bbox 3007 4081 3368 4144; x_wconf 72' lang='lat' dir='ltr'><strong>reduxerunt,</strong></span> <span class='ocrx_word' id='word_1_577' title='bbox 3399 4078 3541 4132; x_wconf 83' lang='lat' dir='ltr'><strong>victu</strong></span> <span class='ocrx_word' id='word_1_578' title='bbox 3560 4078 3699 4132; x_wconf 87' lang='lat' dir='ltr'><strong>Bar-</strong></span> 
     </span>
    </p>
   </div>
   <div class='ocr_carea' id='block_1_87' title="bbox 2119 4170 3696 4251">
    <p class='ocr_par' dir='ltr' id='par_1_87' title="bbox 2119 4170 3696 4251">
     <span class='ocr_line' id='line_1_87' title="bbox 2119 4170 3696 4251; baseline -0.01 -11"><span class='ocrx_word' id='word_1_579' title='bbox 2119 4186 2256 4240; x_wconf 88' lang='lat' dir='ltr'><strong>baro</strong></span> <span class='ocrx_word' id='word_1_580' title='bbox 2281 4181 2458 4237; x_wconf 87' lang='lat' dir='ltr'><strong>navali</strong></span> <span class='ocrx_word' id='word_1_581' title='bbox 2489 4179 2696 4251; x_wconf 71' lang='lat' dir='ltr'><strong>praelio.</strong></span> <span class='ocrx_word' id='word_1_582' title='bbox 2733 4176 2911 4229; x_wconf 85' lang='lat' dir='ltr'><strong>Etiam</strong></span> <span class='ocrx_word' id='word_1_583' title='bbox 2934 4175 3202 4229; x_wconf 82' lang='lat' dir='ltr'><strong>adversus</strong></span> <span class='ocrx_word' id='word_1_584' title='bbox 3233 4170 3566 4235; x_wconf 75' lang='lat' dir='ltr'><strong>Junueusrs,</strong></span> <span class='ocrx_word' id='word_1_585' title='bbox 3599 4170 3696 4241; x_wconf 83' lang='lat' dir='ltr'><strong>qui</strong></span> 
     </span>
    </p>
   </div>
   <div class='ocr_carea' id='block_1_88' title="bbox 2118 4264 3696 4346">
    <p class='ocr_par' dir='ltr' id='par_1_88' title="bbox 2118 4264 3696 4346">
     <span class='ocr_line' id='line_1_88' title="bbox 2118 4264 3696 4346; baseline -0.008 -13"><span class='ocrx_word' id='word_1_586' title='bbox 2118 4277 2370 4346; x_wconf 72' lang='lat' dir='ltr'><strong>regiones</strong></span> <span class='ocrx_word' id='word_1_587' title='bbox 2403 4271 2668 4343; x_wconf 87' lang='lat' dir='ltr'><strong>quasdam</strong></span> <span class='ocrx_word' id='word_1_588' title='bbox 2693 4270 2855 4324; x_wconf 84' lang='lat' dir='ltr'><strong>isthic</strong></span> <span class='ocrx_word' id='word_1_589' title='bbox 2894 4277 2948 4324; x_wconf 93' lang='lat' dir='ltr'><strong>et</strong></span> <span class='ocrx_word' id='word_1_590' title='bbox 3001 4267 3326 4320; x_wconf 88' lang='lat' dir='ltr'><strong>maritimam</strong></span> <span class='ocrx_word' id='word_1_591' title='bbox 3348 4264 3515 4319; x_wconf 67' lang='lat' dir='ltr'><strong>italiae</strong></span> <span class='ocrx_word' id='word_1_592' title='bbox 3543 4279 3696 4320; x_wconf 83' lang='lat' dir='ltr'><strong>orant</strong></span> 
     </span>
    </p>
   </div>
   <div class='ocr_carea' id='block_1_89' title="bbox 2121 4349 3697 4433">
    <p class='ocr_par' dir='ltr' id='par_1_89' title="bbox 2121 4349 3697 4433">
     <span class='ocr_line' id='line_1_89' title="bbox 2121 4349 3697 4433; baseline -0.009 -9"><span class='ocrx_word' id='word_1_593' title='bbox 2121 4349 2307 4424; x_wconf 70' lang='lat' dir='ltr'><strong>tenei&#39;e</strong></span> <span class='ocrx_word' id='word_1_594' title='bbox 2344 4366 2690 4430; x_wconf 86' lang='lat' dir='ltr'><strong>videbantur,</strong></span> <span class='ocrx_word' id='word_1_595' title='bbox 2738 4362 2880 4417; x_wconf 89' lang='lat' dir='ltr'><strong>bello</strong></span> <span class='ocrx_word' id='word_1_596' title='bbox 2935 4368 3209 4433; x_wconf 79' lang='lat' dir='ltr'><strong>petentes,</strong></span> <span class='ocrx_word' id='word_1_597' title='bbox 3235 4358 3469 4430; x_wconf 90' lang='lat' dir='ltr'><strong>plurima</strong></span> <span class='ocrx_word' id='word_1_598' title='bbox 3496 4356 3697 4410; x_wconf 81' lang='lat' dir='ltr'><strong>mili&#39;a-</strong></span> 
     </span>
    </p>
   </div>
   <div class='ocr_carea' id='block_1_90' title="bbox 2119 4449 3695 4526">
    <p class='ocr_par' dir='ltr' id='par_1_90' title="bbox 2119 4449 3695 4526">
     <span class='ocr_line' id='line_1_90' title="bbox 2119 4449 3695 4526; baseline -0.011 -11"><span class='ocrx_word' id='word_1_599' title='bbox 2119 4463 2199 4517; x_wconf 83' lang='lat' dir='ltr'><strong>ria</strong></span> <span class='ocrx_word' id='word_1_600' title='bbox 2231 4458 2447 4515; x_wconf 89' lang='lat' dir='ltr'><strong>virtutis</strong></span> <span class='ocrx_word' id='word_1_601' title='bbox 2472 4456 2615 4511; x_wconf 81' lang='lat' dir='ltr'><strong>l‘acta</strong></span> <span class='ocrx_word' id='word_1_602' title='bbox 2644 4455 2906 4517; x_wconf 85' lang='lat' dir='ltr'><strong>edebant,</strong></span> <span class='ocrx_word' id='word_1_603' title='bbox 2974 4455 3299 4526; x_wconf 86' lang='lat' dir='ltr'><strong>plerumque</strong></span> <span class='ocrx_word' id='word_1_604' title='bbox 3325 4449 3523 4521; x_wconf 68' lang='lat' dir='ltr'><strong>pugnis</strong></span> <span class='ocrx_word' id='word_1_605' title='bbox 3595 4465 3695 4499; x_wconf 80' lang='lat' dir='ltr'><strong>ua-</strong></span> 
     </span>
    </p>
   </div>
   <div class='ocr_carea' id='block_1_91' title="bbox 439 4517 2018 4618">
    <p class='ocr_par' dir='ltr' id='par_1_91' title="bbox 439 4517 2010 4618">
     <span class='ocr_line' id='line_1_91' title="bbox 439 4517 2010 4618; baseline 0.009 -30"><span class='ocrx_word' id='word_1_606' title='bbox 439 4538 678 4609; x_wconf 75' lang='grc' dir='ltr'>πὸλεμον</span> <span class='ocrx_word' id='word_1_607' title='bbox 706 4517 1112 4608; x_wconf 77' lang='grc' dir='ltr'>ἐξενεγκόντες,</span> <span class='ocrx_word' id='word_1_608' title='bbox 1151 4517 1368 4612; x_wconf 81' lang='grc' dir='ltr'>μεγάλα</span> <span class='ocrx_word' id='word_1_609' title='bbox 1408 4517 1820 4612; x_wconf 48' lang='grc' dir='ltr'>ἀποδείξασθαι.</span> <span class='ocrx_word' id='word_1_610' title='bbox 1848 4517 2010 4618; x_wconf 74' lang='grc' dir='ltr'>ἔργα,</span> 
     </span>
    </p>
   </div>
   <div class='ocr_carea' id='block_1_92' title="bbox 2120 4517 3696 4618">
    <p class='ocr_par' dir='ltr' id='par_1_92' title="bbox 2122 4540 3696 4607">
     <span class='ocr_line' id='line_1_92' title="bbox 2122 4540 3696 4607; baseline -0.007 -3"><span class='ocrx_word' id='word_1_611' title='bbox 2122 4554 2332 4607; x_wconf 83' lang='lat' dir='ltr'><strong>valibus</strong></span> <span class='ocrx_word' id='word_1_612' title='bbox 2357 4551 2647 4607; x_wconf 85' lang='lat' dir='ltr'><strong>victoriam</strong></span> <span class='ocrx_word' id='word_1_613' title='bbox 2686 4547 3024 4601; x_wconf 83' lang='lat' dir='ltr'><strong>obtinentes.</strong></span> <span class='ocrx_word' id='word_1_614' title='bbox 3060 4543 3456 4598; x_wconf 73' lang='lat' dir='ltr'><strong>Atianuenses</strong></span> <span class='ocrx_word' id='word_1_615' title='bbox 3493 4540 3696 4595; x_wconf 85' lang='lat' dir='ltr'><strong>bellum</strong></span> 
     </span>
    </p>
   </div>
   <div class='ocr_carea' id='block_1_93' title="bbox 440 4627 2018 4709">
    <p class='ocr_par' dir='ltr' id='par_1_93' title="bbox 440 4627 2016 4709">
     <span class='ocr_line' id='line_1_93' title="bbox 440 4627 2016 4709; baseline 0.011 -29"><span class='ocrx_word' id='word_1_616' title='bbox 440 4627 686 4701; x_wconf 86' lang='grc' dir='ltr'>πολλαχῆ</span> <span class='ocrx_word' id='word_1_617' title='bbox 715 4630 1272 4707; x_wconf 76' lang='grc' dir='ltr'>διαναυμαχήσαντες</span> <span class='ocrx_word' id='word_1_618' title='bbox 1302 4637 1398 4688; x_wconf 78' lang='grc' dir='ltr'>καὶ</span> <span class='ocrx_word' id='word_1_619' title='bbox 1449 4640 1883 4709; x_wconf 83' lang='grc' dir='ltr'>περιγενόμενοι.</span> <span class='ocrx_word' id='word_1_620' title='bbox 1911 4637 2016 4697; x_wconf 73' lang='grc' dir='ltr'><strong>Οὗ-</strong></span> 
     </span>
    </p>
   </div>
   <div class='ocr_carea' id='block_1_94' title="bbox 2120 4627 3696 4709">
    <p class='ocr_par' dir='ltr' id='par_1_94' title="bbox 2123 4636 3696 4707">
     <span class='ocr_line' id='line_1_94' title="bbox 2123 4636 3696 4707; baseline -0.01 -4"><span class='ocrx_word' id='word_1_621' title='bbox 2123 4649 2390 4703; x_wconf 85' lang='lat' dir='ltr'><strong>advcrsus</strong></span> <span class='ocrx_word' id='word_1_622' title='bbox 2449 4643 2690 4698; x_wconf 78' lang='lat' dir='ltr'><strong>Venetos</strong></span> <span class='ocrx_word' id='word_1_623' title='bbox 2721 4650 3023 4701; x_wconf 86' lang='lat' dir='ltr'><strong>sumentes,</strong></span> <span class='ocrx_word' id='word_1_624' title='bbox 3066 4636 3466 4707; x_wconf 82' lang='lat' dir='ltr'><strong>propemodum</strong></span> <span class='ocrx_word' id='word_1_625' title='bbox 3494 4636 3696 4688; x_wconf 82' lang='lat' dir='ltr'><strong>horum</strong></span> 
     </span>
    </p>
   </div>
   <div class='ocr_carea' id='block_1_95' title="bbox 437 4725 2018 4805">
    <p class='ocr_par' dir='ltr' id='par_1_95' title="bbox 437 4725 2014 4805">
     <span class='ocr_line' id='line_1_95' title="bbox 437 4725 2014 4805; baseline 0.011 -31"><span class='ocrx_word' id='word_1_626' title='bbox 437 4738 517 4775; x_wconf 84' lang='grc' dir='ltr'><strong>τοι</strong></span> <span class='ocrx_word' id='word_1_627' title='bbox 573 4725 872 4794; x_wconf 83' lang='grc' dir='ltr'>τοιγαροῦν</span> <span class='ocrx_word' id='word_1_628' title='bbox 911 4725 1004 4778; x_wconf 78' lang='grc' dir='ltr'>τὸν</span> <span class='ocrx_word' id='word_1_629' title='bbox 1051 4726 1187 4797; x_wconf 79' lang='grc' dir='ltr'>πρὸς</span> <span class='ocrx_word' id='word_1_630' title='bbox 1238 4729 1366 4792; x_wconf 74' lang='grc' dir='ltr'>τοὺς</span> <span class='ocrx_word' id='word_1_631' title='bbox 1416 4730 1714 4795; x_wconf 80' lang='grc' dir='ltr'>Οὐενετοὺς</span> <span class='ocrx_word' id='word_1_632' title='bbox 1775 4735 2014 4805; x_wconf 78' lang='grc' dir='ltr'>πόλεμον</span> 
     </span>
    </p>
   </div>
   <div class='ocr_carea' id='block_1_96' title="bbox 2120 4725 3694 4805">
    <p class='ocr_par' dir='ltr' id='par_1_96' title="bbox 2126 4727 3694 4800">
     <span class='ocr_line' id='line_1_96' title="bbox 2126 4727 3694 4800; baseline -0.013 -4"><span class='ocrx_word' id='word_1_633' title='bbox 2126 4742 2317 4796; x_wconf 86' lang='lat' dir='ltr'><strong>urbem</strong></span> <span class='ocrx_word' id='word_1_634' title='bbox 2341 4739 2394 4792; x_wconf 91' lang='lat' dir='ltr'><strong>in</strong></span> <span class='ocrx_word' id='word_1_635' title='bbox 2415 4734 2750 4791; x_wconf 83' lang='lat' dir='ltr'><strong>deditionem</strong></span> <span class='ocrx_word' id='word_1_636' title='bbox 2797 4739 3149 4800; x_wconf 83' lang='lat' dir='ltr'><strong>acceperunt,</strong></span> <span class='ocrx_word' id='word_1_637' title='bbox 3181 4727 3415 4783; x_wconf 82' lang='lat' dir='ltr'><strong>navibus</strong></span> <span class='ocrx_word' id='word_1_638' title='bbox 3442 4735 3497 4780; x_wconf 77' lang='lat' dir='ltr'><strong>et</strong></span> <span class='ocrx_word' id='word_1_639' title='bbox 3530 4729 3694 4779; x_wconf 79' lang='lat' dir='ltr'><strong>trire-</strong></span> 
     </span>
    </p>
   </div>
   <div class='ocr_carea' id='block_1_97' title="bbox 438 4814 2018 4897">
    <p class='ocr_par' dir='ltr' id='par_1_97' title="bbox 438 4814 2014 4897">
     <span class='ocr_line' id='line_1_97' title="bbox 438 4814 2014 4897; baseline 0.01 -33"><span class='ocrx_word' id='word_1_640' title='bbox 438 4814 852 4886; x_wconf 72' lang='grc' dir='ltr'>ἀναιρούμενοι,</span> <span class='ocrx_word' id='word_1_641' title='bbox 888 4817 1079 4886; x_wconf 83' lang='grc' dir='ltr'>ὀλίγου</span> <span class='ocrx_word' id='word_1_642' title='bbox 1110 4819 1224 4872; x_wconf 87' lang='grc' dir='ltr'>δεῖν</span> <span class='ocrx_word' id='word_1_643' title='bbox 1287 4822 1387 4891; x_wconf 75' lang='grc' dir='ltr'><strong>τήν</strong></span> <span class='ocrx_word' id='word_1_644' title='bbox 1449 4822 1606 4876; x_wconf 86' lang='grc' dir='ltr'>πόλιν</span> <span class='ocrx_word' id='word_1_645' title='bbox 1658 4825 1832 4895; x_wconf 81' lang='grc' dir='ltr'>αὐτὴν</span> <span class='ocrx_word' id='word_1_646' title='bbox 1872 4828 2014 4897; x_wconf 61' lang='grc' dir='ltr'>ἔχει.</span> 
     </span>
    </p>
   </div>
   <div class='ocr_carea' id='block_1_98' title="bbox 2120 4814 3694 4897">
    <p class='ocr_par' dir='ltr' id='par_1_98' title="bbox 2125 4823 3694 4891">
     <span class='ocr_line' id='line_1_98' title="bbox 2125 4823 3694 4891; baseline -0.009 -9"><span class='ocrx_word' id='word_1_647' title='bbox 2125 4828 2309 4882; x_wconf 80' lang='lat' dir='ltr'><strong>mibus</strong></span> <span class='ocrx_word' id='word_1_648' title='bbox 2342 4823 2843 4891; x_wconf 75' lang='lat' dir='ltr'><strong>adnavigantes,.ct</strong></span> <span class='ocrx_word' id='word_1_649' title='bbox 2872 4833 3064 4873; x_wconf 88' lang='lat' dir='ltr'><strong>eorum</strong></span> <span class='ocrx_word' id='word_1_650' title='bbox 3096 4826 3312 4886; x_wconf 87' lang='lat' dir='ltr'><strong>portum</strong></span> <span class='ocrx_word' id='word_1_651' title='bbox 3343 4824 3694 4885; x_wconf 77' lang='lat' dir='ltr'><strong>occupantes,</strong></span> 
     </span>
    </p>
   </div>
   <div class='ocr_carea' id='block_1_99' title="bbox 442 4904 2018 4990">
    <p class='ocr_par' dir='ltr' id='par_1_99' title="bbox 442 4904 2014 4983">
     <span class='ocr_line' id='line_1_99' title="bbox 442 4904 2014 4983; baseline 0.008 -27"><span class='ocrx_word' id='word_1_652' title='bbox 442 4904 716 4976; x_wconf 84' lang='grc' dir='ltr'>ρώσαντο,</span> <span class='ocrx_word' id='word_1_653' title='bbox 747 4909 1186 4974; x_wconf 72' lang='grc' dir='ltr'>ἐπιπλεύσαντες</span> <span class='ocrx_word' id='word_1_654' title='bbox 1241 4915 1493 4983; x_wconf 81' lang='grc' dir='ltr'>τριήρεσι</span> <span class='ocrx_word' id='word_1_655' title='bbox 1542 4916 1638 4968; x_wconf 76' lang='grc' dir='ltr'>καὶ</span> <span class='ocrx_word' id='word_1_656' title='bbox 1682 4917 1872 4970; x_wconf 78' lang='grc' dir='ltr'>ναυσὶν</span> <span class='ocrx_word' id='word_1_657' title='bbox 1922 4922 2014 4971; x_wconf 74' lang='grc' dir='ltr'><strong>ἐπὶ</strong></span> 
     </span>
    </p>
   </div>
   <div class='ocr_carea' id='block_1_100' title="bbox 2120 4904 3694 4990">
    <p class='ocr_par' dir='ltr' id='par_1_100' title="bbox 2122 4906 3694 4990">
     <span class='ocr_line' id='line_1_100' title="bbox 2122 4906 3694 4990; baseline -0.01 -15"><span class='ocrx_word' id='word_1_658' title='bbox 2122 4919 2359 4990; x_wconf 68' lang='lat' dir='ltr'><strong>ingressi</strong></span> <span class='ocrx_word' id='word_1_659' title='bbox 2389 4931 2452 4972; x_wconf 88' lang='lat' dir='ltr'><strong>eo</strong></span> <span class='ocrx_word' id='word_1_660' title='bbox 2487 4914 2590 4971; x_wconf 86' lang='lat' dir='ltr'><strong>loci</strong></span> <span class='ocrx_word' id='word_1_661' title='bbox 2628 4913 2718 4967; x_wconf 86' lang='lat' dir='ltr'><strong>ubi</strong></span> <span class='ocrx_word' id='word_1_662' title='bbox 2751 4911 2938 4966; x_wconf 82' lang='lat' dir='ltr'><strong>Clizoe</strong></span> <span class='ocrx_word' id='word_1_663' title='bbox 2969 4910 3079 4963; x_wconf 87' lang='lat' dir='ltr'><strong>sive</strong></span> <span class='ocrx_word' id='word_1_664' title='bbox 3106 4907 3294 4963; x_wconf 88' lang='lat' dir='ltr'><strong>Clodia</strong></span> <span class='ocrx_word' id='word_1_665' title='bbox 3319 4907 3393 4977; x_wconf 82' lang='lat' dir='ltr'><strong>(ti)</strong></span> <span class='ocrx_word' id='word_1_666' title='bbox 3417 4906 3562 4961; x_wconf 79' lang='lat' dir='ltr'><strong>fossa</strong></span> <span class='ocrx_word' id='word_1_667' title='bbox 3592 4914 3694 4960; x_wconf 85' lang='lat' dir='ltr'><strong>est.</strong></span> 
     </span>
    </p>
   </div>
   <div class='ocr_carea' id='block_1_101' title="bbox 435 4996 2018 5072">
    <p class='ocr_par' dir='ltr' id='par_1_101' title="bbox 435 5000 2014 5072">
     <span class='ocr_line' id='line_1_101' title="bbox 435 5000 2014 5072; baseline 0.011 -23"><span class='ocrx_word' id='word_1_668' title='bbox 435 5001 544 5050; x_wconf 82' lang='grc' dir='ltr'>τῶν</span> <span class='ocrx_word' id='word_1_669' title='bbox 575 5000 861 5054; x_wconf 84' lang='grc' dir='ltr'>Οὐενετῶν</span> <span class='ocrx_word' id='word_1_670' title='bbox 890 5001 1114 5071; x_wconf 84' lang='grc' dir='ltr'>λιμένα,</span> <span class='ocrx_word' id='word_1_671' title='bbox 1145 5005 1241 5057; x_wconf 71' lang='grc' dir='ltr'>καὶ</span> <span class='ocrx_word' id='word_1_672' title='bbox 1273 5005 1609 5072; x_wconf 73' lang='grc' dir='ltr'>εἰσελθόντες</span> <span class='ocrx_word' id='word_1_673' title='bbox 1638 5012 1782 5063; x_wconf 80' lang='grc' dir='ltr'>κατὰ</span> <span class='ocrx_word' id='word_1_674' title='bbox 1821 5011 1880 5064; x_wconf 79' lang='grc' dir='ltr'>τὸ</span> <span class='ocrx_word' id='word_1_675' title='bbox 1920 5014 2014 5067; x_wconf 81' lang='grc' dir='ltr'><strong>ἐπὶ</strong></span> 
     </span>
    </p>
   </div>
   <div class='ocr_carea' id='block_1_102' title="bbox 2120 4996 3693 5072">
    <p class='ocr_par' dir='ltr' id='par_1_102' title="bbox 2123 4996 3693 5067">
     <span class='ocr_line' id='line_1_102' title="bbox 2123 4996 3693 5067; baseline -0.011 0"><span class='ocrx_word' id='word_1_676' title='bbox 2123 5010 2266 5067; x_wconf 82' lang='lat' dir='ltr'><strong>Urbs</strong></span> <span class='ocrx_word' id='word_1_677' title='bbox 2291 5007 2626 5062; x_wconf 83' lang='lat' dir='ltr'><strong>Venetorum</strong></span> <span class='ocrx_word' id='word_1_678' title='bbox 2662 5002 2766 5056; x_wconf 82' lang='lat' dir='ltr'><strong>sita</strong></span> <span class='ocrx_word' id='word_1_679' title='bbox 2800 5016 2864 5056; x_wconf 90' lang='lat' dir='ltr'><strong>eo</strong></span> <span class='ocrx_word' id='word_1_680' title='bbox 2890 5001 3021 5065; x_wconf 86' lang='lat' dir='ltr'><strong>loci,</strong></span> <span class='ocrx_word' id='word_1_681' title='bbox 3043 4997 3136 5053; x_wconf 87' lang='lat' dir='ltr'><strong>ubi</strong></span> <span class='ocrx_word' id='word_1_682' title='bbox 3174 4998 3326 5052; x_wconf 84' lang='lat' dir='ltr'><strong>lacus</strong></span> <span class='ocrx_word' id='word_1_683' title='bbox 3345 4996 3459 5050; x_wconf 84' lang='lat' dir='ltr'><strong>sive</strong></span> <span class='ocrx_word' id='word_1_684' title='bbox 3500 5004 3693 5066; x_wconf 89' lang='lat' dir='ltr'><strong>portus</strong></span> 
     </span>
    </p>
   </div>
   <div class='ocr_carea' id='block_1_103' title="bbox 442 5088 2018 5176">
    <p class='ocr_par' dir='ltr' id='par_1_103' title="bbox 442 5092 2012 5176">
     <span class='ocr_line' id='line_1_103' title="bbox 442 5092 2012 5176; baseline 0.008 -31"><span class='ocrx_word' id='word_1_685' title='bbox 442 5092 674 5164; x_wconf 73' lang='grc' dir='ltr'>Ιὶλιζόην</span> <span class='ocrx_word' id='word_1_686' title='bbox 713 5093 787 5149; x_wconf 82' lang='grc'><strong>⁷⁷.</strong></span> <span class='ocrx_word' id='word_1_687' title='bbox 817 5095 974 5159; x_wconf 85' lang='grc' dir='ltr'>Πόλις</span> <span class='ocrx_word' id='word_1_688' title='bbox 1005 5095 1060 5149; x_wconf 70' lang='grc' dir='ltr'>δὲ</span> <span class='ocrx_word' id='word_1_689' title='bbox 1086 5097 1268 5150; x_wconf 80' lang='grc' dir='ltr'>αὐτῶν</span> <span class='ocrx_word' id='word_1_690' title='bbox 1291 5100 1548 5167; x_wconf 84' lang='grc' dir='ltr'>οίκεῖται,</span> <span class='ocrx_word' id='word_1_691' title='bbox 1575 5103 1684 5173; x_wconf 80' lang='grc' dir='ltr'>ὅπη</span> <span class='ocrx_word' id='word_1_692' title='bbox 1705 5103 1771 5174; x_wconf 81' lang='grc' dir='ltr'>δὴ</span> <span class='ocrx_word' id='word_1_693' title='bbox 1792 5105 2012 5176; x_wconf 78' lang='grc' dir='ltr'>ὀ¹λιμὴν</span> 
     </span>
    </p>
   </div>
   <div class='ocr_carea' id='block_1_104' title="bbox 2120 5088 3691 5176">
    <p class='ocr_par' dir='ltr' id='par_1_104' title="bbox 2124 5088 3691 5173">
     <span class='ocr_line' id='line_1_104' title="bbox 2124 5088 3691 5173; baseline -0.011 -14"><span class='ocrx_word' id='word_1_694' title='bbox 2124 5117 2360 5173; x_wconf 75' lang='lat' dir='ltr'><strong>magnus</strong></span> <span class='ocrx_word' id='word_1_695' title='bbox 2385 5100 2599 5162; x_wconf 86' lang='lat' dir='ltr'><strong>visitur,</strong></span> <span class='ocrx_word' id='word_1_696' title='bbox 2630 5097 2722 5165; x_wconf 87' lang='lat' dir='ltr'><strong>qui</strong></span> <span class='ocrx_word' id='word_1_697' title='bbox 2751 5094 2947 5165; x_wconf 79' lang='lat' dir='ltr'><strong>longus</strong></span> <span class='ocrx_word' id='word_1_698' title='bbox 3003 5091 3198 5147; x_wconf 88' lang='lat' dir='ltr'><strong>stadiis</strong></span> <span class='ocrx_word' id='word_1_699' title='bbox 3262 5088 3579 5161; x_wconf 80' lang='lat' dir='ltr'><strong>quingentis</strong></span> <span class='ocrx_word' id='word_1_700' title='bbox 3612 5105 3691 5141; x_wconf 83' lang='lat' dir='ltr'><strong>re-</strong></span> 
     </span>
    </p>
   </div>
   <div class='ocr_carea' id='block_1_105' title="bbox 439 5179 2018 5268">
    <p class='ocr_par' dir='ltr' id='par_1_105' title="bbox 439 5186 2009 5266">
     <span class='ocr_line' id='line_1_105' title="bbox 439 5186 2009 5266; baseline 0.01 -30"><span class='ocrx_word' id='word_1_701' title='bbox 439 5187 611 5254; x_wconf 78' lang='grc' dir='ltr'>μέγας</span> <span class='ocrx_word' id='word_1_702' title='bbox 673 5203 729 5240; x_wconf 89' lang='grc' dir='ltr'><strong>τε</strong></span> <span class='ocrx_word' id='word_1_703' title='bbox 759 5186 854 5254; x_wconf 82' lang='grc' dir='ltr'>ὢν,</span> <span class='ocrx_word' id='word_1_704' title='bbox 886 5189 982 5241; x_wconf 79' lang='grc' dir='ltr'>καὶ</span> <span class='ocrx_word' id='word_1_705' title='bbox 1035 5191 1436 5255; x_wconf 79' lang='grc' dir='ltr'>πεντακοσίους</span> <span class='ocrx_word' id='word_1_706' title='bbox 1488 5194 1738 5259; x_wconf 77' lang='grc' dir='ltr'>σταδίους</span> <span class='ocrx_word' id='word_1_707' title='bbox 1782 5197 2009 5266; x_wconf 80' lang='grc' dir='ltr'>διήκων,</span> 
     </span>
    </p>
   </div>
   <div class='ocr_carea' id='block_1_106' title="bbox 2120 5179 3692 5268">
    <p class='ocr_par' dir='ltr' id='par_1_106' title="bbox 2120 5179 3692 5268">
     <span class='ocr_line' id='line_1_106' title="bbox 2120 5179 3692 5268; baseline -0.01 -20"><span class='ocrx_word' id='word_1_708' title='bbox 2120 5198 2339 5268; x_wconf 56' lang='lat' dir='ltr'><strong>sionem</strong></span> <span class='ocrx_word' id='word_1_709' title='bbox 2371 5189 2613 5244; x_wconf 77' lang='lat' dir='ltr'><strong>Eridano</strong></span> <span class='ocrx_word' id='word_1_710' title='bbox 2664 5183 2948 5241; x_wconf 81' lang='lat' dir='ltr'><strong>ﬁnitimam</strong></span> <span class='ocrx_word' id='word_1_711' title='bbox 2974 5184 3214 5253; x_wconf 74' lang='lat' dir='ltr'><strong>attingit.</strong></span> <span class='ocrx_word' id='word_1_712' title='bbox 3248 5180 3515 5235; x_wconf 83' lang='lat' dir='ltr'><strong>Eridanus</strong></span> <span class='ocrx_word' id='word_1_713' title='bbox 3546 5179 3692 5234; x_wconf 88' lang='lat' dir='ltr'><strong>enim</strong></span> 
     </span>
    </p>
   </div>
   <div class='ocr_carea' id='block_1_107' title="bbox 436 5279 2018 5362">
    <p class='ocr_par' dir='ltr' id='par_1_107' title="bbox 436 5281 2011 5362">
     <span class='ocr_line' id='line_1_107' title="bbox 436 5281 2011 5362; baseline 0.01 -32"><span class='ocrx_word' id='word_1_714' title='bbox 436 5281 594 5350; x_wconf 82' lang='grc' dir='ltr'>λήγει</span> <span class='ocrx_word' id='word_1_715' title='bbox 621 5283 676 5343; x_wconf 79' lang='grc' dir='ltr'>ἐς</span> <span class='ocrx_word' id='word_1_716' title='bbox 708 5283 810 5354; x_wconf 77' lang='grc' dir='ltr'><strong>τήν</strong></span> <span class='ocrx_word' id='word_1_717' title='bbox 839 5282 984 5336; x_wconf 72' lang='grc' dir='ltr'>κατὰ</span> <span class='ocrx_word' id='word_1_718' title='bbox 1013 5285 1106 5337; x_wconf 82' lang='grc' dir='ltr'>τὸν</span> <span class='ocrx_word' id='word_1_719' title='bbox 1133 5283 1417 5356; x_wconf 76' lang='grc' dir='ltr'>Ἠριδανὸν</span> <span class='ocrx_word' id='word_1_720' title='bbox 1448 5286 1658 5356; x_wconf 81' lang='grc' dir='ltr'>χώραν.</span> <span class='ocrx_word' id='word_1_721' title='bbox 1696 5289 1881 5362; x_wconf 83' lang='grc' dir='ltr'>Ταύτῃ</span> <span class='ocrx_word' id='word_1_722' title='bbox 1902 5295 2011 5361; x_wconf 76' lang='grc' dir='ltr'>γὰρ</span> 
     </span>
    </p>
   </div>
   <div class='ocr_carea' id='block_1_108' title="bbox 2120 5279 3691 5362">
    <p class='ocr_par' dir='ltr' id='par_1_108' title="bbox 2121 5279 3691 5360">
     <span class='ocr_line' id='line_1_108' title="bbox 2121 5279 3691 5360; baseline -0.011 -17"><span class='ocrx_word' id='word_1_723' title='bbox 2121 5291 2235 5360; x_wconf 90' lang='lat' dir='ltr'><strong>(qui</strong></span> <span class='ocrx_word' id='word_1_724' title='bbox 2262 5299 2314 5343; x_wconf 90' lang='lat' dir='ltr'><strong>et</strong></span> <span class='ocrx_word' id='word_1_725' title='bbox 2346 5284 2546 5355; x_wconf 82' lang='lat' dir='ltr'><strong>Padus)</strong></span> <span class='ocrx_word' id='word_1_726' title='bbox 2580 5281 2746 5336; x_wconf 65' lang='lat' dir='ltr'><strong>italim</strong></span> <span class='ocrx_word' id='word_1_727' title='bbox 2797 5279 2993 5334; x_wconf 75' lang='lat' dir='ltr'><strong>ﬂuvius</strong></span> <span class='ocrx_word' id='word_1_728' title='bbox 3048 5292 3276 5343; x_wconf 74' lang='lat' dir='ltr'><strong>tnagnus</strong></span> <span class='ocrx_word' id='word_1_729' title='bbox 3311 5282 3418 5337; x_wconf 85' lang='lat' dir='ltr'><strong>est,</strong></span> <span class='ocrx_word' id='word_1_730' title='bbox 3448 5283 3502 5327; x_wconf 92' lang='lat' dir='ltr'><strong>et</strong></span> <span class='ocrx_word' id='word_1_731' title='bbox 3528 5285 3691 5326; x_wconf 81' lang='lat' dir='ltr'><strong>naves</strong></span> 
     </span>
    </p>
   </div>
   <div class='ocr_carea' id='block_1_109' title="bbox 451 5365 2018 5449">
    <p class='ocr_par' dir='ltr' id='par_1_109' title="bbox 451 5372 2010 5443">
     <span class='ocr_line' id='line_1_109' title="bbox 451 5372 2010 5443; baseline 0.008 -18"><span class='ocrx_word' id='word_1_732' title='bbox 451 5372 728 5443; x_wconf 72' lang='grc' dir='ltr'>Ἠριδανὸς</span> <span class='ocrx_word' id='word_1_733' title='bbox 764 5375 941 5443; x_wconf 84' lang='grc' dir='ltr'>μέγας</span> <span class='ocrx_word' id='word_1_734' title='bbox 979 5393 1038 5430; x_wconf 89' lang='grc' dir='ltr'><strong>τε</strong></span> <span class='ocrx_word' id='word_1_735' title='bbox 1067 5376 1179 5431; x_wconf 80' lang='grc' dir='ltr'><strong>τῶν</strong></span> <span class='ocrx_word' id='word_1_736' title='bbox 1234 5378 1379 5432; x_wconf 82' lang='grc' dir='ltr'>κατὰ</span> <span class='ocrx_word' id='word_1_737' title='bbox 1418 5379 1520 5442; x_wconf 64' lang='grc' dir='ltr'><strong>τὴν</strong></span> <span class='ocrx_word' id='word_1_738' title='bbox 1550 5380 1784 5436; x_wconf 80' lang='grc' dir='ltr'>Ἰταλίαν</span> <span class='ocrx_word' id='word_1_739' title='bbox 1842 5403 2010 5438; x_wconf 87' lang='grc' dir='ltr'>ποτα-</span> 
     </span>
    </p>
   </div>
   <div class='ocr_carea' id='block_1_110' title="bbox 2120 5365 3690 5449">
    <p class='ocr_par' dir='ltr' id='par_1_110' title="bbox 2120 5365 3690 5449">
     <span class='ocr_line' id='line_1_110' title="bbox 2120 5365 3690 5449; baseline -0.015 -9"><span class='ocrx_word' id='word_1_740' title='bbox 2120 5386 2192 5440; x_wconf 88' lang='lat' dir='ltr'><strong>ibi</strong></span> <span class='ocrx_word' id='word_1_741' title='bbox 2211 5384 2266 5437; x_wconf 91' lang='lat' dir='ltr'><strong>in</strong></span> <span class='ocrx_word' id='word_1_742' title='bbox 2293 5395 2442 5435; x_wconf 85' lang='lat' dir='ltr'><strong>mare</strong></span> <span class='ocrx_word' id='word_1_743' title='bbox 2461 5378 2701 5449; x_wconf 77' lang='lat' dir='ltr'><strong>exponit.</strong></span> <span class='ocrx_word' id='word_1_744' title='bbox 2725 5373 2832 5430; x_wconf 85' lang='lat' dir='ltr'><strong>llac</strong></span> <span class='ocrx_word' id='word_1_745' title='bbox 2854 5374 3017 5445; x_wconf 62' lang='lat' dir='ltr'><strong>igitur</strong></span> <span class='ocrx_word' id='word_1_746' title='bbox 3035 5368 3390 5426; x_wconf 81' lang='lat' dir='ltr'><strong>Januensium</strong></span> <span class='ocrx_word' id='word_1_747' title='bbox 3416 5365 3568 5437; x_wconf 75' lang='lat'><strong>101</strong></span> <span class='ocrx_word' id='word_1_748' title='bbox 3599 5379 3690 5417; x_wconf 82' lang='lat' dir='ltr'><strong>na-</strong></span> 
     </span>
    </p>
   </div>
   <div class='ocr_carea' id='block_1_111' title="bbox 1707 5497 2397 5586">
    <p class='ocr_par' dir='ltr' id='par_1_111' title="bbox 1707 5497 2397 5586">
     <span class='ocr_line' id='line_1_111' title="bbox 1707 5497 2397 5586; baseline -0.004 -27"><span class='ocrx_word' id='word_1_749' title='bbox 1707 5497 1954 5561; x_wconf 76' lang='grc' dir='ltr'>Νοιυιω</span> <span class='ocrx_word' id='word_1_750' title='bbox 1983 5497 2397 5586; x_wconf 71' lang='lat' dir='ltr'><strong>marginales.</strong></span> 
     </span>
    </p>
   </div>
   <div class='ocr_carea' id='block_1_112' title="bbox 2103 5612 3467 5691">
    <p class='ocr_par' dir='ltr' id='par_1_112' title="bbox 2103 5612 3467 5691">
     <span class='ocr_line' id='line_1_112' title="bbox 2103 5612 3467 5691; baseline -0.015 -5"><span class='ocrx_word' id='word_1_751' title='bbox 2103 5627 2392 5686; x_wconf 88' lang='lat' dir='ltr'><strong>dissidium</strong></span> <span class='ocrx_word' id='word_1_752' title='bbox 2423 5642 2438 5680; x_wconf 90' lang='lat'><strong>:</strong></span> <span class='ocrx_word' id='word_1_753' title='bbox 2468 5640 2597 5678; x_wconf 89' lang='lat' dir='ltr'><strong>anu.</strong></span> <span class='ocrx_word' id='word_1_754' title='bbox 2636 5621 2791 5691; x_wconf 78' lang='grc'><strong>1⁸580,</strong></span> <span class='ocrx_word' id='word_1_755' title='bbox 2822 5617 3021 5677; x_wconf 83' lang='lat' dir='ltr'><strong>Sabell.</strong></span> <span class='ocrx_word' id='word_1_756' title='bbox 3059 5612 3273 5677; x_wconf 83' lang='lat' dir='ltr'><strong>Enn.9,</strong></span> <span class='ocrx_word' id='word_1_757' title='bbox 3299 5613 3371 5665; x_wconf 86' lang='lat' dir='ltr'><strong>lib</strong></span> <span class='ocrx_word' id='word_1_758' title='bbox 3391 5626 3467 5667; x_wconf 79' lang='lat' dir='ltr'><strong>Ix.</strong></span> 
     </span>
    </p>
   </div>
   <div class='ocr_carea' id='block_1_113' title="bbox 2173 5695 2714 5769">
    <p class='ocr_par' dir='ltr' id='par_1_113' title="bbox 2173 5695 2714 5769">
     <span class='ocr_line' id='line_1_113' title="bbox 2173 5695 2714 5769; baseline -0.009 -16"><span class='ocrx_word' id='word_1_759' title='bbox 2173 5699 2251 5769; x_wconf 79' lang='grc' dir='ltr'><strong>(θ)</strong></span> <span class='ocrx_word' id='word_1_760' title='bbox 2287 5695 2439 5753; x_wconf 78' lang='lat' dir='ltr'><strong>Nunc</strong></span> <span class='ocrx_word' id='word_1_761' title='bbox 2467 5697 2714 5752; x_wconf 72' lang='lat' dir='ltr'><strong>Chione.</strong></span> 
     </span>
    </p>
   </div>
   <div class='ocr_carea' id='block_1_114' title="bbox 501 5617 1146 5686">
    <p class='ocr_par' dir='ltr' id='par_1_114' title="bbox 501 5617 1146 5686">
     <span class='ocr_line' id='line_1_114' title="bbox 501 5617 1146 5686; baseline 0.002 -14"><span class='ocrx_word' id='word_1_762' title='bbox 501 5617 578 5686; x_wconf 67' lang='grc' dir='ltr'><strong>(Δ)</strong></span> <span class='ocrx_word' id='word_1_763' title='bbox 594 5617 1146 5686; x_wconf 84' lang='lat' dir='ltr'><strong>Constantinopolim.</strong></span> 
     </span>
    </p>
   </div>
   <div class='ocr_carea' id='block_1_115' title="bbox 503 5689 1990 5758">
    <p class='ocr_par' dir='ltr' id='par_1_115' title="bbox 503 5689 1990 5758">
     <span class='ocr_line' id='line_1_115' title="bbox 503 5689 1990 5758; baseline 0.01 -17"><span class='ocrx_word' id='word_1_764' title='bbox 503 5690 578 5758; x_wconf 65' lang='grc'><strong>(5)</strong></span> <span class='ocrx_word' id='word_1_765' title='bbox 603 5690 894 5743; x_wconf 77' lang='lat' dir='ltr'><strong>Alexandri</strong></span> <span class='ocrx_word' id='word_1_766' title='bbox 918 5691 1113 5758; x_wconf 73' lang='lat' dir='ltr'><strong>poniif.</strong></span> <span class='ocrx_word' id='word_1_767' title='bbox 1151 5706 1273 5746; x_wconf 90' lang='lat' dir='ltr'><strong>cum</strong></span> <span class='ocrx_word' id='word_1_768' title='bbox 1313 5689 1592 5752; x_wconf 80' lang='lat' dir='ltr'><strong>Friderico</strong></span> <span class='ocrx_word' id='word_1_769' title='bbox 1658 5697 1990 5758; x_wconf 80' lang='lat' dir='ltr'><strong>Barbarossa</strong></span> 
     </span>
    </p>
   </div>
   <div class='ocr_carea' id='block_1_116' title="bbox 503 5807 1491 5880">
    <p class='ocr_par' dir='ltr' id='par_1_116' title="bbox 503 5807 1491 5880">
     <span class='ocr_line' id='line_1_116' title="bbox 503 5807 1491 5880; baseline 0.004 -20"><span class='ocrx_word' id='word_1_770' title='bbox 503 5807 544 5838; x_wconf 84' lang='grc'><strong>’⁷</strong></span> <span class='ocrx_word' id='word_1_771' title='bbox 572 5807 664 5861; x_wconf 65' lang='grc' dir='ltr'><strong>ἐπὶ</strong></span> <span class='ocrx_word' id='word_1_772' title='bbox 698 5816 796 5880; x_wconf 76' lang='grc' dir='ltr'><strong>τήν</strong></span> <span class='ocrx_word' id='word_1_773' title='bbox 823 5808 1089 5864; x_wconf 76' lang='grc' dir='ltr'>Κλωδίαν.</span> <span class='ocrx_word' id='word_1_774' title='bbox 1121 5807 1189 5862; x_wconf 71' lang='lat' dir='ltr'><strong>al.</strong></span> <span class='ocrx_word' id='word_1_775' title='bbox 1232 5807 1491 5880; x_wconf 74' lang='grc' dir='ltr'>Κλιζόην.</span> 
     </span>
    </p>
   </div>
  </div>
