4168 6282
376 347 482 412 213

1468 349 1567 412 DE
1599 349 1857 410 REBUS
1887 347 2242 410 'I‘URCICIS
2293 345 2442 406 LlB.
2485 346 2581 403 ιν.

3525 334 3634 403 214

375 460 489 521 λος,
523 454 604 524 εἷς
629 461 735 512 τῶν
780 461 1022 531 ἀρίστων
1068 462 1362 531 λεγόμενος
1395 463 1647 530 γενέσθαι
1679 463 1771 516 τοῦ
1806 464 1954 530 [lap-

2078 473 2154 512 »τις
2189 456 2436 518 domum,
2494 464 2555 508 ut
2625 453 2962 523 mancipium
3007 451 3293 517 tractavit;
3325 464 3533 517 eosque
3576 451 3631 506 in

376 551 614 619 θενόπης
635 550 902 618 βασιλέως
934 553 1174 619 νεανίας,
1222 556 1283 605 τὸ
1321 554 1417 623 μὲν
1446 551 1583 616 εἶδος
1632 555 1733 606 οὐκ
1763 553 1955 622 ἀηδὴς.

377 645 634 714 ἐπιεικὴς
651 644 708 696 δὲ
733 645 827 697 τὸν
846 647 1051 715 τρόπον
1081 647 1176 700 καὶ
1199 646 1441 717 ἡσύχως.
1469 647 1672 702 Τοῦτον
1701 649 1798 701 σὺν
1827 647 1957 700 πολ-

376 737 490 800 λοῖς
519 738 702 800 ἄλλοις
727 739 993 808 ἀγόμενος
1023 741 1051 793 ὁ
1086 740 1436 811 Πριὰλουπας
1469 741 1549 806 εἰς
1568 744 1635 794 τὰ
1658 743 1858 809 οἰκεῖα,
1881 741 1956 804 ὡς

377 830 691 898 ἀνδράποδά
711 848 770 884 τε
805 835 1080 900 περιεῖπε,
1127 837 1224 888 καὶ
1255 830 1401 905 εἶχεν
1433 836 1492 889 ὲν
1518 834 1762 902 φυλακῇ,
1797 837 1852 899 ις
1891 835 1960 889 τὰ

380 922 630 990 βασίλεια
667 922 984 992 διατρίϐων,
1015 929 1268 996 κατεῖχεν
1296 928 1370 990 ὡς
1419 927 1722 998 χρημάτων
1751 926 1806 990 ἐς
1831 927 1959 987 τοὺς

380 1016 759 1085 προσήκοντας
799 1016 1022 1079 ἐσαῦθις
1057 1018 1466 1085 αποδιδόμενος,
1502 1017 1567 1086 ἢν
1601 1019 1836 1071 αίτοῖντο
1865 1016 1964 1072 αὖ·

378 1105 528 1170 τούς.
550 1107 614 1158 Ἥ
638 1105 693 1158 δὲ
708 1108 846 1177 γυνὴ
872 1108 1089 1172 τούτου,
1112 1109 1186 1174 ὡς
1211 1110 1359 1180 ἑώρα
1375 1111 1466 1164 τὸν
1497 1109 1962 1182 νεανίαυ,ὴράσθη

379 1217 438 1252 τε
460 1199 666 1253 αὐτοῦ·
705 1193 775 1269 ἦν
801 1200 910 1270 γὰρ
950 1199 1045 1254 καὶ
1094 1206 1149 1264 ἐς
1181 1203 1376 1266 ἄλλους
1420 1201 1687 1272 πρότερον
1717 1201 1964 1272 φοιτῶσα

381 1293 460 1354 εἰς
489 1289 714 1361 ἄνδρας,
749 1291 843 1344 καὶ
898 1293 1221 1355 ἀκόλαστος.
1256 1293 1634 1363 Συγγινομένη
1668 1295 1852 1347 τοίνυν
1883 1295 1963 1363 τῷ

385 1385 590 1454 νεανίᾳ,
624 1386 719 1438 καὶ
745 1385 1145 1455 ὲπιμαινομένη
1161 1384 1314 1455 αὐτῷ
1347 1389 1401 1450 ἐς
1436 1387 1528 1438 τὸν
1555 1387 1757 1455 ἔρωτα,
1787 1385 1965 1439 συντί-

383 1477 546 1533 θεται
566 1477 719 1548 αὐτῷ
748 1479 841 1530 ἐπὶ
871 1479 947 1548 τῷ
979 1479 1134 1549 ἀνδρὶ
1190 1479 1505 1546 ἐπιϐουλὴν,
1535 1479 1627 1531 καὶ
1660 1480 1966 1547 ἐξηγουμέ-

382 1588 480 1640 νης
514 1570 616 1638 τῆς
673 1572 932 1640 γυναικὸς
989 1573 1046 1634 ἐς
1102 1572 1198 1643 τὴν
1258 1574 1482 1643 κοίτην,
1536 1574 1612 1636 ὡς
1664 1573 1968 1628 ἀνεπαύετο

387 1665 745 1734 Ιιριάλουπας
770 1668 798 1718 ὁ
829 1665 1077 1735 ἡγεμὼν,
1105 1667 1286 1720 ἀνεῖλέ
1314 1684 1377 1720 τε
1412 1667 1574 1719 αὑτὸν
1617 1666 1734 1734 ἅμα
1762 1667 1860 1719 σὺν
1897 1669 1965 1736 τῇ

383 1759 634 1822 γυναικὶ,
668 1759 764 1811 καὶ
813 1757 928 1827 ἅμα
958 1759 1315 1829 συγκατίσχει
1347 1759 1444 1829 τὴν
1476 1759 1773 1829 ἡγεμονίαν
1796 1759 1965 1828 αὐτῷ.

2058 548 2314 605 custodia
2348 547 2676 607 asservavit,
2732 555 2979 600 moratus
3013 546 3062 597 in
3118 547 3288 612 regia,
3323 543 3518 597 volens
3538 559 3636 598 eos

2062 640 2388 711 prepinquis
2417 639 2729 699 restituere,
2758 647 2983 707 accepta
3017 634 3269 702 pecunia,
3296 635 3343 688 si
3377 632 3637 691 venirem

2063 748 2194 788 suos
2249 732 2617 800 redemptum.
2686 729 2837 784 Uxor
2904 726 3174 794 Prialnpa:
3228 724 3634 780 adolescentem

2062 825 2240 879 visum
2265 839 2451 878 amare
2474 822 2669 891 cmpit.
2719 820 2851 875 Erat
2897 822 3043 874 enim
3083 819 3242 873 istius
3271 817 3518 872 mulieris
3549 816 3635 868 in-

2061 915 2303 985 genium,
2360 921 2420 968 ut
2471 913 2793 983 priusquam
2851 920 3148 980 peteretur,
3195 913 3406 975 peteret
3460 906 3635 967 Viros,

2065 1021 2174 1076 prae
2204 1006 2624 1076 intemperantia
2682 1007 2773 1059 cui
2831 1004 3070 1057 obnoxia
3115 1009 3256 1054 erat.
3301 996 3439 1053 Cum
3467 997 3637 1066 igitur

2065 1100 2242 1167 stupri
2281 1099 2734 1154 consuetudinem
2788 1113 2911 1151 cum
2947 1096 3292 1150 adolescente
3325 1092 3636 1152 habuisset.

2065 1205 2251 1244 amore
2281 1191 2480 1244 ardens
2515 1200 2570 1243 et
2614 1189 2824 1253 furens,
2858 1203 2982 1240 cum
3019 1185 3374 1239 adolescente
3400 1180 3637 1236 insidias

2067 1282 2264 1338 marito
2327 1284 2615 1337 subornat.
2679 1280 2877 1334 Mulier
2934 1278 3337 1332 adolescentem
3383 1270 3537 1328 ducit
3581 1271 3637 1326 in

2066 1374 2411 1437 cubiculum,
2449 1375 2504 1430 in
2532 1389 2642 1444 quo
2668 1374 2954 1443 quiescere
2977 1370 3175 1424 solitus
3203 1378 3322 1423 erat
3350 1365 3640 1435 Prialnpas

2067 1465 2179 1520 dux
2210 1481 2225 1520 :
2255 1464 2468 1536 ibique,
2494 1463 2766 1532 adiuvans
2793 1463 3196 1516 adolescentem
3227 1458 3446 1521 mulier,
3489 1455 3643 1510 Pria-

2068 1556 2226 1626 lupas
2262 1557 2484 1611 occisus
2519 1568 2623 1621 est,
2657 1563 2712 1609 et
2747 1554 2864 1624 ipse
2901 1549 2968 1607 ad
3006 1550 3222 1622 imperii
3265 1546 3641 1620 gubernacula

2069 1647 2338 1702 ascendit.
2369 1646 2509 1703 Cum
2544 1656 2724 1701 autem
2751 1643 2858 1701 sibi
2891 1645 3235 1717 tyrannidem
3270 1642 3338 1697 ad
3365 1657 3489 1696 eum
3520 1656 3641 1694 mo-

2072 1742 2202 1796 dum
2236 1749 2506 1811 parasset,
2553 1741 2761 1795 nemini
2811 1738 2918 1792 nisi
2974 1737 3188 1793 mulieri
3224 1735 3328 1792 soli
3367 1730 3638 1805 placebat.

397 1849 621 1918 Ἐπειδὴ
679 1851 1074 1922 ἐτυράννευεν,
1142 1851 1320 1904 οὐδενὶ
1374 1852 1482 1905 τῶν
1540 1854 1598 1904 ἐν
1656 1852 1721 1920 τῇ
1785 1851 1959 1912 πόλει.

2078 1837 2142 1887 At
2172 1836 2309 1890 ultio
2334 1834 2478 1888 haud
2509 1834 2682 1888 multo
2711 1843 2834 1898 post
2876 1841 3066 1887 secuta
3099 1824 3258 1900 113
3285 1838 3389 1884 est.
3423 1824 3641 1879 Prialu-

384 1940 502 1994 ἀλλ’
539 1944 600 1993 ἐν
654 1944 720 2010 τῇ
776 1943 995 2007 γυναικὶ
1046 1943 1436 2012 ἀρεσκόμενος.
1508 1942 1574 1996 Ἣ
1633 1943 1814 2012 μέντοι
1840 1943 1962 2012 δίκη

384 2039 476 2093 τὸν
531 2039 888 2107 Πριαλούπην
939 2040 1040 2091 οὐκ
1111 2040 1191 2102 είς
1267 2039 1486 2108 μακρὰν
1554 2038 1824 2092 κατέλαϐε
1871 2037 1966 2092 τὸν

386 2133 557 2186 παῖδα
585 2130 754 2186 αὐτοῦ
787 2131 898 2184 ἀπὸ
924 2131 1126 2201 ταύτης
1159 2131 1222 2202 δὴ
1255 2131 1355 2201 τῆς
1388 2133 1647 2199 γυναικὸς
1672 2132 1966 2201 γενόμενον

387 2226 558 2295 αὐτῷ.
625 2224 831 2278 Τοῦτον
868 2225 980 2294 γάρ
1009 2241 1113 2287 τοι,
1171 2223 1247 2286 ὡς
1310 2223 1501 2292 ἐφοίτα
1540 2223 1688 2294 παρὰ
1740 2224 1967 2291 βασιλέα

388 2319 602 2382 "mosi,
652 2316 969 2387 αίτούμενος
1026 2316 1343 2386 συμμαχίαν
1378 2334 1437 2369 τε
1491 2316 1588 2368 καὶ
1645 2317 1968 2386 ἐπικουρίαν

388 2411 481 2463 ἐπὶ
514 2408 802 2477 Κάρουλον
827 2448 842 2472 ,
895 2407 986 2459 τὸν
1017 2408 1138 2459 τότε
1183 2403 1250 2476 δὴ
1280 2406 1646 2474 Ἀκαρνανίας
1676 2406 1965 2477 τύραννον,

390 2501 701 2566 συλλαδὼν,
731 2499 875 2552 ῶστε
898 2498 998 2570 τὴν
1025 2496 1210 2569 χώραν
1240 2499 1408 2551 αὑτοῦ
1444 2500 1761 2589 κατασχεῖν,
1785 2496 1970 2566 ἐξέκο-

387 2596 454 2666 ψε
488 2596 570 2650 τὼ
597 2593 884 2666 ὀφθαλμώ.
915 2593 1027 2662 Τὴν
1057 2593 1243 2662 μέντοι
1268 2593 1453 2664 χώραν
1475 2593 1649 2659 οὐδεὶς
1679 2595 1972 2665 κατεστρέ-

388 2687 532 2755 ψατο
569 2686 671 2754 τῆς
694 2682 1011 2736 Ἰωαννίνων
1036 2682 1267 2745 πόλεως.
1316 2683 1662 2756 Ἐπαγομένη
1687 2684 1876 2738 τοῦτον
1905 2686 1972 2757 δὴ

390 2779 481 2833 τὸν
516 2777 798 2846 Κάρουλον
826 2778 920 2830 ἐπὶ
961 2776 1145 2843 σφίσιν
1178 2775 1440 2847 ἄρχοντα,
1496 2781 1590 2830 καὶ
1634 2780 1975 2848 ἐπιτετραμ-

393 2870 563 2938 μένου
597 2868 747 2938 αὐτῷ
772 2868 980 2923 δ;ἐπειν
1027 2865 1096 2920 τὰ
1134 2870 1233 2936 τῆς
1263 2871 1472 2933 πόλεως
1500 2871 1826 2942 πράγματα,
1881 2873 1975 2926 καὶ

392 2966 765 3037 ἀντεχομένου
788 2968 846 3028 ἐς
869 2968 964 3021 τὸν
988 2967 1226 3039 πόλεμον
1247 2968 1534 3038 κράτιστα.
1567 2965 1632 3023 Ἠ
1665 2952 1849 3035 μέντοι
1881 2968 1977 3038 ἀρ-

393 3064 464 3130 χὴ
519 3061 666 3131 αὕτη
704 3061 1023 3131 Τρισαλλῶν
1070 3059 1206 3116 οὖσα
1247 3063 1309 3115 τὸ
1362 3061 1612 3126 παλαιὴν,
1641 3061 1785 3114 οὕτω
1833 3060 1886 3122 ἐς
1916 3077 1976 3113 τε

2066 1943 2165 1998 pas
2197 1927 2366 1991 enim,
2402 1927 2496 1997 qui
2532 1925 2678 1981 lilius
2734 1926 2856 1994 ejus
2911 1935 3052 1986 erat,
3102 1920 3275 1990 patris
3309 1933 3505 1974 nomen
3552 1929 3648 1986 ge-

2069 2038 2216 2086 rens,
2248 2031 2409 2076 natus
2458 2033 2524 2075 ex
2556 2020 2665 2075 ista
2716 2034 2909 2078 uxore.
2955 2031 3080 2068 eum
3113 2020 3437 2083 pmperaret
3467 2009 3534 2062 ad
3561 2023 3647 2062 re-

2067 2130 2186 2184 gem
2217 2113 2444 2178 Mosem,
2496 2123 2690 2184 petens
2725 2111 2992 2165 auxilium
3025 2116 3080 2163 et
3108 2106 3424 2176 praesidium
3449 2110 3642 2156 contra

2066 2202 2326 2263 Carolnm
2352 2205 2464 2278 (29)
2491 2203 2815 2260 Acarnania:
2845 2202 3174 2273 principem,
3210 2208 3272 2252 ut
3313 2211 3434 2252 eam
3469 2193 3646 2264 regio-

2069 2317 2192 2358 nem
2225 2303 2278 2356 in
2320 2311 2648 2374 potestatem
2697 2300 2990 2367 redigeret,
3031 2304 3224 2364 captus
3249 2301 3354 2358 est,
3390 2288 3648 2356 oculique

2069 2399 2190 2467 ejus
2229 2398 2370 2454 eruti
2403 2406 2553 2451 sunt.
2585 2394 2883 2466 Regionem
2906 2390 3060 2445 urbis
3091 2386 3449 2442 Joanuiorum
3484 2397 3646 2436 nemo

2071 2491 2311 2560 subegit.
2344 2489 2509 2544 Petiit
2554 2490 2702 2543 enim
2733 2481 2991 2543 Carolum
3028 2482 3133 2537 sibi
3162 2480 3360 2534 ducem
3389 2477 3520 2553 :‘cui
3553 2475 3646 2528 ubi

2073 2585 2309 2656 primum
2338 2583 2488 2637 urbis
2519 2580 2931 2636 administratio
2969 2589 3055 2632 est
3094 2574 3411 2637 commissa,
3443 2570 3647 2624 bellum

2073 2675 2291 2731 fortiter
2354 2672 2654 2727 admodum
2714 2668 2997 2725 sustinuit.
3058 2664 3311 2735 Regnum
3368 2663 3492 2726 hor,
3523 2675 3647 2714 cum

2076 2767 2230 2838 prius
2270 2765 2637 2823 Triballorum
2691 2762 2854 2827 foret,
2907 2761 2973 2815 ad
3028 2759 3272 2816 lzmtlum
3316 2765 3371 2811 et
3391 2753 3649 2811 Carolum

2075 2862 2269 2918 ducem
2311 2863 2365 2915 in
2423 2860 2568 2914 hunc
2616 2857 2838 2912 modum
2880 2855 3188 2910 descendit.
3235 2851 3373 2907 Cum
3418 2858 3651 2918 utraque

2080 2962 2293 3012 teneret
2317 2953 2602 3009 ﬁnitimam
2641 2949 2896 3005 Archelai
2940 2948 3239 3017 regionem,
3271 2957 3392 3014 qua:
3421 2956 3485 2995 ea
3513 2949 3651 2993 tem—

2080 3059 2294 3122 pestate
2369 3050 2537 3102 Actus
2622 3044 2940 3107 vocabatur,
3001 3050 3056 3094 ct
3126 3035 3650 3108 Argyropolic-hnam

406 3128 701 3221 ίίζάουλον,
733 3128 828 3210 atat
866 3157 961 3208 ἐπὶ
993 3154 1278 3226 Κάρουλον
1318 3154 1412 3207 τὸν
1447 3155 1691 3224 ἡγεμόνα
1748 3152 1975 3224 περιῆλ-

2083 3160 2261 3214 usque
2291 3139 2656 3211 Naupactum,
2694 3153 2818 3207 qua:
2860 3146 3000 3191 este
3026 3132 3248 3204 regione
3275 3128 3513 3192 Achaiae,
3548 3140 3654 3180 suo

397 3248 514 3302 θεν.
540 3248 702 3302 Οὕτω
728 3249 788 3303 δὲ
833 3249 1004 3318 ἄμφω
1031 3250 1112 3303 τὼ
1134 3250 1286 3319 χεῖρε
1337 3246 1625 3318 κατασχὼν
1661 3239 1840 3309 οὗτος,
1881 3247 1978 3299 καὶ

397 3342 497 3410 τὴν
526 3341 668 3409 πρὸς
693 3341 770 3410 τῷ
793 3339 1080 3412 ’Δρχελῴῳ
1133 3339 1342 3412 χώραν,
1374 3340 1435 3392 τό
1461 3356 1520 3391 τε
1557 3339 1748 3393 Αίετὸν
1784 3339 1980 3394 καλού-

402 3450 587 3500 μενον,
619 3435 714 3488 καὶ
764 3433 1281 3505 Ἀγγελοπολίχνην,
1308 3433 1367 3497 ις
1392 3450 1451 3486 τε
1495 3434 1587 3488 ἐπὶ
1619 3434 1976 3498 Ναύπακτον,

399 3529 491 3582 τὸν
520 3529 863 3599 καταντικρὺ
892 3529 1143 3598 Ἀχαΐας,
1193 3527 1487 3596 ἐπεκράτει
1519 3526 1621 3596 τῆς
1647 3526 1834 3598 χώρας
1885 3529 1982 3581 καὶ

399 3621 762 3691 ὲτυράννευεν
810 3622 906 3675 ἐπὶ
937 3621 1084 3689 μέγα
1115 3619 1374 3690 χωρήσας
1401 3619 1710 3688 δυνάμεως,
1741 3617 1882 3690 ἀνὴρ
1910 3619 1982 3672 τά.

400 3729 460 3766 τε
496 3717 558 3778 ἐς
580 3714 781 3785 ἀρχὴν,
813 3713 910 3767 καὶ
939 3714 996 3776 ἐς
1020 3713 1113 3765 τὸν
1144 3712 1382 3783 πόλεμον
1403 3710 1578 3766 δοκῶν
1606 3711 1866 3778 γενέσθαι
1896 3710 1983 3762 οὐ⁹

399 3805 556 3871 δενδς
580 3806 691 3859 τῶν
711 3803 831 3859 τότε
863 3804 1186 3876 ἡγουμένων
1211 3803 1550 3874 λειπόμενος.
1586 3804 1699 3858 Καὶ
1737 3804 1794 3855 ἐν
1820 3803 1978 3857 πολέο

407 3915 532 3966 μοις
559 3898 699 3970 πρὸς
730 3899 855 3962 τοὺς
878 3897 1192 3970 περιοίκους
1241 3897 1384 3972 μέγα
1413 3894 1737 3963 εὐδοκιμῶν,
1770 3897 1980 3964 ἠγάγε-

403 4007 488 4056 το,
519 3987 598 4053 ὡς
633 3988 902 4061 πρότερόν
934 4005 1026 4059 μοι
1083 3987 1324 4054 ἐλέγετο,
1374 3984 1469 4040 τοῦ
1497 3985 1742 4054 Ἀθηνῶν
1795 4002 1854 4037 τε
1887 3985 1984 4037 καὶ

406 4081 680 4154 Κορίνθου
730 4080 1000 4152 ἡγεμόνος
1038 4079 1316 4149 θυγατέρα
1371 4079 1428 4143 ις
1461 4078 1660 4148 γάμον.
1700 4075 1889 4144 Τούτῳ
1909 4073 1985 4145 τῷ

406 4174 642 4244 ἡγεμόνι
668 4174 797 4236 παῖς
823 4172 1047 4242 ἐγένετο
1069 4172 1224 4234 νόθος
1243 4186 1258 4201 ο
1290 4168 1400 4224 ἀπὸ
1448 4170 1557 4240 γὰρ
1583 4167 1686 4237 τῆς
1732 4167 1987 4230 Εὐὸοῒδος

409 4266 562 4338 αὐτῷ
607 4266 865 4334 γυναικὸς
911 4263 1141 4337 ἄρρενος
1176 4264 1279 4318 οὐκ
1312 4261 1473 4332 ἔτυχε
1525 4262 1711 4329 γόνου.
1744 4260 1904 4330 Νόθῳ
1926 4259 1985 4313 δὲ

410 4360 488 4431 τῷ
521 4359 677 4413 παιδὶ
719 4353 790 4429 ἦν
820 4357 993 4426 ὄνομα
1033 4354 1340 4418 Ἀντώνιος,
1373 4353 1564 4422 Τούτῳ
1594 4352 1672 4422 τῷ
1717 4350 1988 4422 ’Δντιυνίῳ

412 4453 514 4520 τήν
532 4468 596 4506 τε
623 4449 887 4504 Βοιωτίαν
907 4447 1168 4501 κατέλιπε
1195 4448 1289 4501 καὶ
1321 4446 1420 4515 τὴν
1446 4444 1640 4513 Θηϐῶν
1669 4444 1824 4497 πόλιν
1849 4459 1863 4473 ·
1887 4444 1986 4514 τὴν

2083 3239 2312 3308 imperio
2349 3234 2616 3290 admovit.
2659 3230 2763 3300 Qui
2821 3229 3192 3301 principatum
3249 3218 3655 3277 administravit

2083 3347 2206 3387 cum
2252 3344 2426 3400 ιιείιυο
2472 3342 2561 3382 I'CS
2621 3340 2736 3382 suae
2795 3327 3131 3378 incrementa
3181 3321 3488 3378 sumerent,
3522 3324 3656 3382 ροσε

2083 3425 2336 3496 belloque
2377 3420 2513 3477 nulli
2543 3422 2741 3475 dncmn
2784 3419 3036 3481 cederet;
3066 3412 3287 3467 tandem
3324 3424 3449 3464 cum
3476 3405 3652 3465 bellis.

2082 3534 2206 3589 qua:
2251 3515 2514 3572 adversus
2565 3513 2831 3568 ﬁnitimos
2893 3509 3083 3579 gessit,
3145 3506 3441 3576 plurimum
3467 3500 3655 3566 gloriae

2083 3613 2190 3670 sibi
2218 3611 2545 3682 peperisset,
2585 3607 2764 3671 duxit,
2810 3614 2870 3660 ut
2899 3616 3068 3672 supra
3101 3601 3414 3657 docuimus.
3449 3593 3656 3648 Βαίτιος

2085 3707 2152 3761 rii
2190 3705 2524 3760 Athenarum
2582 3710 2640 3757 et
2691 3695 2946 3755 Corinthi
2998 3690 3263 3765 principis
3297 3683 3657 3744 ﬁliam.lluic

2084 3797 2209 3851 duci
2270 3804 2435 3850 natus
2481 3802 2566 3847 est
2624 3790 2768 3845 illius
2819 3788 3055 3850 nothus;
3092 3797 3217 3836 nam
3273 3793 3344 3834 ex
3410 3775 3658 3831 Euboide

2087 3901 2258 3945 uxore
2279 3888 2448 3954 stirps
2482 3883 2660 3938 virilis
2703 3881 2848 3936 haud
2889 3886 3016 3934 nata
3048 3884 3153 3933 est.
3190 3874 3400 3927 Nomen
3425 3870 3519 3925 lilii
3555 3884 3657 3923 no-

2087 3981 2165 4037 thi
2193 3989 2315 4038 erat
2344 3977 2641 4035 Antonius.
2683 3973 2823 4030 Huic
2876 3978 3211 4028 testamento
3247 3965 3473 4036 reliquit
3502 3963 3660 4017 Bato-

2088 4074 2242 4140 tiam,
2274 4082 2330 4129 et
2360 4071 2580 4126 Thebas
2636 4068 2858 4132 urbem;
2901 4078 3028 4118 nam
3077 4060 3376 4117 Corinthus
3417 4064 3659 4111 cesserat

2085 4180 2290 4241 genere
2348 4162 2659 4224 Theodoro,
2705 4164 2850 4232 regis
2905 4155 3086 4212 fratri.
3137 4154 3340 4209 Urbem
3391 4150 3656 4218 Athenas,

2087 4275 2213 4332 quae
2236 4259 2390 4330 prius
2413 4257 2817 4313 Celtiberorum
2850 4260 2971 4306 erat
2998 4257 3148 4320 (nam
3181 4257 3237 4301 et
3260 4246 3404 4301 hanc
3433 4254 3659 4298 tenuere

2091 4352 2254 4422 lberi)
2313 4351 2414 4408 sibi
2467 4349 2793 4418 subiiciens,
2855 4343 3073 4399 tandem
3137 4337 3362 4393 Venetis
3416 4335 3655 4404 reliquit.

2091 4440 2267 4498 Filius
2295 4440 2568 4496 Antonius
2597 4453 2627 4491 a
2659 4446 2816 4507 patre
2865 4433 3078 4504 accepit
3122 4429 3344 4485 Bmotite
3390 4440 3657 4497 regnum;

414 4495 522 4614 γᾶρ
552 4540 818 4611 Κόρινθον
868 4495 1693 4608 κατέλιειε-τῶῂιιηόεστῇ,αθτοῦ
1721 4495 1975 4606 ὀεοδὼριρ

2091 4549 2220 4588 nam
2260 4531 2472 4599 reliqua
2504 4495 2869 4585 Phocensium
2915 4495 3067 4596 regio
3104 4530 3158 4577 et
3212 4495 3662 4574 Lebadia—vene-

414 4638 492 4706 τῷ
516 4635 778 4706 βασιλέως
811 4631 1046 4702 ἀδελφῷ.
1075 4632 1187 4702 Τὴν
1219 4631 1277 4688 δὲ
1306 4628 1552 4697 Ἀθηνῶν
1581 4627 1757 4692 πόλιν,
1784 4627 1983 4695 ἀφελό-

421 4745 580 4796 μενος
603 4727 808 4798 ταύτην
835 4727 897 4779 τὸ
937 4725 1172 4796 πρόσθεν
1199 4724 1326 4787 τοὺς
1361 4721 1708 4791 Κελτίϐηρας
1731 4721 1839 4774 ἀπὸ
1870 4720 1988 4774 Να-

418 4822 592 4891 σαρης
627 4822 670 4884 ³,
702 4814 850 4889 εἶχον
879 4819 987 4887 γὰρ
1007 4816 1073 4887 δὴ
1108 4819 1201 4870 καὶ
1233 4814 1437 4882 ταύτην
1470 4812 1521 4866 oi
1543 4811 1763 4883 Ἴϐηρες
1820 4829 1989 4866 κατα-

420 4913 811 4983 στρεψάμενοι,
867 4907 1127 4964 κατέλιπε
1172 4908 1284 4972 τοῖς
1331 4906 1633 4969 Οὐενετοῖς.
1695 4905 1756 4957 Ὀ
1802 4904 1988 4974 μέντοι

422 5006 548 5068 παῖς
573 5001 740 5057 αὑτοῦ
781 5001 1068 5063 Ἀντώνιος
1096 4993 1274 5065 οὗτος,
1325 4998 1399 5061 ὡς
1450 4995 1604 5067 παρὰ
1647 4994 1745 5049 τοῦ
1785 4997 1996 5064 πατρὸς

422 5096 755 5167 παρεδέξατο
808 5095 910 5164 τὴν
956 5094 1058 5162 τῆς
1094 5090 1356 5153 Βοιωτίας
1389 5091 1596 5160 ἀρχήνο
1631 5090 1730 5160 τὴν
1761 5090 1870 5159 γὰρ
1927 5088 1995 5157 δὴ

421 5189 672 5241 Φωκαΐδα
702 5184 890 5258 χώραν
946 5184 1140 5253 ἀλλην,
1195 5183 1291 5236 καὶ
1337 5181 1606 5236 Δεῦαδίαν
1668 5182 1996 5247 ὑπηγάγετο

426 5279 738 5351 Παιαζήτης
766 5281 796 5331 ὁ
827 5277 1208 5347 Ἀμουράτεω,
1264 5273 1641 5345 προσθέμενος
1671 5276 1738 5343 τῇ
1786 5271 1987 5325 ἑαυτοῦ

426 5373 590 5443 ἀρχῇ,
613 5374 688 5435 ὡς
712 5369 980 5439 πρότερόν
1016 5385 1108 5438 μοι
1137 5362 1434 5437 δεδήλωται
1457 5383 1474 5399 ο
1508 5361 1663 5428 οὗτος
1685 5367 1750 5435 δὴ
1781 5361 1874 5418 οὖν
1899 5366 1992 5417 ἐπὶ

429 5467 553 5528 τοὺς
579 5465 875 5527 οὐενετοὺς
903 5464 1169 5534 ἐξήνεγκε
1216 5462 1472 5531 πόλεμον,
1510 5464 1604 5516 καὶ
1633 5463 1733 5524 τὰς
1761 5459 1996 5529 Ἀθήνας

2092 4633 2219 4681 rant
2269 4625 2324 4680 in
2385 4629 2716 4695 potestatem
2756 4616 3038 4691 Pajazitis.
3101 4620 3241 4684 quas
3279 4628 3381 4667 suo
3410 4608 3659 4662 dominio

2092 4719 2362 4790 adiunxit,
2403 4725 2462 4772 ut
2490 4730 2657 4784 supra
2685 4709 3131 4766 memoravimus.
3165 4705 3434 4761 Antonius
3465 4712 3659 4756 contra

2096 4809 2335 4867 Venetos
2362 4808 2564 4864 bellum
2594 4803 2781 4868 movit,
2813 4810 2868 4857 et
2913 4802 3155 4854 Athenas
3176 4809 3392 4851 summa
3428 4793 3661 4859 diligen-

2096 4904 2174 4960 tia
2209 4901 2549 4961 exercitibus
2581 4894 2966 4953 circumsedit.
3008 4889 3201 4946 Veneti
3246 4902 3387 4958 aegre
3417 4885 3663 4938 ferebant

2094 4996 2285 5051 urbem
2316 5008 2472 5050 suam
2513 4989 2803 5046 obsidione
2851 4985 3023 5055 premi
3062 5001 3077 5036 :
3115 4988 3313 5051 parant
3349 4979 3512 5047 igitur
3538 4990 3659 5026 eam

2092 5089 2380 5145 obsidione
2408 5085 2644 5140 solvere.
2698 5080 2762 5136 Et
2813 5096 2937 5135 cum
2983 5077 3308 5132 statuissent
3333 5070 3514 5125 hostili
3547 5070 3663 5122 ani-

2093 5196 2186 5237 mo
2215 5178 2486 5251 proﬁcisci
2528 5186 2714 5233 contra
2749 5172 2989 5231 Thebas.
3031 5171 3331 5224 exercitum
3361 5180 3425 5219 ex
3458 5163 3663 5216 Enhoia

2096 5281 2362 5342 quantum
2425 5280 2650 5342 potuere
2708 5272 3128 5336 compararunt,
3187 5275 3399 5315 necnon
3456 5255 3664 5322 reliqua

2099 5383 2224 5436 qua:
2249 5365 2315 5420 ad
2365 5361 2747 5419 instruendum
2796 5359 3094 5413 exercitum
3149 5357 3403 5413 attinent,
3435 5348 3667 5414 collcgco

2104 5465 2253 5511 runt.
2286 5455 2353 5510 Et
2378 5455 2447 5510 ab
2473 5451 2679 5511 Eubola
2730 5461 2876 5505 recta
2917 5453 3138 5501 tnovmtt
3193 5445 3244 5497 in
3297 5441 3582 5499 Bwutiztin,
3613 5442 3670 5489 et

1732 5575 1974 5639 Notulte
2004 5573 2405 5650 marginales.

522 5682 611 5752 9.9)
634 5683 885 5735 Oaulnni.

529 5829 548 5856 ⁸
572 5822 832 5892 Ναὸίρας
860 5819 926 5874 ll.
961 5830 1015 5872 nt
1046 5820 1097 5872 in
1132 5837 1181 5872 ε.
