  <div class='ocr_page' id='page_1' title='image "/cluster/home/n/w/nwhite01/storage/ocr_20150623/159/mdp.39015015350443/140.png"; bbox 0 0 4168 6282; ppageno 0'>
   <div class='ocr_carea' id='block_1_1' title="bbox 368 376 481 441">
    <p class='ocr_par' dir='ltr' id='par_1_1' title="bbox 368 376 481 441">
     <span class='ocr_line' id='line_1_1' title="bbox 368 376 481 441; baseline 0.018 -2"><span class='ocrx_word' id='word_1_1' title='bbox 368 376 481 441; x_wconf 71' lang='grc'><strong>965</strong></span> 
     </span>
    </p>
   </div>
   <div class='ocr_carea' id='block_1_2' title="bbox 1486 370 2576 439">
    <p class='ocr_par' dir='ltr' id='par_1_2' title="bbox 1486 370 2576 439">
     <span class='ocr_line' id='line_1_2' title="bbox 1486 370 2576 439; baseline -0.013 0"><span class='ocrx_word' id='word_1_2' title='bbox 1486 379 1583 439; x_wconf 86' lang='lat' dir='ltr'><strong>DE</strong></span> <span class='ocrx_word' id='word_1_3' title='bbox 1627 375 1881 439; x_wconf 72' lang='grc' dir='ltr'><strong>ΗΕΒυὸ</strong></span> <span class='ocrx_word' id='word_1_4' title='bbox 1913 373 2280 437; x_wconf 70' lang='lat' dir='ltr'><strong>TURCICIS</strong></span> <span class='ocrx_word' id='word_1_5' title='bbox 2320 371 2467 431; x_wconf 67' lang='lat' dir='ltr'><strong>LII}.</strong></span> <span class='ocrx_word' id='word_1_6' title='bbox 2510 370 2576 426; x_wconf 73' lang='grc' dir='ltr'>ν.</span> 
     </span>
    </p>
   </div>
   <div class='ocr_carea' id='block_1_3' title="bbox 3533 356 3643 423">
    <p class='ocr_par' dir='ltr' id='par_1_3' title="bbox 3533 356 3643 423">
     <span class='ocr_line' id='line_1_3' title="bbox 3533 356 3643 423; baseline -0.045 -1"><span class='ocrx_word' id='word_1_7' title='bbox 3533 356 3643 423; x_wconf 72' lang='lat'><strong>266</strong></span> 
     </span>
    </p>
   </div>
   <div class='ocr_carea' id='block_1_4' title="bbox 364 477 1956 566">
    <p class='ocr_par' dir='ltr' id='par_1_4' title="bbox 364 493 1949 566">
     <span class='ocr_line' id='line_1_4' title="bbox 364 493 1949 566; baseline 0.002 -22"><span class='ocrx_word' id='word_1_8' title='bbox 364 493 672 563; x_wconf 77' lang='grc' dir='ltr'><strong>ὑπουργῶν</strong></span> <span class='ocrx_word' id='word_1_9' title='bbox 705 494 819 548; x_wconf 76' lang='grc' dir='ltr'>ἄττ’</span> <span class='ocrx_word' id='word_1_10' title='bbox 862 495 931 549; x_wconf 82' lang='grc' dir='ltr'>ἂν</span> <span class='ocrx_word' id='word_1_11' title='bbox 962 496 1112 564; x_wconf 79' lang='grc' dir='ltr'><strong>αύτῷ</strong></span> <span class='ocrx_word' id='word_1_12' title='bbox 1136 493 1274 560; x_wconf 80' lang='grc' dir='ltr'>πρὸς</span> <span class='ocrx_word' id='word_1_13' title='bbox 1301 496 1462 565; x_wconf 77' lang='grc' dir='ltr'>χάριν</span> <span class='ocrx_word' id='word_1_14' title='bbox 1516 496 1790 566; x_wconf 75' lang='grc' dir='ltr'>ἡγήσαιτο</span> <span class='ocrx_word' id='word_1_15' title='bbox 1821 496 1949 564; x_wconf 78' lang='grc' dir='ltr'>ἣδε-</span> 
     </span>
    </p>
   </div>
   <div class='ocr_carea' id='block_1_5' title="bbox 2062 477 3647 566">
    <p class='ocr_par' dir='ltr' id='par_1_5' title="bbox 2062 477 3647 556">
     <span class='ocr_line' id='line_1_5' title="bbox 2062 477 3647 556; baseline -0.011 -8"><span class='ocrx_word' id='word_1_16' title='bbox 2062 492 2250 548; x_wconf 77' lang='lat' dir='ltr'><strong>tificari</strong></span> <span class='ocrx_word' id='word_1_17' title='bbox 2303 489 2723 556; x_wconf 83' lang='lat' dir='ltr'><strong>quibuseunque</strong></span> <span class='ocrx_word' id='word_1_18' title='bbox 2773 484 2826 535; x_wconf 88' lang='lat' dir='ltr'><strong>in</strong></span> <span class='ocrx_word' id='word_1_19' title='bbox 2898 480 3062 534; x_wconf 80' lang='lat' dir='ltr'><strong>rebus</strong></span> <span class='ocrx_word' id='word_1_20' title='bbox 3119 477 3321 547; x_wconf 83' lang='lat' dir='ltr'><strong>potuit,</strong></span> <span class='ocrx_word' id='word_1_21' title='bbox 3351 483 3647 532; x_wconf 85' lang='lat' dir='ltr'><strong>cunctatus</strong></span> 
     </span>
    </p>
   </div>
   <div class='ocr_carea' id='block_1_6' title="bbox 366 585 1956 659">
    <p class='ocr_par' dir='ltr' id='par_1_6' title="bbox 366 585 1956 659">
     <span class='ocr_line' id='line_1_6' title="bbox 366 585 1956 659; baseline 0.003 -22"><span class='ocrx_word' id='word_1_22' title='bbox 366 585 519 653; x_wconf 76' lang='grc' dir='ltr'>σθαι,</span> <span class='ocrx_word' id='word_1_23' title='bbox 551 588 662 641; x_wconf 77' lang='grc' dir='ltr'>οὐκ</span> <span class='ocrx_word' id='word_1_24' title='bbox 681 589 957 642; x_wconf 72' lang='grc' dir='ltr'>ἐπαύσατο</span> <span class='ocrx_word' id='word_1_25' title='bbox 984 589 1302 649; x_wconf 76' lang='grc' dir='ltr'>διαπαντὸς,</span> <span class='ocrx_word' id='word_1_26' title='bbox 1338 591 1395 652; x_wconf 82' lang='grc' dir='ltr'>ἐς</span> <span class='ocrx_word' id='word_1_27' title='bbox 1425 589 1452 642; x_wconf 79' lang='grc' dir='ltr'>ὃ</span> <span class='ocrx_word' id='word_1_28' title='bbox 1497 589 1562 659; x_wconf 85' lang='grc' dir='ltr'><strong>δὴ</strong></span> <span class='ocrx_word' id='word_1_29' title='bbox 1587 593 1615 643; x_wconf 85' lang='grc' dir='ltr'>ὁ</span> <span class='ocrx_word' id='word_1_30' title='bbox 1639 591 1736 643; x_wconf 77' lang='grc' dir='ltr'>τοῦ</span> <span class='ocrx_word' id='word_1_31' title='bbox 1764 590 1956 645; x_wconf 74' lang='grc' dir='ltr'>Μεδιο-</span> 
     </span>
    </p>
   </div>
   <div class='ocr_carea' id='block_1_7' title="bbox 361 675 1962 754">
    <p class='ocr_par' dir='ltr' id='par_1_7' title="bbox 361 675 1962 754">
     <span class='ocr_line' id='line_1_7' title="bbox 361 675 1962 754; baseline 0.002 -22"><span class='ocrx_word' id='word_1_32' title='bbox 361 677 535 733; x_wconf 85' lang='grc' dir='ltr'>λάνου</span> <span class='ocrx_word' id='word_1_33' title='bbox 571 682 806 750; x_wconf 72' lang='grc' dir='ltr'>ἡγεμὼν</span> <span class='ocrx_word' id='word_1_34' title='bbox 838 683 1218 750; x_wconf 74' lang='grc' dir='ltr'>ἐτελεύτησεν.</span> <span class='ocrx_word' id='word_1_35' title='bbox 1250 675 1420 747; x_wconf 69' lang='grc' dir='ltr'>Οὗτος</span> <span class='ocrx_word' id='word_1_36' title='bbox 1455 683 1522 736; x_wconf 72' lang='grc' dir='ltr'><strong>’δὲ</strong></span> <span class='ocrx_word' id='word_1_37' title='bbox 1576 687 1604 736; x_wconf 87' lang='grc' dir='ltr'>ὁ</span> <span class='ocrx_word' id='word_1_38' title='bbox 1636 685 1962 754; x_wconf 80' lang='grc' dir='ltr'>Ταρακονη·</span> 
     </span>
    </p>
   </div>
   <div class='ocr_carea' id='block_1_8' title="bbox 363 772 1961 846">
    <p class='ocr_par' dir='ltr' id='par_1_8' title="bbox 363 772 1961 846">
     <span class='ocr_line' id='line_1_8' title="bbox 363 772 1961 846; baseline 0.003 -22"><span class='ocrx_word' id='word_1_39' title='bbox 363 772 501 826; x_wconf 80' lang='grc' dir='ltr'>σίων</span> <span class='ocrx_word' id='word_1_40' title='bbox 559 773 842 841; x_wconf 83' lang='grc' dir='ltr'>βασιλεὺς,</span> <span class='ocrx_word' id='word_1_41' title='bbox 897 775 1000 846; x_wconf 84' lang='grc' dir='ltr'>τῆς</span> <span class='ocrx_word' id='word_1_42' title='bbox 1033 791 1093 829; x_wconf 85' lang='grc' dir='ltr'><strong>τε</strong></span> <span class='ocrx_word' id='word_1_43' title='bbox 1137 775 1441 839; x_wconf 78' lang='grc' dir='ltr'>Βαλεντίας</span> <span class='ocrx_word' id='word_1_44' title='bbox 1492 775 1815 845; x_wconf 77' lang='grc' dir='ltr'><strong>βασιλεύων,</strong></span> <span class='ocrx_word' id='word_1_45' title='bbox 1865 779 1961 828; x_wconf 76' lang='grc' dir='ltr'>καὶ</span> 
     </span>
    </p>
   </div>
   <div class='ocr_carea' id='block_1_9' title="bbox 363 866 1960 942">
    <p class='ocr_par' dir='ltr' id='par_1_9' title="bbox 363 866 1960 942">
     <span class='ocr_line' id='line_1_9' title="bbox 363 866 1960 942; baseline 0.004 -25"><span class='ocrx_word' id='word_1_46' title='bbox 363 866 408 917; x_wconf 87' lang='grc' dir='ltr'>Τ</span> <span class='ocrx_word' id='word_1_47' title='bbox 411 867 732 936; x_wconf 86' lang='grc' dir='ltr'>αρακῶνος,</span> <span class='ocrx_word' id='word_1_48' title='bbox 767 870 860 922; x_wconf 77' lang='grc' dir='ltr'>καὶ</span> <span class='ocrx_word' id='word_1_49' title='bbox 895 873 995 941; x_wconf 75' lang='grc' dir='ltr'>τῆς</span> <span class='ocrx_word' id='word_1_50' title='bbox 1020 889 1081 924; x_wconf 90' lang='grc' dir='ltr'>τε</span> <span class='ocrx_word' id='word_1_51' title='bbox 1125 870 1390 941; x_wconf 73' lang='grc' dir='ltr'><strong>Σαρδόνος</strong></span> <span class='ocrx_word' id='word_1_52' title='bbox 1421 873 1616 942; x_wconf 77' lang='grc' dir='ltr'>νήσου,</span> <span class='ocrx_word' id='word_1_53' title='bbox 1671 872 1766 923; x_wconf 56' lang='grc' dir='ltr'><strong>καὶ⁸</strong></span> <span class='ocrx_word' id='word_1_54' title='bbox 1811 871 1960 940; x_wconf 85' lang='grc' dir='ltr'>Κύρ-</span> 
     </span>
    </p>
   </div>
   <div class='ocr_carea' id='block_1_10' title="bbox 362 962 1960 1035">
    <p class='ocr_par' dir='ltr' id='par_1_10' title="bbox 362 962 1960 1035">
     <span class='ocr_line' id='line_1_10' title="bbox 362 962 1960 1035; baseline 0.002 -24"><span class='ocrx_word' id='word_1_55' title='bbox 362 977 484 1026; x_wconf 90' lang='grc' dir='ltr'>νου,</span> <span class='ocrx_word' id='word_1_56' title='bbox 516 963 618 1015; x_wconf 78' lang='grc' dir='ltr'>καὶ</span> <span class='ocrx_word' id='word_1_57' title='bbox 653 962 912 1035; x_wconf 76' lang='grc' dir='ltr'>ἐπάρχων</span> <span class='ocrx_word' id='word_1_58' title='bbox 952 965 1052 1034; x_wconf 84' lang='grc' dir='ltr'>τῆς</span> <span class='ocrx_word' id='word_1_59' title='bbox 1099 964 1461 1034; x_wconf 79' lang='grc' dir='ltr'>Βαρκενιῦνης</span> <span class='ocrx_word' id='word_1_60' title='bbox 1514 963 1725 1026; x_wconf 81' lang='grc' dir='ltr'>πόλεως</span> <span class='ocrx_word' id='word_1_61' title='bbox 1777 963 1960 1015; x_wconf 84' lang='grc' dir='ltr'>εὐδαί-</span> 
     </span>
    </p>
   </div>
   <div class='ocr_carea' id='block_1_11' title="bbox 365 1054 1961 1126">
    <p class='ocr_par' dir='ltr' id='par_1_11' title="bbox 365 1054 1961 1126">
     <span class='ocr_line' id='line_1_11' title="bbox 365 1054 1961 1126; baseline 0.001 -21"><span class='ocrx_word' id='word_1_62' title='bbox 365 1068 530 1121; x_wconf 80' lang='grc' dir='ltr'>μονος</span> <span class='ocrx_word' id='word_1_63' title='bbox 559 1055 710 1107; x_wconf 74' lang='grc' dir='ltr'>κατὰ</span> <span class='ocrx_word' id='word_1_64' title='bbox 748 1054 850 1124; x_wconf 84' lang='grc' dir='ltr'>τὴν</span> <span class='ocrx_word' id='word_1_65' title='bbox 877 1055 1146 1126; x_wconf 77' lang='grc' dir='ltr'>Ἰϐηρίαν,</span> <span class='ocrx_word' id='word_1_66' title='bbox 1181 1056 1412 1124; x_wconf 73' lang='grc' dir='ltr'>ἀφίκετο</span> <span class='ocrx_word' id='word_1_67' title='bbox 1442 1059 1500 1115; x_wconf 72' lang='grc' dir='ltr'><strong>ες</strong></span> <span class='ocrx_word' id='word_1_68' title='bbox 1545 1055 1801 1109; x_wconf 76' lang='grc' dir='ltr'><strong>Σικελίαν</strong></span> <span class='ocrx_word' id='word_1_69' title='bbox 1859 1055 1961 1123; x_wconf 87' lang='grc' dir='ltr'>μὲν</span> 
     </span>
    </p>
   </div>
   <div class='ocr_carea' id='block_1_12' title="bbox 361 1143 1961 1214">
    <p class='ocr_par' dir='ltr' id='par_1_12' title="bbox 361 1143 1961 1214">
     <span class='ocr_line' id='line_1_12' title="bbox 361 1143 1961 1214; baseline 0.004 -22"><span class='ocrx_word' id='word_1_70' title='bbox 361 1143 609 1211; x_wconf 84' lang='grc' dir='ltr'>πρῶτον,</span> <span class='ocrx_word' id='word_1_71' title='bbox 654 1143 795 1214; x_wconf 83' lang='grc' dir='ltr'>μετὰ</span> <span class='ocrx_word' id='word_1_72' title='bbox 820 1145 879 1198; x_wconf 83' lang='grc' dir='ltr'><strong>δὲ</strong></span> <span class='ocrx_word' id='word_1_73' title='bbox 908 1145 1081 1200; x_wconf 83' lang='grc' dir='ltr'>ταῦτα</span> <span class='ocrx_word' id='word_1_74' title='bbox 1112 1148 1170 1211; x_wconf 76' lang='grc' dir='ltr'>ἐς</span> <span class='ocrx_word' id='word_1_75' title='bbox 1216 1147 1476 1210; x_wconf 80' lang='grc' dir='ltr'>Ἰταλίαν,</span> <span class='ocrx_word' id='word_1_76' title='bbox 1505 1149 1598 1198; x_wconf 79' lang='grc' dir='ltr'>καὶ</span> <span class='ocrx_word' id='word_1_77' title='bbox 1627 1146 1719 1198; x_wconf 72' lang='grc' dir='ltr'><strong>ἐπὶ</strong></span> <span class='ocrx_word' id='word_1_78' title='bbox 1744 1145 1961 1211; x_wconf 76' lang='grc' dir='ltr'>Παρθε-</span> 
     </span>
    </p>
   </div>
   <div class='ocr_carea' id='block_1_13' title="bbox 360 1233 1952 1309">
    <p class='ocr_par' dir='ltr' id='par_1_13' title="bbox 360 1233 1952 1309">
     <span class='ocr_line' id='line_1_13' title="bbox 360 1233 1952 1309; baseline -0.001 -18"><span class='ocrx_word' id='word_1_79' title='bbox 360 1233 566 1304; x_wconf 76' lang='grc' dir='ltr'>νόπην.</span> <span class='ocrx_word' id='word_1_80' title='bbox 596 1237 696 1291; x_wconf 79' lang='grc' dir='ltr'>καὶ</span> <span class='ocrx_word' id='word_1_81' title='bbox 725 1238 828 1308; x_wconf 73' lang='grc' dir='ltr'>τὴν</span> <span class='ocrx_word' id='word_1_82' title='bbox 857 1237 1144 1307; x_wconf 74' lang='grc' dir='ltr'>βασιλεῖαν</span> <span class='ocrx_word' id='word_1_83' title='bbox 1191 1239 1432 1309; x_wconf 75' lang='grc' dir='ltr'><strong>κατέσχε</strong></span> <span class='ocrx_word' id='word_1_84' title='bbox 1493 1238 1685 1309; x_wconf 85' lang='grc' dir='ltr'>τρόπῳ</span> <span class='ocrx_word' id='word_1_85' title='bbox 1735 1238 1952 1306; x_wconf 84' lang='grc' dir='ltr'>τοιῷδε·</span> 
     </span>
    </p>
   </div>
   <div class='ocr_carea' id='block_1_14' title="bbox 359 1327 1962 1402">
    <p class='ocr_par' dir='ltr' id='par_1_14' title="bbox 359 1327 1962 1402">
     <span class='ocr_line' id='line_1_14' title="bbox 359 1327 1962 1402; baseline 0.004 -25"><span class='ocrx_word' id='word_1_86' title='bbox 359 1327 461 1397; x_wconf 82' lang='grc' dir='ltr'>τὴν</span> <span class='ocrx_word' id='word_1_87' title='bbox 493 1330 611 1400; x_wconf 73' lang='grc' dir='ltr'><strong>γὰρ</strong></span> <span class='ocrx_word' id='word_1_88' title='bbox 657 1330 958 1387; x_wconf 82' lang='grc' dir='ltr'>Νεάπολιν,</span> <span class='ocrx_word' id='word_1_89' title='bbox 996 1331 1205 1402; x_wconf 82' lang='grc' dir='ltr'>ταύτην</span> <span class='ocrx_word' id='word_1_90' title='bbox 1233 1333 1333 1402; x_wconf 78' lang='grc' dir='ltr'>τῆς</span> <span class='ocrx_word' id='word_1_91' title='bbox 1373 1331 1630 1396; x_wconf 84' lang='grc' dir='ltr'>Ἰταλίας,</span> <span class='ocrx_word' id='word_1_92' title='bbox 1665 1331 1962 1402; x_wconf 73' lang='grc' dir='ltr'>προελθοῦ-</span> 
     </span>
    </p>
   </div>
   <div class='ocr_carea' id='block_1_15' title="bbox 360 1423 1950 1496">
    <p class='ocr_par' dir='ltr' id='par_1_15' title="bbox 360 1423 1950 1496">
     <span class='ocr_line' id='line_1_15' title="bbox 360 1423 1950 1496; baseline 0.003 -24"><span class='ocrx_word' id='word_1_93' title='bbox 360 1437 464 1473; x_wconf 90' lang='grc' dir='ltr'><strong>σαν</strong></span> <span class='ocrx_word' id='word_1_94' title='bbox 496 1423 560 1474; x_wconf 85' lang='grc' dir='ltr'>τὸ</span> <span class='ocrx_word' id='word_1_95' title='bbox 595 1425 832 1476; x_wconf 74' lang='grc' dir='ltr'>παλαιὸν</span> <span class='ocrx_word' id='word_1_96' title='bbox 865 1426 921 1488; x_wconf 78' lang='grc' dir='ltr'>ἐς</span> <span class='ocrx_word' id='word_1_97' title='bbox 949 1425 1041 1478; x_wconf 73' lang='grc' dir='ltr'><strong>τὸν</strong></span> <span class='ocrx_word' id='word_1_98' title='bbox 1069 1425 1292 1479; x_wconf 81' lang='grc' dir='ltr'>Κελτῶν</span> <span class='ocrx_word' id='word_1_99' title='bbox 1327 1425 1950 1496; x_wconf 76' lang='grc' dir='ltr'>βασιλέα,ἁπεδείκνυτο</span> 
     </span>
    </p>
   </div>
   <div class='ocr_carea' id='block_1_16' title="bbox 359 1512 1964 1588">
    <p class='ocr_par' dir='ltr' id='par_1_16' title="bbox 359 1512 1964 1588">
     <span class='ocr_line' id='line_1_16' title="bbox 359 1512 1964 1588; baseline 0.011 -26"><span class='ocrx_word' id='word_1_100' title='bbox 359 1512 471 1564; x_wconf 76' lang='grc' dir='ltr'><strong>ἀπὸ</strong></span> <span class='ocrx_word' id='word_1_101' title='bbox 509 1514 674 1567; x_wconf 74' lang='grc' dir='ltr'>οἴκου</span> <span class='ocrx_word' id='word_1_102' title='bbox 709 1515 804 1568; x_wconf 77' lang='grc' dir='ltr'>τοῦ</span> <span class='ocrx_word' id='word_1_103' title='bbox 840 1518 1114 1586; x_wconf 82' lang='grc' dir='ltr'>βασιλέως</span> <span class='ocrx_word' id='word_1_104' title='bbox 1175 1520 1234 1580; x_wconf 80' lang='grc' dir='ltr'>ἐς</span> <span class='ocrx_word' id='word_1_105' title='bbox 1285 1520 1442 1588; x_wconf 77' lang='grc' dir='ltr'>τήνδε</span> <span class='ocrx_word' id='word_1_106' title='bbox 1487 1519 1586 1586; x_wconf 81' lang='grc' dir='ltr'>τὴν</span> <span class='ocrx_word' id='word_1_107' title='bbox 1639 1519 1822 1588; x_wconf 81' lang='grc' dir='ltr'>χώραν</span> <span class='ocrx_word' id='word_1_108' title='bbox 1860 1519 1964 1587; x_wconf 78' lang='grc' dir='ltr'><strong>τῆς</strong></span> 
     </span>
    </p>
   </div>
   <div class='ocr_carea' id='block_1_17' title="bbox 372 1603 1969 1682">
    <p class='ocr_par' dir='ltr' id='par_1_17' title="bbox 372 1603 1969 1682">
     <span class='ocr_line' id='line_1_17' title="bbox 372 1603 1969 1682; baseline 0.002 -24"><span class='ocrx_word' id='word_1_109' title='bbox 372 1603 640 1670; x_wconf 84' lang='grc' dir='ltr'>Ἰταλίας,</span> <span class='ocrx_word' id='word_1_110' title='bbox 684 1606 912 1676; x_wconf 74' lang='grc' dir='ltr'>βασιλέα</span> <span class='ocrx_word' id='word_1_111' title='bbox 942 1609 1042 1662; x_wconf 71' lang='grc' dir='ltr'>καὶ</span> <span class='ocrx_word' id='word_1_112' title='bbox 1081 1611 1345 1679; x_wconf 77' lang='grc' dir='ltr'>ἄρχοντα.</span> <span class='ocrx_word' id='word_1_113' title='bbox 1385 1612 1453 1664; x_wconf 88' lang='grc' dir='ltr'><strong>Ἥ</strong></span> <span class='ocrx_word' id='word_1_114' title='bbox 1486 1612 1544 1664; x_wconf 75' lang='grc' dir='ltr'><strong>δὲ</strong></span> <span class='ocrx_word' id='word_1_115' title='bbox 1573 1611 1824 1682; x_wconf 83' lang='grc' dir='ltr'>βασιλεία</span> <span class='ocrx_word' id='word_1_116' title='bbox 1870 1613 1969 1680; x_wconf 81' lang='grc' dir='ltr'><strong>ἄρ.</strong></span> 
     </span>
    </p>
   </div>
   <div class='ocr_carea' id='block_1_18' title="bbox 359 1701 1965 1771">
    <p class='ocr_par' dir='ltr' id='par_1_18' title="bbox 359 1701 1965 1771">
     <span class='ocr_line' id='line_1_18' title="bbox 359 1701 1965 1771; baseline 0.006 -22"><span class='ocrx_word' id='word_1_117' title='bbox 359 1715 523 1768; x_wconf 86' lang='grc' dir='ltr'>χεται</span> <span class='ocrx_word' id='word_1_118' title='bbox 550 1701 657 1769; x_wconf 79' lang='grc' dir='ltr'>μὲν</span> <span class='ocrx_word' id='word_1_119' title='bbox 687 1702 796 1755; x_wconf 74' lang='grc' dir='ltr'><strong>ἀπὸ</strong></span> <span class='ocrx_word' id='word_1_120' title='bbox 834 1701 1112 1770; x_wconf 79' lang='grc' dir='ltr'><strong>Ἰαπυγίας</strong></span> <span class='ocrx_word' id='word_1_121' title='bbox 1140 1707 1345 1771; x_wconf 79' lang='grc' dir='ltr'>ἄκρας,</span> <span class='ocrx_word' id='word_1_122' title='bbox 1381 1705 1475 1758; x_wconf 75' lang='grc' dir='ltr'>καὶ</span> <span class='ocrx_word' id='word_1_123' title='bbox 1499 1706 1844 1770; x_wconf 83' lang='grc' dir='ltr'>Μεσαπείας,</span> <span class='ocrx_word' id='word_1_124' title='bbox 1871 1704 1965 1759; x_wconf 74' lang='grc' dir='ltr'>καὶ</span> 
     </span>
    </p>
   </div>
   <div class='ocr_carea' id='block_1_19' title="bbox 359 1791 1962 1864">
    <p class='ocr_par' dir='ltr' id='par_1_19' title="bbox 359 1791 1962 1864">
     <span class='ocr_line' id='line_1_19' title="bbox 359 1791 1962 1864; baseline 0.004 -22"><span class='ocrx_word' id='word_1_125' title='bbox 359 1791 453 1843; x_wconf 68' lang='grc' dir='ltr'><strong>ἐπὶ</strong></span> <span class='ocrx_word' id='word_1_126' title='bbox 482 1793 632 1846; x_wconf 82' lang='grc' dir='ltr'>πολὺ</span> <span class='ocrx_word' id='word_1_127' title='bbox 675 1797 946 1864; x_wconf 76' lang='grc' dir='ltr'>προῖοῦσα</span> <span class='ocrx_word' id='word_1_128' title='bbox 974 1797 1118 1850; x_wconf 72' lang='grc' dir='ltr'>κατὰ</span> <span class='ocrx_word' id='word_1_129' title='bbox 1156 1798 1246 1850; x_wconf 79' lang='grc' dir='ltr'>τὸν</span> <span class='ocrx_word' id='word_1_130' title='bbox 1285 1799 1474 1851; x_wconf 88' lang='grc' dir='ltr'>Ἰόνιον</span> <span class='ocrx_word' id='word_1_131' title='bbox 1504 1799 1707 1853; x_wconf 83' lang='grc' dir='ltr'>κόλπον</span> <span class='ocrx_word' id='word_1_132' title='bbox 1735 1797 1962 1864; x_wconf 75' lang='grc' dir='ltr'>ἐπ’ἀρι-</span> 
     </span>
    </p>
   </div>
   <div class='ocr_carea' id='block_1_20' title="bbox 364 1885 1956 1962">
    <p class='ocr_par' dir='ltr' id='par_1_20' title="bbox 364 1885 1956 1962">
     <span class='ocr_line' id='line_1_20' title="bbox 364 1885 1956 1962; baseline 0.01 -30"><span class='ocrx_word' id='word_1_133' title='bbox 364 1885 538 1951; x_wconf 74' lang='grc' dir='ltr'>στερὰ</span> <span class='ocrx_word' id='word_1_134' title='bbox 571 1887 910 1952; x_wconf 79' lang='grc' dir='ltr'><strong>εἰσπλέοντι,</strong></span> <span class='ocrx_word' id='word_1_135' title='bbox 942 1889 1169 1958; x_wconf 72' lang='grc' dir='ltr'>ἀμείϐει</span> <span class='ocrx_word' id='word_1_136' title='bbox 1200 1906 1265 1942; x_wconf 81' lang='grc' dir='ltr'><strong>τε</strong></span> <span class='ocrx_word' id='word_1_137' title='bbox 1295 1890 1395 1960; x_wconf 76' lang='grc' dir='ltr'>τὴν</span> <span class='ocrx_word' id='word_1_138' title='bbox 1420 1889 1610 1960; x_wconf 82' lang='grc' dir='ltr'>χώραν</span> <span class='ocrx_word' id='word_1_139' title='bbox 1643 1893 1744 1960; x_wconf 79' lang='grc' dir='ltr'>τῆς</span> <span class='ocrx_word' id='word_1_140' title='bbox 1770 1891 1956 1962; x_wconf 81' lang='grc' dir='ltr'>Βάρης</span> 
     </span>
    </p>
   </div>
   <div class='ocr_carea' id='block_1_21' title="bbox 360 1975 1956 2052">
    <p class='ocr_par' dir='ltr' id='par_1_21' title="bbox 360 1975 1956 2052">
     <span class='ocr_line' id='line_1_21' title="bbox 360 1975 1956 2052; baseline 0.007 -26"><span class='ocrx_word' id='word_1_141' title='bbox 360 1975 510 2028; x_wconf 76' lang='grc' dir='ltr'>οὕτω</span> <span class='ocrx_word' id='word_1_142' title='bbox 539 1978 917 2049; x_wconf 81' lang='grc' dir='ltr'>καλουμένης.</span> <span class='ocrx_word' id='word_1_143' title='bbox 954 1981 1062 2033; x_wconf 73' lang='grc' dir='ltr'>Καί</span> <span class='ocrx_word' id='word_1_144' title='bbox 1088 1997 1156 2050; x_wconf 86' lang='grc' dir='ltr'><strong>γε</strong></span> <span class='ocrx_word' id='word_1_145' title='bbox 1190 1983 1290 2051; x_wconf 77' lang='grc' dir='ltr'>τὴν</span> <span class='ocrx_word' id='word_1_146' title='bbox 1333 1981 1775 2052; x_wconf 79' lang='grc' dir='ltr'><strong>βασιλικωτάτην</strong></span> <span class='ocrx_word' id='word_1_147' title='bbox 1825 1986 1956 2041; x_wconf 76' lang='grc' dir='ltr'>ἐπέ-</span> 
     </span>
    </p>
   </div>
   <div class='ocr_carea' id='block_1_22' title="bbox 357 2064 1957 2143">
    <p class='ocr_par' dir='ltr' id='par_1_22' title="bbox 357 2064 1957 2143">
     <span class='ocr_line' id='line_1_22' title="bbox 357 2064 1957 2143; baseline 0.006 -26"><span class='ocrx_word' id='word_1_148' title='bbox 357 2081 443 2135; x_wconf 70' lang='grc' dir='ltr'>χει</span> <span class='ocrx_word' id='word_1_149' title='bbox 469 2064 641 2135; x_wconf 83' lang='grc' dir='ltr'>λόγου</span> <span class='ocrx_word' id='word_1_150' title='bbox 671 2066 832 2132; x_wconf 79' lang='grc' dir='ltr'>ἀξίαν</span> <span class='ocrx_word' id='word_1_151' title='bbox 857 2068 1002 2122; x_wconf 78' lang='grc' dir='ltr'>οὕτω</span> <span class='ocrx_word' id='word_1_152' title='bbox 1036 2071 1244 2140; x_wconf 82' lang='grc' dir='ltr'>χώραν.</span> <span class='ocrx_word' id='word_1_153' title='bbox 1301 2071 1460 2125; x_wconf 78' lang='grc' dir='ltr'>Μετὰ</span> <span class='ocrx_word' id='word_1_154' title='bbox 1485 2071 1546 2124; x_wconf 80' lang='grc' dir='ltr'><strong>δὲ</strong></span> <span class='ocrx_word' id='word_1_155' title='bbox 1571 2074 1672 2140; x_wconf 79' lang='grc' dir='ltr'>τὴν</span> <span class='ocrx_word' id='word_1_156' title='bbox 1710 2073 1957 2143; x_wconf 74' lang='grc' dir='ltr'>Γήπονον</span> 
     </span>
    </p>
   </div>
   <div class='ocr_carea' id='block_1_23' title="bbox 359 2158 1956 2236">
    <p class='ocr_par' dir='ltr' id='par_1_23' title="bbox 359 2158 1956 2236">
     <span class='ocr_line' id='line_1_23' title="bbox 359 2158 1956 2236; baseline 0.006 -26"><span class='ocrx_word' id='word_1_157' title='bbox 359 2158 718 2230; x_wconf 76' lang='grc' dir='ltr'><strong>καλουμένην</strong></span> <span class='ocrx_word' id='word_1_158' title='bbox 743 2161 922 2234; x_wconf 77' lang='grc' dir='ltr'>διήκει</span> <span class='ocrx_word' id='word_1_159' title='bbox 953 2165 1049 2216; x_wconf 69' lang='grc' dir='ltr'><strong>ἐπὶ</strong></span> <span class='ocrx_word' id='word_1_160' title='bbox 1080 2163 1313 2232; x_wconf 82' lang='grc' dir='ltr'>Γαὲτην,</span> <span class='ocrx_word' id='word_1_161' title='bbox 1346 2166 1440 2218; x_wconf 71' lang='grc' dir='ltr'><strong>καὶ</strong></span> <span class='ocrx_word' id='word_1_162' title='bbox 1485 2165 1580 2218; x_wconf 74' lang='grc' dir='ltr'><strong>ἒπὶ</strong></span> <span class='ocrx_word' id='word_1_163' title='bbox 1610 2167 1826 2236; x_wconf 82' lang='grc' dir='ltr'>Δεδίην,</span> <span class='ocrx_word' id='word_1_164' title='bbox 1856 2169 1956 2220; x_wconf 86' lang='grc' dir='ltr'>πό-</span> 
     </span>
    </p>
   </div>
   <div class='ocr_carea' id='block_1_24' title="bbox 359 2252 1955 2329">
    <p class='ocr_par' dir='ltr' id='par_1_24' title="bbox 359 2252 1955 2329">
     <span class='ocr_line' id='line_1_24' title="bbox 359 2252 1955 2329; baseline 0.005 -26"><span class='ocrx_word' id='word_1_165' title='bbox 359 2252 444 2305; x_wconf 79' lang='grc' dir='ltr'><strong>λιν</strong></span> <span class='ocrx_word' id='word_1_166' title='bbox 475 2254 799 2325; x_wconf 79' lang='grc' dir='ltr'>ὁμοροῦσαν</span> <span class='ocrx_word' id='word_1_167' title='bbox 827 2257 886 2307; x_wconf 75' lang='grc' dir='ltr'>τὸ</span> <span class='ocrx_word' id='word_1_168' title='bbox 920 2257 1060 2324; x_wconf 70' lang='grc' dir='ltr'>πρὸς</span> <span class='ocrx_word' id='word_1_169' title='bbox 1087 2258 1338 2329; x_wconf 74' lang='grc' dir='ltr'>ἑσπέραν</span> <span class='ocrx_word' id='word_1_170' title='bbox 1361 2260 1428 2327; x_wconf 82' lang='grc' dir='ltr'>τῇ</span> <span class='ocrx_word' id='word_1_171' title='bbox 1467 2257 1758 2327; x_wconf 81' lang='grc' dir='ltr'>Ῥωμαίων</span> <span class='ocrx_word' id='word_1_172' title='bbox 1775 2259 1955 2329; x_wconf 79' lang='grc' dir='ltr'>χώρα,</span> 
     </span>
    </p>
   </div>
   <div class='ocr_carea' id='block_1_25' title="bbox 355 2344 1956 2421">
    <p class='ocr_par' dir='ltr' id='par_1_25' title="bbox 355 2344 1956 2421">
     <span class='ocr_line' id='line_1_25' title="bbox 355 2344 1956 2421; baseline 0.004 -25"><span class='ocrx_word' id='word_1_173' title='bbox 355 2344 420 2396; x_wconf 76' lang='grc' dir='ltr'><strong>τὸ</strong></span> <span class='ocrx_word' id='word_1_174' title='bbox 469 2344 530 2398; x_wconf 66' lang='grc' dir='ltr'><strong>δὶ</strong></span> <span class='ocrx_word' id='word_1_175' title='bbox 574 2346 719 2417; x_wconf 67' lang='grc' dir='ltr'>πρὸς</span> <span class='ocrx_word' id='word_1_176' title='bbox 765 2349 840 2400; x_wconf 83' lang='grc' dir='ltr'><strong>ἓω</strong></span> <span class='ocrx_word' id='word_1_177' title='bbox 876 2347 956 2419; x_wconf 83' lang='grc' dir='ltr'><strong>τῷ</strong></span> <span class='ocrx_word' id='word_1_178' title='bbox 1018 2348 1208 2418; x_wconf 81' lang='grc' dir='ltr'>Γωνίῳ</span> <span class='ocrx_word' id='word_1_179' title='bbox 1243 2349 1312 2402; x_wconf 84' lang='lat'><strong>&quot;.</strong></span> <span class='ocrx_word' id='word_1_180' title='bbox 1351 2349 1506 2417; x_wconf 80' lang='grc' dir='ltr'>Ἔχει</span> <span class='ocrx_word' id='word_1_181' title='bbox 1547 2350 1605 2401; x_wconf 82' lang='grc' dir='ltr'><strong>δὲ</strong></span> <span class='ocrx_word' id='word_1_182' title='bbox 1659 2351 1762 2420; x_wconf 76' lang='grc' dir='ltr'>τὴν</span> <span class='ocrx_word' id='word_1_183' title='bbox 1819 2351 1956 2421; x_wconf 79' lang='grc' dir='ltr'>πρὸς</span> 
     </span>
    </p>
   </div>
   <div class='ocr_carea' id='block_1_26' title="bbox 357 2437 1956 2511">
    <p class='ocr_par' dir='ltr' id='par_1_26' title="bbox 357 2437 1956 2511">
     <span class='ocr_line' id='line_1_26' title="bbox 357 2437 1956 2511; baseline 0.005 -23"><span class='ocrx_word' id='word_1_184' title='bbox 357 2437 630 2492; x_wconf 81' lang='grc' dir='ltr'>Σικελίαν</span> <span class='ocrx_word' id='word_1_185' title='bbox 658 2441 1056 2511; x_wconf 76' lang='grc' dir='ltr'>τετραμμένην</span> <span class='ocrx_word' id='word_1_186' title='bbox 1098 2441 1308 2511; x_wconf 87' lang='grc' dir='ltr'>χώραν,</span> <span class='ocrx_word' id='word_1_187' title='bbox 1346 2441 1575 2494; x_wconf 79' lang='grc' dir='ltr'>Ἐλλάδα</span> <span class='ocrx_word' id='word_1_188' title='bbox 1611 2443 1675 2493; x_wconf 79' lang='grc' dir='ltr'>τὸ</span> <span class='ocrx_word' id='word_1_189' title='bbox 1723 2442 1956 2498; x_wconf 78' lang='grc' dir='ltr'>παλαιὸν</span> 
     </span>
    </p>
   </div>
   <div class='ocr_carea' id='block_1_27' title="bbox 356 2530 1954 2605">
    <p class='ocr_par' dir='ltr' id='par_1_27' title="bbox 356 2530 1954 2605">
     <span class='ocr_line' id='line_1_27' title="bbox 356 2530 1954 2605; baseline 0.004 -24"><span class='ocrx_word' id='word_1_190' title='bbox 356 2530 743 2599; x_wconf 76' lang='grc' dir='ltr'>καλουμένην,</span> <span class='ocrx_word' id='word_1_191' title='bbox 767 2533 836 2585; x_wconf 80' lang='grc' dir='ltr'><strong>τά</strong></span> <span class='ocrx_word' id='word_1_192' title='bbox 880 2531 974 2586; x_wconf 85' lang='grc' dir='ltr'>νῦν</span> <span class='ocrx_word' id='word_1_193' title='bbox 994 2533 1054 2584; x_wconf 68' lang='grc' dir='ltr'><strong>δὲ</strong></span> <span class='ocrx_word' id='word_1_194' title='bbox 1090 2531 1432 2602; x_wconf 79' lang='grc' dir='ltr'>Καλασρίαν.</span> <span class='ocrx_word' id='word_1_195' title='bbox 1483 2534 1571 2596; x_wconf 81' lang='grc' dir='ltr'>Ὠς</span> <span class='ocrx_word' id='word_1_196' title='bbox 1603 2534 1670 2605; x_wconf 79' lang='grc' dir='ltr'><strong>δὴ</strong></span> <span class='ocrx_word' id='word_1_197' title='bbox 1711 2533 1808 2588; x_wconf 81' lang='grc' dir='ltr'>οὖν</span> <span class='ocrx_word' id='word_1_198' title='bbox 1861 2537 1954 2588; x_wconf 78' lang='grc' dir='ltr'><strong>ἐπὶ</strong></span> 
     </span>
    </p>
   </div>
   <div class='ocr_carea' id='block_1_28' title="bbox 357 2621 1952 2697">
    <p class='ocr_par' dir='ltr' id='par_1_28' title="bbox 357 2621 1952 2697">
     <span class='ocr_line' id='line_1_28' title="bbox 357 2621 1952 2697; baseline 0.004 -24"><span class='ocrx_word' id='word_1_199' title='bbox 357 2621 468 2673; x_wconf 84' lang='grc' dir='ltr'><strong>τῶν</strong></span> <span class='ocrx_word' id='word_1_200' title='bbox 493 2623 726 2676; x_wconf 76' lang='grc' dir='ltr'>Κελτῶν</span> <span class='ocrx_word' id='word_1_201' title='bbox 748 2625 977 2696; x_wconf 82' lang='grc' dir='ltr'>βασιλέα</span> <span class='ocrx_word' id='word_1_202' title='bbox 1001 2624 1398 2696; x_wconf 80' lang='grc' dir='ltr'>περιελήλυθεν</span> <span class='ocrx_word' id='word_1_203' title='bbox 1428 2627 1462 2697; x_wconf 78' lang='grc' dir='ltr'><strong>ἠ</strong></span> <span class='ocrx_word' id='word_1_204' title='bbox 1488 2626 1588 2697; x_wconf 81' lang='grc' dir='ltr'>τῆς</span> <span class='ocrx_word' id='word_1_205' title='bbox 1623 2627 1952 2690; x_wconf 83' lang='grc' dir='ltr'>Νεαπόλεως</span> 
     </span>
    </p>
   </div>
   <div class='ocr_carea' id='block_1_29' title="bbox 360 2711 1951 2790">
    <p class='ocr_par' dir='ltr' id='par_1_29' title="bbox 360 2711 1951 2790">
     <span class='ocr_line' id='line_1_29' title="bbox 360 2711 1951 2790; baseline 0.006 -25"><span class='ocrx_word' id='word_1_206' title='bbox 360 2711 644 2782; x_wconf 81' lang='grc' dir='ltr'>βασιλεία,</span> <span class='ocrx_word' id='word_1_207' title='bbox 671 2717 989 2788; x_wconf 75' lang='grc' dir='ltr'>ἐπέστησαν</span> <span class='ocrx_word' id='word_1_208' title='bbox 1027 2717 1167 2788; x_wconf 78' lang='grc' dir='ltr'>αὐτῇ</span> <span class='ocrx_word' id='word_1_209' title='bbox 1201 2717 1427 2787; x_wconf 77' lang='grc' dir='ltr'>βασιλέα</span> <span class='ocrx_word' id='word_1_210' title='bbox 1474 2719 1583 2772; x_wconf 85' lang='grc' dir='ltr'><strong>τῶν</strong></span> <span class='ocrx_word' id='word_1_211' title='bbox 1643 2722 1951 2790; x_wconf 62' lang='grc' dir='ltr'>προσηκόνμ</span> 
     </span>
    </p>
   </div>
   <div class='ocr_carea' id='block_1_30' title="bbox 357 2807 1955 2882">
    <p class='ocr_par' dir='ltr' id='par_1_30' title="bbox 357 2807 1955 2882">
     <span class='ocr_line' id='line_1_30' title="bbox 357 2807 1955 2882; baseline 0.003 -22"><span class='ocrx_word' id='word_1_212' title='bbox 357 2822 470 2860; x_wconf 59' lang='grc' dir='ltr'><strong>¹διον</strong></span> <span class='ocrx_word' id='word_1_213' title='bbox 492 2807 670 2860; x_wconf 78' lang='grc' dir='ltr'>αὐτοῦ</span> <span class='ocrx_word' id='word_1_214' title='bbox 692 2808 789 2862; x_wconf 70' lang='grc' dir='ltr'>ἕνα</span> <span class='ocrx_word' id='word_1_215' title='bbox 813 2809 969 2862; x_wconf 78' lang='grc' dir='ltr'>οἴκου</span> <span class='ocrx_word' id='word_1_216' title='bbox 1000 2807 1099 2862; x_wconf 80' lang='grc' dir='ltr'>τοῦ</span> <span class='ocrx_word' id='word_1_217' title='bbox 1135 2809 1423 2878; x_wconf 82' lang='grc' dir='ltr'>βασιλέως.</span> <span class='ocrx_word' id='word_1_218' title='bbox 1466 2811 1553 2873; x_wconf 80' lang='lat'><strong>&#39;0;</strong></span> <span class='ocrx_word' id='word_1_219' title='bbox 1577 2811 1633 2864; x_wconf 81' lang='grc' dir='ltr'><strong>δὲ</strong></span> <span class='ocrx_word' id='word_1_220' title='bbox 1678 2812 1955 2882; x_wconf 80' lang='grc' dir='ltr'>ἀφικόμε-</span> 
     </span>
    </p>
   </div>
   <div class='ocr_carea' id='block_1_31' title="bbox 359 2899 1948 2975">
    <p class='ocr_par' dir='ltr' id='par_1_31' title="bbox 359 2899 1948 2975">
     <span class='ocr_line' id='line_1_31' title="bbox 359 2899 1948 2975; baseline 0.004 -21"><span class='ocrx_word' id='word_1_221' title='bbox 359 2916 450 2963; x_wconf 86' lang='grc' dir='ltr'><strong>νος</strong></span> <span class='ocrx_word' id='word_1_222' title='bbox 479 2902 539 2965; x_wconf 71' lang='grc' dir='ltr'>ις</span> <span class='ocrx_word' id='word_1_223' title='bbox 577 2902 682 2971; x_wconf 82' lang='grc' dir='ltr'>τὴν</span> <span class='ocrx_word' id='word_1_224' title='bbox 719 2902 1020 2969; x_wconf 85' lang='grc' dir='ltr'>Νεάπολιν,</span> <span class='ocrx_word' id='word_1_225' title='bbox 1065 2903 1366 2967; x_wconf 84' lang='grc' dir='ltr'>Λαντίλαος</span> <span class='ocrx_word' id='word_1_226' title='bbox 1395 2904 1440 2956; x_wconf 82' lang='grc' dir='ltr'><strong>δ’</strong></span> <span class='ocrx_word' id='word_1_227' title='bbox 1468 2899 1537 2974; x_wconf 78' lang='grc' dir='ltr'>ἦν</span> <span class='ocrx_word' id='word_1_228' title='bbox 1567 2905 1740 2975; x_wconf 75' lang='grc' dir='ltr'>ὄνομα</span> <span class='ocrx_word' id='word_1_229' title='bbox 1773 2905 1948 2975; x_wconf 84' lang='grc' dir='ltr'>αύτῷ,</span> 
     </span>
    </p>
   </div>
   <div class='ocr_carea' id='block_1_32' title="bbox 360 2990 1950 3068">
    <p class='ocr_par' dir='ltr' id='par_1_32' title="bbox 360 2990 1950 3068">
     <span class='ocr_line' id='line_1_32' title="bbox 360 2990 1950 3068; baseline 0.006 -26"><span class='ocrx_word' id='word_1_230' title='bbox 360 2990 654 3045; x_wconf 73' lang='grc' dir='ltr'>ιϐασξλευέ</span> <span class='ocrx_word' id='word_1_231' title='bbox 700 3011 756 3044; x_wconf 84' lang='grc' dir='ltr'>τε</span> <span class='ocrx_word' id='word_1_232' title='bbox 802 2995 902 3064; x_wconf 82' lang='grc' dir='ltr'>τῆς</span> <span class='ocrx_word' id='word_1_233' title='bbox 937 2995 1161 3066; x_wconf 82' lang='grc' dir='ltr'>χώρας·</span> <span class='ocrx_word' id='word_1_234' title='bbox 1195 2996 1292 3048; x_wconf 68' lang='grc' dir='ltr'>καὶ</span> <span class='ocrx_word' id='word_1_235' title='bbox 1343 2996 1433 3048; x_wconf 71' lang='grc' dir='ltr'><strong>ἐπὶ</strong></span> <span class='ocrx_word' id='word_1_236' title='bbox 1475 2995 1619 3067; x_wconf 80' lang='grc' dir='ltr'>μέγα</span> <span class='ocrx_word' id='word_1_237' title='bbox 1664 2997 1950 3068; x_wconf 82' lang='grc' dir='ltr'>δυνάμεως</span> 
     </span>
    </p>
   </div>
   <div class='ocr_carea' id='block_1_33' title="bbox 360 3083 1950 3161">
    <p class='ocr_par' dir='ltr' id='par_1_33' title="bbox 360 3083 1950 3161">
     <span class='ocr_line' id='line_1_33' title="bbox 360 3083 1950 3161; baseline 0.005 -27"><span class='ocrx_word' id='word_1_238' title='bbox 360 3083 471 3136; x_wconf 84' lang='grc' dir='ltr'><strong>τῶν</strong></span> <span class='ocrx_word' id='word_1_239' title='bbox 494 3086 644 3139; x_wconf 86' lang='grc' dir='ltr'>κατὰ</span> <span class='ocrx_word' id='word_1_240' title='bbox 677 3086 776 3156; x_wconf 80' lang='grc' dir='ltr'>τὴν</span> <span class='ocrx_word' id='word_1_241' title='bbox 820 3088 1072 3149; x_wconf 72' lang='grc' dir='ltr'>Ἰταλίαν,</span> <span class='ocrx_word' id='word_1_242' title='bbox 1109 3088 1202 3139; x_wconf 82' lang='grc' dir='ltr'>ὲπί</span> <span class='ocrx_word' id='word_1_243' title='bbox 1231 3103 1291 3138; x_wconf 84' lang='grc' dir='ltr'><strong>τε</strong></span> <span class='ocrx_word' id='word_1_244' title='bbox 1321 3087 1418 3158; x_wconf 72' lang='grc' dir='ltr'>τὴν</span> <span class='ocrx_word' id='word_1_245' title='bbox 1443 3089 1745 3158; x_wconf 68' lang='grc' dir='ltr'>Τυρρηνῶν</span> <span class='ocrx_word' id='word_1_246' title='bbox 1771 3091 1950 3161; x_wconf 74' lang='grc' dir='ltr'>ἀρχὴν</span> 
     </span>
    </p>
   </div>
   <div class='ocr_carea' id='block_1_34' title="bbox 363 3179 2022 3262">
    <p class='ocr_par' dir='ltr' id='par_1_34' title="bbox 363 3179 2022 3262">
     <span class='ocr_line' id='line_1_34' title="bbox 363 3179 2022 3262; baseline 0.005 -32"><span class='ocrx_word' id='word_1_247' title='bbox 363 3179 758 3247; x_wconf 77' lang='grc' dir='ltr'>ἐστρατεύετο,</span> <span class='ocrx_word' id='word_1_248' title='bbox 796 3180 890 3233; x_wconf 81' lang='grc' dir='ltr'><strong>καί</strong></span> <span class='ocrx_word' id='word_1_249' title='bbox 932 3181 1022 3234; x_wconf 70' lang='grc' dir='ltr'><strong>ἐπὶ</strong></span> <span class='ocrx_word' id='word_1_250' title='bbox 1061 3179 1160 3250; x_wconf 80' lang='grc' dir='ltr'>τὴν</span> <span class='ocrx_word' id='word_1_251' title='bbox 1200 3181 1400 3249; x_wconf 83' lang='grc' dir='ltr'>λοιπὴν</span> <span class='ocrx_word' id='word_1_252' title='bbox 1440 3182 1697 3246; x_wconf 84' lang='grc' dir='ltr'>Ἰταλίαν,</span> <span class='ocrx_word' id='word_1_253' title='bbox 1735 3185 1949 3252; x_wconf 83' lang='grc' dir='ltr'>μεγάλα</span> <span class='ocrx_word' id='word_1_254' title='bbox 1979 3207 2022 3262; x_wconf 73' lang='lat' dir='ltr'>c</span> 
     </span>
    </p>
   </div>
   <div class='ocr_carea' id='block_1_35' title="bbox 361 3270 1951 3345">
    <p class='ocr_par' dir='ltr' id='par_1_35' title="bbox 361 3270 1951 3345">
     <span class='ocr_line' id='line_1_35' title="bbox 361 3270 1951 3345; baseline 0.001 -20"><span class='ocrx_word' id='word_1_255' title='bbox 361 3271 835 3340; x_wconf 69' lang='grc' dir='ltr'>ἀποδεικνύμενος</span> <span class='ocrx_word' id='word_1_256' title='bbox 866 3270 1024 3342; x_wconf 75' lang='grc' dir='ltr'>ἔργα.</span> <span class='ocrx_word' id='word_1_257' title='bbox 1054 3274 1160 3326; x_wconf 74' lang='grc' dir='ltr'>Καὶ</span> <span class='ocrx_word' id='word_1_258' title='bbox 1187 3272 1252 3342; x_wconf 73' lang='grc' dir='ltr'><strong>δὴ</strong></span> <span class='ocrx_word' id='word_1_259' title='bbox 1271 3273 1367 3326; x_wconf 78' lang='grc' dir='ltr'><strong>καὶ</strong></span> <span class='ocrx_word' id='word_1_260' title='bbox 1406 3274 1500 3325; x_wconf 76' lang='grc' dir='ltr'><strong>ἐπὶ</strong></span> <span class='ocrx_word' id='word_1_261' title='bbox 1531 3274 1633 3342; x_wconf 80' lang='grc' dir='ltr'>τὴν</span> <span class='ocrx_word' id='word_1_262' title='bbox 1673 3274 1785 3326; x_wconf 88' lang='grc' dir='ltr'><strong>τῶν</strong></span> <span class='ocrx_word' id='word_1_263' title='bbox 1809 3275 1951 3345; x_wconf 76' lang='grc' dir='ltr'>Τυρ-</span> 
     </span>
    </p>
   </div>
   <div class='ocr_carea' id='block_1_36' title="bbox 365 3363 1950 3438">
    <p class='ocr_par' dir='ltr' id='par_1_36' title="bbox 365 3363 1950 3438">
     <span class='ocr_line' id='line_1_36' title="bbox 365 3363 1950 3438; baseline -0.009 -19"><span class='ocrx_word' id='word_1_264' title='bbox 365 3365 549 3435; x_wconf 67' lang='grc' dir='ltr'>ρηνῶν</span> <span class='ocrx_word' id='word_1_265' title='bbox 586 3364 922 3434; x_wconf 85' lang='grc' dir='ltr'>μητρόπολιν</span> <span class='ocrx_word' id='word_1_266' title='bbox 944 3363 1289 3434; x_wconf 69' lang='grc' dir='ltr'>Φλωρεντίαν</span> <span class='ocrx_word' id='word_1_267' title='bbox 1325 3367 1558 3438; x_wconf 66' lang='grc' dir='ltr'>στρατὶν</span> <span class='ocrx_word' id='word_1_268' title='bbox 1586 3367 1950 3435; x_wconf 57' lang='grc' dir='ltr'>ἑπαγόμενος,</span> 
     </span>
    </p>
   </div>
   <div class='ocr_carea' id='block_1_37' title="bbox 362 3459 1952 3532">
    <p class='ocr_par' dir='ltr' id='par_1_37' title="bbox 362 3459 1952 3532">
     <span class='ocr_line' id='line_1_37' title="bbox 362 3459 1952 3532; baseline 0.003 -20"><span class='ocrx_word' id='word_1_269' title='bbox 362 3460 457 3515; x_wconf 80' lang='grc' dir='ltr'>καὶ</span> <span class='ocrx_word' id='word_1_270' title='bbox 499 3459 1045 3528; x_wconf 73' lang='grc' dir='ltr'>προσκαθεζόμενος,</span> <span class='ocrx_word' id='word_1_271' title='bbox 1097 3460 1428 3531; x_wconf 78' lang='grc' dir='ltr'>ἐπολιόρκει.</span> <span class='ocrx_word' id='word_1_272' title='bbox 1483 3462 1571 3525; x_wconf 80' lang='grc' dir='ltr'>Ὡς</span> <span class='ocrx_word' id='word_1_273' title='bbox 1618 3460 1675 3514; x_wconf 81' lang='grc' dir='ltr'><strong>δὲ</strong></span> <span class='ocrx_word' id='word_1_274' title='bbox 1726 3478 1952 3532; x_wconf 87' lang='grc' dir='ltr'>χρονιω-</span> 
     </span>
    </p>
   </div>
   <div class='ocr_carea' id='block_1_38' title="bbox 362 3551 1954 3625">
    <p class='ocr_par' dir='ltr' id='par_1_38' title="bbox 362 3551 1954 3625">
     <span class='ocr_line' id='line_1_38' title="bbox 362 3551 1954 3625; baseline 0.001 -20"><span class='ocrx_word' id='word_1_275' title='bbox 362 3553 502 3624; x_wconf 77' lang='grc' dir='ltr'>τέρα</span> <span class='ocrx_word' id='word_1_276' title='bbox 528 3555 755 3620; x_wconf 65' lang='grc' dir='ltr'>ἐγένετο</span> <span class='ocrx_word' id='word_1_277' title='bbox 785 3554 818 3622; x_wconf 73' lang='grc' dir='ltr'>ἡ</span> <span class='ocrx_word' id='word_1_278' title='bbox 855 3551 1169 3621; x_wconf 81' lang='grc' dir='ltr'>πολιορκία,</span> <span class='ocrx_word' id='word_1_279' title='bbox 1215 3551 1467 3621; x_wconf 81' lang='grc' dir='ltr'>λέγεται,</span> <span class='ocrx_word' id='word_1_280' title='bbox 1496 3552 1574 3616; x_wconf 83' lang='grc' dir='ltr'><strong>ὡς</strong></span> <span class='ocrx_word' id='word_1_281' title='bbox 1594 3555 1654 3617; x_wconf 80' lang='grc' dir='ltr'>ἐς</span> <span class='ocrx_word' id='word_1_282' title='bbox 1685 3553 1746 3605; x_wconf 84' lang='grc' dir='ltr'><strong>τὺ</strong></span> <span class='ocrx_word' id='word_1_283' title='bbox 1788 3555 1954 3625; x_wconf 77' lang='grc' dir='ltr'>ἔσχα-</span> 
     </span>
    </p>
   </div>
   <div class='ocr_carea' id='block_1_39' title="bbox 362 3645 1952 3716">
    <p class='ocr_par' dir='ltr' id='par_1_39' title="bbox 362 3645 1952 3716">
     <span class='ocr_line' id='line_1_39' title="bbox 362 3645 1952 3716; baseline 0.001 -16"><span class='ocrx_word' id='word_1_284' title='bbox 362 3663 458 3700; x_wconf 80' lang='grc' dir='ltr'><strong>τον</strong></span> <span class='ocrx_word' id='word_1_285' title='bbox 489 3648 670 3700; x_wconf 72' lang='grc' dir='ltr'>κακοῦ</span> <span class='ocrx_word' id='word_1_286' title='bbox 701 3645 1030 3715; x_wconf 72' lang='grc' dir='ltr'>ἀφικόμενοι</span> <span class='ocrx_word' id='word_1_287' title='bbox 1058 3647 1107 3698; x_wconf 79' lang='lat' dir='ltr'><strong>oi</strong></span> <span class='ocrx_word' id='word_1_288' title='bbox 1135 3645 1238 3715; x_wconf 80' lang='grc' dir='ltr'>τῆς</span> <span class='ocrx_word' id='word_1_289' title='bbox 1271 3645 1508 3713; x_wconf 85' lang='grc' dir='ltr'>πόλεως,</span> <span class='ocrx_word' id='word_1_290' title='bbox 1541 3646 1734 3713; x_wconf 85' lang='grc' dir='ltr'>λόγους</span> <span class='ocrx_word' id='word_1_291' title='bbox 1779 3662 1952 3716; x_wconf 81' lang='grc' dir='ltr'>προσ·</span> 
     </span>
    </p>
   </div>
   <div class='ocr_carea' id='block_1_40' title="bbox 365 3737 1949 3810">
    <p class='ocr_par' dir='ltr' id='par_1_40' title="bbox 365 3737 1949 3810">
     <span class='ocr_line' id='line_1_40' title="bbox 365 3737 1949 3810; baseline -0.013 -1"><span class='ocrx_word' id='word_1_292' title='bbox 365 3739 570 3810; x_wconf 66' lang='grc' dir='ltr'>ἔφερον</span> <span class='ocrx_word' id='word_1_293' title='bbox 597 3739 693 3791; x_wconf 63' lang='lat' dir='ltr'><strong>tul</strong></span> <span class='ocrx_word' id='word_1_294' title='bbox 731 3737 979 3810; x_wconf 74' lang='grc' dir='ltr'>ειρήνης,</span> <span class='ocrx_word' id='word_1_295' title='bbox 1014 3739 1325 3806; x_wconf 79' lang='grc' dir='ltr'>φάσκοντες</span> <span class='ocrx_word' id='word_1_296' title='bbox 1362 3739 1692 3793; x_wconf 77' lang='grc' dir='ltr'><strong>σπείσεσθαι</strong></span> <span class='ocrx_word' id='word_1_297' title='bbox 1732 3739 1949 3807; x_wconf 78' lang='grc' dir='ltr'>αὐτοὺς,</span> 
     </span>
    </p>
   </div>
   <div class='ocr_carea' id='block_1_41' title="bbox 367 3831 1954 3895">
    <p class='ocr_par' dir='ltr' id='par_1_41' title="bbox 367 3831 1954 3895">
     <span class='ocr_line' id='line_1_41' title="bbox 367 3831 1954 3895; baseline -0.001 -9"><span class='ocrx_word' id='word_1_298' title='bbox 367 3833 396 3886; x_wconf 83' lang='grc' dir='ltr'><strong>ὃ</strong></span> <span class='ocrx_word' id='word_1_299' title='bbox 421 3849 474 3886; x_wconf 89' lang='grc' dir='ltr'><strong>τι</strong></span> <span class='ocrx_word' id='word_1_300' title='bbox 509 3833 582 3887; x_wconf 83' lang='grc' dir='ltr'>ἂν</span> <span class='ocrx_word' id='word_1_301' title='bbox 618 3832 855 3895; x_wconf 85' lang='grc' dir='ltr'>κελεύοι,</span> <span class='ocrx_word' id='word_1_302' title='bbox 879 3831 976 3887; x_wconf 74' lang='grc' dir='ltr'>καὶ</span> <span class='ocrx_word' id='word_1_303' title='bbox 1007 3831 1104 3886; x_wconf 67' lang='grc' dir='ltr'><strong>ἐπὶ</strong></span> <span class='ocrx_word' id='word_1_304' title='bbox 1136 3831 1355 3894; x_wconf 82' lang='grc' dir='ltr'>τούτοις</span> <span class='ocrx_word' id='word_1_305' title='bbox 1380 3831 1725 3888; x_wconf 83' lang='grc' dir='ltr'>διαλύεσθαι.</span> <span class='ocrx_word' id='word_1_306' title='bbox 1755 3833 1862 3886; x_wconf 76' lang='grc' dir='ltr'><strong>Τὸν</strong></span> <span class='ocrx_word' id='word_1_307' title='bbox 1895 3832 1954 3885; x_wconf 71' lang='grc' dir='ltr'><strong>δὲ</strong></span> 
     </span>
    </p>
   </div>
   <div class='ocr_carea' id='block_1_42' title="bbox 371 3924 1953 3996">
    <p class='ocr_par' dir='ltr' id='par_1_42' title="bbox 371 3924 1953 3996">
     <span class='ocr_line' id='line_1_42' title="bbox 371 3924 1953 3996; baseline -0.001 -16"><span class='ocrx_word' id='word_1_308' title='bbox 371 3927 742 3996; x_wconf 73' lang='grc' dir='ltr'>ξυμϐαίνοντα</span> <span class='ocrx_word' id='word_1_309' title='bbox 764 3925 1040 3980; x_wconf 72' lang='grc' dir='ltr'>αἰτεῖσθαι</span> <span class='ocrx_word' id='word_1_310' title='bbox 1091 3924 1201 3977; x_wconf 84' lang='grc' dir='ltr'><strong>τῶν</strong></span> <span class='ocrx_word' id='word_1_311' title='bbox 1235 3924 1417 3978; x_wconf 83' lang='grc' dir='ltr'>ἀστῶν</span> <span class='ocrx_word' id='word_1_312' title='bbox 1474 3941 1618 3987; x_wconf 79' lang='grc' dir='ltr'>τινος</span> <span class='ocrx_word' id='word_1_313' title='bbox 1649 3925 1953 3994; x_wconf 83' lang='grc' dir='ltr'>Θυγατέρα,</span> 
     </span>
    </p>
   </div>
   <div class='ocr_carea' id='block_1_43' title="bbox 371 4017 1955 4092">
    <p class='ocr_par' dir='ltr' id='par_1_43' title="bbox 371 4017 1955 4092">
     <span class='ocr_line' id='line_1_43' title="bbox 371 4017 1955 4092; baseline -0.001 -21"><span class='ocrx_word' id='word_1_314' title='bbox 371 4021 632 4092; x_wconf 81' lang='grc' dir='ltr'>εὐπρεπῆ</span> <span class='ocrx_word' id='word_1_315' title='bbox 652 4038 711 4074; x_wconf 87' lang='grc' dir='ltr'><strong>τε</strong></span> <span class='ocrx_word' id='word_1_316' title='bbox 733 4019 901 4074; x_wconf 76' lang='grc' dir='ltr'>οὖσαν</span> <span class='ocrx_word' id='word_1_317' title='bbox 950 4019 1047 4073; x_wconf 79' lang='grc' dir='ltr'>καὶ</span> <span class='ocrx_word' id='word_1_318' title='bbox 1079 4018 1272 4072; x_wconf 83' lang='grc' dir='ltr'>πασῶν</span> <span class='ocrx_word' id='word_1_319' title='bbox 1301 4017 1366 4088; x_wconf 81' lang='grc' dir='ltr'><strong>δὴ</strong></span> <span class='ocrx_word' id='word_1_320' title='bbox 1409 4017 1519 4069; x_wconf 89' lang='grc' dir='ltr'><strong>τῶν</strong></span> <span class='ocrx_word' id='word_1_321' title='bbox 1564 4021 1623 4071; x_wconf 74' lang='grc' dir='ltr'>ἐν</span> <span class='ocrx_word' id='word_1_322' title='bbox 1674 4021 1740 4087; x_wconf 80' lang='grc' dir='ltr'>τῇ</span> <span class='ocrx_word' id='word_1_323' title='bbox 1796 4018 1955 4072; x_wconf 86' lang='grc' dir='ltr'>πόλει</span> 
     </span>
    </p>
   </div>
   <div class='ocr_carea' id='block_1_44' title="bbox 369 4108 1951 4184">
    <p class='ocr_par' dir='ltr' id='par_1_44' title="bbox 369 4108 1951 4184">
     <span class='ocr_line' id='line_1_44' title="bbox 369 4108 1951 4184; baseline -0.004 -16"><span class='ocrx_word' id='word_1_324' title='bbox 369 4113 693 4184; x_wconf 70' lang='grc' dir='ltr'>λεγομένων</span> <span class='ocrx_word' id='word_1_325' title='bbox 723 4111 866 4166; x_wconf 79' lang='grc' dir='ltr'>εἶναι</span> <span class='ocrx_word' id='word_1_326' title='bbox 895 4110 1127 4168; x_wconf 85' lang='grc' dir='ltr'>καλλίω.</span> <span class='ocrx_word' id='word_1_327' title='bbox 1179 4110 1402 4178; x_wconf 79' lang='grc' dir='ltr'>Ταύτην</span> <span class='ocrx_word' id='word_1_328' title='bbox 1427 4108 1504 4172; x_wconf 83' lang='grc' dir='ltr'><strong>ὡς</strong></span> <span class='ocrx_word' id='word_1_329' title='bbox 1544 4111 1780 4163; x_wconf 70' lang='grc' dir='ltr'>ἐπύθετο</span> <span class='ocrx_word' id='word_1_330' title='bbox 1817 4111 1951 4164; x_wconf 82' lang='grc' dir='ltr'>κάλο</span> 
     </span>
    </p>
   </div>
   <div class='ocr_carea' id='block_1_45' title="bbox 368 4199 1952 4276">
    <p class='ocr_par' dir='ltr' id='par_1_45' title="bbox 368 4199 1952 4276">
     <span class='ocr_line' id='line_1_45' title="bbox 368 4199 1952 4276; baseline -0.004 -14"><span class='ocrx_word' id='word_1_331' title='bbox 368 4209 452 4263; x_wconf 80' lang='grc' dir='ltr'>λιι</span> <span class='ocrx_word' id='word_1_332' title='bbox 479 4211 784 4276; x_wconf 70' lang='grc' dir='ltr'>διενεγκεῖν</span> <span class='ocrx_word' id='word_1_333' title='bbox 817 4207 924 4260; x_wconf 89' lang='grc' dir='ltr'><strong>τῶν</strong></span> <span class='ocrx_word' id='word_1_334' title='bbox 967 4209 1026 4259; x_wconf 82' lang='grc' dir='ltr'>ὲν</span> <span class='ocrx_word' id='word_1_335' title='bbox 1056 4208 1123 4275; x_wconf 84' lang='grc' dir='ltr'>τῇ</span> <span class='ocrx_word' id='word_1_336' title='bbox 1176 4205 1336 4258; x_wconf 83' lang='grc' dir='ltr'>πόλει</span> <span class='ocrx_word' id='word_1_337' title='bbox 1377 4205 1696 4275; x_wconf 82' lang='grc' dir='ltr'>λεγομένων</span> <span class='ocrx_word' id='word_1_338' title='bbox 1731 4204 1775 4235; x_wconf 76' lang='grc'><strong>⁸⁸</strong></span> <span class='ocrx_word' id='word_1_339' title='bbox 1807 4199 1952 4257; x_wconf 76' lang='grc' dir='ltr'>εἶναι</span> 
     </span>
    </p>
   </div>
   <div class='ocr_carea' id='block_1_46' title="bbox 372 4296 1953 4373">
    <p class='ocr_par' dir='ltr' id='par_1_46' title="bbox 372 4296 1953 4373">
     <span class='ocr_line' id='line_1_46' title="bbox 372 4296 1953 4373; baseline -0.004 -17"><span class='ocrx_word' id='word_1_340' title='bbox 372 4303 557 4373; x_wconf 83' lang='grc' dir='ltr'>(φέρει</span> <span class='ocrx_word' id='word_1_341' title='bbox 584 4303 644 4355; x_wconf 76' lang='grc' dir='ltr'><strong>δὲ.</strong></span> <span class='ocrx_word' id='word_1_342' title='bbox 665 4300 807 4371; x_wconf 77' lang='grc' dir='ltr'>αὓτη</span> <span class='ocrx_word' id='word_1_343' title='bbox 845 4303 880 4369; x_wconf 78' lang='grc' dir='ltr'><strong>ἡ</strong></span> <span class='ocrx_word' id='word_1_344' title='bbox 923 4299 1080 4360; x_wconf 82' lang='grc' dir='ltr'>πόλις</span> <span class='ocrx_word' id='word_1_345' title='bbox 1120 4298 1364 4368; x_wconf 83' lang='grc' dir='ltr'>μάλιστα</span> <span class='ocrx_word' id='word_1_346' title='bbox 1407 4298 1472 4368; x_wconf 78' lang='grc' dir='ltr'><strong>δὴ</strong></span> <span class='ocrx_word' id='word_1_347' title='bbox 1500 4299 1770 4365; x_wconf 74' lang='grc' dir='ltr'>γυναῖκας</span> <span class='ocrx_word' id='word_1_348' title='bbox 1819 4296 1953 4351; x_wconf 82' lang='grc' dir='ltr'>κάλ-</span> 
     </span>
    </p>
   </div>
   <div class='ocr_carea' id='block_1_47' title="bbox 371 4388 1951 4464">
    <p class='ocr_par' dir='ltr' id='par_1_47' title="bbox 371 4388 1951 4464">
     <span class='ocr_line' id='line_1_47' title="bbox 371 4388 1951 4464; baseline -0.003 -18"><span class='ocrx_word' id='word_1_349' title='bbox 371 4393 455 4448; x_wconf 87' lang='grc' dir='ltr'><strong>λει</strong></span> <span class='ocrx_word' id='word_1_350' title='bbox 481 4394 848 4464; x_wconf 75' lang='grc' dir='ltr'>διαφερούσας</span> <span class='ocrx_word' id='word_1_351' title='bbox 887 4390 1000 4444; x_wconf 88' lang='grc' dir='ltr'><strong>τῶν</strong></span> <span class='ocrx_word' id='word_1_352' title='bbox 1029 4390 1088 4441; x_wconf 79' lang='grc' dir='ltr'>ἰν</span> <span class='ocrx_word' id='word_1_353' title='bbox 1116 4389 1325 4458; x_wconf 73' lang='grc' dir='ltr'>Ἰταλία</span> <span class='ocrx_word' id='word_1_354' title='bbox 1358 4388 1474 4458; x_wconf 81' lang='grc' dir='ltr'>μετ’</span> <span class='ocrx_word' id='word_1_355' title='bbox 1497 4391 1669 4456; x_wconf 74' lang='grc' dir='ltr'>αὑτήν</span> <span class='ocrx_word' id='word_1_356' title='bbox 1707 4406 1772 4457; x_wconf 84' lang='grc' dir='ltr'>γε</span> <span class='ocrx_word' id='word_1_357' title='bbox 1807 4406 1951 4458; x_wconf 87' lang='grc' dir='ltr'>παρ-</span> 
     </span>
    </p>
   </div>
   <div class='ocr_carea' id='block_1_48' title="bbox 2063 569 3647 654">
    <p class='ocr_par' dir='ltr' id='par_1_48' title="bbox 2063 569 3647 654">
     <span class='ocr_line' id='line_1_48' title="bbox 2063 569 3647 654; baseline -0.013 -13"><span class='ocrx_word' id='word_1_358' title='bbox 2063 596 2172 650; x_wconf 87' lang='lat' dir='ltr'><strong>est,</strong></span> <span class='ocrx_word' id='word_1_359' title='bbox 2207 581 2452 654; x_wconf 84' lang='lat' dir='ltr'><strong>quandiu</strong></span> <span class='ocrx_word' id='word_1_360' title='bbox 2490 582 2599 633; x_wconf 77' lang='lat' dir='ltr'><strong>dux</strong></span> <span class='ocrx_word' id='word_1_361' title='bbox 2627 582 2913 646; x_wconf 85' lang='lat' dir='ltr'><strong>superstes</strong></span> <span class='ocrx_word' id='word_1_362' title='bbox 2951 574 3176 627; x_wconf 88' lang='lat' dir='ltr'><strong>mansit.</strong></span> <span class='ocrx_word' id='word_1_363' title='bbox 3229 569 3328 625; x_wconf 84' lang='lat' dir='ltr'><strong>llic</strong></span> <span class='ocrx_word' id='word_1_364' title='bbox 3371 571 3647 624; x_wconf 84' lang='lat' dir='ltr'><strong>Tarraco-</strong></span> 
     </span>
    </p>
   </div>
   <div class='ocr_carea' id='block_1_49' title="bbox 2065 664 3648 743">
    <p class='ocr_par' dir='ltr' id='par_1_49' title="bbox 2065 664 3648 743">
     <span class='ocr_line' id='line_1_49' title="bbox 2065 664 3648 743; baseline -0.011 -9"><span class='ocrx_word' id='word_1_365' title='bbox 2065 679 2319 735; x_wconf 88' lang='lat' dir='ltr'><strong>nensium</strong></span> <span class='ocrx_word' id='word_1_366' title='bbox 2346 691 2442 730; x_wconf 77' lang='lat' dir='ltr'><strong>rex</strong></span> <span class='ocrx_word' id='word_1_367' title='bbox 2463 672 2694 743; x_wconf 85' lang='lat' dir='ltr'><strong>imperio</strong></span> <span class='ocrx_word' id='word_1_368' title='bbox 2723 682 3038 740; x_wconf 85' lang='lat' dir='ltr'><strong>temperans</strong></span> <span class='ocrx_word' id='word_1_369' title='bbox 3065 664 3403 728; x_wconf 75' lang='lat' dir='ltr'><strong>Valentiam,</strong></span> <span class='ocrx_word' id='word_1_370' title='bbox 3443 665 3648 717; x_wconf 85' lang='lat' dir='ltr'><strong>Tarra-</strong></span> 
     </span>
    </p>
   </div>
   <div class='ocr_carea' id='block_1_50' title="bbox 2064 759 3646 834">
    <p class='ocr_par' dir='ltr' id='par_1_50' title="bbox 2064 759 3646 834">
     <span class='ocr_line' id='line_1_50' title="bbox 2064 759 3646 834; baseline -0.011 -5"><span class='ocrx_word' id='word_1_371' title='bbox 2064 788 2282 832; x_wconf 86' lang='lat' dir='ltr'><strong>conem,</strong></span> <span class='ocrx_word' id='word_1_372' title='bbox 2316 768 2631 824; x_wconf 86' lang='lat' dir='ltr'><strong>Sardiniam</strong></span> <span class='ocrx_word' id='word_1_373' title='bbox 2670 765 2933 829; x_wconf 90' lang='lat' dir='ltr'><strong>insulam,</strong></span> <span class='ocrx_word' id='word_1_374' title='bbox 2964 761 3207 834; x_wconf 81' lang='lat' dir='ltr'><strong>Cyrnum</strong></span> <span class='ocrx_word' id='word_1_375' title='bbox 3238 770 3292 815; x_wconf 89' lang='lat' dir='ltr'><strong>et</strong></span> <span class='ocrx_word' id='word_1_376' title='bbox 3328 759 3646 814; x_wconf 87' lang='lat' dir='ltr'><strong>Barcenona</strong></span> 
     </span>
    </p>
   </div>
   <div class='ocr_carea' id='block_1_51' title="bbox 2067 849 3647 929">
    <p class='ocr_par' dir='ltr' id='par_1_51' title="bbox 2067 849 3647 929">
     <span class='ocr_line' id='line_1_51' title="bbox 2067 849 3647 929; baseline -0.011 -10"><span class='ocrx_word' id='word_1_377' title='bbox 2067 865 2262 920; x_wconf 75' lang='lat' dir='ltr'><strong>Iberia:</strong></span> <span class='ocrx_word' id='word_1_378' title='bbox 2285 863 2477 916; x_wconf 90' lang='lat' dir='ltr'><strong>urbem</strong></span> <span class='ocrx_word' id='word_1_379' title='bbox 2498 858 2842 929; x_wconf 82' lang='lat' dir='ltr'><strong>opulentam,</strong></span> <span class='ocrx_word' id='word_1_380' title='bbox 2868 855 3103 924; x_wconf 83' lang='lat' dir='ltr'><strong>primum</strong></span> <span class='ocrx_word' id='word_1_381' title='bbox 3126 852 3179 905; x_wconf 87' lang='lat' dir='ltr'><strong>in</strong></span> <span class='ocrx_word' id='word_1_382' title='bbox 3204 849 3450 905; x_wconf 84' lang='lat' dir='ltr'><strong>Siciliam</strong></span> <span class='ocrx_word' id='word_1_383' title='bbox 3479 863 3647 918; x_wconf 82' lang='lat' dir='ltr'><strong>appu-</strong></span> 
     </span>
    </p>
   </div>
   <div class='ocr_carea' id='block_1_52' title="bbox 2067 946 3647 1025">
    <p class='ocr_par' dir='ltr' id='par_1_52' title="bbox 2067 946 3647 1025">
     <span class='ocr_line' id='line_1_52' title="bbox 2067 946 3647 1025; baseline -0.009 -15"><span class='ocrx_word' id='word_1_384' title='bbox 2067 957 2150 1020; x_wconf 89' lang='lat' dir='ltr'><strong>lit,</strong></span> <span class='ocrx_word' id='word_1_385' title='bbox 2180 968 2370 1025; x_wconf 85' lang='lat' dir='ltr'><strong>postea</strong></span> <span class='ocrx_word' id='word_1_386' title='bbox 2399 955 2548 1008; x_wconf 87' lang='lat' dir='ltr'><strong>venit</strong></span> <span class='ocrx_word' id='word_1_387' title='bbox 2579 953 2634 1006; x_wconf 90' lang='lat' dir='ltr'><strong>in</strong></span> <span class='ocrx_word' id='word_1_388' title='bbox 2661 950 2876 1006; x_wconf 82' lang='lat' dir='ltr'><strong>Italiam</strong></span> <span class='ocrx_word' id='word_1_389' title='bbox 2907 954 2961 1003; x_wconf 90' lang='lat' dir='ltr'><strong>et</strong></span> <span class='ocrx_word' id='word_1_390' title='bbox 2988 946 3400 1015; x_wconf 79' lang='lat' dir='ltr'><strong>Parthenopen,</strong></span> <span class='ocrx_word' id='word_1_391' title='bbox 3446 958 3568 1012; x_wconf 71' lang='lat' dir='ltr'><strong>qua:</strong></span> <span class='ocrx_word' id='word_1_392' title='bbox 3591 958 3647 995; x_wconf 82' lang='lat' dir='ltr'><strong>et</strong></span> 
     </span>
    </p>
   </div>
   <div class='ocr_carea' id='block_1_53' title="bbox 2066 1039 3645 1118">
    <p class='ocr_par' dir='ltr' id='par_1_53' title="bbox 2066 1039 3645 1118">
     <span class='ocr_line' id='line_1_53' title="bbox 2066 1039 3645 1118; baseline -0.008 -16"><span class='ocrx_word' id='word_1_393' title='bbox 2066 1048 2345 1118; x_wconf 82' lang='lat' dir='ltr'><strong>Neapolis,</strong></span> <span class='ocrx_word' id='word_1_394' title='bbox 2384 1057 2724 1116; x_wconf 87' lang='lat' dir='ltr'><strong>regnumque</strong></span> <span class='ocrx_word' id='word_1_395' title='bbox 2775 1043 2833 1098; x_wconf 92' lang='lat' dir='ltr'><strong>in</strong></span> <span class='ocrx_word' id='word_1_396' title='bbox 2863 1041 3008 1096; x_wconf 90' lang='lat' dir='ltr'><strong>hunc</strong></span> <span class='ocrx_word' id='word_1_397' title='bbox 3056 1039 3274 1092; x_wconf 82' lang='lat' dir='ltr'><strong>modum</strong></span> <span class='ocrx_word' id='word_1_398' title='bbox 3327 1039 3645 1108; x_wconf 81' lang='lat' dir='ltr'><strong>occupavit.</strong></span> 
     </span>
    </p>
   </div>
   <div class='ocr_carea' id='block_1_54' title="bbox 2065 1131 3647 1211">
    <p class='ocr_par' dir='ltr' id='par_1_54' title="bbox 2065 1131 3647 1211">
     <span class='ocr_line' id='line_1_54' title="bbox 2065 1131 3647 1211; baseline -0.008 -16"><span class='ocrx_word' id='word_1_399' title='bbox 2065 1140 2320 1211; x_wconf 73' lang='lat' dir='ltr'><strong>Neapolis</strong></span> <span class='ocrx_word' id='word_1_400' title='bbox 2357 1136 2634 1208; x_wconf 85' lang='lat' dir='ltr'><strong>quondam</strong></span> <span class='ocrx_word' id='word_1_401' title='bbox 2667 1135 2840 1189; x_wconf 71' lang='lat' dir='ltr'><strong>Italia:</strong></span> <span class='ocrx_word' id='word_1_402' title='bbox 2869 1133 3139 1203; x_wconf 65' lang='lat' dir='ltr'><strong>subjecta,</strong></span> <span class='ocrx_word' id='word_1_403' title='bbox 3177 1132 3444 1186; x_wconf 82' lang='lat' dir='ltr'><strong>transiata</strong></span> <span class='ocrx_word' id='word_1_404' title='bbox 3473 1131 3647 1185; x_wconf 85' lang='lat' dir='ltr'><strong>estad</strong></span> 
     </span>
    </p>
   </div>
   <div class='ocr_carea' id='block_1_55' title="bbox 2066 1227 3647 1303">
    <p class='ocr_par' dir='ltr' id='par_1_55' title="bbox 2066 1227 3647 1303">
     <span class='ocr_line' id='line_1_55' title="bbox 2066 1227 3647 1303; baseline -0.007 -14"><span class='ocrx_word' id='word_1_405' title='bbox 2066 1234 2344 1289; x_wconf 85' lang='lat' dir='ltr'><strong>Gallorum</strong></span> <span class='ocrx_word' id='word_1_406' title='bbox 2375 1247 2580 1303; x_wconf 80' lang='lat' dir='ltr'><strong>regem,</strong></span> <span class='ocrx_word' id='word_1_407' title='bbox 2609 1231 2701 1301; x_wconf 88' lang='lat' dir='ltr'><strong>qui</strong></span> <span class='ocrx_word' id='word_1_408' title='bbox 2734 1230 2801 1284; x_wconf 89' lang='lat' dir='ltr'><strong>de</strong></span> <span class='ocrx_word' id='word_1_409' title='bbox 2839 1243 2942 1284; x_wconf 89' lang='lat' dir='ltr'><strong>sua</strong></span> <span class='ocrx_word' id='word_1_410' title='bbox 2979 1227 3184 1281; x_wconf 80' lang='lat' dir='ltr'><strong>familia</strong></span> <span class='ocrx_word' id='word_1_411' title='bbox 3220 1241 3439 1296; x_wconf 81' lang='lat' dir='ltr'><strong>semper</strong></span> <span class='ocrx_word' id='word_1_412' title='bbox 3464 1241 3647 1294; x_wconf 91' lang='lat' dir='ltr'><strong>regem</strong></span> 
     </span>
    </p>
   </div>
   <div class='ocr_carea' id='block_1_56' title="bbox 2066 1321 3650 1396">
    <p class='ocr_par' dir='ltr' id='par_1_56' title="bbox 2066 1321 3650 1396">
     <span class='ocr_line' id='line_1_56' title="bbox 2066 1321 3650 1396; baseline -0.005 -14"><span class='ocrx_word' id='word_1_413' title='bbox 2066 1338 2117 1382; x_wconf 89' lang='lat' dir='ltr'><strong>et</strong></span> <span class='ocrx_word' id='word_1_414' title='bbox 2151 1326 2450 1396; x_wconf 86' lang='lat' dir='ltr'><strong>principem</strong></span> <span class='ocrx_word' id='word_1_415' title='bbox 2482 1327 2611 1379; x_wconf 86' lang='lat' dir='ltr'><strong>huic</strong></span> <span class='ocrx_word' id='word_1_416' title='bbox 2635 1322 2987 1393; x_wconf 66' lang='lat' dir='ltr'><strong>praelii-iebat.</strong></span> <span class='ocrx_word' id='word_1_417' title='bbox 3026 1321 3273 1390; x_wconf 80' lang='lat' dir='ltr'><strong>Regnum</strong></span> <span class='ocrx_word' id='word_1_418' title='bbox 3328 1329 3511 1375; x_wconf 88' lang='lat' dir='ltr'><strong>autem</strong></span> <span class='ocrx_word' id='word_1_419' title='bbox 3546 1321 3650 1374; x_wconf 91' lang='lat' dir='ltr'><strong>hoc</strong></span> 
     </span>
    </p>
   </div>
   <div class='ocr_carea' id='block_1_57' title="bbox 2071 1414 3651 1489">
    <p class='ocr_par' dir='ltr' id='par_1_57' title="bbox 2071 1414 3651 1489">
     <span class='ocr_line' id='line_1_57' title="bbox 2071 1414 3651 1489; baseline -0.006 -16"><span class='ocrx_word' id='word_1_420' title='bbox 2071 1421 2265 1489; x_wconf 81' lang='lat' dir='ltr'><strong>incipit</strong></span> <span class='ocrx_word' id='word_1_421' title='bbox 2314 1420 2382 1473; x_wconf 89' lang='lat' dir='ltr'><strong>ab</strong></span> <span class='ocrx_word' id='word_1_422' title='bbox 2412 1417 2639 1488; x_wconf 72' lang='lat' dir='ltr'><strong>Iapygia</strong></span> <span class='ocrx_word' id='word_1_423' title='bbox 2671 1432 2886 1470; x_wconf 88' lang='lat' dir='ltr'><strong>summa</strong></span> <span class='ocrx_word' id='word_1_424' title='bbox 2939 1424 2992 1470; x_wconf 87' lang='lat' dir='ltr'><strong>et</strong></span> <span class='ocrx_word' id='word_1_425' title='bbox 3026 1414 3264 1482; x_wconf 79' lang='lat' dir='ltr'><strong>Mesapia</strong></span> <span class='ocrx_word' id='word_1_426' title='bbox 3297 1433 3308 1468; x_wconf 89' lang='lat'><strong>:</strong></span> <span class='ocrx_word' id='word_1_427' title='bbox 3352 1423 3407 1467; x_wconf 85' lang='lat' dir='ltr'><strong>et</strong></span> <span class='ocrx_word' id='word_1_428' title='bbox 3440 1414 3495 1467; x_wconf 92' lang='lat' dir='ltr'><strong>in</strong></span> <span class='ocrx_word' id='word_1_429' title='bbox 3530 1415 3651 1468; x_wconf 81' lang='lat' dir='ltr'><strong>lon-</strong></span> 
     </span>
    </p>
   </div>
   <div class='ocr_carea' id='block_1_58' title="bbox 2069 1506 3646 1582">
    <p class='ocr_par' dir='ltr' id='par_1_58' title="bbox 2069 1506 3646 1582">
     <span class='ocr_line' id='line_1_58' title="bbox 2069 1506 3646 1582; baseline -0.005 -16"><span class='ocrx_word' id='word_1_430' title='bbox 2069 1514 2193 1582; x_wconf 65' lang='lat' dir='ltr'><strong>g‘um</strong></span> <span class='ocrx_word' id='word_1_431' title='bbox 2243 1510 2602 1581; x_wconf 75' lang='lat' dir='ltr'><strong>progrediens</strong></span> <span class='ocrx_word' id='word_1_432' title='bbox 2654 1523 2849 1562; x_wconf 85' lang='lat' dir='ltr'><strong>versus</strong></span> <span class='ocrx_word' id='word_1_433' title='bbox 2914 1506 3156 1561; x_wconf 83' lang='lat' dir='ltr'><strong>iunicum</strong></span> <span class='ocrx_word' id='word_1_434' title='bbox 3199 1506 3409 1570; x_wconf 84' lang='lat' dir='ltr'><strong>sinum,</strong></span> <span class='ocrx_word' id='word_1_435' title='bbox 3453 1506 3646 1560; x_wconf 67' lang='lat' dir='ltr'><strong>dextra</strong></span> 
     </span>
    </p>
   </div>
   <div class='ocr_carea' id='block_1_59' title="bbox 2070 1599 3649 1673">
    <p class='ocr_par' dir='ltr' id='par_1_59' title="bbox 2070 1599 3649 1673">
     <span class='ocr_line' id='line_1_59' title="bbox 2070 1599 3649 1673; baseline -0.003 -15"><span class='ocrx_word' id='word_1_436' title='bbox 2070 1605 2242 1658; x_wconf 82' lang='lat' dir='ltr'><strong>ambit</strong></span> <span class='ocrx_word' id='word_1_437' title='bbox 2297 1604 2582 1673; x_wconf 88' lang='lat' dir='ltr'><strong>regionem</strong></span> <span class='ocrx_word' id='word_1_438' title='bbox 2618 1599 2788 1655; x_wconf 82' lang='lat' dir='ltr'><strong>Vares</strong></span> <span class='ocrx_word' id='word_1_439' title='bbox 2822 1602 2937 1654; x_wconf 85' lang='lat' dir='ltr'><strong>sive</strong></span> <span class='ocrx_word' id='word_1_440' title='bbox 2984 1600 3182 1654; x_wconf 81' lang='lat' dir='ltr'><strong>Barum</strong></span> <span class='ocrx_word' id='word_1_441' title='bbox 3212 1600 3437 1655; x_wconf 83' lang='lat' dir='ltr'><strong>dictam.</strong></span> <span class='ocrx_word' id='word_1_442' title='bbox 3475 1599 3649 1672; x_wconf 78' lang='lat' dir='ltr'><strong>Regio</strong></span> 
     </span>
    </p>
   </div>
   <div class='ocr_carea' id='block_1_60' title="bbox 2071 1693 3645 1765">
    <p class='ocr_par' dir='ltr' id='par_1_60' title="bbox 2071 1693 3645 1765">
     <span class='ocr_line' id='line_1_60' title="bbox 2071 1693 3645 1765; baseline -0.003 -15"><span class='ocrx_word' id='word_1_443' title='bbox 2071 1698 2172 1750; x_wconf 88' lang='lat' dir='ltr'><strong>ista</strong></span> <span class='ocrx_word' id='word_1_444' title='bbox 2203 1701 2366 1764; x_wconf 89' lang='lat' dir='ltr'><strong>plane</strong></span> <span class='ocrx_word' id='word_1_445' title='bbox 2405 1694 2775 1765; x_wconf 84' lang='lat' dir='ltr'><strong>regalissima,</strong></span> <span class='ocrx_word' id='word_1_446' title='bbox 2809 1703 2861 1747; x_wconf 90' lang='lat' dir='ltr'><strong>et</strong></span> <span class='ocrx_word' id='word_1_447' title='bbox 2898 1693 3050 1761; x_wconf 87' lang='lat' dir='ltr'><strong>regio</strong></span> <span class='ocrx_word' id='word_1_448' title='bbox 3096 1693 3317 1748; x_wconf 88' lang='lat' dir='ltr'><strong>nomine</strong></span> <span class='ocrx_word' id='word_1_449' title='bbox 3340 1694 3504 1762; x_wconf 80' lang='lat' dir='ltr'><strong>digna</strong></span> <span class='ocrx_word' id='word_1_450' title='bbox 3538 1700 3645 1750; x_wconf 85' lang='lat' dir='ltr'><strong>est.</strong></span> 
     </span>
    </p>
   </div>
   <div class='ocr_carea' id='block_1_61' title="bbox 2068 1784 3651 1859">
    <p class='ocr_par' dir='ltr' id='par_1_61' title="bbox 2068 1784 3651 1859">
     <span class='ocr_line' id='line_1_61' title="bbox 2068 1784 3651 1859; baseline -0.002 -14"><span class='ocrx_word' id='word_1_451' title='bbox 2068 1790 2198 1845; x_wconf 84' lang='lat' dir='ltr'><strong>Post</strong></span> <span class='ocrx_word' id='word_1_452' title='bbox 2241 1787 2524 1858; x_wconf 84' lang='lat' dir='ltr'><strong>Gepanum</strong></span> <span class='ocrx_word' id='word_1_453' title='bbox 2561 1787 2696 1859; x_wconf 83' lang='lat' dir='ltr'><strong>(sire</strong></span> <span class='ocrx_word' id='word_1_454' title='bbox 2725 1786 2965 1853; x_wconf 81' lang='lat' dir='ltr'><strong>Brutios,</strong></span> <span class='ocrx_word' id='word_1_455' title='bbox 2998 1784 3226 1840; x_wconf 82' lang='lat' dir='ltr'><strong>Terram</strong></span> <span class='ocrx_word' id='word_1_456' title='bbox 3280 1785 3532 1858; x_wconf 80' lang='lat' dir='ltr'><strong>Laboris)</strong></span> <span class='ocrx_word' id='word_1_457' title='bbox 3565 1790 3651 1842; x_wconf 85' lang='lat' dir='ltr'><strong>sic</strong></span> 
     </span>
    </p>
   </div>
   <div class='ocr_carea' id='block_1_62' title="bbox 2069 1881 3650 1953">
    <p class='ocr_par' dir='ltr' id='par_1_62' title="bbox 2069 1881 3650 1953">
     <span class='ocr_line' id='line_1_62' title="bbox 2069 1881 3650 1953; baseline 0 -15"><span class='ocrx_word' id='word_1_458' title='bbox 2069 1885 2390 1938; x_wconf 67' lang='lat' dir='ltr'><strong>rn‘iminatim</strong></span> <span class='ocrx_word' id='word_1_459' title='bbox 2452 1883 2700 1938; x_wconf 81' lang='lat' dir='ltr'><strong>extendit</strong></span> <span class='ocrx_word' id='word_1_460' title='bbox 2756 1897 2815 1937; x_wconf 87' lang='lat' dir='ltr'><strong>se</strong></span> <span class='ocrx_word' id='word_1_461' title='bbox 2870 1896 3050 1952; x_wconf 82' lang='lat' dir='ltr'><strong>usque</strong></span> <span class='ocrx_word' id='word_1_462' title='bbox 3117 1881 3276 1953; x_wconf 64' lang='grc'><strong>142</strong></span> <span class='ocrx_word' id='word_1_463' title='bbox 3335 1881 3541 1937; x_wconf 77' lang='lat' dir='ltr'><strong>Gaeten</strong></span> <span class='ocrx_word' id='word_1_464' title='bbox 3593 1894 3650 1938; x_wconf 87' lang='lat' dir='ltr'><strong>et</strong></span> 
     </span>
    </p>
   </div>
   <div class='ocr_carea' id='block_1_63' title="bbox 2069 1975 3645 2047">
    <p class='ocr_par' dir='ltr' id='par_1_63' title="bbox 2069 1975 3645 2047">
     <span class='ocr_line' id='line_1_63' title="bbox 2069 1975 3645 2047; baseline 0.002 -17"><span class='ocrx_word' id='word_1_465' title='bbox 2069 1978 2223 2030; x_wconf 86' lang='lat' dir='ltr'><strong>Diam</strong></span> <span class='ocrx_word' id='word_1_466' title='bbox 2257 1977 2394 2047; x_wconf 69' lang='lat'><strong>(48),</strong></span> <span class='ocrx_word' id='word_1_467' title='bbox 2425 1982 2620 2031; x_wconf 82' lang='lat' dir='ltr'><strong>urbem</strong></span> <span class='ocrx_word' id='word_1_468' title='bbox 2660 1975 3037 2030; x_wconf 76' lang='lat' dir='ltr'><strong>Romanorum</strong></span> <span class='ocrx_word' id='word_1_469' title='bbox 3088 1977 3301 2045; x_wconf 88' lang='lat' dir='ltr'><strong>regioni</strong></span> <span class='ocrx_word' id='word_1_470' title='bbox 3336 1975 3645 2033; x_wconf 81' lang='lat' dir='ltr'><strong>ﬁnitimam.</strong></span> 
     </span>
    </p>
   </div>
   <div class='ocr_carea' id='block_1_64' title="bbox 2066 2070 3648 2140">
    <p class='ocr_par' dir='ltr' id='par_1_64' title="bbox 2066 2070 3648 2140">
     <span class='ocr_line' id='line_1_64' title="bbox 2066 2070 3648 2140; baseline -0.001 -13"><span class='ocrx_word' id='word_1_471' title='bbox 2066 2072 2134 2127; x_wconf 83' lang='lat' dir='ltr'><strong>Et</strong></span> <span class='ocrx_word' id='word_1_472' title='bbox 2167 2073 2253 2126; x_wconf 89' lang='lat' dir='ltr'><strong>hic</strong></span> <span class='ocrx_word' id='word_1_473' title='bbox 2306 2071 2530 2140; x_wconf 84' lang='lat' dir='ltr'><strong>quidem</strong></span> <span class='ocrx_word' id='word_1_474' title='bbox 2575 2070 2847 2124; x_wconf 85' lang='lat' dir='ltr'><strong>terminus</strong></span> <span class='ocrx_word' id='word_1_475' title='bbox 2896 2078 2980 2124; x_wconf 89' lang='lat' dir='ltr'><strong>est</strong></span> <span class='ocrx_word' id='word_1_476' title='bbox 3017 2070 3403 2126; x_wconf 81' lang='lat' dir='ltr'><strong>occidentalis.</strong></span> <span class='ocrx_word' id='word_1_477' title='bbox 3442 2071 3648 2126; x_wconf 83' lang='lat' dir='ltr'><strong>Versus</strong></span> 
     </span>
    </p>
   </div>
   <div class='ocr_carea' id='block_1_65' title="bbox 2065 2161 3647 2235">
    <p class='ocr_par' dir='ltr' id='par_1_65' title="bbox 2065 2161 3647 2235">
     <span class='ocr_line' id='line_1_65' title="bbox 2065 2161 3647 2235; baseline 0.001 -17"><span class='ocrx_word' id='word_1_478' title='bbox 2065 2164 2331 2218; x_wconf 88' lang='lat' dir='ltr'><strong>orientem</strong></span> <span class='ocrx_word' id='word_1_479' title='bbox 2362 2164 2585 2235; x_wconf 86' lang='lat' dir='ltr'><strong>attingit</strong></span> <span class='ocrx_word' id='word_1_480' title='bbox 2615 2161 2856 2217; x_wconf 90' lang='lat' dir='ltr'><strong>Gonium</strong></span> <span class='ocrx_word' id='word_1_481' title='bbox 2890 2163 3029 2231; x_wconf 67' lang='lat'><strong>(49).</strong></span> <span class='ocrx_word' id='word_1_482' title='bbox 3062 2163 3180 2229; x_wconf 82' lang='lat' dir='ltr'><strong>Qua</strong></span> <span class='ocrx_word' id='word_1_483' title='bbox 3219 2173 3403 2219; x_wconf 83' lang='lat' dir='ltr'><strong>autem</strong></span> <span class='ocrx_word' id='word_1_484' title='bbox 3431 2175 3647 2234; x_wconf 81' lang='lat' dir='ltr'><strong>spectat</strong></span> 
     </span>
    </p>
   </div>
   <div class='ocr_carea' id='block_1_66' title="bbox 2067 2257 3648 2327">
    <p class='ocr_par' dir='ltr' id='par_1_66' title="bbox 2067 2257 3648 2327">
     <span class='ocr_line' id='line_1_66' title="bbox 2067 2257 3648 2327; baseline 0.003 -16"><span class='ocrx_word' id='word_1_485' title='bbox 2067 2257 2337 2322; x_wconf 85' lang='lat' dir='ltr'><strong>Siciliam,</strong></span> <span class='ocrx_word' id='word_1_486' title='bbox 2362 2258 2640 2327; x_wconf 80' lang='lat' dir='ltr'><strong>regionem</strong></span> <span class='ocrx_word' id='word_1_487' title='bbox 2658 2257 2826 2312; x_wconf 85' lang='lat' dir='ltr'><strong>habet</strong></span> <span class='ocrx_word' id='word_1_488' title='bbox 2852 2258 3161 2326; x_wconf 87' lang='lat' dir='ltr'><strong>antiquitus</strong></span> <span class='ocrx_word' id='word_1_489' title='bbox 3182 2259 3468 2322; x_wconf 70' lang='lat' dir='ltr'><strong>Graeciam,</strong></span> <span class='ocrx_word' id='word_1_490' title='bbox 3500 2276 3648 2316; x_wconf 87' lang='lat' dir='ltr'><strong>nunc</strong></span> 
     </span>
    </p>
   </div>
   <div class='ocr_carea' id='block_1_67' title="bbox 2063 2350 3644 2422">
    <p class='ocr_par' dir='ltr' id='par_1_67' title="bbox 2063 2350 3644 2422">
     <span class='ocr_line' id='line_1_67' title="bbox 2063 2350 3644 2422; baseline 0.002 -18"><span class='ocrx_word' id='word_1_491' title='bbox 2063 2366 2194 2405; x_wconf 74' lang='lat' dir='ltr'><strong>vero</strong></span> <span class='ocrx_word' id='word_1_492' title='bbox 2229 2351 2538 2406; x_wconf 83' lang='lat' dir='ltr'><strong>Calabriam</strong></span> <span class='ocrx_word' id='word_1_493' title='bbox 2571 2359 2968 2421; x_wconf 86' lang='lat' dir='ltr'><strong>nuncupatam.</strong></span> <span class='ocrx_word' id='word_1_494' title='bbox 3001 2350 3107 2407; x_wconf 87' lang='lat' dir='ltr'><strong>Ubi</strong></span> <span class='ocrx_word' id='word_1_495' title='bbox 3132 2352 3368 2422; x_wconf 86' lang='lat' dir='ltr'><strong>primum</strong></span> <span class='ocrx_word' id='word_1_496' title='bbox 3398 2355 3451 2408; x_wconf 91' lang='lat' dir='ltr'><strong>in</strong></span> <span class='ocrx_word' id='word_1_497' title='bbox 3484 2355 3644 2409; x_wconf 80' lang='lat' dir='ltr'><strong>ditio-</strong></span> 
     </span>
    </p>
   </div>
   <div class='ocr_carea' id='block_1_68' title="bbox 2065 2442 3648 2519">
    <p class='ocr_par' dir='ltr' id='par_1_68' title="bbox 2065 2442 3648 2519">
     <span class='ocr_line' id='line_1_68' title="bbox 2065 2442 3648 2519; baseline 0.005 -23"><span class='ocrx_word' id='word_1_498' title='bbox 2065 2459 2186 2497; x_wconf 87' lang='lat' dir='ltr'><strong>nem</strong></span> <span class='ocrx_word' id='word_1_499' title='bbox 2207 2444 2351 2513; x_wconf 85' lang='lat' dir='ltr'><strong>regis</strong></span> <span class='ocrx_word' id='word_1_500' title='bbox 2378 2442 2662 2498; x_wconf 84' lang='lat' dir='ltr'><strong>Gallorum</strong></span> <span class='ocrx_word' id='word_1_501' title='bbox 2683 2442 2831 2499; x_wconf 89' lang='lat' dir='ltr'><strong>istud</strong></span> <span class='ocrx_word' id='word_1_502' title='bbox 2854 2459 3088 2515; x_wconf 87' lang='lat' dir='ltr'><strong>regnum</strong></span> <span class='ocrx_word' id='word_1_503' title='bbox 3113 2448 3411 2512; x_wconf 87' lang='lat' dir='ltr'><strong>concessit,</strong></span> <span class='ocrx_word' id='word_1_504' title='bbox 3429 2451 3648 2519; x_wconf 84' lang='lat' dir='ltr'><strong>accepit</strong></span> 
     </span>
    </p>
   </div>
   <div class='ocr_carea' id='block_1_69' title="bbox 2065 2534 3640 2610">
    <p class='ocr_par' dir='ltr' id='par_1_69' title="bbox 2065 2534 3640 2610">
     <span class='ocr_line' id='line_1_69' title="bbox 2065 2534 3640 2610; baseline 0.005 -25"><span class='ocrx_word' id='word_1_505' title='bbox 2065 2547 2244 2599; x_wconf 80' lang='lat' dir='ltr'><strong>regem</strong></span> <span class='ocrx_word' id='word_1_506' title='bbox 2265 2536 2634 2604; x_wconf 88' lang='lat' dir='ltr'><strong>propinquum</strong></span> <span class='ocrx_word' id='word_1_507' title='bbox 2655 2549 2857 2606; x_wconf 84' lang='lat' dir='ltr'><strong>genere</strong></span> <span class='ocrx_word' id='word_1_508' title='bbox 2869 2537 2987 2608; x_wconf 85' lang='lat' dir='ltr'><strong>regi</strong></span> <span class='ocrx_word' id='word_1_509' title='bbox 3004 2534 3311 2593; x_wconf 82' lang='lat' dir='ltr'><strong>Gallorum.</strong></span> <span class='ocrx_word' id='word_1_510' title='bbox 3333 2541 3436 2606; x_wconf 83' lang='lat' dir='ltr'><strong>Qui</strong></span> <span class='ocrx_word' id='word_1_511' title='bbox 3453 2549 3640 2610; x_wconf 81' lang='lat' dir='ltr'><strong>utper.</strong></span> 
     </span>
    </p>
   </div>
   <div class='ocr_carea' id='block_1_70' title="bbox 2061 2624 3644 2706">
    <p class='ocr_par' dir='ltr' id='par_1_70' title="bbox 2061 2624 3644 2706">
     <span class='ocr_line' id='line_1_70' title="bbox 2061 2624 3644 2706; baseline 0.012 -34"><span class='ocrx_word' id='word_1_512' title='bbox 2061 2624 2213 2676; x_wconf 82' lang='lat' dir='ltr'><strong>venit</strong></span> <span class='ocrx_word' id='word_1_513' title='bbox 2245 2625 2299 2678; x_wconf 90' lang='lat' dir='ltr'><strong>in</strong></span> <span class='ocrx_word' id='word_1_514' title='bbox 2341 2640 2565 2695; x_wconf 86' lang='lat' dir='ltr'><strong>regnum</strong></span> <span class='ocrx_word' id='word_1_515' title='bbox 2598 2627 2827 2698; x_wconf 80' lang='lat' dir='ltr'><strong>(nomen</strong></span> <span class='ocrx_word' id='word_1_516' title='bbox 2867 2628 2991 2698; x_wconf 82' lang='lat' dir='ltr'><strong>ejus</strong></span> <span class='ocrx_word' id='word_1_517' title='bbox 3025 2639 3142 2686; x_wconf 88' lang='lat' dir='ltr'><strong>erat</strong></span> <span class='ocrx_word' id='word_1_518' title='bbox 3173 2629 3458 2687; x_wconf 81' lang='lat' dir='ltr'><strong>Lantilaus</strong></span> <span class='ocrx_word' id='word_1_519' title='bbox 3481 2633 3644 2706; x_wconf 71' lang='lat'><strong>[50]),</strong></span> 
     </span>
    </p>
   </div>
   <div class='ocr_carea' id='block_1_71' title="bbox 2063 2717 3642 2798">
    <p class='ocr_par' dir='ltr' id='par_1_71' title="bbox 2063 2717 3642 2798">
     <span class='ocr_line' id='line_1_71' title="bbox 2063 2717 3642 2798; baseline 0.008 -30"><span class='ocrx_word' id='word_1_520' title='bbox 2063 2717 2276 2785; x_wconf 84' lang='lat' dir='ltr'><strong>regioni</strong></span> <span class='ocrx_word' id='word_1_521' title='bbox 2350 2719 2440 2771; x_wconf 88' lang='lat' dir='ltr'><strong>isti</strong></span> <span class='ocrx_word' id='word_1_522' title='bbox 2511 2719 2787 2776; x_wconf 65' lang='lat' dir='ltr'><strong>universae</strong></span> <span class='ocrx_word' id='word_1_523' title='bbox 2846 2721 3160 2791; x_wconf 79' lang='lat' dir='ltr'><strong>imperavit.</strong></span> <span class='ocrx_word' id='word_1_524' title='bbox 3201 2725 3339 2780; x_wconf 91' lang='lat' dir='ltr'><strong>Cum</strong></span> <span class='ocrx_word' id='word_1_525' title='bbox 3375 2727 3488 2796; x_wconf 86' lang='lat' dir='ltr'><strong>jam</strong></span> <span class='ocrx_word' id='word_1_526' title='bbox 3520 2731 3642 2798; x_wconf 88' lang='lat' dir='ltr'><strong>opi-</strong></span> 
     </span>
    </p>
   </div>
   <div class='ocr_carea' id='block_1_72' title="bbox 2064 2807 3644 2887">
    <p class='ocr_par' dir='ltr' id='par_1_72' title="bbox 2064 2807 3644 2887">
     <span class='ocr_line' id='line_1_72' title="bbox 2064 2807 3644 2887; baseline 0.009 -25"><span class='ocrx_word' id='word_1_527' title='bbox 2064 2807 2168 2862; x_wconf 85' lang='lat' dir='ltr'><strong>bus</strong></span> <span class='ocrx_word' id='word_1_528' title='bbox 2196 2809 2516 2880; x_wconf 85' lang='lat' dir='ltr'><strong>reliquaque</strong></span> <span class='ocrx_word' id='word_1_529' title='bbox 2560 2813 2812 2883; x_wconf 19' lang='lat' dir='ltr'><strong>polentia,</strong></span> <span class='ocrx_word' id='word_1_530' title='bbox 2841 2814 3138 2884; x_wconf 88' lang='lat' dir='ltr'><strong>plurimum</strong></span> <span class='ocrx_word' id='word_1_531' title='bbox 3189 2820 3443 2887; x_wconf 85' lang='lat' dir='ltr'><strong>polleret,</strong></span> <span class='ocrx_word' id='word_1_532' title='bbox 3489 2837 3644 2877; x_wconf 79' lang='lat' dir='ltr'><strong>arma</strong></span> 
     </span>
    </p>
   </div>
   <div class='ocr_carea' id='block_1_73' title="bbox 2060 2901 3646 2982">
    <p class='ocr_par' dir='ltr' id='par_1_73' title="bbox 2060 2901 3646 2982">
     <span class='ocr_line' id='line_1_73' title="bbox 2060 2901 3646 2982; baseline 0.009 -28"><span class='ocrx_word' id='word_1_533' title='bbox 2060 2901 2208 2972; x_wconf 87' lang='lat' dir='ltr'><strong>cepit</strong></span> <span class='ocrx_word' id='word_1_534' title='bbox 2260 2903 2529 2960; x_wconf 86' lang='lat' dir='ltr'><strong>adversus</strong></span> <span class='ocrx_word' id='word_1_535' title='bbox 2572 2902 2984 2976; x_wconf 79' lang='lat' dir='ltr'><strong>Tyrrhenorum</strong></span> <span class='ocrx_word' id='word_1_536' title='bbox 3027 2927 3276 2982; x_wconf 83' lang='lat' dir='ltr'><strong>regnum,</strong></span> <span class='ocrx_word' id='word_1_537' title='bbox 3310 2922 3476 2982; x_wconf 88' lang='lat' dir='ltr'><strong>atque</strong></span> <span class='ocrx_word' id='word_1_538' title='bbox 3507 2917 3646 2969; x_wconf 86' lang='lat' dir='ltr'><strong>adeo</strong></span> 
     </span>
    </p>
   </div>
   <div class='ocr_carea' id='block_1_74' title="bbox 2059 2997 3643 3074">
    <p class='ocr_par' dir='ltr' id='par_1_74' title="bbox 2059 2997 3643 3074">
     <span class='ocr_line' id='line_1_74' title="bbox 2059 2997 3643 3074; baseline 0.011 -26"><span class='ocrx_word' id='word_1_539' title='bbox 2059 3003 2256 3049; x_wconf 89' lang='lat' dir='ltr'><strong>contra</strong></span> <span class='ocrx_word' id='word_1_540' title='bbox 2274 2997 2538 3066; x_wconf 89' lang='lat' dir='ltr'><strong>reliquam</strong></span> <span class='ocrx_word' id='word_1_541' title='bbox 2566 2997 2806 3064; x_wconf 82' lang='lat' dir='ltr'><strong>Italiam,</strong></span> <span class='ocrx_word' id='word_1_542' title='bbox 2846 3002 3053 3073; x_wconf 86' lang='lat' dir='ltr'><strong>ubique</strong></span> <span class='ocrx_word' id='word_1_543' title='bbox 3100 3007 3362 3074; x_wconf 70' lang='lat' dir='ltr'><strong>prmelara</strong></span> <span class='ocrx_word' id='word_1_544' title='bbox 3396 3008 3643 3066; x_wconf 73' lang='lat' dir='ltr'><strong>facinora</strong></span> 
     </span>
    </p>
   </div>
   <div class='ocr_carea' id='block_1_75' title="bbox 2059 3088 3641 3162">
    <p class='ocr_par' dir='ltr' id='par_1_75' title="bbox 2059 3088 3641 3162">
     <span class='ocr_line' id='line_1_75' title="bbox 2059 3088 3641 3162; baseline 0.012 -22"><span class='ocrx_word' id='word_1_545' title='bbox 2059 3088 2373 3156; x_wconf 85' lang='lat' dir='ltr'><strong>designans.</strong></span> <span class='ocrx_word' id='word_1_546' title='bbox 2427 3089 2490 3143; x_wconf 84' lang='lat' dir='ltr'><strong>Et</strong></span> <span class='ocrx_word' id='word_1_547' title='bbox 2531 3091 2758 3162; x_wconf 83' lang='lat' dir='ltr'><strong>quidem</strong></span> <span class='ocrx_word' id='word_1_548' title='bbox 2818 3111 3046 3151; x_wconf 86' lang='lat' dir='ltr'><strong>movens</strong></span> <span class='ocrx_word' id='word_1_549' title='bbox 3105 3102 3413 3156; x_wconf 80' lang='lat' dir='ltr'><strong>exercitum</strong></span> <span class='ocrx_word' id='word_1_550' title='bbox 3450 3115 3641 3159; x_wconf 86' lang='lat' dir='ltr'><strong>contra</strong></span> 
     </span>
    </p>
   </div>
   <div class='ocr_carea' id='block_1_76' title="bbox 2060 3180 3643 3264">
    <p class='ocr_par' dir='ltr' id='par_1_76' title="bbox 2060 3180 3643 3264">
     <span class='ocr_line' id='line_1_76' title="bbox 2060 3180 3643 3264; baseline 0.013 -31"><span class='ocrx_word' id='word_1_551' title='bbox 2060 3180 2471 3251; x_wconf 80' lang='lat' dir='ltr'><strong>Tyrrhenorum</strong></span> <span class='ocrx_word' id='word_1_552' title='bbox 2497 3185 2684 3239; x_wconf 90' lang='lat' dir='ltr'><strong>urbem</strong></span> <span class='ocrx_word' id='word_1_553' title='bbox 2717 3185 3086 3256; x_wconf 84' lang='lat' dir='ltr'><strong>Florentiam,</strong></span> <span class='ocrx_word' id='word_1_554' title='bbox 3108 3207 3342 3264; x_wconf 81' lang='lat' dir='ltr'><strong>eamque</strong></span> <span class='ocrx_word' id='word_1_555' title='bbox 3374 3196 3643 3253; x_wconf 85' lang='lat' dir='ltr'><strong>obsidens</strong></span> 
     </span>
    </p>
   </div>
   <div class='ocr_carea' id='block_1_77' title="bbox 2058 3274 3641 3359">
    <p class='ocr_par' dir='ltr' id='par_1_77' title="bbox 2058 3274 3641 3359">
     <span class='ocr_line' id='line_1_77' title="bbox 2058 3274 3641 3359; baseline 0.012 -33"><span class='ocrx_word' id='word_1_556' title='bbox 2058 3286 2382 3342; x_wconf 85' lang='lat' dir='ltr'><strong>expugnare</strong></span> <span class='ocrx_word' id='word_1_557' title='bbox 2416 3274 2698 3329; x_wconf 83' lang='lat' dir='ltr'><strong>nitebatur</strong></span> <span class='ocrx_word' id='word_1_558' title='bbox 2726 3276 2864 3347; x_wconf 80' lang='lat'><strong>(5|).</strong></span> <span class='ocrx_word' id='word_1_559' title='bbox 2913 3279 3049 3334; x_wconf 84' lang='lat' dir='ltr'><strong>Cum</strong></span> <span class='ocrx_word' id='word_1_560' title='bbox 3085 3290 3266 3337; x_wconf 88' lang='lat' dir='ltr'><strong>autem</strong></span> <span class='ocrx_word' id='word_1_561' title='bbox 3307 3285 3361 3338; x_wconf 89' lang='lat' dir='ltr'><strong>in</strong></span> <span class='ocrx_word' id='word_1_562' title='bbox 3421 3287 3641 3359; x_wconf 89' lang='lat' dir='ltr'><strong>longum</strong></span> 
     </span>
    </p>
   </div>
   <div class='ocr_carea' id='block_1_78' title="bbox 2062 3363 3641 3449">
    <p class='ocr_par' dir='ltr' id='par_1_78' title="bbox 2062 3363 3641 3449">
     <span class='ocr_line' id='line_1_78' title="bbox 2062 3363 3641 3449; baseline 0.013 -34"><span class='ocrx_word' id='word_1_563' title='bbox 2062 3363 2217 3418; x_wconf 87' lang='lat' dir='ltr'><strong>urbis</strong></span> <span class='ocrx_word' id='word_1_564' title='bbox 2243 3364 2468 3420; x_wconf 90' lang='lat' dir='ltr'><strong>obsidio</strong></span> <span class='ocrx_word' id='word_1_565' title='bbox 2497 3367 2890 3423; x_wconf 75' lang='lat' dir='ltr'><strong>extraheretur</strong></span> <span class='ocrx_word' id='word_1_566' title='bbox 2918 3379 3158 3442; x_wconf 85' lang='lat' dir='ltr'><strong>tempus,</strong></span> <span class='ocrx_word' id='word_1_567' title='bbox 3199 3385 3253 3429; x_wconf 89' lang='lat' dir='ltr'><strong>et</strong></span> <span class='ocrx_word' id='word_1_568' title='bbox 3290 3376 3501 3434; x_wconf 84' lang='lat' dir='ltr'><strong>obsessi</strong></span> <span class='ocrx_word' id='word_1_569' title='bbox 3528 3380 3641 3449; x_wconf 84' lang='lat' dir='ltr'><strong>jam</strong></span> 
     </span>
    </p>
   </div>
   <div class='ocr_carea' id='block_1_79' title="bbox 2060 3456 3644 3533">
    <p class='ocr_par' dir='ltr' id='par_1_79' title="bbox 2060 3456 3644 3533">
     <span class='ocr_line' id='line_1_79' title="bbox 2060 3456 3644 3533; baseline 0.014 -24"><span class='ocrx_word' id='word_1_570' title='bbox 2060 3456 2127 3511; x_wconf 88' lang='lat' dir='ltr'><strong>ad</strong></span> <span class='ocrx_word' id='word_1_571' title='bbox 2171 3467 2474 3514; x_wconf 78' lang='lat' dir='ltr'><strong>extremam</strong></span> <span class='ocrx_word' id='word_1_572' title='bbox 2533 3461 2817 3517; x_wconf 74' lang='lat' dir='ltr'><strong>venissent</strong></span> <span class='ocrx_word' id='word_1_573' title='bbox 2871 3466 3284 3533; x_wconf 83' lang='lat' dir='ltr'><strong>necessitatem,</strong></span> <span class='ocrx_word' id='word_1_574' title='bbox 3313 3471 3495 3528; x_wconf 76' lang='lat' dir='ltr'><strong>ferunt</strong></span> <span class='ocrx_word' id='word_1_575' title='bbox 3545 3490 3644 3531; x_wconf 89' lang='lat' dir='ltr'><strong>eos</strong></span> 
     </span>
    </p>
   </div>
   <div class='ocr_carea' id='block_1_80' title="bbox 2059 3551 3639 3638">
    <p class='ocr_par' dir='ltr' id='par_1_80' title="bbox 2059 3551 3639 3638">
     <span class='ocr_line' id='line_1_80' title="bbox 2059 3551 3639 3638; baseline 0.011 -31"><span class='ocrx_word' id='word_1_576' title='bbox 2059 3552 2113 3607; x_wconf 89' lang='lat' dir='ltr'><strong>in</strong></span> <span class='ocrx_word' id='word_1_577' title='bbox 2140 3551 2477 3624; x_wconf 81' lang='lat' dir='ltr'><strong>colloquium</strong></span> <span class='ocrx_word' id='word_1_578' title='bbox 2503 3558 2726 3613; x_wconf 79' lang='lat' dir='ltr'><strong>venisse</strong></span> <span class='ocrx_word' id='word_1_579' title='bbox 2748 3572 2872 3612; x_wconf 91' lang='lat' dir='ltr'><strong>cum</strong></span> <span class='ocrx_word' id='word_1_580' title='bbox 2911 3574 3061 3628; x_wconf 82' lang='lat' dir='ltr'><strong>rege,</strong></span> <span class='ocrx_word' id='word_1_581' title='bbox 3113 3573 3364 3629; x_wconf 86' lang='lat' dir='ltr'><strong>petentes</strong></span> <span class='ocrx_word' id='word_1_582' title='bbox 3403 3582 3589 3638; x_wconf 84' lang='lat' dir='ltr'><strong>pacem</strong></span> <span class='ocrx_word' id='word_1_583' title='bbox 3625 3590 3639 3625; x_wconf 86' lang='lat'><strong>:</strong></span> 
     </span>
    </p>
   </div>
   <div class='ocr_carea' id='block_1_81' title="bbox 2059 3645 3644 3726">
    <p class='ocr_par' dir='ltr' id='par_1_81' title="bbox 2059 3645 3644 3726">
     <span class='ocr_line' id='line_1_81' title="bbox 2059 3645 3644 3726; baseline 0.013 -29"><span class='ocrx_word' id='word_1_584' title='bbox 2059 3645 2445 3713; x_wconf 86' lang='lat' dir='ltr'><strong>promittentes</strong></span> <span class='ocrx_word' id='word_1_585' title='bbox 2487 3647 2708 3702; x_wconf 86' lang='lat' dir='ltr'><strong>interim</strong></span> <span class='ocrx_word' id='word_1_586' title='bbox 2748 3665 2808 3705; x_wconf 89' lang='lat' dir='ltr'><strong>se</strong></span> <span class='ocrx_word' id='word_1_587' title='bbox 2836 3663 3118 3722; x_wconf 87' lang='lat' dir='ltr'><strong>promptos</strong></span> <span class='ocrx_word' id='word_1_588' title='bbox 3174 3665 3229 3710; x_wconf 88' lang='lat' dir='ltr'><strong>et</strong></span> <span class='ocrx_word' id='word_1_589' title='bbox 3272 3670 3493 3726; x_wconf 86' lang='lat' dir='ltr'><strong>paratos</strong></span> <span class='ocrx_word' id='word_1_590' title='bbox 3521 3678 3644 3717; x_wconf 83' lang='lat' dir='ltr'><strong>esse</strong></span> 
     </span>
    </p>
   </div>
   <div class='ocr_carea' id='block_1_82' title="bbox 2060 3735 3646 3821">
    <p class='ocr_par' dir='ltr' id='par_1_82' title="bbox 2060 3735 3646 3821">
     <span class='ocr_line' id='line_1_82' title="bbox 2060 3735 3646 3821; baseline 0.013 -32"><span class='ocrx_word' id='word_1_591' title='bbox 2060 3735 2242 3792; x_wconf 77' lang='lat' dir='ltr'><strong>facere</strong></span> <span class='ocrx_word' id='word_1_592' title='bbox 2269 3753 2616 3813; x_wconf 74' lang='lat' dir='ltr'><strong>quaecunque</strong></span> <span class='ocrx_word' id='word_1_593' title='bbox 2672 3741 3022 3812; x_wconf 83' lang='lat' dir='ltr'><strong>imperasset,</strong></span> <span class='ocrx_word' id='word_1_594' title='bbox 3060 3747 3258 3803; x_wconf 80' lang='lat' dir='ltr'><strong>saltem</strong></span> <span class='ocrx_word' id='word_1_595' title='bbox 3305 3767 3496 3821; x_wconf 84' lang='lat' dir='ltr'><strong>pacem</strong></span> <span class='ocrx_word' id='word_1_596' title='bbox 3545 3756 3646 3809; x_wconf 84' lang='lat' dir='ltr'><strong>da-</strong></span> 
     </span>
    </p>
   </div>
   <div class='ocr_carea' id='block_1_83' title="bbox 2059 3833 3644 3914">
    <p class='ocr_par' dir='ltr' id='par_1_83' title="bbox 2059 3833 3644 3914">
     <span class='ocr_line' id='line_1_83' title="bbox 2059 3833 3644 3914; baseline 0.013 -31"><span class='ocrx_word' id='word_1_597' title='bbox 2059 3841 2141 3885; x_wconf 87' lang='lat' dir='ltr'><strong>ret</strong></span> <span class='ocrx_word' id='word_1_598' title='bbox 2177 3833 2518 3900; x_wconf 84' lang='lat' dir='ltr'><strong>petentibus.</strong></span> <span class='ocrx_word' id='word_1_599' title='bbox 2550 3834 2795 3900; x_wconf 86' lang='lat' dir='ltr'><strong>Quorum</strong></span> <span class='ocrx_word' id='word_1_600' title='bbox 2826 3840 3088 3906; x_wconf 76' lang='lat' dir='ltr'><strong>precibus</strong></span> <span class='ocrx_word' id='word_1_601' title='bbox 3116 3841 3320 3907; x_wconf 81' lang='lat' dir='ltr'><strong>victus,</strong></span> <span class='ocrx_word' id='word_1_602' title='bbox 3346 3848 3644 3914; x_wconf 77' lang='lat' dir='ltr'><strong>postulavit</strong></span> 
     </span>
    </p>
   </div>
   <div class='ocr_carea' id='block_1_84' title="bbox 2059 3924 3645 4012">
    <p class='ocr_par' dir='ltr' id='par_1_84' title="bbox 2059 3924 3645 4012">
     <span class='ocr_line' id='line_1_84' title="bbox 2059 3924 3645 4012; baseline 0.012 -34"><span class='ocrx_word' id='word_1_603' title='bbox 2059 3924 2194 3978; x_wconf 83' lang='lat' dir='ltr'><strong>civis</strong></span> <span class='ocrx_word' id='word_1_604' title='bbox 2225 3926 2512 3994; x_wconf 79' lang='lat' dir='ltr'><strong>cujusdam</strong></span> <span class='ocrx_word' id='word_1_605' title='bbox 2535 3926 2700 3980; x_wconf 79' lang='lat' dir='ltr'><strong>tiliam</strong></span> <span class='ocrx_word' id='word_1_606' title='bbox 2727 3927 2903 3983; x_wconf 76' lang='lat' dir='ltr'><strong>forma</strong></span> <span class='ocrx_word' id='word_1_607' title='bbox 2928 3933 3286 3990; x_wconf 80' lang='lat' dir='ltr'><strong>excellentem</strong></span> <span class='ocrx_word' id='word_1_608' title='bbox 3310 3951 3503 3996; x_wconf 83' lang='lat' dir='ltr'><strong>omnes</strong></span> <span class='ocrx_word' id='word_1_609' title='bbox 3523 3958 3645 4012; x_wconf 69' lang='lat' dir='ltr'><strong>qua:</strong></span> 
     </span>
    </p>
   </div>
   <div class='ocr_carea' id='block_1_85' title="bbox 2062 4021 3644 4092">
    <p class='ocr_par' dir='ltr' id='par_1_85' title="bbox 2062 4021 3644 4092">
     <span class='ocr_line' id='line_1_85' title="bbox 2062 4021 3644 4092; baseline 0.012 -18"><span class='ocrx_word' id='word_1_610' title='bbox 2062 4029 2177 4075; x_wconf 88' lang='lat' dir='ltr'><strong>tum</strong></span> <span class='ocrx_word' id='word_1_611' title='bbox 2205 4021 2260 4075; x_wconf 93' lang='lat' dir='ltr'><strong>in</strong></span> <span class='ocrx_word' id='word_1_612' title='bbox 2287 4037 2351 4076; x_wconf 85' lang='lat' dir='ltr'><strong>ea</strong></span> <span class='ocrx_word' id='word_1_613' title='bbox 2384 4023 2520 4078; x_wconf 85' lang='lat' dir='ltr'><strong>urbe</strong></span> <span class='ocrx_word' id='word_1_614' title='bbox 2546 4022 2801 4078; x_wconf 71' lang='lat' dir='ltr'><strong>formosa:</strong></span> <span class='ocrx_word' id='word_1_615' title='bbox 2830 4026 3202 4084; x_wconf 89' lang='lat' dir='ltr'><strong>habebantur.</strong></span> <span class='ocrx_word' id='word_1_616' title='bbox 3228 4031 3382 4087; x_wconf 79' lang='lat' dir='ltr'><strong>Hanc</strong></span> <span class='ocrx_word' id='word_1_617' title='bbox 3401 4050 3525 4090; x_wconf 91' lang='lat' dir='ltr'><strong>cum</strong></span> <span class='ocrx_word' id='word_1_618' title='bbox 3554 4054 3644 4092; x_wconf 87' lang='lat' dir='ltr'><strong>ae-</strong></span> 
     </span>
    </p>
   </div>
   <div class='ocr_carea' id='block_1_86' title="bbox 2061 4113 3640 4196">
    <p class='ocr_par' dir='ltr' id='par_1_86' title="bbox 2061 4113 3640 4196">
     <span class='ocr_line' id='line_1_86' title="bbox 2061 4113 3640 4196; baseline 0.011 -28"><span class='ocrx_word' id='word_1_619' title='bbox 2061 4113 2505 4182; x_wconf 76' lang='lat' dir='ltr'><strong>cepissetl‘orma:</strong></span> <span class='ocrx_word' id='word_1_620' title='bbox 2529 4115 2799 4185; x_wconf 83' lang='lat' dir='ltr'><strong>elegantia</strong></span> <span class='ocrx_word' id='word_1_621' title='bbox 2830 4133 3024 4175; x_wconf 89' lang='lat' dir='ltr'><strong>omnes</strong></span> <span class='ocrx_word' id='word_1_622' title='bbox 3045 4136 3311 4192; x_wconf 86' lang='lat' dir='ltr'><strong>superare</strong></span> <span class='ocrx_word' id='word_1_623' title='bbox 3334 4126 3463 4196; x_wconf 77' lang='lat' dir='ltr'><strong>(fert</strong></span> <span class='ocrx_word' id='word_1_624' title='bbox 3492 4131 3640 4185; x_wconf 89' lang='lat' dir='ltr'><strong>enim</strong></span> 
     </span>
    </p>
   </div>
   <div class='ocr_carea' id='block_1_87' title="bbox 2064 4205 3644 4286">
    <p class='ocr_par' dir='ltr' id='par_1_87' title="bbox 2064 4205 3644 4286">
     <span class='ocr_line' id='line_1_87' title="bbox 2064 4205 3644 4286; baseline 0.013 -30"><span class='ocrx_word' id='word_1_625' title='bbox 2064 4205 2197 4258; x_wconf 88' lang='lat' dir='ltr'><strong>urbs</strong></span> <span class='ocrx_word' id='word_1_626' title='bbox 2243 4205 2343 4258; x_wconf 87' lang='lat' dir='ltr'><strong>ista</strong></span> <span class='ocrx_word' id='word_1_627' title='bbox 2406 4207 2667 4260; x_wconf 89' lang='lat' dir='ltr'><strong>mulieres</strong></span> <span class='ocrx_word' id='word_1_628' title='bbox 2738 4207 2792 4262; x_wconf 90' lang='lat' dir='ltr'><strong>in</strong></span> <span class='ocrx_word' id='word_1_629' title='bbox 2832 4210 3026 4278; x_wconf 86' lang='lat' dir='ltr'><strong>primis</strong></span> <span class='ocrx_word' id='word_1_630' title='bbox 3083 4214 3262 4268; x_wconf 82' lang='lat' dir='ltr'><strong>forma</strong></span> <span class='ocrx_word' id='word_1_631' title='bbox 3318 4227 3644 4286; x_wconf 71' lang='lat' dir='ltr'><strong>praestantes</strong></span> 
     </span>
    </p>
   </div>
   <div class='ocr_carea' id='block_1_88' title="bbox 2060 4297 3642 4374">
    <p class='ocr_par' dir='ltr' id='par_1_88' title="bbox 2060 4297 3642 4374">
     <span class='ocr_line' id='line_1_88' title="bbox 2060 4297 3642 4374; baseline 0.013 -26"><span class='ocrx_word' id='word_1_632' title='bbox 2060 4297 2410 4366; x_wconf 69' lang='lat' dir='ltr'><strong>virginesque</strong></span> <span class='ocrx_word' id='word_1_633' title='bbox 2441 4299 2918 4370; x_wconf 82' lang='lat' dir='ltr'><strong>venustissimas),</strong></span> <span class='ocrx_word' id='word_1_634' title='bbox 2944 4317 3062 4358; x_wconf 87' lang='lat' dir='ltr'><strong>eam</strong></span> <span class='ocrx_word' id='word_1_635' title='bbox 3097 4307 3250 4374; x_wconf 88' lang='lat' dir='ltr'><strong>petiit</strong></span> <span class='ocrx_word' id='word_1_636' title='bbox 3276 4309 3382 4363; x_wconf 88' lang='lat' dir='ltr'><strong>sibi</strong></span> <span class='ocrx_word' id='word_1_637' title='bbox 3415 4327 3642 4369; x_wconf 82' lang='lat' dir='ltr'><strong>uxorem</strong></span> 
     </span>
    </p>
   </div>
   <div class='ocr_carea' id='block_1_89' title="bbox 2056 4389 3642 4477">
    <p class='ocr_par' dir='ltr' id='par_1_89' title="bbox 2056 4389 3642 4477">
     <span class='ocr_line' id='line_1_89' title="bbox 2056 4389 3642 4477; baseline 0.012 -37"><span class='ocrx_word' id='word_1_638' title='bbox 2056 4389 2198 4453; x_wconf 85' lang='lat' dir='ltr'><strong>dari,</strong></span> <span class='ocrx_word' id='word_1_639' title='bbox 2220 4405 2345 4443; x_wconf 91' lang='lat' dir='ltr'><strong>cum</strong></span> <span class='ocrx_word' id='word_1_640' title='bbox 2381 4393 2434 4445; x_wconf 91' lang='lat' dir='ltr'><strong>in</strong></span> <span class='ocrx_word' id='word_1_641' title='bbox 2467 4392 2808 4462; x_wconf 88' lang='lat' dir='ltr'><strong>colloquium</strong></span> <span class='ocrx_word' id='word_1_642' title='bbox 2834 4407 2960 4448; x_wconf 89' lang='lat' dir='ltr'><strong>cum</strong></span> <span class='ocrx_word' id='word_1_643' title='bbox 2987 4394 3288 4468; x_wconf 82' lang='lat' dir='ltr'><strong>Tyrrhenis</strong></span> <span class='ocrx_word' id='word_1_644' title='bbox 3317 4417 3480 4474; x_wconf 89' lang='lat' dir='ltr'><strong>super</strong></span> <span class='ocrx_word' id='word_1_645' title='bbox 3510 4422 3642 4477; x_wconf 80' lang='lat' dir='ltr'><strong>pace</strong></span> 
     </span>
    </p>
   </div>
   <div class='ocr_carea' id='block_1_90' title="bbox 374 4479 1956 4555">
    <p class='ocr_par' dir='ltr' id='par_1_90' title="bbox 374 4479 1950 4555">
     <span class='ocr_line' id='line_1_90' title="bbox 374 4479 1950 4555; baseline -0.006 -14"><span class='ocrx_word' id='word_1_646' title='bbox 374 4487 618 4553; x_wconf 68' lang='grc' dir='ltr'>σινους)ο</span> <span class='ocrx_word' id='word_1_647' title='bbox 659 4487 870 4555; x_wconf 83' lang='grc' dir='ltr'>ταύτην</span> <span class='ocrx_word' id='word_1_648' title='bbox 905 4484 962 4536; x_wconf 65' lang='grc' dir='ltr'><strong>δὲ</strong></span> <span class='ocrx_word' id='word_1_649' title='bbox 1001 4481 1527 4550; x_wconf 74' lang='grc' dir='ltr'>ἀναπυνθανόμενος</span> <span class='ocrx_word' id='word_1_650' title='bbox 1578 4479 1752 4545; x_wconf 78' lang='grc' dir='ltr'>οὕτως</span> <span class='ocrx_word' id='word_1_651' title='bbox 1802 4483 1950 4550; x_wconf 77' lang='grc' dir='ltr'>ἔχειν</span> 
     </span>
    </p>
   </div>
   <div class='ocr_carea' id='block_1_91' title="bbox 2062 4479 3641 4555">
    <p class='ocr_par' dir='ltr' id='par_1_91' title="bbox 2062 4480 3641 4555">
     <span class='ocr_line' id='line_1_91' title="bbox 2062 4480 3641 4555; baseline 0.015 -24"><span class='ocrx_word' id='word_1_652' title='bbox 2062 4480 2334 4550; x_wconf 83' lang='lat' dir='ltr'><strong>iungenda</strong></span> <span class='ocrx_word' id='word_1_653' title='bbox 2359 4484 2620 4536; x_wconf 80' lang='lat' dir='ltr'><strong>venisset.</strong></span> <span class='ocrx_word' id='word_1_654' title='bbox 2650 4481 2784 4538; x_wconf 86' lang='lat' dir='ltr'><strong>Erat</strong></span> <span class='ocrx_word' id='word_1_655' title='bbox 2810 4486 2958 4540; x_wconf 91' lang='lat' dir='ltr'><strong>enim</strong></span> <span class='ocrx_word' id='word_1_656' title='bbox 2984 4503 3077 4543; x_wconf 86' lang='lat' dir='ltr'><strong>rex</strong></span> <span class='ocrx_word' id='word_1_657' title='bbox 3103 4489 3192 4544; x_wconf 93' lang='lat' dir='ltr'><strong>ille</strong></span> <span class='ocrx_word' id='word_1_658' title='bbox 3223 4505 3423 4550; x_wconf 66' lang='lat' dir='ltr'><strong>caetera</strong></span> <span class='ocrx_word' id='word_1_659' title='bbox 3445 4497 3641 4555; x_wconf 88' lang='lat' dir='ltr'><strong>intem-</strong></span> 
     </span>
    </p>
   </div>
   <div class='ocr_carea' id='block_1_92' title="bbox 373 4568 1952 4647">
    <p class='ocr_par' dir='ltr' id='par_1_92' title="bbox 373 4568 1952 4647">
     <span class='ocr_line' id='line_1_92' title="bbox 373 4568 1952 4647; baseline -0.002 -19"><span class='ocrx_word' id='word_1_660' title='bbox 373 4579 431 4640; x_wconf 77' lang='grc' dir='ltr'>ὲς</span> <span class='ocrx_word' id='word_1_661' title='bbox 456 4577 686 4639; x_wconf 78' lang='grc' dir='ltr'>κάλλοςο</span> <span class='ocrx_word' id='word_1_662' title='bbox 716 4573 784 4647; x_wconf 82' lang='grc' dir='ltr'>ἧν</span> <span class='ocrx_word' id='word_1_663' title='bbox 823 4575 881 4629; x_wconf 74' lang='grc' dir='ltr'><strong>δὲ</strong></span> <span class='ocrx_word' id='word_1_664' title='bbox 913 4574 1091 4637; x_wconf 71' lang='grc' dir='ltr'>ἄλλως</span> <span class='ocrx_word' id='word_1_665' title='bbox 1123 4576 1154 4627; x_wconf 84' lang='grc' dir='ltr'>ὁ</span> <span class='ocrx_word' id='word_1_666' title='bbox 1207 4573 1468 4643; x_wconf 81' lang='grc' dir='ltr'>βασιλεὺς</span> <span class='ocrx_word' id='word_1_667' title='bbox 1531 4568 1688 4638; x_wconf 69' lang='grc' dir='ltr'>οὗτος</span> <span class='ocrx_word' id='word_1_668' title='bbox 1748 4575 1845 4626; x_wconf 73' lang='grc' dir='ltr'>καὶ</span> <span class='ocrx_word' id='word_1_669' title='bbox 1896 4574 1952 4636; x_wconf 81' lang='grc' dir='ltr'>ἐς</span> 
     </span>
    </p>
   </div>
   <div class='ocr_carea' id='block_1_93' title="bbox 373 4665 1954 4738">
    <p class='ocr_par' dir='ltr' id='par_1_93' title="bbox 373 4665 1954 4738">
     <span class='ocr_line' id='line_1_93' title="bbox 373 4665 1954 4738; baseline -0.004 -15"><span class='ocrx_word' id='word_1_670' title='bbox 373 4673 637 4736; x_wconf 77' lang='grc' dir='ltr'>γυναῖκας</span> <span class='ocrx_word' id='word_1_671' title='bbox 671 4668 950 4738; x_wconf 76' lang='grc' dir='ltr'>ἐπιμανὴς</span> <span class='ocrx_word' id='word_1_672' title='bbox 991 4670 1083 4720; x_wconf 68' lang='grc' dir='ltr'>καὶ</span> <span class='ocrx_word' id='word_1_673' title='bbox 1112 4666 1441 4728; x_wconf 83' lang='grc' dir='ltr'>ἀκόλαστος·</span> <span class='ocrx_word' id='word_1_674' title='bbox 1481 4665 1805 4734; x_wconf 82' lang='grc' dir='ltr'>αἰτούμενος</span> <span class='ocrx_word' id='word_1_675' title='bbox 1821 4666 1954 4718; x_wconf 85' lang='grc' dir='ltr'>ταύ-</span> 
     </span>
    </p>
   </div>
   <div class='ocr_carea' id='block_1_94' title="bbox 374 4756 1952 4833">
    <p class='ocr_par' dir='ltr' id='par_1_94' title="bbox 374 4756 1952 4833">
     <span class='ocr_line' id='line_1_94' title="bbox 374 4756 1952 4833; baseline -0.002 -19"><span class='ocrx_word' id='word_1_676' title='bbox 374 4779 472 4833; x_wconf 84' lang='grc' dir='ltr'><strong>την</strong></span> <span class='ocrx_word' id='word_1_677' title='bbox 514 4762 662 4831; x_wconf 79' lang='grc' dir='ltr'><strong>αὑτῷ</strong></span> <span class='ocrx_word' id='word_1_678' title='bbox 716 4760 937 4826; x_wconf 76' lang='grc' dir='ltr'>δοθῆναι</span> <span class='ocrx_word' id='word_1_679' title='bbox 969 4759 1066 4826; x_wconf 79' lang='grc' dir='ltr'>τὴν</span> <span class='ocrx_word' id='word_1_680' title='bbox 1095 4758 1356 4826; x_wconf 83' lang='grc' dir='ltr'>γυναῖκα,</span> <span class='ocrx_word' id='word_1_681' title='bbox 1415 4757 1509 4810; x_wconf 73' lang='grc' dir='ltr'><strong>ἐπὶ</strong></span> <span class='ocrx_word' id='word_1_682' title='bbox 1560 4760 1627 4827; x_wconf 83' lang='grc' dir='ltr'>τῇ</span> <span class='ocrx_word' id='word_1_683' title='bbox 1680 4756 1952 4827; x_wconf 78' lang='grc' dir='ltr'>ξυμϐάσει</span> 
     </span>
    </p>
   </div>
   <div class='ocr_carea' id='block_1_95' title="bbox 373 4850 1950 4922">
    <p class='ocr_par' dir='ltr' id='par_1_95' title="bbox 373 4850 1950 4922">
     <span class='ocr_line' id='line_1_95' title="bbox 373 4850 1950 4922; baseline -0.003 -13"><span class='ocrx_word' id='word_1_684' title='bbox 373 4855 536 4909; x_wconf 78' lang='grc' dir='ltr'>αὐτὸν</span> <span class='ocrx_word' id='word_1_685' title='bbox 563 4854 882 4907; x_wconf 83' lang='grc' dir='ltr'>συναινέσαι</span> <span class='ocrx_word' id='word_1_686' title='bbox 915 4852 1042 4914; x_wconf 73' lang='grc' dir='ltr'>τοὺς</span> <span class='ocrx_word' id='word_1_687' title='bbox 1077 4851 1418 4922; x_wconf 71' lang='grc' dir='ltr'>Τυρρηνοὺς,</span> <span class='ocrx_word' id='word_1_688' title='bbox 1457 4851 1553 4903; x_wconf 71' lang='grc' dir='ltr'><strong>καλ⁸</strong></span> <span class='ocrx_word' id='word_1_689' title='bbox 1587 4850 1950 4904; x_wconf 71' lang='grc' dir='ltr'>κελεῦσαιτὲον</span> 
     </span>
    </p>
   </div>
   <div class='ocr_carea' id='block_1_96' title="bbox 374 4943 1951 5020">
    <p class='ocr_par' dir='ltr' id='par_1_96' title="bbox 374 4943 1951 5020">
     <span class='ocr_line' id='line_1_96' title="bbox 374 4943 1951 5020; baseline -0.004 -18"><span class='ocrx_word' id='word_1_690' title='bbox 374 4951 609 5020; x_wconf 69' lang='grc' dir='ltr'>πατέρα,</span> <span class='ocrx_word' id='word_1_691' title='bbox 645 4950 1060 5017; x_wconf 82' lang='grc' dir='ltr'>σκευασάμενον</span> <span class='ocrx_word' id='word_1_692' title='bbox 1080 4946 1180 5017; x_wconf 76' lang='grc' dir='ltr'>τήν</span> <span class='ocrx_word' id='word_1_693' title='bbox 1204 4945 1485 5018; x_wconf 68' lang='grc' dir='ltr'>θυγατέρα</span> <span class='ocrx_word' id='word_1_694' title='bbox 1518 4943 1685 4996; x_wconf 78' lang='grc' dir='ltr'>αὑτοῦ</span> <span class='ocrx_word' id='word_1_695' title='bbox 1712 4944 1791 5014; x_wconf 80' lang='grc' dir='ltr'>τῷ</span> <span class='ocrx_word' id='word_1_696' title='bbox 1821 4945 1951 4997; x_wconf 79' lang='grc' dir='ltr'>καλ-</span> 
     </span>
    </p>
   </div>
   <div class='ocr_carea' id='block_1_97' title="bbox 376 5037 1953 5113">
    <p class='ocr_par' dir='ltr' id='par_1_97' title="bbox 376 5037 1953 5113">
     <span class='ocr_line' id='line_1_97' title="bbox 376 5037 1953 5113; baseline -0.001 -22"><span class='ocrx_word' id='word_1_697' title='bbox 376 5041 546 5113; x_wconf 80' lang='grc' dir='ltr'>λίστῳ</span> <span class='ocrx_word' id='word_1_698' title='bbox 571 5043 638 5112; x_wconf 76' lang='grc' dir='ltr'><strong>δὴ</strong></span> <span class='ocrx_word' id='word_1_699' title='bbox 671 5041 888 5113; x_wconf 77' lang='grc' dir='ltr'>κόσμῳ,</span> <span class='ocrx_word' id='word_1_700' title='bbox 942 5041 1197 5096; x_wconf 67' lang='grc' dir='ltr'>ἐκδοῦναι</span> <span class='ocrx_word' id='word_1_701' title='bbox 1234 5042 1314 5111; x_wconf 83' lang='grc' dir='ltr'><strong>τῷ</strong></span> <span class='ocrx_word' id='word_1_702' title='bbox 1371 5039 1604 5110; x_wconf 81' lang='grc' dir='ltr'>βασιλεῖ.</span> <span class='ocrx_word' id='word_1_703' title='bbox 1647 5039 1847 5108; x_wconf 80' lang='grc' dir='ltr'>Τυχεῑν</span> <span class='ocrx_word' id='word_1_704' title='bbox 1895 5037 1953 5091; x_wconf 73' lang='grc' dir='ltr'><strong>δὲ</strong></span> 
     </span>
    </p>
   </div>
   <div class='ocr_carea' id='block_1_98' title="bbox 381 5132 1951 5208">
    <p class='ocr_par' dir='ltr' id='par_1_98' title="bbox 381 5132 1951 5208">
     <span class='ocr_line' id='line_1_98' title="bbox 381 5132 1951 5208; baseline -0.001 -22"><span class='ocrx_word' id='word_1_705' title='bbox 381 5136 564 5208; x_wconf 68' lang='grc' dir='ltr'>ἰατρὸν</span> <span class='ocrx_word' id='word_1_706' title='bbox 591 5138 685 5190; x_wconf 74' lang='grc' dir='ltr'><strong>τὸν</strong></span> <span class='ocrx_word' id='word_1_707' title='bbox 719 5136 817 5204; x_wconf 81' lang='grc' dir='ltr'>τῆς</span> <span class='ocrx_word' id='word_1_708' title='bbox 865 5135 1063 5200; x_wconf 77' lang='grc' dir='ltr'>παιδὸς</span> <span class='ocrx_word' id='word_1_709' title='bbox 1117 5135 1326 5204; x_wconf 79' lang='grc' dir='ltr'>ταύτης</span> <span class='ocrx_word' id='word_1_710' title='bbox 1365 5134 1602 5203; x_wconf 82' lang='grc' dir='ltr'>πατέρα,</span> <span class='ocrx_word' id='word_1_711' title='bbox 1635 5132 1844 5204; x_wconf 74' lang='grc' dir='ltr'>ἥκοντά</span> <span class='ocrx_word' id='word_1_712' title='bbox 1892 5148 1951 5184; x_wconf 91' lang='grc' dir='ltr'><strong>τε</strong></span> 
     </span>
    </p>
   </div>
   <div class='ocr_carea' id='block_1_99' title="bbox 380 5221 1952 5296">
    <p class='ocr_par' dir='ltr' id='par_1_99' title="bbox 380 5221 1952 5296">
     <span class='ocr_line' id='line_1_99' title="bbox 380 5221 1952 5296; baseline 0.001 -21"><span class='ocrx_word' id='word_1_713' title='bbox 380 5223 435 5286; x_wconf 69' lang='grc' dir='ltr'>ἐς</span> <span class='ocrx_word' id='word_1_714' title='bbox 455 5225 523 5277; x_wconf 71' lang='grc' dir='ltr'><strong>τά</strong></span> <span class='ocrx_word' id='word_1_715' title='bbox 544 5225 741 5296; x_wconf 84' lang='grc' dir='ltr'>πρῶτα</span> <span class='ocrx_word' id='word_1_716' title='bbox 779 5226 880 5294; x_wconf 82' lang='grc' dir='ltr'>τῆς</span> <span class='ocrx_word' id='word_1_717' title='bbox 918 5225 1137 5296; x_wconf 76' lang='grc' dir='ltr'>τέχνης,</span> <span class='ocrx_word' id='word_1_718' title='bbox 1188 5225 1286 5278; x_wconf 73' lang='grc' dir='ltr'>καὶ</span> <span class='ocrx_word' id='word_1_719' title='bbox 1339 5224 1432 5277; x_wconf 74' lang='grc' dir='ltr'><strong>ἐπὶ</strong></span> <span class='ocrx_word' id='word_1_720' title='bbox 1484 5225 1682 5294; x_wconf 75' lang='grc' dir='ltr'>πεῖραν</span> <span class='ocrx_word' id='word_1_721' title='bbox 1736 5221 1952 5276; x_wconf 83' lang='grc' dir='ltr'>πολλῶν</span> 
     </span>
    </p>
   </div>
   <div class='ocr_carea' id='block_1_100' title="bbox 1983 4542 2030 4598">
    <p class='ocr_par' dir='ltr' id='par_1_100' title="bbox 1983 4542 2030 4598">
     <span class='ocr_line' id='line_1_100' title="bbox 1983 4542 2030 4598; baseline 0 0"><span class='ocrx_word' id='word_1_722' title='bbox 1983 4542 2030 4598; x_wconf 88' lang='lat' dir='ltr'><strong>D</strong></span> 
     </span>
    </p>
   </div>
   <div class='ocr_carea' id='block_1_101' title="bbox 2060 4574 3643 4649">
    <p class='ocr_par' dir='ltr' id='par_1_101' title="bbox 2060 4574 3643 4649">
     <span class='ocr_line' id='line_1_101' title="bbox 2060 4574 3643 4649; baseline 0.013 -21"><span class='ocrx_word' id='word_1_723' title='bbox 2060 4587 2262 4642; x_wconf 89' lang='lat' dir='ltr'><strong>peraus</strong></span> <span class='ocrx_word' id='word_1_724' title='bbox 2292 4585 2346 4630; x_wconf 91' lang='lat' dir='ltr'><strong>et</strong></span> <span class='ocrx_word' id='word_1_725' title='bbox 2381 4574 2902 4645; x_wconf 88' lang='lat' dir='ltr'><strong>libidinosissimus,</strong></span> <span class='ocrx_word' id='word_1_726' title='bbox 2933 4591 2991 4635; x_wconf 90' lang='lat' dir='ltr'><strong>et</strong></span> <span class='ocrx_word' id='word_1_727' title='bbox 3026 4591 3238 4638; x_wconf 87' lang='lat' dir='ltr'><strong>tantum</strong></span> <span class='ocrx_word' id='word_1_728' title='bbox 3265 4602 3374 4643; x_wconf 89' lang='lat' dir='ltr'><strong>non</strong></span> <span class='ocrx_word' id='word_1_729' title='bbox 3408 4591 3643 4649; x_wconf 80' lang='lat' dir='ltr'><strong>insanie-</strong></span> 
     </span>
    </p>
   </div>
   <div class='ocr_carea' id='block_1_102' title="bbox 2057 4666 3640 4752">
    <p class='ocr_par' dir='ltr' id='par_1_102' title="bbox 2057 4666 3640 4752">
     <span class='ocr_line' id='line_1_102' title="bbox 2057 4666 3640 4752; baseline 0.011 -31"><span class='ocrx_word' id='word_1_730' title='bbox 2057 4666 2152 4721; x_wconf 89' lang='lat' dir='ltr'><strong>bat</strong></span> <span class='ocrx_word' id='word_1_731' title='bbox 2200 4683 2390 4723; x_wconf 84' lang='lat' dir='ltr'><strong>amore</strong></span> <span class='ocrx_word' id='word_1_732' title='bbox 2426 4668 2749 4724; x_wconf 84' lang='lat' dir='ltr'><strong>mulierum.</strong></span> <span class='ocrx_word' id='word_1_733' title='bbox 2781 4668 3080 4729; x_wconf 83' lang='lat' dir='ltr'><strong>Jusserunt</strong></span> <span class='ocrx_word' id='word_1_734' title='bbox 3126 4676 3314 4746; x_wconf 86' lang='lat' dir='ltr'><strong>itaque</strong></span> <span class='ocrx_word' id='word_1_735' title='bbox 3345 4680 3640 4752; x_wconf 78' lang='lat' dir='ltr'><strong>Tyrrheni,</strong></span> 
     </span>
    </p>
   </div>
   <div class='ocr_carea' id='block_1_103' title="bbox 2061 4760 3644 4836">
    <p class='ocr_par' dir='ltr' id='par_1_103' title="bbox 2061 4760 3644 4836">
     <span class='ocr_line' id='line_1_103' title="bbox 2061 4760 3644 4836; baseline 0.012 -24"><span class='ocrx_word' id='word_1_736' title='bbox 2061 4768 2120 4813; x_wconf 89' lang='lat' dir='ltr'><strong>ut</strong></span> <span class='ocrx_word' id='word_1_737' title='bbox 2156 4767 2313 4830; x_wconf 86' lang='lat' dir='ltr'><strong>pater</strong></span> <span class='ocrx_word' id='word_1_738' title='bbox 2345 4760 2576 4830; x_wconf 84' lang='lat' dir='ltr'><strong>virginis</strong></span> <span class='ocrx_word' id='word_1_739' title='bbox 2608 4777 2729 4816; x_wconf 89' lang='lat' dir='ltr'><strong>eam</strong></span> <span class='ocrx_word' id='word_1_740' title='bbox 2765 4778 2932 4833; x_wconf 90' lang='lat' dir='ltr'><strong>quam</strong></span> <span class='ocrx_word' id='word_1_741' title='bbox 2989 4767 3364 4836; x_wconf 87' lang='lat' dir='ltr'><strong>pulcherrime</strong></span> <span class='ocrx_word' id='word_1_742' title='bbox 3408 4789 3644 4830; x_wconf 86' lang='lat' dir='ltr'><strong>exorna-</strong></span> 
     </span>
    </p>
   </div>
   <div class='ocr_carea' id='block_1_104' title="bbox 2062 4854 3642 4927">
    <p class='ocr_par' dir='ltr' id='par_1_104' title="bbox 2062 4854 3642 4927">
     <span class='ocr_line' id='line_1_104' title="bbox 2062 4854 3642 4927; baseline 0.011 -20"><span class='ocrx_word' id='word_1_743' title='bbox 2062 4861 2173 4907; x_wconf 85' lang='lat' dir='ltr'><strong>tam</strong></span> <span class='ocrx_word' id='word_1_744' title='bbox 2206 4857 2316 4924; x_wconf 85' lang='lat' dir='ltr'><strong>regl</strong></span> <span class='ocrx_word' id='word_1_745' title='bbox 2349 4854 2611 4909; x_wconf 80' lang='lat' dir='ltr'><strong>traderet.</strong></span> <span class='ocrx_word' id='word_1_746' title='bbox 2645 4854 2838 4921; x_wconf 80' lang='lat' dir='ltr'><strong>Aiunt,</strong></span> <span class='ocrx_word' id='word_1_747' title='bbox 2860 4857 3055 4925; x_wconf 72' lang='lat' dir='ltr'><strong>puclla:</strong></span> <span class='ocrx_word' id='word_1_748' title='bbox 3086 4871 3295 4927; x_wconf 87' lang='lat' dir='ltr'><strong>patrem</strong></span> <span class='ocrx_word' id='word_1_749' title='bbox 3325 4864 3497 4921; x_wconf 81' lang='lat' dir='ltr'><strong>fuisse</strong></span> <span class='ocrx_word' id='word_1_750' title='bbox 3526 4885 3642 4926; x_wconf 89' lang='lat' dir='ltr'><strong>mc-</strong></span> 
     </span>
    </p>
   </div>
   <div class='ocr_carea' id='block_1_105' title="bbox 2057 4943 3640 5015">
    <p class='ocr_par' dir='ltr' id='par_1_105' title="bbox 2057 4943 3640 5015">
     <span class='ocr_line' id='line_1_105' title="bbox 2057 4943 3640 5015; baseline 0.01 -17"><span class='ocrx_word' id='word_1_751' title='bbox 2057 4943 2239 5000; x_wconf 90' lang='lat' dir='ltr'><strong>dicum</strong></span> <span class='ocrx_word' id='word_1_752' title='bbox 2266 4945 2557 5015; x_wconf 83' lang='lat' dir='ltr'><strong>insignem,</strong></span> <span class='ocrx_word' id='word_1_753' title='bbox 2599 4944 2740 5000; x_wconf 88' lang='lat' dir='ltr'><strong>adeo</strong></span> <span class='ocrx_word' id='word_1_754' title='bbox 2775 4953 2836 5001; x_wconf 91' lang='lat' dir='ltr'><strong>ut</strong></span> <span class='ocrx_word' id='word_1_755' title='bbox 2869 4945 3034 5003; x_wconf 80' lang='lat' dir='ltr'><strong>[acile</strong></span> <span class='ocrx_word' id='word_1_756' title='bbox 3063 4963 3256 5005; x_wconf 86' lang='lat' dir='ltr'><strong>omnes</strong></span> <span class='ocrx_word' id='word_1_757' title='bbox 3281 4968 3343 5008; x_wconf 88' lang='lat' dir='ltr'><strong>ea</strong></span> <span class='ocrx_word' id='word_1_758' title='bbox 3374 4954 3640 5015; x_wconf 78' lang='lat' dir='ltr'><strong>facultate</strong></span> 
     </span>
    </p>
   </div>
   <div class='ocr_carea' id='block_1_106' title="bbox 2056 5037 3637 5109">
    <p class='ocr_par' dir='ltr' id='par_1_106' title="bbox 2056 5037 3637 5109">
     <span class='ocr_line' id='line_1_106' title="bbox 2056 5037 3637 5109; baseline 0.01 -18"><span class='ocrx_word' id='word_1_759' title='bbox 2056 5045 2365 5105; x_wconf 68' lang='lat' dir='ltr'><strong>superaret.</strong></span> <span class='ocrx_word' id='word_1_760' title='bbox 2403 5037 2540 5091; x_wconf 81' lang='lat' dir='ltr'><strong>Cum</strong></span> <span class='ocrx_word' id='word_1_761' title='bbox 2595 5037 2767 5109; x_wconf 82' lang='lat' dir='ltr'><strong>igitur</strong></span> <span class='ocrx_word' id='word_1_762' title='bbox 2812 5037 2983 5094; x_wconf 81' lang='lat' dir='ltr'><strong>multa</strong></span> <span class='ocrx_word' id='word_1_763' title='bbox 3018 5050 3278 5107; x_wconf 84' lang='lat' dir='ltr'><strong>tentaret,</strong></span> <span class='ocrx_word' id='word_1_764' title='bbox 3311 5062 3412 5103; x_wconf 91' lang='lat' dir='ltr'><strong>nec</strong></span> <span class='ocrx_word' id='word_1_765' title='bbox 3451 5057 3637 5107; x_wconf 83' lang='lat' dir='ltr'><strong>tamen</strong></span> 
     </span>
    </p>
   </div>
   <div class='ocr_carea' id='block_1_107' title="bbox 2058 5129 3636 5212">
    <p class='ocr_par' dir='ltr' id='par_1_107' title="bbox 2058 5129 3636 5212">
     <span class='ocr_line' id='line_1_107' title="bbox 2058 5129 3636 5212; baseline 0.011 -31"><span class='ocrx_word' id='word_1_766' title='bbox 2058 5129 2376 5199; x_wconf 85' lang='lat' dir='ltr'><strong>possetulla</strong></span> <span class='ocrx_word' id='word_1_767' title='bbox 2409 5131 2622 5186; x_wconf 87' lang='lat' dir='ltr'><strong>ratione</strong></span> <span class='ocrx_word' id='word_1_768' title='bbox 2660 5131 2768 5186; x_wconf 88' lang='lat' dir='ltr'><strong>sibi</strong></span> <span class='ocrx_word' id='word_1_769' title='bbox 2801 5131 3126 5201; x_wconf 81' lang='lat' dir='ltr'><strong>consulere,</strong></span> <span class='ocrx_word' id='word_1_770' title='bbox 3161 5135 3295 5204; x_wconf 89' lang='lat' dir='ltr'><strong>quin</strong></span> <span class='ocrx_word' id='word_1_771' title='bbox 3327 5138 3493 5194; x_wconf 78' lang='lat' dir='ltr'><strong>tiliam</strong></span> <span class='ocrx_word' id='word_1_772' title='bbox 3525 5144 3636 5212; x_wconf 83' lang='lat' dir='ltr'><strong>regi</strong></span> 
     </span>
    </p>
   </div>
   <div class='ocr_carea' id='block_1_108' title="bbox 2059 5223 3640 5300">
    <p class='ocr_par' dir='ltr' id='par_1_108' title="bbox 2059 5223 3640 5300">
     <span class='ocr_line' id='line_1_108' title="bbox 2059 5223 3640 5300; baseline 0.01 -24"><span class='ocrx_word' id='word_1_773' title='bbox 2059 5224 2237 5290; x_wconf 85' lang='lat' dir='ltr'><strong>daret,</strong></span> <span class='ocrx_word' id='word_1_774' title='bbox 2266 5223 2620 5280; x_wconf 87' lang='lat' dir='ltr'><strong>commiscuit</strong></span> <span class='ocrx_word' id='word_1_775' title='bbox 2649 5226 2888 5283; x_wconf 87' lang='lat' dir='ltr'><strong>cicutam</strong></span> <span class='ocrx_word' id='word_1_776' title='bbox 2925 5241 3090 5298; x_wconf 88' lang='lat' dir='ltr'><strong>quam</strong></span> <span class='ocrx_word' id='word_1_777' title='bbox 3117 5232 3295 5300; x_wconf 90' lang='lat' dir='ltr'><strong>potuit</strong></span> <span class='ocrx_word' id='word_1_778' title='bbox 3320 5232 3640 5295; x_wconf 71' lang='lat' dir='ltr'><strong>efﬁcacissi-</strong></span> 
     </span>
    </p>
   </div>
   <div class='ocr_carea' id='block_1_109' title="bbox 1634 5341 2328 5424">
    <p class='ocr_par' dir='ltr' id='par_1_109' title="bbox 1634 5341 2328 5424">
     <span class='ocr_line' id='line_1_109' title="bbox 1634 5341 2328 5424; baseline 0.006 -22"><span class='ocrx_word' id='word_1_779' title='bbox 1634 5341 1880 5404; x_wconf 75' lang='lat' dir='ltr'><strong>Notulie</strong></span> <span class='ocrx_word' id='word_1_780' title='bbox 1918 5344 2328 5424; x_wconf 79' lang='lat' dir='ltr'><strong>uiarginales.</strong></span> 
     </span>
    </p>
   </div>
   <div class='ocr_carea' id='block_1_110' title="bbox 452 5447 1280 5522">
    <p class='ocr_par' dir='ltr' id='par_1_110' title="bbox 452 5447 1280 5522">
     <span class='ocr_line' id='line_1_110' title="bbox 452 5447 1280 5522; baseline -0.01 -16"><span class='ocrx_word' id='word_1_781' title='bbox 452 5449 562 5522; x_wconf 67' lang='grc'><strong>(48)</strong></span> <span class='ocrx_word' id='word_1_782' title='bbox 597 5448 844 5522; x_wconf 62' lang='lat' dir='ltr'><strong>gaietani</strong></span> <span class='ocrx_word' id='word_1_783' title='bbox 879 5455 933 5522; x_wconf 89' lang='lat' dir='ltr'><strong>c_t</strong></span> <span class='ocrx_word' id='word_1_784' title='bbox 957 5447 1280 5522; x_wconf 71' lang='lat' dir='ltr'><strong>Agnaniam.</strong></span> 
     </span>
    </p>
   </div>
   <div class='ocr_carea' id='block_1_111' title="bbox 451 5516 1701 5592">
    <p class='ocr_par' dir='ltr' id='par_1_111' title="bbox 451 5516 1701 5592">
     <span class='ocr_line' id='line_1_111' title="bbox 451 5516 1701 5592; baseline -0.004 -18"><span class='ocrx_word' id='word_1_785' title='bbox 451 5516 560 5587; x_wconf 48' lang='lat'><strong>(&#39;49)</strong></span> <span class='ocrx_word' id='word_1_786' title='bbox 588 5519 720 5592; x_wconf 17' lang='lat' dir='ltr'><strong>iSive</strong></span> <span class='ocrx_word' id='word_1_787' title='bbox 749 5516 1024 5592; x_wconf 76' lang='lat' dir='ltr'><strong>Rhegium</strong></span> <span class='ocrx_word' id='word_1_788' title='bbox 1047 5521 1132 5592; x_wconf 69' lang='lat' dir='ltr'><strong>vel</strong></span> <span class='ocrx_word' id='word_1_789' title='bbox 1166 5516 1468 5592; x_wconf 62' lang='lat' dir='ltr'><strong>Dauniatn._</strong></span> <span class='ocrx_word' id='word_1_790' title='bbox 1577 5583 1608 5592; x_wconf 86' lang='lat'><strong>__</strong></span> <span class='ocrx_word' id='word_1_791' title='bbox 1638 5583 1701 5592; x_wconf 44' lang='grc' dir='ltr'><strong>η</strong></span> 
     </span>
    </p>
   </div>
   <div class='ocr_carea' id='block_1_112' title="bbox 453 5583 1953 5659">
    <p class='ocr_par' dir='ltr' id='par_1_112' title="bbox 453 5583 1953 5659">
     <span class='ocr_line' id='line_1_112' title="bbox 453 5583 1953 5659; baseline -0.006 -14"><span class='ocrx_word' id='word_1_792' title='bbox 453 5583 562 5659; x_wconf 71' lang='grc'><strong>(50)</strong></span> <span class='ocrx_word' id='word_1_793' title='bbox 584 5583 1276 5659; x_wconf 55' lang='grc' dir='ltr'>ΙιςιόίειαιιέΝεαρωἰιειηιιε</span> <span class='ocrx_word' id='word_1_794' title='bbox 1296 5601 1410 5648; x_wconf 81' lang='lat' dir='ltr'><strong>rex,</strong></span> <span class='ocrx_word' id='word_1_795' title='bbox 1429 5583 1609 5659; x_wconf 75' lang='lat' dir='ltr'><strong>Caroli</strong></span> <span class='ocrx_word' id='word_1_796' title='bbox 1633 5583 1818 5659; x_wconf 79' lang='lat' dir='ltr'><strong>filius,_</strong></span> <span class='ocrx_word' id='word_1_797' title='bbox 1841 5598 1953 5659; x_wconf 82' lang='lat' dir='ltr'><strong>non</strong></span> 
     </span>
    </p>
   </div>
   <div class='ocr_carea' id='block_1_113' title="bbox 386 5654 1944 5728">
    <p class='ocr_par' dir='ltr' id='par_1_113' title="bbox 386 5654 1944 5728">
     <span class='ocr_line' id='line_1_113' title="bbox 386 5654 1944 5728; baseline -0.004 -13"><span class='ocrx_word' id='word_1_798' title='bbox 386 5654 620 5724; x_wconf 80' lang='lat' dir='ltr'><strong>eCallis,</strong></span> <span class='ocrx_word' id='word_1_799' title='bbox 649 5662 743 5715; x_wconf 82' lang='lat' dir='ltr'><strong>sed</strong></span> <span class='ocrx_word' id='word_1_800' title='bbox 767 5676 831 5714; x_wconf 86' lang='lat' dir='ltr'><strong>ex</strong></span> <span class='ocrx_word' id='word_1_801' title='bbox 858 5654 1110 5728; x_wconf 24' lang='lat' dir='ltr'><strong>Unga‘ria:</strong></span> <span class='ocrx_word' id='word_1_802' title='bbox 1135 5660 1356 5724; x_wconf 83' lang='lat' dir='ltr'><strong>regibus</strong></span> <span class='ocrx_word' id='word_1_803' title='bbox 1404 5656 1669 5722; x_wconf 80' lang='lat' dir='ltr'><strong>originem</strong></span> <span class='ocrx_word' id='word_1_804' title='bbox 1733 5654 1944 5708; x_wconf 86' lang='lat' dir='ltr'><strong>habuit.</strong></span> 
     </span>
    </p>
   </div>
   <div class='ocr_carea' id='block_1_114' title="bbox 456 5796 1684 5871">
    <p class='ocr_par' dir='ltr' id='par_1_114' title="bbox 456 5796 1684 5871">
     <span class='ocr_line' id='line_1_114' title="bbox 456 5796 1684 5871; baseline -0.007 -17"><span class='ocrx_word' id='word_1_805' title='bbox 456 5802 497 5833; x_wconf 76' lang='grc'><strong>⁸⁷</strong></span> <span class='ocrx_word' id='word_1_806' title='bbox 530 5801 719 5871; x_wconf 72' lang='grc' dir='ltr'>Ἰονίῳ.</span> <span class='ocrx_word' id='word_1_807' title='bbox 758 5800 838 5852; x_wconf 70' lang='lat' dir='ltr'><strong>Al.</strong></span> <span class='ocrx_word' id='word_1_808' title='bbox 875 5800 1002 5851; x_wconf 76' lang='lat' dir='ltr'><strong>utin</strong></span> <span class='ocrx_word' id='word_1_809' title='bbox 1047 5815 1091 5852; x_wconf 88' lang='lat' dir='ltr'><strong>c.</strong></span> <span class='ocrx_word' id='word_1_810' title='bbox 1167 5797 1211 5827; x_wconf 79' lang='grc'>⁸⁸</span> <span class='ocrx_word' id='word_1_811' title='bbox 1255 5796 1319 5849; x_wconf 81' lang='lat' dir='ltr'><strong>In</strong></span> <span class='ocrx_word' id='word_1_812' title='bbox 1346 5796 1449 5847; x_wconf 73' lang='lat' dir='ltr'><strong>alio</strong></span> <span class='ocrx_word' id='word_1_813' title='bbox 1479 5797 1684 5848; x_wconf 71' lang='lat' dir='ltr'><strong>desum.</strong></span> 
     </span>
    </p>
   </div>
   <div class='ocr_carea' id='block_1_115' title="bbox 705 5902 1371 5963">
    <p class='ocr_par' dir='ltr' id='par_1_115' title="bbox 705 5902 1371 5963">
     <span class='ocr_line' id='line_1_115' title="bbox 705 5902 1371 5963; baseline 0.012 -7"><span class='ocrx_word' id='word_1_814' title='bbox 705 5902 967 5958; x_wconf 52' lang='lat' dir='ltr'><strong>Parnm&quot;</strong></span> <span class='ocrx_word' id='word_1_815' title='bbox 1015 5903 1124 5960; x_wconf 71' lang='lat' dir='ltr'><strong>(In.</strong></span> <span class='ocrx_word' id='word_1_816' title='bbox 1173 5904 1371 5963; x_wconf 81' lang='lat' dir='ltr'><strong>CLIX.</strong></span> 
     </span>
    </p>
   </div>
   <div class='ocr_carea' id='block_1_116' title="bbox 2063 5443 3632 5515">
    <p class='ocr_par' dir='ltr' id='par_1_116' title="bbox 2063 5443 3632 5515">
     <span class='ocr_line' id='line_1_116' title="bbox 2063 5443 3632 5515; baseline 0.011 -17"><span class='ocrx_word' id='word_1_817' title='bbox 2063 5443 2221 5498; x_wconf 73' lang='lat' dir='ltr'><strong>Boni.</strong></span> <span class='ocrx_word' id='word_1_818' title='bbox 2249 5445 2365 5501; x_wconf 89' lang='lat' dir='ltr'><strong>dec.</strong></span> <span class='ocrx_word' id='word_1_819' title='bbox 2392 5443 2448 5498; x_wconf 83' lang='lat'><strong>3.</strong></span> <span class='ocrx_word' id='word_1_820' title='bbox 2468 5443 2565 5501; x_wconf 86' lang='lat' dir='ltr'><strong>lib.</strong></span> <span class='ocrx_word' id='word_1_821' title='bbox 2599 5461 2669 5511; x_wconf 85' lang='lat' dir='ltr'><strong>tt;</strong></span> <span class='ocrx_word' id='word_1_822' title='bbox 2699 5446 2832 5502; x_wconf 76' lang='lat' dir='ltr'><strong>Bob.</strong></span> <span class='ocrx_word' id='word_1_823' title='bbox 2873 5448 3016 5506; x_wconf 75' lang='lat' dir='ltr'><strong>Hist.</strong></span> <span class='ocrx_word' id='word_1_824' title='bbox 3051 5452 3145 5508; x_wconf 90' lang='lat' dir='ltr'><strong>lib.</strong></span> <span class='ocrx_word' id='word_1_825' title='bbox 3176 5469 3301 5509; x_wconf 70' lang='lat' dir='ltr'><strong>xxv.</strong></span> <span class='ocrx_word' id='word_1_826' title='bbox 3333 5457 3461 5512; x_wconf 84' lang='lat' dir='ltr'><strong>Sab.</strong></span> <span class='ocrx_word' id='word_1_827' title='bbox 3490 5457 3632 5515; x_wconf 75' lang='lat' dir='ltr'><strong>Enn.</strong></span> 
     </span>
    </p>
   </div>
   <div class='ocr_carea' id='block_1_117' title="bbox 2058 5515 2956 5586">
    <p class='ocr_par' dir='ltr' id='par_1_117' title="bbox 2058 5515 2956 5586">
     <span class='ocr_line' id='line_1_117' title="bbox 2058 5515 2956 5586; baseline 0.007 -18"><span class='ocrx_word' id='word_1_828' title='bbox 2058 5515 2112 5575; x_wconf 86' lang='lat'><strong>9.</strong></span> <span class='ocrx_word' id='word_1_829' title='bbox 2142 5515 2234 5586; x_wconf 85' lang='lat' dir='ltr'><strong>lib.</strong></span> <span class='ocrx_word' id='word_1_830' title='bbox 2270 5530 2345 5586; x_wconf 84' lang='lat' dir='ltr'><strong>t_x.</strong></span> <span class='ocrx_word' id='word_1_831' title='bbox 2380 5515 2544 5586; x_wconf 88' lang='lat' dir='ltr'><strong>quue</strong></span> <span class='ocrx_word' id='word_1_832' title='bbox 2576 5529 2755 5571; x_wconf 87' lang='lat' dir='ltr'><strong>aetum</strong></span> <span class='ocrx_word' id='word_1_833' title='bbox 2798 5520 2956 5574; x_wconf 75' lang='grc' dir='ltr'><strong>ΗΠ.</strong></span> 
     </span>
    </p>
   </div>
   <div class='ocr_carea' id='block_1_118' title="bbox 2132 5584 3068 5656">
    <p class='ocr_par' dir='ltr' id='par_1_118' title="bbox 2132 5584 3068 5656">
     <span class='ocr_line' id='line_1_118' title="bbox 2132 5584 3068 5656; baseline 0.007 -19"><span class='ocrx_word' id='word_1_834' title='bbox 2132 5584 2245 5654; x_wconf 76' lang='grc'><strong>(51)</strong></span> <span class='ocrx_word' id='word_1_835' title='bbox 2287 5584 2428 5641; x_wconf 81' lang='lat' dir='ltr'><strong>Idem</strong></span> <span class='ocrx_word' id='word_1_836' title='bbox 2456 5584 2612 5641; x_wconf 74' lang='lat' dir='ltr'><strong>Bonl.</strong></span> <span class='ocrx_word' id='word_1_837' title='bbox 2650 5589 2745 5646; x_wconf 85' lang='lat' dir='ltr'><strong>lib.</strong></span> <span class='ocrx_word' id='word_1_838' title='bbox 2777 5605 2838 5656; x_wconf 81' lang='grc' dir='ltr'><strong>ιι,</strong></span> <span class='ocrx_word' id='word_1_839' title='bbox 2867 5594 2987 5646; x_wconf 82' lang='lat' dir='ltr'><strong>dcc.</strong></span> <span class='ocrx_word' id='word_1_840' title='bbox 3014 5594 3068 5646; x_wconf 78' lang='lat'><strong>5.</strong></span> 
     </span>
    </p>
   </div>
  </div>
