4168 6282
570 377 677 443 ἳδτ

1726 378 2035 439 LAONICI
2068 375 2726 437 CHALCOCONDYLE

3726 368 3835 431 268

572 511 740 553 lnam.
785 495 843 551 In
877 494 980 549 ista
1014 509 1251 564 namque
1286 494 1457 550 Italia:
1490 496 1624 551 urbe
1656 495 1891 551 cicutam
1920 494 2146 549 commi-

2257 493 2607 563 ὰφικόμενον.
2662 491 2748 552 Ὠς
2789 489 2830 542 δ’
2854 489 2911 541 οὐ
2955 488 3031 559 μὴ
3072 487 3287 540 δύναιτο
3326 485 3638 554 διαφυγεῖν,
3691 482 3838 536 ὥστε

574 604 729 644 scere
758 588 938 643 solent
969 586 1327 643 cllieaciorem
1350 603 1514 657 quam
1547 589 1600 641 in
1635 589 1860 659 reliquis
1887 588 2142 642 urbibus.

571 677 801 747 Accepit
830 685 884 730 et
911 691 1173 747 pannum,
1198 693 1359 747 quem
1406 683 1599 732 cicutze
1631 679 1920 746 immersit,
1963 690 2021 733 ut
2055 694 2146 733 ve-

573 781 773 821 nenum
795 767 1105 821 imbiberat.
1134 767 1252 834 Quo
1275 767 1443 834 facto,
1472 784 1713 838 pannum
1734 786 1942 825 veneno
1966 772 2143 825 imbu-

574 870 687 913 tum
719 857 843 913 tiliae
871 859 1022 914 dedit
1050 877 1063 913 :
1093 875 1345 926 monens,
1380 870 1437 915 ut
1467 862 1560 917 ubi
1591 877 1683 917 rex
1713 878 1837 917 cum
1855 878 1917 918 ea
1942 878 2145 919 concu»

571 952 805 1016 buisset,
842 952 955 1021 ipsa
993 969 1175 1023 panno
1205 955 1313 1009 isto
1358 958 1656 1010 mentulam
1690 958 1815 1025 ejus
1842 972 2008 1029 quam
2043 960 2142 1012 de-

573 1043 890 1099 centissime
919 1046 1278 1116 abstergeret.
1309 1048 1467 1103 IIunc
1508 1049 1675 1119 igitur
1696 1065 1819 1103 cum
1846 1050 2148 1119 accepisset

574 1153 814 1205 pannum
847 1154 984 1192 auro
1026 1150 1377 1204 exornatum,
1424 1144 1852 1211 spectaculoque
1898 1145 2146 1214 dignum,

574 1243 698 1282 cum
722 1228 1014 1299 diligenter
1036 1232 1352 1296 custodivit,
1377 1242 1437 1285 ut
1461 1235 1598 1302 regi,
1627 1233 1787 1286 sicuti
1819 1242 1975 1302 pater
2006 1226 2145 1302 prre-

572 1328 814 1389 ceperat,
850 1329 975 1390 post
997 1324 1353 1377 concubitum
1388 1324 1656 1377 inservire
1688 1332 1894 1393 posset.
1935 1323 2148 1379 Ducen-

568 1412 654 1468 tes
678 1412 845 1483 igitur
869 1414 1131 1483 virginem
1174 1416 1358 1479 istam,
1382 1417 1704 1472 obtulerunt
1735 1432 1855 1471 eam
1895 1420 2027 1486 regi,
2054 1419 2146 1486 qui

572 1521 634 1559 ca
671 1506 809 1567 visa.
870 1505 1057 1561 formae
1094 1508 1508 1578 pulchritudine
1574 1523 1786 1579 captus,
1840 1512 2147 1581 obstupuit,

575 1612 867 1667 amoreque
916 1598 1137 1661 ardens,
1200 1614 1326 1653 cum
1382 1615 1442 1653 ea
1505 1602 1729 1656 Veneris
1769 1602 1948 1657 faedus
2004 1603 2146 1657 iniit.

558 1688 757 1744 'Puella
818 1700 1000 1744 autem
1047 1691 1201 1761 jussa
1238 1695 1414 1762 patris
1446 1693 1681 1761 faciens,
1707 1697 1899 1749 multis
1938 1694 2150 1750 blandi-

575 1783 777 1836 mentis
808 1782 1094 1845 adhibitis,
1128 1797 1308 1852 panno
1336 1785 1479 1853 regis
1519 1785 1817 1837 meniulam
1866 1785 2147 1839 abstersit.

2257 586 2335 655 μὴ
2366 584 2617 638 ἐκδοῦναι
2643 584 2741 655 τὴν
2772 582 3066 651 θυγατέρα,
3105 580 3549 651 ὲγκερασάμενον
3600 576 3840 629 κώνειον

2245 678 2321 739 ὡς
2346 676 2580 744 ἠδύνατο
2610 676 2988 746 ἰσχυρότατον,
3021 676 3077 727 ὲν
3118 673 3183 743 δὴ
3221 673 3392 743 ταύτῃ
3416 673 3485 744 τῇ
3516 673 3676 725 πόλει
3732 672 3840 737 μά-

2250 771 2410 823 λιστα
2453 770 2519 841 δὴ
2558 770 2668 822 τῶν
2732 772 2789 822 ὲν
2845 767 3047 838 Ἰταλίᾳ
3090 766 3297 818 πόλεων
3340 762 3717 835 ὲγκρινῶνται
3781 761 3846 811 τὸ

2249 863 2475 915 κώνειον
2530 862 2758 931 άμεινον
2814 860 2924 913 τῶν
2953 860 3011 912 ὲν
3054 862 3175 921 ταῖς
3230 856 3420 921 άλλαις
3481 854 3705 917 πόλεσι,
3747 850 3848 905 καὶ

2250 953 2581 1022 ἑμόάψαντα
2606 955 2669 1006 τὸ
2699 953 2912 1006 λέντιον
2937 953 2994 1015 ἐς
3029 951 3092 1003 τὸ
3140 949 3392 1012 κώνειον,
3418 947 3665 1017 φέροντα
3721 940 3847 995 δοῦ-

2250 1065 2339 1100 ναι
2392 1051 2459 1119 τῇ
2491 1049 2744 1115 θυγατρὶ,
2796 1047 2871 1108 ὡς
2932 1045 3159 1099 ἐπειδὰν
3213 1044 3351 1112 αὐτῇ
3404 1040 3769 1110 ὲπιμίσγοιτο
3820 1037 3849 1088 ὁ

2253 1139 2531 1209 βασιλεὺς,
2570 1140 2708 1208 μετὰ
2732 1138 2835 1209 τὴν
2876 1138 3166 1191 συνουσίαν
3195 1135 3503 1205 ἐκμάσσειν
3524 1132 3588 1186 τὸ
3634 1131 3849 1185 αἰδοῖον

2249 1228 2329 1299 τῷ
2362 1229 2558 1299 λεντίῳ
2588 1229 2666 1291 ὡς
2695 1228 3143 1300 εὐπρεπέσταται.
3187 1226 3408 1294 Ταύτην
3449 1224 3509 1277 δὲ
3556 1220 3850 1277 λαόοὓσαν

2250 1321 2311 1375 τὸ
2346 1321 2580 1386 λέντιον,
2626 1321 2752 1384 θέας
2781 1337 2841 1373 τε
2873 1318 3026 1383 ἄξιον
3063 1320 3144 1385 δν,
3180 1318 3273 1371 καὶ
3313 1315 3503 1387 χρυσῷ
3547 1329 3852 1381 κεκοσμη-

2253 1413 2436 1481 μένον,
2470 1412 2783 1481 φυλάττειν,
2809 1412 2949 1466 ὦστε
2986 1415 3289 1481 ὑπουργεῖν
3325 1409 3403 1479 τῷ
3440 1406 3665 1478 βασιλεῖ
3703 1404 3851 1474 μετά

2252 1521 2315 1571 γε
2353 1504 2451 1574 τὴν
2476 1505 2792 1571 συνουσίαν,
2891 1504 3201 1558 ἐνετέλλετο
3225 1503 3364 1571 αὐτῇ
3395 1504 3423 1555 ό
3453 1502 3661 1568 πατήρ.
3684 1498 3851 1550 Ἐπεὶ

2251 1598 2308 1651 δὲ
2362 1598 2593 1666 ἄγοντες
2648 1598 2748 1669 τὴν
2803 1600 3039 1667 γυναῖκα
3087 1596 3431 1669 ἐνεχείρισαν
3476 1594 3555 1664 τῷ
3598 1592 3847 1663 βασιλεῖ.

2256 1692 2600 1762 θεασάμενον
2629 1691 2975 1763 ἐκπλαγῆναι
3002 1692 3083 1763 τῷ
3128 1690 3316 1745 κάλλει
3356 1688 3548 1757 αὐτῆς,
3582 1688 3684 1741 καὶ
3720 1686 3853 1754 ἱρα-

2256 1783 2449 1836 σθέντα
2482 1782 2841 1853 συγγενέσθαι
2872 1782 3206 1853 πειθομένην
3240 1780 3341 1851 τὴν
3380 1780 3555 1833 παῖδα
3606 1776 3695 1845 τῷ
3735 1791 3852 1828 πα-

576 1875 696 1941 Quo
749 1891 874 1930 cum
914 1885 1060 1931 esset
1094 1884 1274 1931 tactus
1306 1893 1398 1930 rex
1458 1878 1512 1929 in
1564 1879 1845 1931 humorem
1904 1877 2149 1930 nonnihil

2257 1875 2372 1944 τρὶ,
2423 1875 2566 1929 κατὰ
2615 1875 2683 1928 τὰ
2743 1874 3137 1946 ἐντεταλμένα,
3195 1874 3276 1944 τῷ
3321 1890 3383 1925 τε
3408 1869 3600 1939 λεντίῳ
3635 1867 3850 1921 αὐτίκα

566 1967 736 2040 ἰω
772 1969 1073 2033 resolutus,
1107 1968 1161 2023 in
1187 1968 1381 2024 febrim
1415 1969 1612 2023 incidit
1663 1971 2063 2031 acutissimam,
2098 1978 2149 2023 et

2261 1966 2782 2038 φιλοφρονουμένην,
2830 1968 3130 2038 ἐκμάσσειν
3178 1966 3239 2020 τὸ
3317 1967 3538 2022 αἰδοῖον.
3592 1963 3711 2017 Καὶ
3771 1960 3853 2022 ὡς

575 2062 840 2115 continuo
872 2062 1193 2130 exspiravit.
1234 2061 1408 2116 Etiam
1446 2063 1682 2130 puellam
1713 2076 1837 2118 esse
1876 2073 2149 2117 mortuam

564 2155 827 2219 'tradunt,
862 2169 986 2208 cum
1050 2153 1213 2208 etiam
1250 2152 1425 2225 ipsam
1480 2155 1662 2209 cicuta
1719 2170 1814 2223 per
1866 2155 2148 2209 humorem

579 2246 776 2301 diﬂ‘nsa
819 2245 1077 2312 contagio
1138 2242 1440 2300 iniecisset.
1488 2243 1654 2314 [legis
1698 2245 1999 2311 exercitus,
2056 2244 2147 2298 ubi

580 2338 815 2405 primum
876 2330 996 2406 ipse
1031 2346 1260 2391 mortem
1297 2337 1454 2402 obiit,
1502 2337 1749 2405 dilapsus
1806 2338 2027 2391 domum
2058 2352 2147 2390 re-

576 2432 679 2485 diit
721 2441 819 2485 :et
848 2428 1126 2485 Florentia
1161 2428 1449 2483 obsidione
1485 2428 1714 2483 liberata
1749 2437 1853 2482 est.
1908 2426 2145 2493 Quidam

574 2520 697 2575 Itali
725 2521 1035 2592 perhibent,
1075 2534 1179 2573 non
1207 2528 1418 2589 patrem
1456 2534 1700 2587 pannum
1757 2518 2021 2573 infectum
2057 2535 2148 2572 ve-

575 2630 717 2671 neno
754 2614 947 2685 puellae
1003 2612 1284 2677 tribuisse,
1318 2628 1508 2666 verum
1548 2619 1801 2665 senatum
1842 2611 1993 2666 urbis
2027 2626 2146 2665 eam

571 2722 869 2763 exornasse
900 2721 1063 2776 quam
1097 2704 1468 2774 pulcherrimo
1491 2714 1718 2770 ornatu,
1763 2714 1823 2758 ut
1855 2706 2150 2762 formosis-

573 2802 712 2857 sima
738 2801 851 2869 regi
884 2808 1171 2869 appareret
1209 2815 1223 2851 :
1253 2796 1506 2853 eumdem
1540 2796 1706 2851 etiam
1733 2809 1986 2851 senatum
2017 2815 2151 2867 pan-

574 2908 704 2947 num
734 2892 978 2948 dedisse.
1006 2888 1145 2943 Hinc
1167 2889 1233 2942 ad
1256 2889 1462 2942 coitum
1495 2889 1633 2943 mire
1663 2888 2009 2943 alliciebatur
2033 2906 2148 2945 rex.

576 2988 682 3041 Sed
704 2986 816 3039 haec
838 2984 1131 3044 hactenus,
1154 2982 1284 3050 quia
1303 2979 1482 3049 turpia
1504 2987 1654 3045 sunt,
1673 2980 1875 3035 uixisse
1898 2979 2148 3033 sutliciat.

2258 2059 2434 2129 ἥψατο
2471 2062 2527 2113 ιν
2560 2060 2829 2131 ὑγρότητι
2857 2062 3175 2131 γενομένου,
3222 2062 3424 2115 αὐτίκα
3459 2056 3702 2128 πυρέξαι
3754 2055 3850 2108 τὸν

2262 2150 2515 2219 βασιλέα,
2572 2154 2665 2205 καὶ
2720 2154 2839 2223 μετ’
2868 2153 2929 2206 οὐ
2954 2153 3088 2207 πολὺ
3117 2152 3434 2207 ἀποθανεῖν.
3498 2150 3850 2218 Τελευτῆσαι

2262 2244 2363 2312 μὲν
2393 2244 2458 2312 δὴ
2487 2246 2582 2299 καὶ
2605 2248 2707 2315 τὴν
2740 2248 2976 2314 γυναῖκα
3006 2246 3197 2311 αὐτοῦ,
3250 2245 3325 2309 ὡς
3380 2244 3467 2298 ἐπ’
3500 2243 3677 2314 αὐτὴν
3712 2245 3851 2295 ἐπε-

2256 2336 2457 2406 λήλυθε
2500 2339 2559 2389 τὸ
2590 2340 2840 2403 κώνειον,
2893 2341 3229 2410 διανεμηθὲν
3258 2339 3501 2407 έγένετο,
3562 2338 3633 2390 δι’
3669 2334 3849 2406 ὑγροῦ

2255 2432 2317 2484 τὸ
2346 2431 2570 2485 κώνειον
2600 2434 2643 2466 ⁸⁸
2679 2434 2998 2503 ἁψαμένους
3043 2435 3136 2487 τοῦ
3174 2434 3406 2489 λεντίου.
3461 2432 3852 2500 Τελευτήσαν-

2255 2541 2345 2586 τος
2379 2524 2477 2593 μὲν
2502 2521 2594 2578 οὖν
2610 2525 2756 2578 οὓτω
2779 2525 2873 2578 τοῦ
2916 2525 3207 2594 βασιλέως,
3243 2527 3334 2578 τόν
3360 2542 3419 2578 τε
3447 2526 3685 2595 στρατὸν
3715 2523 3845 2573 6L1-

2256 2615 2507 2686 λυθῆναι,
2540 2618 2982 2688 ἀποχωρήσαντα
3028 2620 3117 2673 ἐπ’
3152 2620 3326 2682 οῐκου,
3389 2618 3483 2671 καὶ
3514 2617 3617 2687 τὴν
3683 2616 3849 2669 πόλιν

2258 2709 2554 2780 ἐλευθέραν
2603 2713 2865 2779 γενέσθαι
2927 2714 3027 2784 τῆς
3088 2709 3431 2781 πολιορκίας.
3484 2710 3728 2779 Λέγουσι
3791 2709 3852 2759 δὲ

2272 2799 2490 2853 Ἰταλῶν
2513 2819 2679 2869 τινες,
2713 2803 2789 2867 ὡς
2831 2803 2931 2874 οὐχ
2958 2805 2987 2856 ό
3007 2803 3193 2873 πατὴρ
3232 2805 3317 2872 εἴη
3343 2805 3369 2855 ὀ
3392 2802 3454 2854 τὸ
3498 2801 3711 2857 λέντιον
3755 2802 3848 2853 Ce-

2259 2892 2445 2954 δωκὼς
2476 2895 2541 2963 τῇ
2571 2874 2818 2961 γυναικὶ,
2850 2896 2945 2947 καὶ
2977 2894 3580 2966 έγκερασάμενος,άλλ’
3608 2897 3641 2965 ἡ
3674 2894 3850 2965 βουλὴ

2260 2986 2360 3051 τῆς
2433 2984 2643 3047 πόλεως
2694 2986 2865 3058 αὐτὴν
2923 2988 3314 3041 συσκευάσασα
3401 2989 3480 3060 τῷ
3558 2990 3847 3058 καλλίστῳ

575 3079 788 3148 κόσμῳ,
844 3078 920 3139 ὡς
988 3076 1441 3144 εὐπρεπεστέραν
1487 3074 1724 3143 φανῆναι
1774 3072 1850 3139 τῷ
1916 3070 2146 3140 βασιλεῖ,
2190 3075 2286 3128 καὶ
2348 3075 2409 3128 τὸ
2475 3077 2683 3132 λέντιον
2745 3080 2931 3134 δοῦναι
2961 3082 3027 3135 ⁷⁸.
3086 3083 3277 3154 Τούτῳ
3316 3084 3383 3155 δὴ
3433 3084 3765 3156 φιλοφρονεῖ
3806 3084 3850 3116 ⁷⁸

572 3169 828 3243 βλσιλεὺς
880 3172 938 3232 ἐς
993 3168 1090 3238 τὴν
1146 3166 1465 3220 συνουσίαν.
1527 3165 1689 3219 ’Δλλὰ
1752 3162 1922 3216 ταῦτα
1986 3164 2123 3232 μὲν,
2182 3166 2240 3227 ἐς
2317 3166 2573 3222 τοσοῦτον
2648 3170 2953 3241 λεγόμενα,

574 3266 728 3319 εντα.

3048 3174 3322 3244 παρίεμεν
3404 3176 3503 3229 οὐκ
3584 3176 3851 3246 εὐπρεπῆ

647 3362 774 3417 Post
799 3360 1012 3415 obitum
1048 3358 1496 3427 regis‘Lantilai,
1546 3373 1672 3412 cum
1720 3373 1859 3412 uxor
1900 3356 2019 3426 ejus
2050 3358 2149 3411 ad-

2325 3356 2481 3409 Μετὰ
2507 3355 2565 3409 δὲ
2592 3353 2691 3425 τὴν
2731 3354 2988 3427 τελευτὴν
3037 3357 3132 3410 τοῦ
3164 3357 3432 3427 βασιλέως
3456 3358 3769 3413 Λαντιλάου
3802 3359 3849 3391 τ’

575 3454 798 3510 modum
846 3454 1255 3522 inquietaretur
1296 3461 1521 3522 propter
1572 3466 1802 3522 regnum
1852 3452 1923 3506 ab
1972 3450 2148 3516 Italis,

578 3560 793 3602 necnon
840 3544 1081 3614 regionis
1113 3544 1282 3597 duces
1313 3542 1413 3610 ipsi
1449 3542 1685 3611 plurima
1727 3540 1944 3609 negotia
1971 3541 2151 3598 faces-

578 3646 786 3700 serent,
824 3636 1010 3704 nupsit
1046 3634 1347 3688 lthainerio
1374 3632 1488 3703 (5‘2)
1522 3632 1828 3689 Provinciae
1859 3634 1994 3705 regi,
2020 3634 2150 3688 Gal-

582 3731 761 3782 lorum
799 3727 947 3798 regis
979 3726 1243 3795 patrueli,
1270 3728 1435 3796 eique
1471 3742 1693 3796 regnum
1730 3724 2150 3795 Neapolitanum

582 3820 828 3875 tradidit.
869 3819 1202 3887 Accepinius
1238 3828 1421 3872 autem
1457 3816 1602 3872 hanc
1638 3817 1808 3870 fuisse
1840 3817 2006 3869 filiam
2043 3814 2151 3867 Ta-

580 3914 722 3970 renti
757 3922 811 3969 et
840 3911 1088 3982 Iapygia:
1122 3910 1283 3965 ducis
1316 3910 1453 3979 (55),
1496 3909 1589 3977 qui
1626 3916 1786 3962 ortus
1825 3923 1890 3962 ex
1944 3906 2149 3960 familia

581 4006 929 4065 Ursinorum,
984 4002 1099 4057 sive
1150 4002 1247 4069 (ut
1302 3998 1492 4053 Graece
1535 4000 1757 4067 dicam)
1812 3998 2149 4062 Arctiorum,

577 4103 784 4170 quique
820 4098 1119 4168 plurimum
1169 4095 1406 4164 pollebat
1447 4093 1646 4162 opibus
1696 4102 1751 4147 et
1804 4094 2049 4161 potentia
2097 4094 2150 4144 in

581 4196 802 4266 regione
855 4191 1255 4259 Parthenopes.
1293 4187 1627 4242 Rhainerius
1694 4188 1855 4241 annis
1905 4187 2153 4255 regnavit

578 4286 887 4343 duodecim.
948 4282 1163 4337 Interea
1213 4282 1530 4351 Alphonsus
1588 4290 1753 4333 natus
1811 4279 1879 4334 de
1942 4279 2151 4334 familia

583 4381 944 4441 Medinorum,
998 4391 1094 4430 rex
1152 4374 1722 4437 Tarraconnensium,
1783 4372 2051 4427 Sardinia:
2099 4380 2153 4426 et

583 4473 847 4529 Valentia:
891 4474 1125 4525 classem
1175 4469 1482 4521 adornabat
1540 4468 1857 4521 maximam.
1909 4466 2028 4531 Qua
2067 4466 2153 4519 in-

580 4576 849 4627 struetus,
880 4578 1004 4617 eum
1037 4560 1315 4614 Siceliotae
1345 4558 1580 4628 remiges
1613 4566 1895 4611 strenuam
1930 4572 2153 4625 operam

583 4664 849 4722 lor-arent,
893 4657 945 4709 in
1002 4652 1247 4707 Siciliam
1282 4651 1500 4704 delatus
1539 4660 1621 4705 est
1654 4666 1667 4700 :
1702 4661 1862 4716 quam
1915 4649 2150 4718 subegit,

579 4766 634 4807 et
693 4748 1045 4821 postmodum
1100 4744 1333 4812 imperio
1386 4743 1548 4798 rexit.
1594 4742 1729 4795 llinc
1781 4741 1979 4796 deinde
2030 4757 2156 4810 pro-

582 4847 780 4908 fectus,
824 4841 1204 4907 Parthenopes
1247 4852 1429 4890 arcem
1481 4833 1939 4890 mediterraneam
1984 4850 2153 4891 occu-

584 4938 749 5006 pavit.
783 4933 1130 4999 Parthenope
1180 4944 1338 4983 arces
1374 4928 1614 4983 habebat
1649 4927 1955 4982 maritimas
1990 4928 2151 4994 duas,

581 5039 635 5081 et
670 5043 829 5080 unam
866 5024 1352 5078 metlitcrraneam.
1394 5020 1685 5074 Adducens
1715 5020 1883 5088 igitur
1909 5021 2156 5090 Alphen-

580 5137 678 5173 sus
712 5119 923 5187 cepias,
953 5116 1141 5169 urbem
1176 5128 1294 5166 eam
1329 5111 1706 5184 oppugnabat,
1749 5122 1804 5165 et
1855 5113 2156 5170 admovens

584 5213 867 5267 machinas
915 5223 1073 5263 muro
1120 5206 1466 5276 omnigenas,
1518 5220 1638 5258 eam
1670 5207 1753 5258 sui
1783 5206 1928 5273 juris
1967 5206 2151 5262 facere

583 5303 909 5355 conabatur.
930 5300 1006 5353 lbi
1034 5309 1146 5351 tum
1169 5296 1436 5365 Alphonsi
1462 5294 1633 5352 frater
1653 5296 1971 5351 bombardac
1990 5298 2155 5363 globo

2252 3447 2352 3517 τὴν
2391 3449 2628 3517 γυναῖκα
2671 3446 2839 3502 αὑτοῦ
2872 3448 3268 3519 ἐνοχλουμένην
3301 3452 3383 3515 είς
3431 3452 3530 3524 τὴν
3558 3452 3846 3524 βασιλείαν

2254 3541 2360 3594 ὑπό
2387 3557 2446 3593 τε
2481 3541 2588 3593 τῶν
2631 3540 2848 3595 Ἰταλῶν
2878 3542 2970 3594 καὶ
3000 3542 3107 3597 ὑπὸ
3136 3544 3245 3597 τῶν
3275 3544 3370 3617 τῆς
3405 3547 3593 3618 χώρας
3639 3549 3847 3620 ἀρχόν-

2253 3650 2383 3697 των,
2424 3633 2730 3703 ττράγματα
2762 3636 3121 3705 παρεχόντων
3158 3636 3295 3710 αὐτῇ
3343 3640 3645 3713 γημαμένη
3691 3643 3850 3697 Ῥαι-

2254 3728 2419 3796 νερίῳ
2457 3726 2534 3795 τῷ
2568 3727 2901 3796 Προσεντίας
2947 3728 3181 3798 βασιλεῖ,
3228 3730 3439 3801 ἀνεψιῷ
3485 3732 3531 3785 δ’
3572 3733 3685 3788 δντι
3744 3732 3843 3788 τοῦ

2258 3817 2479 3870 Κελτῶν
2539 3818 2837 3887 βασιλέως,
2890 3819 3227 3888 παραδοῦναί
3289 3838 3350 3875 τε
3396 3822 3496 3894 τὴν
3550 3824 3843 3894 βασιλείαν

2255 3911 2350 3977 τῆς
2388 3909 2767 3980 Παρθενόπης.
2804 3910 3023 3982 Ταύτην
3056 3911 3101 3964 δ’
3133 3909 3274 3967 εἶναι
3316 3913 3598 3988 θυγατέρα
3638 3919 3844 3972 έπυθόυ

2258 4002 2399 4069 μεοα
2431 4003 2522 4054 τοῦ
2550 4004 2627 4054 Ta
2641 4005 2833 4072 ράντου
2865 4021 2925 4056 τε
2955 4005 3174 4074 καὶτῆς
3219 4007 3502 4075 Ἰαπυγίας
3542 4009 3839 4080 ἡγεμόνος,

2255 4093 2350 4145 τοῦ
2398 4094 2680 4163 Οὑρσίνων
2734 4096 2907 4161 οίκου,
2946 4098 3067 4166 ἤτοι
3128 4100 3381 4168 ’Λρκίων,
3436 4101 3511 4165 ὡς
3556 4103 3622 4157 ἂν
3664 4106 3843 4175 ταύτῃ

2267 4186 2575 4258 Ἑλληνιστὶ
2622 4188 2855 4258 λέγοιτο,
2883 4191 3080 4263 ἀνδρὸς
3133 4193 3199 4246 τά
3254 4195 3490 4263 μέγιστα
3534 4195 3840 4267 δυναμένου

2257 4282 2316 4333 ἐν
2356 4283 2421 4350 τῇ
2471 4280 2626 4352 χώρα
2679 4283 2849 4355 ταύτῃ
2902 4283 3002 4354 τῆς
3049 4286 3397 4350 Νεαπόλεως.
3434 4287 3539 4343 Τὸν
3590 4289 3690 4357 μιν
3742 4291 3839 4345 οὖν

2264 4373 2574 4444 Ῥαινέριον
2601 4375 2997 4444 παραλαϐόντα
3027 4378 3125 4446 τὴν
3157 4377 3443 4448 βασιλείαν
3489 4362 3838 4449 διαγενέσθαι

2262 4467 2615 4536 βασιλεύοντα
2650 4468 2749 4537 ἔτη
2784 4469 3131 4523 δυοκαίδεκα.
3172 4470 3264 4524 Ἐν
3305 4474 3484 4545 τούτῳ
3514 4476 3571 4530 δὲ
3614 4478 3843 4549 ’Δλφόν-

2260 4576 2352 4611 σον
2412 4559 2502 4612 τὸν
2555 4559 2888 4628 Ταρακόνων
2935 4560 3181 4629 βασιλέα,
3250 4568 3344 4617 καὶ
3396 4567 3683 4637 Σαρδόνος,
3744 4574 3839 4625 καὶ

2263 4652 2581 4715 Βαλεντέας,
2615 4654 2766 4705 οἴκου
2803 4655 2931 4705 ὄντα
2960 4656 3068 4709 τῶν
3101 4656 3369 4719 Μεδίνων,
3403 4661 3591 4714 στόλον
3624 4683 3836 4733 ναυπη-

2262 4745 2573 4813 γησάμενον
2623 4746 2900 4813 μέγιστον,
2962 4749 3328 4818 ἀπαγομένων
3389 4754 3552 4805 αὑτὸν
3610 4757 3721 4810 τῶν
3781 4760 3837 4811 ἑν

2266 4837 2484 4907 Σικελίᾳ
2513 4839 2863 4908 Πανορμέων,
2904 4840 3198 4907 ἀφικέσθαι
3239 4861 3299 4897 τε
3332 4847 3388 4908 ἐς
3434 4847 3713 4914 Σικελίαν,
3746 4855 3841 4906 καὶ

2263 4932 2353 4998 ὑφ’
2404 4931 2552 5001 αὑτῷ
2608 4934 2901 5001 σύμπασαν
2953 4936 3345 5004 ποιησάμενον,
3380 4940 3541 5009 ἔχειν.
3596 4945 3752 4998 Μετὰ
3781 4947 3839 4999 δὲ

2262 5024 2452 5088 ταῦτα,
2481 5026 2589 5077 ἀπὸ
2617 5026 2820 5092 ταύτης
2852 5027 2949 5094 τῆς
2976 5028 3139 5097 νήσου
3166 5031 3508 5101 ὁρμώμενον,
3538 5043 3837 5108 κατασχεῖν

2261 5116 2359 5188 τὴν
2409 5119 2463 5169 ὲν
2516 5120 2580 5185 τῇ
2624 5117 2948 5190 Παρθενόπῃ
3010 5122 3309 5189 ἀκρόπολιν
3363 5126 3462 5196 τὴν
3518 5130 3837 5197 μεσόγαιον.

2265 5210 2384 5262 Εἰσὶ
2420 5210 2529 5277 γὰρ
2561 5213 2627 5279 τῇ
2667 5212 2818 5262 πόλει
2856 5211 3028 5284 ταύτῃ
3054 5214 3148 5265 δύο
3183 5216 3443 5285 παράλιοι
3494 5220 3841 5289 ἀκροπόλεις.

2268 5302 2361 5351 καὶ
2414 5301 2512 5367 μία
2574 5302 2887 5368 μεσόγαιος.
2922 5302 3160 5370 Στρατδν
3224 5304 3269 5356 δ’
3319 5308 3682 5378 ἑπαγόμενος,
3716 5316 3841 5367 ἔπος

1859 5416 2103 5477 Νοιυιω
2131 5420 2542 5497 marginales.

655 5541 769 5610 (52)
798 5539 1007 5594 [leuato
1036 5540 1436 5609 Andegavcnsi.

657 5607 769 5682 (55)
794 5612 893 5666 IIic
918 5628 1072 5665 error
1101 5607 1266 5682 est—ex
1289 5612 1507 5682 nomine
1531 5607 1789 5677 Joanmc;
1820 5627 1941 5665 nam
1977 5612 2148 5679 prima

586 5684 703 5755 ejus
726 5680 963 5737 nominis
997 5684 1093 5737 fuit
1118 5681 1337 5733 ιιυυρτιι
1370 5680 1635 5736 Calabriae
1657 5684 1813 5738 ducis
1847 5684 1978 5736 lilia.
2048 5686 2150 5738 Se-

656 5849 701 5879 ”
736 5846 1033 5915 ἁψαμένου.
1071 5841 1130 5896 Π.
1159 5854 1212 5895 αι
1239 5844 1289 5895 in
1321 5860 1366 5894 τ.

1444 5845 1485 5872 το
1530 5843 1669 5896 ἐπιδ.
1750 5844 1793 5875 ⁷¹
1826 5843 2267 5915 φιλοφρονεῖσθαι
2303 5844 2550 5914 βασιλέα.

2267 5546 2447 5627 cunda
2508 5562 2673 5627 rere,
2715 5563 2836 5627 qua:
2877 5547 3103 5627 "Renato
3162 5554 3346 5627 ntrppit
3368 5561 3441 5627 ‘et
3491 5556 3834 5627 Alphonsum

2260 5619 2565 5739 ‘aclloplavit,
2600 5618 2700 5672 fuit
2731 5619 2838 5671 ﬁlia
2870 5619 3053 5674 Caroli
3080 5618 3340 5677 Ludovici
3366 5618 3663 5683 Pannonia:
3688 5631 3835 5700 regis

2279 5710 2291 5739 I
2318 5705 2379 5739 ΙΙ.
2866 5733 2872 5739 .

2279 5705 2379 5741 IIII.

2640 5848 2683 5877 τ’
2714 5847 3055 5903 Λαντισλάου
