4168 6282
523 463 627 530 291

1635 448 1945 508 LAONlCI
1973 442 2637 504 CllALCOCONDYLE

3660 434 3781 499 291’

519 574 806 631 unanimes
823 570 878 625 in
915 568 1197 639 religionis
1218 566 1437 637 negotio
1470 563 1610 618 fore.
1648 563 1782 616 llinc
1806 560 2087 614 Romanus

2226 577 2247 619 ;
2279 557 2446 610 ταυτδ
2484 557 2653 627 ἀμφω
2680 555 2761 625 τῷ
2792 554 2935 624 γένει
3001 554 3193 619 ίόντες,
3241 553 3516 625 μηδεμίαν
3574 551 3783 622 βούλι-

518 665 764 738 pontifes
791 662 973 731 allegit
1026 661 1079 712 in
1114 658 1473 713 cardinalium
1505 654 1753 708 ordinem
1808 655 1924 721 (qui
1972 653 2081 720 pri-

2195 652 2323 701 σίδαι
2343 650 2494 715 σφίσι
2520 648 2877 718 καινοτομίαν
2906 648 3112 711 αὐτοῖς.
3143 648 3252 700 Καὶ
3278 646 3539 713 ἐξέφερον
3600 643 3783 697 τοῦτο

520 737 647 813 nius
703 753 844 825 apud
908 750 1215 822 pontificem
1244 755 1349 815 est)
1402 748 1548 801 viros
1580 746 1717 799 duos
1766 744 2079 798 Graecoium

2215 741 2509 810 νράμμασι,
2543 742 2639 794 καί⁵
2682 742 2741 804 ές
2789 740 2916 801 τοὺς
2967 740 3158 806 ἁγίους
3218 737 3782 809 ἐπιμαρτυρούμενοι

521 848 919 909 nobilissimos,
942 859 1151 912 eosque
1175 841 1276 898 sibi
1322 838 1923 906 familiaritatejnnsit.
1970 834 2082 889 Vo-

516 948 722 994 cantur
748 953 896 991 enim
931 936 1263 993 cardinales.
1295 932 1455 1002 quasi
1489 929 1774 999 religionis
1830 928 1999 981 duces
2032 936 2086 982 et

519 1029 817 1084 antistites.
846 1026 959 1081 Hos
977 1027 1119 1079 enim
1144 1027 1353 1079 honore
1383 1021 1485 1077 sibi
1525 1022 1802 1091 proximos
1860 1018 2083 1087 triginta

522 1122 690 1192 elegit
718 1116 985 1189 pontifex,
1020 1118 1198 1187 iisque
1228 1116 1395 1169 sociis
1425 1123 1479 1167 et
1508 1112 1837 1167 consiliariis
1895 1111 2084 1162 utitur.

521 1211 847 1281 Suppeditat
886 1209 973 1263 bis
999 1209 1208 1265 reditus
1250 1204 1604 1269 sufﬁcientes,
1656 1202 1943 1271 assignans
1992 1201 2088 1254 iis-

520 1306 644 1360 dem
697 1305 971 1375 regiones,
1027 1300 1172 1356 unde
1228 1315 1358 1370 opes
1411 1297 1743 1351 sufﬁcientes
1794 1294 2087 1363 accipiant.

521 1397 625 1455 Hic
641 1395 861 1466 quidem
897 1392 1324 1456 minores,slius
1365 1390 1599 1459 majores
1657 1386 1892 1455 acquirit
1931 1398 2089 1452 opes,

524 1488 830 1545 secundum
896 1488 1150 1555 regiones
1197 1498 1338 1554 quas
1394 1482 1595 1552 singuli
1648 1480 1981 1536 sortiuntur.
2031 1476 2092 1530 In

527 1584 722 1637 horum
773 1581 942 1649 igitur
998 1580 1181 1631 album
1229 1574 1415 1631 retulit
1475 1573 1721 1641 pontifex
1769 1572 1915 1625 viros
1957 1569 2095 1639 dnos

526 1672 863 1735 Graecorum,
949 1667 1327 1723 Bessarionem
1392 1664 1845 1732 Trapesuntium,
1902 1660 2096 1715 Nirea:

527 1766 869 1834 episcopum,
911 1770 962 1815 et
983 1760 1250 1815 lsidorum
1284 1758 1568 1813 Sarmatie
1620 1760 1762 1824 (quae
1793 1766 1845 1808 et
1874 1752 2096 1822 Russia)

528 1860 870 1929 episcopum.
898 1853 1033 1908 Nam
1064 1854 1270 1928 porum
1324 1866 1489 1915 opera
1540 1850 1836 1920 plurimum
1881 1847 2101 1916 adjutus

529 1959 613 2005 est
636 1950 689 2003 in
741 1947 1031 2003 concordis
1065 1934 1075 1998 ε

534 2041 689 2097 rione
713 2055 836 2112 qua:
862 2039 1071 2107 accepi,
1107 2030 1396 2108 diligenter
1452 2033 1752 2087 adnotabo.
1809 2030 2101 2086 Bessarion

535 2139 689 2189 tanto
709 2140 829 2189 erat
850 2132 1155 2186 instructus
1189 2144 1219 2182 a
1279 2138 1475 2181 natura
1512 2126 1814 2190 intellectu,
1858 2131 1916 2177 ut
1970 2136 2107 2192 prae-

535 2225 909 2282 stantissimos
946 2223 1259 2279 Graecorum
1290 2236 1399 2275 non
1438 2218 1562 2274 dico
1592 2226 1858 2288 aequaret.
1913 2230 2105 2271 verum

533 2326 845 2389 superaret.
879 2315 1097 2373 Iudicio
1130 2316 1184 2369 in
1213 2330 1271 2369 re
1294 2313 1542 2384 qualibet
1589 2312 1884 2381 plurimum
1934 2309 2109 2379 polle-

538 2414 654 2467 bat.
704 2411 1015 2466 Gracarum
1097 2407 1533 2476 Latinarumque
1594 2404 1897 2459 litterarum
1956 2409 2108 2455 tanta

536 2501 737 2573 peritia
772 2499 901 2554 huic
931 2498 1049 2553 viro
1097 2497 1297 2563 inerat,
1330 2494 1567 2550 utfacile
1612 2492 1941 2549 eruditionis
1988 2492 2107 2561 pal-

540 2609 686 2647 Inam
720 2593 864 2647 inter
883 2605 1075 2647 omnes
1099 2597 1338 2658 caperet.
1386 2586 1667 2649 Nicolaus,
1728 2585 1821 2655 qui
1871 2583 2113 2652 Eugenio

540 2685 832 2750 successit,
866 2683 1038 2736 virum
1088 2683 1234 2733 hunc
1288 2678 1456 2733 coluit
1513 2678 1829 2747 plurimum.
1863 2674 2113 2743 Quapro-

539 2787 663 2850 pter
698 2775 958 2830 Bononize
987 2772 1107 2827 urbi
1139 2774 1417 2838 opulenta:
1447 2785 1572 2823 eum
1610 2768 1875 2837 pra-fecil,
1907 2780 1960 2818 ιιι
1994 2781 2113 2819 eam

542 2877 832 2925 tutaretur.
866 2867 997 2921 Cum
1025 2876 1206 2919 autem
1242 2880 1305 2918 ea
1363 2862 1493 2915 urbs
1555 2876 1729 2930 usque
1782 2860 2111 2913 seditionum

542 2957 797 3028 procellis
844 2956 1173 3025 jactaretur,
1229 2960 1281 3006 et
1337 2952 1584 3005 seditiosi
1643 2964 1816 3018 USthe
1853 2949 1993 3002 inter
2056 2962 2117 3001 se

541 3048 878 3105 contendere
907 3062 1014 3101 non
1047 3053 1349 3110 cessarent,
1382 3043 1541 3112 plane
1575 3044 1717 3095 inter
1755 3043 1887 3096 istos
1916 3040 2117 3094 tumul—

2196 833 2495 902 μηδέτερον
2526 832 2882 902 νεωτερίζειν
2910 832 3044 900 πρὸς
3070 833 3171 899 τὴν
3194 834 3514 903 θρησκείαν.
3546 828 3783 883 Ἐντεῦ-

2194 926 2286 977 θεν
2315 925 2708 995 ἔπιὶεξάμενος
2734 928 2761 977 ό
2792 924 2900 981 τῶν
2946 923 3236 994 Ῥωμαίων
3283 925 3578 994 ἀρχιερεὺς
3607 924 3785 991 ἄνδρα

2194 1017 2309 1080 δύο,
2342 1017 2451 1071 τῶν
2484 1018 2753 1087 Ἑλλήνων
2802 1017 3243 1085 εὐδοκιμωτάτω,
3313 1014 3635 1088 ᾠκειῶσατό
3699 1015 3783 1076 οί,

2196 1112 2583 1179 ἀνακτώμενος
2625 1113 2671 1144 ⁸⁸
2726 1115 2795 1164 τὰ
2854 1112 3093 1181 μάλιστα
3144 1109 3310 1172 ἀξίως
3372 1124 3433 1160 τε
3484 1110 3585 1177 τῆς
3637 1105 3786 1178 παρ’

2197 1202 2379 1275 ἑαυτῷ
2418 1204 2585 1273 τιμῆς
2621 1204 2721 1273 τῆς
2754 1205 3046 1272 μεγίστης.
3073 1200 3418 1269 καρδινὰλεις
3443 1216 3502 1252 τε
3547 1199 3792 1252 ἀπέδει-

2201 1296 2311 1362 ξεν,
2342 1294 2430 1351 οἷα
2456 1299 2553 1367 τῆς
2584 1296 2887 1368 θρησκείας
2912 1296 3149 1365 ἡγεμόνε
3181 1297 3249 1349 ³⁵.
3276 1292 3518 1358 Τούτους
3568 1294 3681 1362 γὰρ
3709 1292 3785 1362 δὴ

2202 1391 2259 1453 ές
2292 1390 2391 1461 τὴν
2414 1391 2547 1460 παρ’
2579 1390 2759 1460 ἑαυτῷ
2799 1389 2980 1459 χώραν
3042 1389 3383 1459 ίδρυμένους,
3437 1388 3582 1457 ἀμφὶ
3645 1386 3789 1448 τοὺς

2200 1482 2520 1548 τριάκοντα,
2552 1482 2806 1550 ἑταίρους
2832 1498 2889 1533 τε
2939 1480 3087 1548 αύτῷ
3114 1480 3382 1547 ιπὰγεται
3408 1480 3502 1532 καὶ
3537 1475 3794 1545 ωμὸού-

2200 1570 2349 1637 λους,
2384 1576 2757 1643 παρεχόμενός
2783 1590 2842 1626 τε
2878 1574 3145 1641 πρόσοδον
3198 1570 3415 1641 ἱκανὴν,
3470 1570 3562 1622 καὶ
3591 1568 3796 1639 χώραν

2205 1664 2297 1732 ἀφ’
2328 1660 2394 1735 ἧς
2424 1664 2489 1717 ἂν
2511 1663 2695 1725 αύτοίς
2739 1665 2959 1733 προσίοι
3015 1668 3296 1735 χρήματα,
3329 1662 3409 1731 τῷ
3447 1663 3549 1730 μὲν
3602 1658 3791 1720 πλέω,

2204 1756 2283 1826 τῷ
2313 1757 2369 1810 δὲ
2398 1758 2633 1820 ὲλάττω,
2659 1756 2829 1823 ἀξιῶν
2858 1757 2932 1819 ῶς
2957 1756 3070 1825 εχει
3092 1774 3154 1809 τε
3191 1755 3411 1822 ἑκάστῳ
3454 1751 3549 1804 καὶ
3572 1749 3791 1821 χώρας.

2218 1848 2308 1911 Ἐς
2339 1849 2562 1911 τούτους
2590 1850 2653 1920 δὴ
2685 1847 3090 1918 ἀπολεξάμενος
3136 1848 3337 1917 ἀνδρας
3371 1845 3466 1901 δύο
3513 1846 3626 1898 τῶν
3667 1844 3799 1896 Ἐλ-

1117 1961 1187 1998 im
1238 1944 1443 2000 Crtecis
1494 1942 1752 1997 ineunda.
1802 1939 1878 1994 De
1912 1938 2103 1994 Bessa-

2215 1941 2405 2012 λήνων,
2438 1942 2786 2011 Βησσαρίονα
2818 1942 2911 1995 τδν
2935 1941 3046 1994 ἀπὸ
3080 1937 3519 2009 Τραπεζοῦντος,
3544 1936 3795 1999 Νικαίας

2208 2033 2509 2104 ἀρχιερέα,
2582 2035 2675 2087 καὶ
2741 2032 3014 2102 Ἰσίδωρον
3068 2033 3161 2085 τὸν
3222 2030 3545 2101 Σαρματίας
3591 2030 3799 2098 ἀρχιε-

2210 2127 2331 2191 ρέα,
2356 2122 2616 2192 ύπουργὼ
2650 2140 2706 2175 τε
2734 2121 2895 2193 ἔσχεν
2926 2122 3077 2176 αὐτὼ
3124 2122 3218 2177 καὶ
3274 2118 3529 2192 συνεργὼ
3572 2121 3631 2183 ις
3681 2120 3799 2189 τὴν

2210 2214 2343 2283 πρὸς
2378 2216 2503 2276 τοὺς
2528 2214 2796 2284 Ἕλληνας
2849 2212 3091 2268 διάλυσιν
3142 2213 3245 2283 τῆς
3299 2213 3585 2282 διαφορᾶς.
3650 2210 3805 2282 Περὶ

2213 2306 2312 2376 μὲν
2335 2301 2430 2360 οὖν
2456 2307 2836 2379 Βησσαρίωνος
2886 2308 3102 2361 τοσόνδε
3136 2306 3501 2375 ἐπιστάμενος
3564 2304 3801 2375 μνήμην

2212 2401 2533 2470 ποιήσομαι*
2562 2401 2637 2464 ὠς
2671 2399 2885 2465 ξυνέσει
2917 2403 2985 2471 τῇ
3008 2401 3116 2454 ἀπὸ
3140 2400 3387 2470 φύσεως,
3444 2396 3659 2451 πολλῶν
3723 2394 3799 2468 δὴ

2212 2494 2320 2545 τῶν
2341 2496 2399 2555 ές
2426 2492 2588 2546 τοῦτο
2621 2493 3065 2562 εὐδοκιμούντων
3103 2493 3399 2562 ⁹Ελλήνων,
3440 2489 3643 2562 μακρῷ
3687 2508 3794 2558 γε.

2213 2582 2459 2649 νόμενος,
2549 2584 2641 2638 καὶ
2721 2584 2933 2652 κρίνειν
2983 2599 3043 2637 τε
3096 2583 3182 2653 ιφ*
3233 2584 3261 2635 ὃ
3308 2598 3363 2635 τι
3418 2584 3485 2637 ἀν
3536 2582 3799 2650 γένοιτο,

2213 2674 2507 2743 κράτιστος
2530 2675 2710 2727 δοκεῖν
2768 2674 3046 2742 γενέσθαι,
3101 2677 3170 2730 τά
3219 2674 3279 2730 δι
3314 2676 3373 2737 ις
3441 2675 3641 2742 σοφίαν
3690 2675 3804 2744 τὴν

2226 2764 2501 2833 Ἐλλήνων
2532 2782 2589 2819 τε
2620 2768 2714 2818 καὶ
2764 2766 3057 2836 Ῥωμαίων
3079 2766 3297 2831 οὐδενὸς
3329 2767 3610 2837 δεύτερος.
3653 2765 3807 2821 Τοῦ-

2216 2874 2323 2931 τον
2342 2859 2406 2927 δὴ
2427 2857 2739 2926 ἀγασθέντα
2765 2858 2857 2911 τὸν
2896 2858 3116 2932 Ῥώμης
3145 2860 3412 2930 ἀρχιερέα
3438 2858 3705 2913 Νικόλαον
3726 2861 3803 2923 ⁸⁸,

2216 2950 2309 3002 τὸν
2336 2952 2475 3019 μετὰ
2504 2950 2703 3018 ταῦτα,
2739 2950 3033 3021 ἐπιτρέψαι
3056 2952 3155 3019 τῆς
3213 2951 3489 3013 Βονωνίας
3514 2951 3673 3003 πόλιν
3704 2955 3804 3002 εὑ-

2217 3041 2450 3111 δαίμονα
2480 3040 2865 3113 ἐπιτροπεύειν
2896 3041 3069 3108 αὐτῷ.
3104 3042 3195 3096 Ἐν
3228 3044 3405 3116 ταύτῃ
3450 3060 3509 3096 τε
3560 3044 3660 3113 τῆς
3697 3043 3807 3096 πό-

545 3152 633 3197 tus
664 3141 745 3195 vir
768 3141 857 3195 ille
886 3140 1109 3194 divinus
1140 3137 1413 3207 apparuit.
1479 3136 1617 3189 Urbs
1683 3136 1785 3187 ista
1820 3132 2015 3203 opibus
2063 3139 2111 3185 el

2220 3134 2359 3197 λεως
2406 3134 2657 3189 ὲνστάσει
2698 3135 2774 3198 ὡς
2832 3135 2902 3189 τά
2933 3135 3103 3188 πολλά
3155 3138 3481 3207 γενομένης,
3546 3136 3643 3189 καὶ
3688 3136 3808 3189 τῶν

547 3236 757 3305 reliqua
799 3233 1059 3288 felicitate
1112 3230 1247 3285 nihil
1299 3230 1442 3283 cedit
1489 3230 1569 3282 vel
1626 3226 1913 3297 pra-cipuis
1954 3225 2111 3278 Italiae

2223 3228 2540 3281 στασιωτῶν
2575 3228 2670 3280 ἐπὶ
2693 3227 2961 3299 διαφορὰν
2996 3229 3183 3297 σφίσιν
3214 3229 3654 3298 ἀφικνουμένων,
3684 3229 3812 3283 δαι-

542 3328 758 3397 oppidis
798 3345 811 3377 :
856 3326 1161 3380 litterarum
1218 3322 1401 3377 studio
1448 3319 1918 3390 praestantissimis
1950 3317 2111 3371 Italia:

2224 3320 2407 3389 μόνιόν
2440 3337 2559 3373 τινα
2597 3320 2708 3374 τῶν
2741 3322 2798 3373 ὲν
2847 3322 2915 3392 τῇ
2968 3320 3145 3382 πόλει,
3214 3320 3390 3391 ταύτῃ
3442 3320 3804 3389 ἐπιφανῆναι.

547 3422 775 3475 urbibus
798 3428 1246 3474 connumeratur.
1275 3416 1541 3470 lsidorum
1569 3414 1741 3466 virum
1791 3411 2115 3481 prudentem

545 3511 843 3579 patriaeque
867 3520 1159 3573 amantem,
1201 3521 1323 3561 cum
1361 3504 1609 3576 Byzantii
1645 3518 1749 3566 pro
1797 3502 1970 3571 patria
2023 3516 2121 3569 pu-

546 3606 765 3667 gnaret,
792 3614 820 3649 a
856 3596 1114 3650 Barbaris
1142 3604 1362 3664 captum
1400 3610 1526 3649 esse
1578 3602 1810 3649 consul.
1865 3591 2115 3646 Pontifex

547 3688 827 3761 Eugenius
860 3692 1006 3743 hunc
1039 3688 1240 3753 virum,
1294 3704 1419 3742 cum
1460 3688 1579 3758 ejus
1648 3686 1951 3740 auctoritas
2005 3699 2123 3738 ma-

545 3784 692 3837 xima
723 3783 864 3851 apud
890 3780 1108 3836 Graecos
1154 3782 1466 3844 haberetur,
1515 3781 1697 3849 elegit,
1749 3788 1947 3849 putans
1992 3794 2118 3833 eum

546 3877 710 3931 rebus
731 3878 844 3931 suis
874 3876 1167 3945 plurimum
1216 3873 1477 3927 momenti
1525 3874 1819 3926 allaturum
1876 3873 1929 3925 in
1986 3887 2120 3925 con-

544 3973 729 4022 c-ordia
762 3983 886 4024 cum
918 3967 1125 4021 Graecis
1151 3964 1456 4034 jnngcnda,
1492 3966 1639 4035 quod
1669 3973 1723 4019 et
1754 3965 1962 4019 evenit.
2006 3962 2118 4016 Rex

545 4058 860 4114 Gracorum
887 4073 1011 4112 cum
1048 4057 1364 4127 praesidium
1418 4055 1487 4110 ad
1520 4055 1866 4113 retinendum
1916 4054 2124 4125 Byzan-

546 4152 681 4204 tium
714 4157 941 4218 peteret,
976 4148 1218 4217 pontifex
1282 4148 1563 4217 respondit
1617 4148 1964 4217 promittens,
2020 4147 2124 4202 sibi

551 4244 605 4296 in
630 4249 907 4313 posterum
939 4251 993 4295 et
1024 4255 1249 4307 regnum
1285 4240 1419 4293 illud
1455 4238 1784 4309 Cra-eosque
1807 4235 1955 4293 cura:
1984 4237 2124 4305 fore;

549 4343 810 4403 prmteren
844 4347 905 4387 se
932 4345 1041 4385 non
1088 4339 1435 4387 cessaturum
1474 4329 1764 4385 Pannones
1793 4342 1842 4384 et
1902 4328 2127 4383 Genna-

550 4437 655 4478 nos
687 4424 942 4486 incitare,
976 4431 1203 4476 utarma
1228 4431 1420 4477 contra
1451 4419 1661 4476 Turcos
1684 4422 1927 4489 capiant,
1986 4436 2125 4490 qua-

550 4524 715 4569 tenus
740 4514 947 4569 Grmcis
972 4524 1027 4568 et
1055 4514 1179 4567 aliis
1208 4516 1411 4569 bonum
1448 4514 1715 4568 videatur.
1757 4512 1853 4567 llis
1890 4515 1959 4566 ita
1984 4530 2132 4567 com-

552 4608 772 4677 positis,
818 4622 908 4659 rex
940 4606 1264 4676 Byzantium
1304 4604 1693 4674 proficiscitur.

2226 3415 2382 3467 Ἔστι
2404 3414 2452 3466 δ’
2480 3413 2695 3483 ἡπόλις
2727 3412 2867 3481 αὕτη
2924 3414 2984 3467 ιν
3038 3415 3161 3475 ταῖς
3202 3413 3344 3467 κατά
3402 3414 3502 3484 τὴν
3570 3414 3806 3468 Ἰταλίαν

2224 3505 2443 3557 πόλεσιν
2477 3503 2829 3573 εὐδαιμονίας
2868 3504 2931 3557 ού
2978 3504 3160 3575 πολλῷ
3182 3506 3290 3557 τῶν
3340 3505 3574 3576 πρώτων
3620 3504 3810 3559 λειπο-

2225 3596 2362 3665 μένη
2388 3594 2619 3649 πόλεων.
2670 3595 3029 3667 Κεκόσμηται
3054 3595 3112 3649 δὲ
3143 3597 3236 3649 καὶ
3261 3598 3318 3657 ις
3347 3596 3447 3665 τὴν
3476 3598 3586 3650 τῶν
3624 3596 3808 3663 λόγων

2222 3690 2460 3756 ἄσκησιν
2496 3689 2553 3749 ἐς
2578 3686 2645 3739 τά
2675 3686 2868 3757 πρῶτα
2919 3687 3233 3757 ἀνήκουσαν
3261 3688 3304 3719 “
3366 3688 3624 3751 Ἰταλίας.
3693 3689 3804 3742 Τὸν

2222 3780 2278 3832 δι
2314 3779 2606 3849 Ἰσίδωρον,
2640 3778 2929 3847 ἔλλόγιμὸν
2984 3795 3042 3830 τε
3076 3779 3231 3841 δντα,
3288 3780 3386 3835 καὶ
3440 3781 3802 3851 φιλόπατριν,

2225 3872 2422 3924 ἀλόντα
2458 3886 2519 3923 τε
2568 3869 2797 3941 ὕστερον
2851 3873 2910 3922 ἐν
2966 3869 3256 3940 Βυζαντίῳ
3313 3870 3419 3924 ὑπὸ
3483 3870 3808 3941 βαρὸἀρων,

2226 3962 2577 4032 ὲπαμύνοντα
2627 3963 2694 4031 τῇ
2727 3961 2972 4031 πατρίδι.
3036 3961 3224 4030 Τούτῳ
3268 3961 3326 4015 δὲ
3362 3962 3436 4025 ὼς
3468 3961 3692 4026 ἀξιώσει
3744 3979 3808 4016 τε

2226 4056 2378 4125 παρά
2406 4057 2516 4117 τοῖς
2544 4054 2771 4123 Ἕλλησι
2797 4054 3050 4107 δοκοῦντι
3108 4054 3387 4125 προέχειν,
3426 4056 3516 4108 καὶ
3547 4057 3808 4125 συμπρά-

2228 4150 2342 4215 ξειν
2369 4148 2521 4217 αὐτῷ
2550 4149 2618 4200 τά
2655 4148 2792 4220 πρὸς
2847 4148 2975 4208 τοὺς
3004 4146 3304 4217 Ἕλληνας,
3355 4147 3749 4215 ἐπιλεξάμενος
3776 4150 3808 4202 6

2232 4242 2354 4293 τότε
2383 4240 2673 4307 Εὐγένειος
2722 4241 3046 4310 ἀρχιερεὺς,
3117 4240 3317 4307 ξυνέίη
3364 4240 3421 4302 ές
3473 4240 3641 4292 ταυτδ
3696 4242 3811 4303 τοῖς

2233 4334 2484 4402 Ἕλλησι*
2524 4333 2621 4385 καὶ
2643 4330 2967 4401 ιπικουρίας
2992 4348 3051 4383 τε
3102 4332 3343 4400 δεομένῳ
3392 4331 3471 4401 τῷ
3537 4331 3809 4401 Ἑλλήνων

2237 4424 2470 4497 βασιλεῖ,
2492 4425 2594 4477 ὅσα
2621 4426 2679 4487 ἐς
2710 4420 2957 4492 φυλακὴν
2984 4423 3086 4490 τῆς
3130 4422 3340 4486 πόλεως
3394 4426 3801 4493 παρεχόμενον,

2234 4517 2507 4586 ὑπέσχετο
2548 4516 2643 4568 τοῦ
2685 4515 2876 4568 λοιποῦ
2931 4517 3193 4585 μελήσειν
3254 4516 3407 4586 αὐτῷ
3450 4517 3655 4578 ίκανῶς
3706 4515 3807 4584 τῆς

2155 4603 2198 4657 D
2227 4608 2505 4677 βασιλείας
2536 4608 2705 4661 αὐτοῦ
2746 4608 2973 4661 καὶτῶν
3017 4607 3306 4677 Ἑλλήνων,
3350 4610 3444 4660 καὶ
3476 4611 3603 4672 τοὺς
3641 4608 3808 4661 Παίο-

553 4716 649 4759 νας
707 4700 803 4751 καὶ
857 4696 1175 4767 Γερμανοὺς
1243 4696 1335 4749 ἐπὶ
1388 4695 1664 4768 Τούρκους
1722 4696 2131 4763 ἀνατνώσονται
2163 4699 2580 4769 στρατεύεσθαι,
2610 4699 2684 4769 μὴ
2706 4698 2913 4752 ἀνεῖναί
2975 4717 3106 4751 ποτε
3167 4701 3537 4770 ἐποτρύνοντα
3568 4704 3625 4766 ἐς
3652 4700 3812 4754 τοῦτο

558 4790 929 4856 αὐτοῖς,ῶστε
955 4790 1157 4858 ἀγαθὸν
1195 4790 1423 4859 ἥδεσθαι
1478 4793 1593 4852 τοῖς
1650 4808 1709 4843 τε
1750 4792 1978 4860 Ἕλλησι
2028 4796 2273 4857 καὶτοῖς
2304 4795 2507 4856 ἄλλοις.
2561 4793 2746 4847 Ταῦτα
2798 4795 3205 4865 ὑποδεξαμένου
3283 4795 3378 4850 τοῦ
3461 4798 3794 4868 ἀρχιερέως,

558 4884 848 4954 ἐκομίζετο
868 4884 962 4935 ἐπὶ
985 4882 1082 4952 τὴν
1101 4882 1145 4913 ¹⁶
1172 4882 1449 4951 βασιλείαν
1482 4882 1776 4946 Βυζαντίου
1840 4886 1979 4952 μετά
2010 4885 2180 4938 ταῦτα
2218 4889 2246 4939 ὁ
2276 4888 2383 4941 τῶν
2422 4887 2692 4957 Ἐλλήνων
2715 4888 2991 4956 suam.

628 4973 992 5043 erci156
1056 4973 1277 5027 domum
1319 4976 1550 5039 reversi,
1604 4990 1711 5033 non
1768 4976 2002 5046 amplius
2045 4978 2129 5032 llis

560 5084 680 5137 quo:
712 5074 1081 5120 convenerunt
1103 5066 1154 5118 in
1186 5064 1357 5129 Italia,
1394 5075 1541 5120 stare
1574 5066 1904 5119 voluerunt:
1940 5083 2127 5120 rerum

560 5159 1029 5232 apprehendentes
1080 5158 1407 5211 sententiam
1473 5158 1773 5220 diversam,
1837 5159 2131 5214 noluerunt

562 5253 796 5323 amplius
845 5252 900 5304 in
925 5250 1205 5318 religionis
1260 5251 1478 5320 negotio
1516 5250 1794 5305 sdbzrere
1848 5251 2130 5307 Romanis.

564 5346 704 5399 llinc
763 5355 944 5399 motus
1006 5342 1247 5412 pontifex
1305 5342 1608 5409 Romanus,
1647 5344 1796 5401 \‘iros
1860 5346 2127 5414 quosdam

564 5440 754 5494 doctos
787 5437 1105 5509 Byzantium
1134 5439 1201 5491 ad
1235 5436 1451 5492 Graecos
1504 5439 1674 5503 misit,
1709 5450 1765 5492 ut
1788 5455 1911 5493 cum
1944 5442 2027 5493 his
2080 5442 2131 5491 in

565 5533 898 5601 colloquium
934 5530 1187 5585 venirent
1213 5548 1226 5583 :
1254 5530 1345 5601 qui
1373 5531 1591 5601 quidem
1622 5532 1891 5601 synodum
1921 5544 1973 5585 ct
2000 5548 2128 5584 eon-

2308 4980 2374 5034 Ol
2405 4980 2507 5049 μὲν
2532 4976 2627 5033 οὖν
2664 4979 2950 5051 Ἕλληνες,
2979 4981 3055 5044 ὡς
3086 4983 3176 5035 ἐπ’
3201 4982 3354 5037 οίκου
3382 4984 3653 5052 ἐγένοντο,
3686 4986 3814 5038 οὐκ·

2234 5072 2315 5125 έτι
2368 5070 2576 5139 ἔφασαν
2632 5071 2896 5140 ἐμμένειν
2962 5073 3077 5135 τοῖς
3151 5074 3624 5145 ὡμολογημένοις.
3676 5078 3812 5131 ἀλλὰ

2231 5164 2544 5217 τούναντίον
2597 5165 2858 5233 κατέστη,
2896 5167 3096 5233 μηκέτι
3150 5167 3500 5238 βουλομένοις
3560 5171 3812 5223 συντίοεο

2236 5255 2361 5307 σθαι
2394 5257 2507 5318 τοῖς
2550 5255 2869 5325 Ῥωμαίοις.
2922 5256 2982 5309 ὐ
3017 5257 3205 5327 μέντοι
3240 5259 3543 5330 ἀρχιερεὺς
3578 5261 3672 5314 καὶ
3722 5278 3813 5315 σο·

2239 5348 2359 5414 φῶν
2386 5365 2539 5411 τινας
2567 5348 2882 5418 ἐπεπόμφει
2916 5350 3010 5402 ἐπὶ
3062 5350 3121 5403 τὸ
3159 5352 3452 5415 Βυζάντιον
3492 5355 3640 5422 παρὰ
3684 5354 3810 5418 τοὺς

2243 5437 2533 5507 Ἕλληνας,
2564 5441 2618 5501 ὲς
2651 5438 2893 5503 διάλεξιν
2920 5440 3287 5511 ἀφιξομένους
3337 5445 3449 5507 τοίς
3478 5444 3588 5496 τῶν
3624 5444 3812 5513 Ἐλλὴ-

2238 5549 2343 5585 νων
2380 5534 2587 5601 σοφοῖς,
2621 5531 2672 5584 οἶ
2705 5530 2769 5584 οὐ
2796 5532 3089 5603 προσίεντο
3135 5534 3232 5603 τὴν
3286 5536 3595 5606 γενομένην
3656 5538 3813 5605 σφίσι

1837 5689 2087 5750 Notnlte
2122 5689 2541 5765 marginales.

637 5815 684 5848 “
720 5816 1112 5882 ἁνικτώμενοι.
1154 5812 1215 5867 R.
1251 5826 1301 5866 ιιι
1341 5817 1393 5867 in
1432 5834 1475 5869 ν.

565 5891 724 5944 etiam
767 5887 826 5939 ff.
940 5887 983 5916 "'
1021 5884 1083 5937 In
1124 5902 1223 5936 uno
1259 5888 1419 5939 ili-est.

1563 5819 1609 5849 "
1653 5816 1940 5887 ἡγεμόυες.
1981 5815 2040 5868 Β.
2080 5826 2133 5867 ιιι
2178 5816 2229 5867 in
2265 5831 2312 5866 ε.

2432 5818 2476 5846 ³⁸
2515 5815 2809 5869 Νικόλεων.
2855 5815 2930 5867 sic
2962 5817 3120 5868 etiam
3159 5814 3222 5867 R.
3303 5814 3345 5841 ’⁷
3387 5813 3689 5877 ἀνήκουσα.
3725 5809 3812 5866 Sic
