4160 6280
367 370 465 433 349

1401 377 1499 437 DE
1541 379 1799 440 REBUS
1827 379 2190 440 TURCICIS
2231 382 2377 443 Llli.
2432 386 2562 445 VII.

3482 378 3596 447 350

351 485 447 555 μὶν
470 484 669 550 τδ.ἐτος
701 484 975 557 διέτριϐεν
1016 489 1073 543 ὲν
1128 493 1244 555 τοῖς
1299 492 1572 563 Εὐρώπης
1615 493 1911 564 βασιλείοις

2020 499 2169 567 regio
2199 508 2305 564 est,
2337 515 2431 567 per
2471 516 2596 555 cum
2636 512 2843 554 annum
2891 497 2945 553 in
2995 496 3229 565 Europae
3262 494 3409 567 regia
3438 494 3595 565 quie-

348 580 573 649 ἡσυχίαν
597 580 768 646 ἀγωψ
807 580 884 647 τῷ
907 580 953 633 δ’
980 582 1189 635 ἐπιόντι
1215 584 1451 655 ἐνιαυτῷ
1489 582 1642 647 αὖθις
1666 585 1789 638 ἐπεὶ
1824 600 1917 635 πε-

350 670 660 742 ριαγγέλλει
693 671 773 740 τῷ
834 674 1211 743 στρατεύματι
1264 675 1521 739 ἕπεσθαι,
1558 676 1918 747 ἐστρατεύετο

347 761 497 825 αὖθις
526 766 619 817 ἐπὶ
646 765 962 837 Σκενδέρην
982 767 1076 820 τὸν
1101 768 1352 833 Ἰϐἀνεω,
1381 772 1471 823 καὶ
1497 770 1589 822 ἐπὶ
1618 772 1717 839 τὴν
1742 769 1915 841 ταύτῃ

350 855 481 908 κατά
518 855 611 908 τὸν
649 856 835 911 Ἰόνιον
876 857 1152 927 Ἀλϐανῶν
1184 860 1388 930 χώραν,
1424 861 1515 914 καὶ
1546 860 1704 931 ἐπῄει
1738 860 1918 931 πολλῷ

350 946 524 1017 θυμῷ,
554 948 634 1010 ὼς
658 945 859 1013 δξελὼν
889 965 949 1002 τε
982 951 1084 1015 τὴν
1124 950 1366 1022 Κρούην,
1417 952 1508 1004 καὶ
1543 951 1709 1005 αὐτὸν
1750 952 1917 1004 Σκενο

348 1039 525 1109 δέρην,
576 1038 1002 1111 ἐξαιτησάμενος
1056 1044 1182 1108 τοὺς
1233 1043 1555 1110 Ούενετοίις,
1589 1045 1683 1099 καὶ
1740 1045 1808 1116 ῆν
1839 1045 1916 1113 μὴ

348 1133 590 1187 ἀποδοῖεν
620 1135 809 1201 αὐτὸν,
853 1134 929 1198 ὡς
964 1137 1348 1208 πολιορκήσων
1387 1138 1487 1205 τὴν
1528 1139 1707 1196 πόλιν.
1759 1142 1815 1200 ἐς
1851 1140 1919 1208 ἣν

349 1226 503 1289 αὐτὸς
529 1230 869 1297 καταφυγὼν
925 1227 1098 1298 tofm.
1158 1227 1314 1283 Ἐπεὶ
1362 1230 1422 1283 δὲ
1451 1232 1754 1295 είσέϐαλεν,
1790 1232 1918 1284 ἑπο-

348 1322 529 1390 ρεύετο
560 1320 647 1375 [Bb
679 1320 771 1374 ἐπὶ
806 1320 905 1392 τὴν
930 1322 1174 1392 Κρούην,
1204 1325 1299 1376 καὶ
1324 1325 1424 1395 τήν
1476 1340 1535 1376 τε
1570 1322 1788 1393 χώραν,
1815 1324 1914 1392 ὅση

348 1413 666 1467 ὑπελείπετο
701 1415 802 1485 τὴν
844 1415 1021 1485 ἀρχὴν
1070 1414 1221 1484 αύτῷ
1275 1416 1492 1485 ἀσινὴς,
1544 1416 1824 1487 ἐπέδραμέ
1856 1433 1913 1468 τε

345 1505 505 1558 αὑτοῦ
538 1506 609 1560 τὰ
638 1506 1049 1577 στρατεύματα,
1080 1510 1174 1562 καὶ
1217 1509 1454 1561 ἐπέκαον
1501 1508 1613 1577 πῦρ
1656 1508 1911 1575 ἐνιέντες,

341 1600 442 1667 ὅτῳ
471 1599 539 1653 ἂν
561 1600 750 1661 αὐτοῖς
791 1599 1173 1670 περιτύχοιενο
1232 1602 1509 1671 ἐπέδραμε
1550 1602 1606 1653 δὲ
1636 1605 1732 1655 καὶ
1782 1600 1912 1669 ἀχρι

340 1692 430 1745 τοῦ
454 1693 707 1762 ποταμοῦ
730 1693 825 1745 τοῦ
851 1694 897 1725 ³⁸
918 1695 978 1748 τὰ
1002 1694 1410 1764 στρατεύματι.
1434 1694 1549 1764 Τὴν
1570 1696 1626 1748 δὲ
1653 1696 1912 1748 ἐπέκεινα

339 1781 428 1840 τοῦ
456 1785 710 1854 ποταμοῦ
743 1784 922 1855 χώραν
956 1788 1054 1856 ούχ
1081 1780 1169 1842 οἷά
1202 1803 1261 1840 τε
1291 1783 1358 1855 ἦν
1399 1787 1709 1857 ληῖζεσθαι.
1732 1786 1820 1839 διά
1851 1784 1912 1837 τδ

337 1880 537 1935 ἄϐατον
595 1876 739 1935 εἶναι
800 1881 978 1950 πάντη
1034 1884 1145 1944 τοῖς
1197 1878 1462 1949 βασιλέως
1515 1881 1910 1947 ίπποδρόμοις.

338 1973 443 2026 Καὶ
470 1968 624 2029 οῦτοι
658 1974 758 2043 μὶν
793 1975 893 2036 τάς
923 1990 982 2027 τε
1014 1977 1281 2042 γυναῖκας
1315 1973 1410 2026 καὶ
1446 1973 1640 2034 παῖδας
1675 1970 1913 2025 ὑπεκθέ-

338 2078 486 2129 μενοι
514 2064 576 2127 ὲς
610 2063 678 2116 τά
710 2063 882 2134 ἐχυρά
912 2064 1021 2116 τῶν
1048 2064 1347 2125 Οὐενετῶν,
1387 2063 1739 2131 συνελέγοντο
1772 2064 1829 2126 ές
1853 2060 1914 2115 τὸ

333 2154 477 2223 ὅρος,
506 2156 571 2206 τὸ
602 2155 743 2224 ὑπὲρ
782 2155 883 2224 τὴν
915 2154 1137 2226 Κρούην
1175 2156 1332 2209 πόλιν
1379 2156 1581 2211 αὐτῶν.
1643 2154 1911 2210 Ἐνταῦθα

332 2247 386 2300 δὲ
419 2249 793 2317 ὑπεξαγαγὼν
828 2253 921 2313 τὰς
950 2253 1219 2319 γυναῖκας
1251 2251 1347 2305 καὶ
1390 2252 1460 2303 τὰ
1494 2250 1707 2315 παιδία,
1742 2250 1910 2302 κατέ-

332 2340 455 2394 θετο
486 2342 540 2403 ἐς
574 2343 674 2405 τὰς
705 2343 814 2395 τῶν
845 2343 1126 2396 Οὐενετῶν
1171 2342 1379 2406 πόλεις.
1429 2342 1570 2404 Τοὺς
1621 2344 1677 2395 δὲ
1711 2343 1909 2409 ἄνδρας

331 2434 632 2489 κατέλιπεν
663 2438 720 2488 ὲν
750 2439 817 2506 τῇ
849 2437 1003 2491 πόλει
1029 2439 1464 2507 ἀμυνουμένους.
1513 2436 1609 2490 καὶ
1643 2438 1709 2490 τὰ
1753 2438 1908 2506 τείχη

334 2525 695 2594 φυλάξοντας
727 2528 821 2581 καὶ
848 2527 1074 2605 τούτους
1110 2528 1507 2600 ἐπιλεξάμενος
1538 2530 1665 2592 τοὺς
1697 2529 1905 2584 ἐθέλον-

329 2636 427 2683 τας
466 2618 680 2683 αὐτοὺς
726 2620 1031 2687 ὑποστῆναι
1082 2622 1178 2675 τὸν
1228 2622 1417 2691 ἀγῶνα
1443 2622 1510 2676 ³⁷.
1557 2620 1908 2692 Ἀμουράτης

332 2711 430 2780 μὲν
454 2708 547 2765 οὖν
585 2712 685 2774 τάς
730 2730 787 2766 τε
821 2712 1147 2783 τηλεϐόλους
1195 2712 1646 2783 παρεσκευάζετο
1680 2710 1911 2778 καθεζό-

333 2823 507 2875 μενος,
543 2807 630 2869 ὡς
654 2806 713 2859 τὸ
743 2810 921 2878 τεῖχος
952 2805 1332 2876 καθαιρήσων,
1362 2808 1462 2861 καὶ
1493 2806 1833 2875 παραμένων
1860 2805 1907 2839 ³⁸

332 2898 438 2968 iota
472 2901 573 2955 σὺν
614 2901 728 2962 τοῖς
758 2898 1018 2967 νεήλυσιν
1044 2901 1100 2962 ἐς
1127 2899 1229 2969 τὴν
1256 2899 1432 2952 πόλιν.
1478 2898 1636 2952 Ἐπεὶ
1664 2897 1720 2951 δὲ
1753 2898 1907 2967 αὕτῷ

336 2995 395 3045 τὲ
424 2994 603 3045 πάντα
637 2991 1084 3060 παρεσκεύαστο,
1136 2990 1335 3044 ἔτυπτε
1382 2990 1445 3043 τὸ
1468 2993 1649 3060 τεῖχος
1679 2989 1906 3060 τηλεϐό-

335 3083 457 3150 λοις,
489 3084 589 3138 καλ⁵
624 3081 899 3170 κατέϐαλε
953 3083 1121 3153 μέρος
1157 3082 1316 3136 πολύ.
1354 3080 1660 3153 Σκενδέρης
1704 3080 1761 3136 δὲ
1794 3080 1904 3135 ἀπὸ

2023 599 2130 643 ιεπιιι
2176 607 2342 659 agetis
2397 589 2617 645 mansit.
2667 589 2895 643 Ineunte
2945 587 3145 643 deinde
3184 602 3340 640 anno
3393 586 3593 639 iterum

2020 682 2431 747 expeditionem
2484 684 2719 753 sumpsit
2774 691 2969 737 contra
3022 679 3356 736 Sceudcrem
3413 678 3599 733 lbanis

2023 773 2216 838 lilium,
2252 780 2306 828 et
2343 784 2534 828 contra
2569 788 2689 829 eam
2738 789 2860 844 qua!
2901 773 3068 829 isthic
3110 774 3212 827 sita
3250 779 3334 826 est
3361 770 3599 825 Albano-

2021 884 2141 920 rum
2175 868 2477 936 regionem,
2514 882 2639 921 cum
2685 866 2948 936 jnssisset
2985 867 3275 921 universos
3325 865 3602 918 exercitus

2021 959 2323 1016 instructos
2367 969 2421 1014 et
2458 966 2680 1030 paratos
2732 969 2932 1029 presio
2980 973 3127 1012 esse.
3183 955 3385 1010 Plenus
3435 955 3600 1025 igitur

2022 1053 2228 1107 irarum
2260 1051 2716 1123 proficiscebatur
2748 1066 2939 1106 versus
2975 1048 3177 1103 Cruam
3204 1087 3220 1113 ,
3277 1045 3434 1117 quasi
3476 1059 3596 1098 eam

2023 1149 2072 1197 vi
2101 1156 2546 1215 expugnaturus.
2585 1143 2856 1199 Pra-terea
2897 1142 2949 1195 in
3002 1141 3187 1195 animo
3238 1138 3471 1193 habebat
3500 1152 3598 1190 ex-

2020 1238 2302 1309 postulare
2342 1254 2465 1293 cum
2512 1235 2756 1301 Venetis,
2814 1243 2873 1289 ut
2926 1233 3257 1289 Seenderem
3294 1233 3595 1285 traderent.

2017 1331 2177 1398 Quod
2219 1333 2263 1388 si
2303 1330 2483 1388 facere
2512 1317 2867 1396 omitterent,
2904 1344 2964 1386 se
3008 1329 3363 1384 obsessurum
3405 1324 3598 1379 urbem

2017 1440 2401 1494 quamcunque
2448 1421 2751 1479 Scenderes
2801 1423 3019 1494 fugiens
3068 1423 3349 1477 intrasset.
3388 1418 3458 1475 Ut
3513 1433 3600 1471 rc-

2016 1518 2232 1588 gionem
2261 1516 2511 1571 hostilem
2540 1525 2625 1572 est
2654 1516 2962 1585 ingressus,
2997 1522 3146 1568 recta
3177 1522 3371 1568 contra
3397 1511 3596 1565 Cruam

2015 1609 2369 1680 properabat,
2396 1616 2450 1663 et
2485 1610 2539 1663 in
2567 1624 2687 1665 eam
2714 1607 2952 1679 regionis
2976 1614 3210 1677 partem,
3238 1619 3404 1675 quam
3436 1615 3595 1658 antea

2016 1702 2279 1757 intactam
2308 1714 2365 1757 et
2417 1701 2735 1756 inviolatam
2773 1699 2843 1755 ab
2875 1696 3324 1770 populationibus
3361 1697 3597 1764 relique-

2014 1798 2120 1854 rat,
2176 1805 2309 1845 suos
2357 1789 2561 1845 milites
2611 1788 2989 1844 incursionem
3046 1787 3227 1842 facere
3265 1787 3448 1856 jubet.
3489 1786 3591 1851 Qui

2016 1881 2166 1936 dicto
2206 1880 2518 1943 audientes,
2566 1880 2842 1937 incendiis
2877 1866 3085 1945 omnia,
3120 1880 3298 1950 ignem
3338 1879 3591 1947 injicien-

2017 1981 2119 2039 tes,
2149 1974 2441 2030 miscuere.
2474 1971 2541 2028 Et
2575 1974 2719 2027 hanc
2752 1972 3028 2042 regionem
3063 1973 3267 2027 misere
3298 1978 3593 2025 vastarunt

2016 2082 2191 2135 usque
2250 2066 2315 2120 ad
2377 2066 2580 2122 ﬂumen
2634 2066 2772 2137 (10).
2825 2064 3027 2121 Verum
3092 2065 3374 2136 regionem
3446 2062 3589 2118 ultra

2011 2160 2213 2217 ﬂumen
2248 2163 2408 2225 sitam
2444 2162 2695 2233 populari
2720 2164 3039 2232 nequivere,
3069 2163 3197 2233 quia
3228 2160 3395 2231 regiis
3429 2160 3590 2229 equi-

2014 2255 2162 2310 tibus
2201 2255 2346 2309 haud
2386 2267 2505 2309 erat
2552 2256 2760 2326 pervia.
2798 2256 2999 2311 Albani
3057 2264 3241 2311 autem
3297 2269 3499 2310 uxores
3535 2262 3592 2307 et

2013 2349 2219 2405 liberos
2249 2348 2305 2402 in
2334 2350 2547 2403 munita
2584 2347 2915 2404 Venetorum
2946 2348 3065 2404 loca
3100 2349 3436 2419 ablegantes,
3470 2347 3595 2399 eol-

2011 2439 2326 2509 ligebantur
2374 2441 2427 2493 in
2482 2449 2766 2505 montem,
2801 2440 2893 2515 qui
2932 2439 3095 2494 Cum
3148 2438 3268 2491 urbi
3314 2437 3589 2491 imminet.

2010 2531 2154 2587 litnc
2215 2531 2525 2587 Scenderes
2570 2532 2810 2586 edueens
2869 2546 3069 2586 uxores
3102 2539 3156 2585 ct
3206 2530 3443 2592 liberos,
3489 2527 3590 2590 de-

2010 2624 2252 2696 poncbat
2295 2637 2392 2679 eos
2423 2623 2477 2678 in
2512 2623 2678 2679 urbes
2707 2621 3064 2678 Venetorum.
3108 2618 3221 2675 Viri
3259 2636 3387 2674 vero
3419 2618 3589 2673 relin-

2006 2716 2319 2788 quebanlttr
2343 2718 2394 2771 in
2416 2718 2577 2780 urbe,
2628 2718 3029 2774 utresisterent
3082 2717 3250 2782 hosti,
3274 2716 3589 2783 niteniaque

2007 2807 2366 2864 defensarent
2397 2825 2411 2862 :
2442 2817 2498 2864 et
2534 2808 2587 2862 hi
2625 2808 2979 2879 potissimum
3006 2808 3136 2862 huic
3163 2807 3386 2877 negotio
3418 2805 3590 2879 desti-

2008 2904 2306 2970 nabantur,
2332 2901 2425 2973 qui
2454 2902 2721 2967 volentes,
2746 2916 2857 2957 non
2886 2902 3091 2965 coacti,
3128 2900 3372 2970 prmlium
3399 2900 3588 2955 subire

2007 2996 2321 3066 cupiebant.
2353 2996 2651 3051 Amurates
2693 2993 3032 3050 bombardas
3066 2992 3418 3064 expediebat,
3445 2993 3588 3045 assi-

2006 3083 2142 3140 dens
2162 3094 2221 3140 ut
2238 3100 2456 3140 murum
2483 3083 2770 3151 disjiceret
2798 3103 2811 3139 :
2842 3092 2897 3139 et
2914 3082 3114 3139 deinde
3137 3099 3260 3138 eum
3282 3082 3590 3153 peregrinis

332 3178 417 3231 τοῦ
441 3179 603 3246 ὅρους
640 3167 798 3247 τευρά
829 3192 885 3229 τε
919 3175 1175 3240 ἔκαυσεν,
1211 3174 1660 3247 ἐπιδεικνύμενος
1705 3176 1819 3240 τοϊς
1843 3177 1903 3230 ἐν

2012 3175 2348 3248 irrumpens,
2383 3176 2573 3231 urbem
2606 3176 2691 3231 sui
2729 3176 2876 3245 juris
2927 3174 3157 3231 faceret.
3186 3173 3457 3229 Omnibus
3487 3188 3589 3227 au-

331 3272 389 3341 τῇ
424 3270 601 3331 πόλει,
634 3269 735 3321 καὶ
762 3266 984 3321 ὲπειδάν
1015 3266 1174 3337 χρεία
1273 3265 1647 3335 παρεσόμενος
1676 3266 1776 3321 καὶ
1803 3267 1904 3321 αὐο

328 3365 411 3426 τὶς
433 3361 846 3431 ἑπιϐοηθήσων,
874 3359 967 3414 καί
995 3376 1162 3412 τινων
1186 3358 1299 3412 τῶν
1343 3356 1441 3412 τοῦ
1474 3357 1741 3429 βασιλέως
1775 3360 1909 3415 ἀνα-

329 3461 532 3511 ϐάντων
560 3456 658 3511 ἐπὶ
690 3454 752 3507 τὸ
775 3454 922 3522 ὅρος,
952 3452 1257 3523 προσέϐαλέ
1283 3470 1341 3506 τε
1364 3453 1463 3507 καὶ
1481 3452 1742 3522 ἐμάχετο,
1768 3452 1906 3523 ἔργα

326 3548 795 3616 ἀποδεικνύμενος
845 3546 973 3610 ἄξια
1012 3543 1198 3613 λόγου.
1269 3544 1432 3599 Ἐπεὶ
1458 3544 1515 3599 δὲ
1574 3544 1659 3613 τῷ
1695 3542 1909 3612 βασιλεῖ

327 3643 422 3715 ἤδη
450 3642 609 3695 ἱκανέ
627 3659 657 3703 ς
692 3636 1070 3707 καταϐέϐλητο
1106 3635 1167 3689 τὸ
1187 3638 1391 3707 τεῖχος,
1426 3638 1483 3700 ἐς
1523 3636 1709 3706 μάχην
1735 3634 1906 3704 καθῆ-

328 3757 416 3791 στο
443 3734 823 3806 πανστρατιᾷ,
880 3735 976 3787 καὶ
1027 3732 1335 3800 ἐπειρῶντο
1384 3730 1435 3784 οι
1472 3730 1729 3800 νεήλυδες
1766 3728 1907 3783 ἑλεῖν

325 3832 487 3903 ταύτῃ
526 3824 560 3902 ᾖ
594 3830 782 3881 ἔκειτο
810 3825 873 3879 τὸ
893 3825 1071 3893 τεῖχος
1107 3824 1199 3878 ἐπὶ
1229 3822 1354 3892 γῆς.
1387 3820 1469 3877 Ob
1496 3822 1682 3891 μέντοι
1714 3823 1909 3893 ὑπερε-

324 3925 549 3977 ϐάλοντο
578 3921 715 3981 τοὺς
752 3922 810 3971 ὲν
869 3920 933 3988 τῇ
980 3917 1159 3979 πόλει,
1219 3921 1359 3988 παρ’
1407 3914 1599 3969 ἐλπίδα
1630 3916 1905 3985 ἀγωνισα-

327 4020 543 4087 μένους.
590 4010 945 4075 Ἐνταῦθ’ῶς
994 4010 1209 4064 ἐπενόει
1234 4009 1377 4080 λιμῷ
1420 4007 1901 4078 ὲκπολιορκήσειν,

322 4112 407 4162 καλ
447 4108 606 4170 αὖθις
634 4105 701 4159 τὸ
721 4103 977 4173 δεύτερον
1007 4100 1333 4170 προσϐαλὼν
1355 4100 1501 4153 κατὰ
1526 4101 1587 4153 τὸ
1612 4099 1902 4168 καρτερὸν,

327 4204 648 4272 ἀφικνεῖται
687 4198 921 4267 ἀγγελίη
956 4196 1108 4266 παρὰ
1136 4193 1416 4265 Γεωργίου
1451 4194 1546 4246 τοῦ
1580 4192 1904 4262 Τριϐαλλῶν

321 4298 613 4365 ἡγεμόνος.
646 4294 726 4358 ὡς
770 4292 1027 4362 Ἰωάννης
1074 4289 1441 4360 συναθροίσας
1472 4289 1598 4351 τοὺς
1641 4287 1899 4347 Παίονας,

321 4390 410 4443 τόν
440 4406 497 4442 τε
537 4388 765 4455 Ἵστρον
792 4384 1087 4446 διαϐαίνει,
1111 4382 1207 4435 καί
1238 4380 1696 4452 συμπαραλαϐὼν
1733 4396 1899 4449 στρα-
1936 4420 1939 4423 .

320 4484 525 4536 τεύοιτο
557 4482 649 4533 ἐπ’
681 4480 870 4533 αὐτόν.
902 4475 1090 4530 Ταῦτα
1118 4476 1193 4536 ὡς
1225 4474 1476 4539 ἐπύθετο,
1512 4476 1610 4545 τὴν
1636 4476 1902 4543 ταχίστην

322 4576 834 4644 συσκευασάμενος,
864 4569 1029 4640 ἀπῄει
1059 4554 1314 4629 ὲνταῦῧα,
1408 4567 1632 4621 ἐπιόντα
1664 4567 1905 4621 ἐπυνθά-

321 4686 460 4734 vero,
488 4670 583 4720 καὶ
608 4667 838 4735 κήρυκα
889 4664 1106 4732 ἔπεμπε
1157 4662 1293 4732 πρὸς
1322 4660 1422 4730 τὴν
1477 4659 1773 4728 Εὐρώπην,
1804 4675 1904 4711 πε-

323 4758 724 4827 ριαγγέλλοντα
776 4754 1032 4825 παρεῖναι
1088 4750 1240 4819 αύτῷ
1290 4751 1365 4816 ὼς
1427 4750 1750 4820 ξύμπαντας
1793 4748 1906 4802 τῶν

324 4851 605 4919 Τούρκων.
639 4840 805 4899 Οὗτοι
840 4846 937 4913 μὲν
959 4838 1052 4897 οὖν
1077 4843 1449 4913 παρεγένοντο
1478 4839 1651 4909 αὐτῷ,
1680 4838 1757 4903 ὡς
1784 4839 1908 4891 ἔτυ-

319 4953 410 5005 χεν
442 4930 968 4997 ἕκαστος’ξκποδὼν
994 4933 1309 5001 γενόμενος,
1358 4934 1431 4994 ὡς
1464 4933 1527 4985 εν
1555 4928 1677 5000 ὥρᾳ
1719 4945 1905 4999 παρα-

316 5031 528 5097 γένοιτο
556 5028 799 5087 ἕκαστος
829 5024 1093 5087 καθιστὰς
1122 5025 1167 5057 ³⁹
1190 5025 1342 5094 αύτῷ
1376 5027 1435 5086 ἐς
1466 5025 1671 5094 μάχην.
1711 5022 1901 5075 Ἐλαύ-

317 5143 423 5176 νων
453 5122 509 5174 δὲ
564 5120 740 5173 παντὶ
767 5117 844 5186 τῷ
899 5114 1118 5188 στρατῷ
1164 5116 1304 5186 πρὸς
1362 5132 1509 5178 τινος
1557 5116 1655 5183 τῆς
1685 5114 1901 5178 Μυσίας

315 5215 477 5268 αὐτοῦ
507 5212 699 5285 χώρας
748 5209 892 5263 κατά
937 5209 1037 5280 τὴν
1088 5207 1408 5278 Τριϐαλλῶν
1460 5208 1641 5261 αὐτῶν
1687 5207 1897 5276 χώραν.

319 5304 476 5378 ᾜστι
506 5305 567 5356 δὲ
609 5301 759 5371 αῦτη
791 5303 824 5369 ὴ
878 5300 1032 5368 χώρα
1073 5300 1206 5369 παρ’
1239 5299 1308 5369 ἢν
1361 5298 1581 5369 ἀμείϐει
1633 5297 1901 5367 Μοράϐας

314 5400 585 5466 ποταμὸς,
617 5396 724 5448 καὶ
755 5392 959 5446 ἐκδιδοῖ
988 5394 1046 5455 ἐς
1069 5394 1160 5444 τὸν
1210 5393 1444 5460 Ἴστρον.
1493 5390 1746 5460 Παρήκει
1774 5391 1831 5443 δὲ
1862 5392 1897 5461 ἡ

316 5491 465 5562 χώρα
500 5488 600 5542 τοῦ
634 5486 906 5556 βασιλέως
953 5481 1204 5537 ἐντεῦθεν
1246 5483 1340 5535 ἐπὶ
1385 5482 1631 5544 σταδίους
1666 5484 1898 5537 ὀκτακο-

2011 3279 2146 3334 tem,
2180 3270 2641 3341 quemadmadum
2692 3270 3034 3341 oppugnatio
3067 3268 3406 3338 requirebat,
3440 3281 3591 3321 rom-

2012 3364 2240 3434 paratis.
2264 3378 2482 3418 murum
2508 3364 2825 3418 bombardis
2843 3360 3093 3427 feriebat,
3124 3360 3354 3430 ejusque
3376 3368 3589 3429 partem

2012 3457 2283 3512 destruxit
2334 3456 2653 3510 maximam.
2712 3454 3026 3510 Scenderes
3086 3455 3242 3524 ignes
3299 3452 3355 3506 in
3407 3462 3590 3505 monte

2014 3549 2163 3611 fecit,
2193 3559 2401 3617 eosque
2428 3548 2568 3611 suis,
2595 3547 2688 3616 qui
2722 3547 2865 3601 intra
2894 3546 3083 3601 urbem
3116 3554 3294 3608 erant,
3324 3544 3586 3605 ostendit.

2015 3653 2070 3694 ut
2105 3640 2336 3703 scirent,
2363 3638 2813 3709 quandocnnque
2843 3638 3147 3693 necessitas
3177 3636 3500 3704 postularet,
3529 3649 3589 3687 se

2012 3730 2327 3785 adfuturum
2357 3728 2705 3782 auxiliarem.
2735 3727 2870 3780 Cum
2906 3726 3039 3795 regii
3073 3724 3293 3793 quidam
3331 3720 3587 3777 ascende-

2014 3836 2135 3880 rent
2162 3832 2427 3883 montem,
2461 3821 2766 3875 Seenderes
2797 3832 2893 3873 eos
2915 3831 3206 3887 aggressus
3237 3825 3344 3875 est,
3376 3812 3589 3881 ιιι-ωηε-

2012 3916 2303 3985 baturque.
2360 3928 2525 3981 opera
2562 3909 2936 3965 memorabilia
2977 3907 3171 3963 edens.
3224 3906 3359 3961 Cum
3400 3914 3582 3958 autem

2013 4010 2124 4076 regi
2152 4008 2436 4063 videretur
2466 4019 2684 4059 murum
2712 4002 2848 4059 satis
2871 4015 2994 4056 esse
3019 4007 3279 4060 stratum,
3314 3998 3589 4053 universis

2009 4101 2188 4170 cepiis
2223 4097 2698 4170 oppugnationem
2734 4092 2959 4163 occipit.
3002 4091 3165 4163 188
3199 4090 3477 4160 Peregrini
3518 4103 3587 4142 eo

2011 4194 2118 4250 loci
2152 4194 2340 4247 urbem
2380 4205 2580 4260 capere
2619 4187 2911 4258 parabant,
2950 4186 3040 4240 ubi
3079 4198 3271 4239 murus
3319 4181 3586 4251 disjectas

2007 4294 2147 4341 erat.
2186 4282 2299 4339 Nec
2332 4293 2516 4338 tamen
2571 4295 2837 4349 superare
2894 4286 3193 4349 potuerunt
3250 4275 3585 4346 oppidanos,

2008 4379 2101 4450 qui
2152 4389 2349 4449 praeter
2395 4390 2547 4445 spem
2607 4373 2919 4430 fortissime
2957 4372 3296 4442 pugnabant,
3333 4384 3456 4424 cum
3491 4368 3587 4422 de-

2010 4471 2255 4541 speratio
2286 4469 2501 4523 animos
2533 4466 2786 4522 fecisset.
2830 4464 3035 4520 Deinde
3064 4462 3185 4517 cuni
3221 4465 3363 4515 fame
3396 4462 3583 4514 urbem

2009 4566 2334 4632 perdomare
2365 4560 2675 4625 statuisset,
2708 4559 2890 4613 denuo
2916 4557 3101 4624 copias
3130 4555 3419 4609 universas
3450 4568 3588 4607 con-

2009 4666 2090 4709 tra
2129 4654 2320 4708 urbem
2354 4651 2408 4705 in
2443 4653 2619 4707 aciem
2664 4649 2874 4705 eduxit.
2916 4646 3129 4703 Interea
3164 4646 3391 4701 nuntius
3435 4643 3583 4699 venit

2006 4749 2073 4802 ab
2104 4746 2338 4816 Georgio
2360 4743 2734 4799 Triballorum
2781 4742 2946 4806 duce,
2977 4741 3069 4810 qui
3103 4739 3392 4793 nuntiabat
3419 4736 3586 4792 Joan~

2006 4856 2131 4895 nem
2162 4838 2511 4902 Choniatem,
2540 4835 2889 4906 congregatis
2916 4831 3272 4887 Pannonibus
3304 4830 3578 4901 plurimis,

2010 4933 2268 5002 trajicere
2299 4930 2525 4993 Istrum,
2561 4937 2617 4982 et
2671 4935 2867 4981 contra
2920 4925 3101 4995 ipsum
3156 4925 3341 4979 hostili
3389 4923 3577 4976 animo

2009 5003 2259 5094 pergere.
2293 5020 2393 5077 His
2424 5019 2656 5085 auditis,
2699 5016 2993 5073 Amurates
3033 5020 3298 5070 continuo
3326 5014 3583 5069 omnibus

2008 5118 2423 5188 impedimentis
2473 5125 2529 5171 et
2582 5116 2822 5171 sarcinis
2878 5114 3162 5178 collectis,
3225 5112 3361 5167 urbe
3415 5126 3582 5180 quam

2005 5211 2300 5267 obsidebat
2319 5210 2603 5279 digressus
2626 5216 2730 5270 est,
2760 5206 3089 5272 ebriamque
3111 5205 3254 5260 hosti
3284 5202 3579 5274 processit,

2004 5318 2113 5374 qua
2136 5318 2262 5357 eum
2288 5312 2579 5357 venturum
2609 5308 2961 5371 cognoverat.
2986 5297 3134 5352 Misit
3161 5312 3384 5367 quoque
3410 5297 3580 5350 Amn-

2008 5406 2151 5451 rates
2175 5408 2481 5465 praeconem
2514 5394 2568 5448 in
2596 5390 2895 5462 Europam,
2929 5390 3023 5461 qui
3058 5389 3301 5444 ediceret
3333 5397 3392 5443 ut
3414 5387 3578 5440 Turci

2004 5504 2197 5545 omnes
2250 5489 2318 5544 ad
2372 5502 2553 5559 regem
2609 5487 2989 5542 convenirent.
3030 5484 3134 5553 Qui
3191 5482 3283 5539 ubi
3341 5480 3572 5551 primum

1594 5596 1853 5657 Notulae
1884 5601 2285 5680 marginales.

379 5704 489 5777 (ιῦ)
522 5702 690 5757 Deest.
715 5697 942 5770 aliquid.

387 5823 433 5855 “
462 5820 620 5875 Det—st
658 5817 748 5869 htr
775 5817 999 5888 aliquid,
1051 5819 1204 5874 etiam
1242 5818 1294 5872 in
1325 5814 1388 5871 Ii.
1470 5815 1510 5850 ³⁷
1556 5814 1619 5871 In
1653 5831 1777 5882 uno,
1814 5817 1869 5879 ἐς
1910 5834 1960 5871 τ.
1998 5834 2051 5873 at.

2167 5817 2208 5846 ³³
2254 5813 2293 5867 Β
2341 5812 2687 5883 προσμένων.
2768 5811 2810 5841 ³9
2840 5806 2901 5861 In
2945 5821 3067 5869 una,
3099 5802 3353 5854 καθίστα.
