4212 6286
397 380 501 458 477

1443 378 1540 450 DE
1572 389 1828 449 ΗΕΒυὸ
1855 385 2213 448 'I‘URCICIS
2250 384 2398 443 LIB.
2445 384 2540 445 [Χ.

3539 373 3652 443 478

391 506 799 576 Πελοποννήσῳ.
823 505 930 557 Καὶ
953 503 1294 574 Σαλμενίκην
1341 503 1656 556 ὶπελαύνων
1715 499 1965 567 ὲπολιόρ·
1994 550 1995 554 η

2071 511 2297 553 munera
2324 499 2377 550 in
2419 496 2581 550 istum
2619 494 2794 547 virum
2828 493 3221 562 congerebant.
3279 491 3642 547 Salmcnicam

390 615 496 660 κει,
529 597 717 664 λόγους
760 612 821 648 τε
847 594 1170 664 προσφέρων
1217 593 1479 653 ἐπιεικεῖς
1501 594 1579 653 εἰς
1607 591 1703 660 τὴν
1727 590 1962 653 παράδο-

312 671 317 675 ί
393 706 500 742 σιν.
526 680 687 742 Οὗτοι
721 686 821 753 μὲν
863 687 964 741 οὑκ
1013 686 1289 739 ἐπείθοντο
1314 702 1330 717 ⁶
1387 683 1587 751 συνέϐη
1629 683 1687 736 δὲ
1737 682 1966 742 ὕστερον

393 780 557 848 ἀσινῆ
583 779 896 842 ὑπεξελθεῖν
928 779 995 830 ἐκ
1040 778 1162 845 τῆς-
1187 776 1540 845 ἀκροπόλεως
1596 775 1799 840 ταύτης
1843 775 1966 826 Ἐλ-

395 871 572 939 λήνων
611 872 871 939 ᾶρχοντα,
894 869 1143 922 ἐνιαυτὸν
1175 867 1555 937 ἐπιμείναντα,
1613 864 1967 931 γενναιότατα

401 963 708 1015 ὑποστάντα
741 961 830 1013 τὸν
854 960 993 1032 πρὸς
1023 959 1248 1026 βασιλέα
1275 958 1535 1026 πόλεμον.
1552 956 1716 1009 Ὥστε
1743 956 1966 1026 Malo-J-

403 1054 608 1125 μούτην
639 1053 731 1105 τδν
765 1053 858 1108 τοῦ
890 1052 1153 1123 βασιλέως
1180 1051 1335 1106 οἴκου
1368 1049 1632 1120 ἡγεμόνα,
1673 1048 1840 1115 φάναι
1878 1045 1970 1099 επὶ

396 1145 571 1214 τούτῳ
602 1145 808 1215 τάνδρὶ,
847 1161 922 1208 ως
969 1147 1024 1206 ἐς
1055 1144 1458 1211 Πελοπόννησον
1481 1139 1750 1208 τοσαύτην
1784 1137 1969 1208 χώραν

395 1237 743 1306 ἀφικόμενος,
788 1235 1095 1304 ἀνδράποδς
1140 1235 1241 1304 μὲν
1290 1232 1465 1288 πολλὰ
1505 1231 1738 1302 εὕροιτο,
1802 1229 1971 1299 ἄνδρα

397 1329 456 1382 δὲ
483 1329 689 1397 μηδένα
719 1329 800 1381 ὅτι
828 1327 910 1396 μὴ
938 1325 1201 1380 τοιοῦτον.
1236 1325 1495 1388 Βασιλεὺς
1545 1314 1644 1391 μὲν
1679 1323 1798 1376 τότε
1827 1323 1970 1388 ἀμφὶ

398 1421 511 1480 τοῖς
537 1418 830 1486 βασιλείοις
853 1413 944 1487 ἦν’
973 1419 1174 1482 Θωμᾶς
1198 1417 1256 1468 δὲ
1296 1419 1358 1470 ὲκ
1393 1416 1492 1484 τῆς
1538 1414 1969 1483 Πελοποννήσου,

402 1512 498 1565 καὶ
531 1510 850 1578 Ἐπίδαυρον
880 1509 1230 1578 παραλαϐὼν,
1264 1508 1491 1577 ἀφίκετο
1519 1509 1613 1562 ἐπὶ
1657 1508 1970 1575 Κέρκυραν,

403 1603 501 1656 καὶ
525 1601 769 1655 ἐκϐαλὼν
799 1604 1059 1670 γυναῖκάς
1089 1619 1149 1654 τε
1171 1602 1266 1654 καὶ
1295 1603 1512 1664 παῖδας,
1536 1600 1688 1654 ἔπλει
1716 1601 1807 1653 ἐπὶ
1847 1590 1975 1654 Ἴτα-

403 1698 526 1751 λίαν
563 1697 712 1765 παρὰ
737 1686 828 1750 τὸν
845 1699 954 1750 τῶν
979 1697 1273 1766 Ῥωμαίων
1292 1696 1571 1767 ἀρχιερέα.
1595 1698 1705 1756 Καὶ
1729 1695 1974 1764 πρέσϐυν

401 1791 512 1845 ἀπὸ
542 1791 839 1859 Κερκύρας
871 1791 949 1854 ὡς
993 1789 1217 1859 βασιλέα
1241 1789 1456 1858 ιπεμπε
1511 1791 1877 1860 πειρώμενος,
1923 1788 1974 1842 εἰ

405 1883 496 1937 καὶ
552 1881 701 1952 αὐτῷ
749 1881 936 1952 χώραν
988 1881 1160 1950 inter}
1203 1881 1493 1935 ὁποιανοῦν
1545 1882 1642 1950 τῆς
1703 1878 1973 1950 Εὐρώπης
1995 1878 2024 1937 ,ἶ

400 1975 690 2045 παράλιον,
715 1972 986 2044 ὥστε-ξῆν
1028 1973 1352 2045 Ἐπίδαυρον
1381 1972 1716 2043 παραδοῦναι
1748 1972 1826 2042 τῷ
1876 1974 1974 2042 βα-

403 2069 563 2123 σιλεῖ.
600 2068 705 2120 Τὸν
732 2068 832 2136 μὲν
858 2057 951 2120 οὖν
986 2065 1227 2136 πρέσϐυν
1268 2065 1572 2130 συλλαϐὼν,
1605 2069 1666 2119 ἐν
1701 2066 1891 2128 πέδαις.
1914 2083 1973 2117 τε

403 2161 720 2230 ἑποιήσαοο,
755 2161 850 2213 καὶ
876 2159 939 2214 οὐ
979 2159 1161 2228 πολλῷ
1206 2157 1438 2230 ὕστερον
1491 2160 1704 2227 ἀφῆκεν
1760 2159 1973 2227 ἀϐλαϐῆ

398 2252 643 2305 ἀπιέναι.
685 2251 1040 2319 οΛφικόμενος
1070 2249 1126 2303 δὲ
1151 2249 1354 2319 Θωμᾶς
1391 2252 1422 2304 ὁ
1450 2249 1676 2321 ἡγεμὼν
1698 2253 1845 2320 παρὰ
1880 2251 1974 2306 τὸν

399 2341 681 2412 ἀρχιερέα,
705 2344 804 2411 τὴν
829 2342 1038 2396 δίαιταν
1060 2337 1206 2411 εἶχεν
1236 2344 1299 2394 ὲκ
1321 2341 1535 2407 τούτου,
1574 2341 1975 2415 ἑξακισχιλίους

401 2433 628 2504 χρυσίου
651 2432 750 2486 τοῦ
770 2432 920 2497 ἔτους
945 2435 1239 2502 στατῆρας.

469 2697 579 2754 Τοῦ
601 2699 674 2770 δὲ»¹
703 2700 1083 2768 ἐπιγινομένου
1107 2698 1319 2772 θερους,
1345 2700 1422 2763 ὡς
1451 2700 1514 2753 τὸ
1540 2700 1638 2771 ἔαρ
1659 2703 1970 2776 ἐπεγένετο,

398 2791 758 2860 ἰστρατεύετο
790 2791 1084 2860 Μεχμέτης
1111 2794 1203 2844 ἐπὶ
1242 2791 1340 2844 τὸν
1377 2793 1741 2864 Κασταμόνης
1792 2812 1851 2848 τε
1881 2799 1976 2849 καὶ

400 2883 650 2955 Σινώπης
704 2883 952 2953 ἡγεμόνα
985 2923 1002 2948 ,
1051 2883 1439 2951 αἰτιασάμενος
1491 2885 1574 2941 ὅτι
1619 2884 1843 2956 Χασάνῃ
1899 2888 1975 2955 τῷ

399 2976 612 3046 Mapr
643 2975 946 3044 ἐπιτήδειός
983 2992 1043 3028 τε
1069 2972 1160 3047 ἦν,
1193 2977 1286 3028 καὶ
1320 2975 1492 3029 ἐδόκει
1525 2977 1590 3031 ἂν
1640 2979 1975 3049 μεταστῆναι

402 3069 520 3136 μετ’
545 3063 712 3121 αὐτοῦ
741 3066 835 3134 ἐπὶ
857 3064 957 3133 τὴν
987 3065 1290 3134 Μεχμὲτεω
1330 3066 1536 3138 χώραν,
1579 3070 1799 3122 ἐπιόντα
1852 3071 1970 3139 ἅμα

2068 603 2286 660 quoque
2300 588 2547 644 exercitu
2571 586 2932 642 circumsedit
2956 603 2970 639 :
3002 589 3257 655 clatqnas
3280 584 3645 648 conditiones,

2068 686 2272 754 quibus
2297 683 2549 754 oppidani
2580 683 2772 737 urbem
2805 681 3089 743 dederent,
3119 678 3337 735 obtulit.
3373 677 3647 731 Cmternm

2068 778 2328 849 Oppidani
2359 793 2451 832 eas
2481 776 2830 832 conditiones
2857 785 3132 842 respuere,
3158 788 3259 827 nec
3321 771 3386 825 iis
3439 771 3649 824 uhtcm-

2071 887 2262 938 perare
2284 872 2599 925 voluerunt.
2617 868 3054 939 Contigitautem
3081 863 3452 934 postmodum.
3473 873 3530 916 ut
3549 861 3655 919 im,—

2071 977 2215 1031 pnne
2228 973 2282 1016 et
2301 962 2688 1018 illaesusexirct
2708 960 2777 1016 ab
2798 974 2923 1020 arce
2944 961 3044 1015 ista
3067 958 3382 1013 Gnecorum
3410 956 3542 1022 dux,
3558 957 3651 1025 qui

2071 1070 2163 1124 per
2189 1067 2391 1108 anitum
2419 1055 2492 1109 ibi
2527 1065 2822 1117 manserat,
2846 1067 3006 1121 quam
3032 1049 3328 1106 fortissime
3347 1058 3399 1101 et
3426 1061 3655 1118 genero-

2075 1147 2294 1201 sissimc
2318 1146 2604 1202 sustinens
2645 1144 2847 1201 bellum
2875 1144 3019 1215 quod
3053 1144 3120 1197 ab
3149 1157 3273 1211 rege
3297 1140 3651 1195 inferebatur.

2071 1234 2204 1290 Nam
2231 1233 2597 1291 Machumetes
2616 1235 2777 1307 regis:
2795 1235 2991 1291 domus
3011 1233 3260 1303 princeps
3281 1230 3347 1286 de
3365 1233 3470 1288 isto
3489 1228 3657 1300 258

2071 1329 2189 1382 viro
2223 1326 2382 1395 talem
2414 1327 2707 1382 sententim
2755 1324 3017 1394 protulit:
3055 1322 3184 1379 Veni
3218 1323 3272 1383 in
3323 1320 3629 1389 Peloponue

2073 1435 2216 1486 sum,
2236 1435 2355 1490 qua!
2378 1420 2676 1474 admodum
2693 1429 2889 1490 magna
2907 1419 3058 1488 regio
3081 1426 3186 1482 est,
3203 1428 3257 1472 et
3273 1414 3543 1485 mancipia
3569 1430 3656 1469 re-

2071 1515 2184 1583 peri
2203 1514 2435 1584 plurima
2475 1533 2487 1567 :
2523 1513 2729 1568 nullum
2760 1529 2890 1568 vero
2923 1513 3097 1567 virum
3125 1520 3317 1580 prmter
3338 1512 3518 1563 istum.
3540 1508 3653 1563 Rex

2073 1622 2136 1660 ea
2159 1612 2482 1677 tempestate
2515 1606 2570 1661 in
2615 1607 2761 1677 regia
2805 1606 2934 1660 sedc
2955 1605 3295 1660 versabatur.
3323 1603 3562 1656 Thomas
3586 1602 3656 1652 ah

2076 1697 2454 1768 Peloponuem
2486 1696 2785 1767 profectus,
2821 1707 2877 1752 et
2934 1696 3272 1765 Epidaurum
3341 1707 3652 1752 assumens,

2078 1791 2308 1850 accessit
2342 1792 2410 1846 ad
2434 1793 2727 1862 Corcyram
2761 1808 2776 1846 :
2809 1801 2862 1846 et
2891 1791 3082 1858 ejcCtis
3147 1788 3273 1842 inde
3334 1786 3656 1840 mulieribus

2077 1893 2132 1939 et
2161 1883 2370 1950 liberis,
2405 1885 2699 1956 navigabat
2719 1885 2772 1939 in
2800 1884 3010 1939 italiam
3039 1884 3106 1937 ad
3147 1881 3456 1936 Rernanum
3477 1879 3654 1948 ponti-

2077 1979 2254 2036 iicem.
2292 1979 2437 2035 Misit
2463 1993 2681 2049 quorpte
2707 1975 2944 2049 legatum
2975 1976 3041 2031 ad
3095 1990 3298 2043 regem,
3352 1972 3652 2042 periculum

2079 2069 2318 2126 facturus
2343 2086 2470 2124 num
2498 2069 2718 2125 reddere
2735 2070 2840 2125 sibi
2864 2069 3136 2138 velletpro
3165 2065 3460 2135 Epidauro,
3483 2079 3649 2133 quam

2078 2162 2289 2216 tradere
2318 2163 2554 2228 volebat,
2591 2163 2872 2235 regionem
2906 2176 3124 2215 omnem
3162 2159 3393 2227 Europre
3443 2155 3654 2212 mariti-

2077 2269 2246 2309 mam.
2287 2251 2399 2310 Rex
2428 2254 2665 2323 legatum
2705 2255 2869 2309 istum
2901 2251 3393 2321 comprehendi.et
3423 2250 3476 2304 in
3537 2251 3654 2303 vin-

2075 2348 2196 2401 cula
2222 2347 2347 2400 duci
2375 2347 2552 2413 jubet.
2581 2346 2689 2401 Nec
2723 2357 2902 2401 tamen
2940 2346 3112 2398 multo
3143 2355 3268 2413 post
3307 2359 3432 2398 euut
3481 2342 3652 2396 invio-

2077 2439 2242 2491 latum
2278 2450 2331 2492 et
2363 2438 2590 2494 illaesum
2626 2439 2854 2494 dimisit.
2888 2437 3131 2493 Thomas
3164 2437 3384 2492 veniens
3433 2437 3501 2493 ad
3547 2433 3656 2489 Ro-

2074 2544 2297 2585 manum
2332 2530 2665 2597 pontificem,
2690 2532 2835 2600 apud
2889 2547 3015 2585 eum
3063 2530 3268 2592 victum
3328 2530 3538 2595 babuit,
3599 2533 3654 2586 et

2075 2622 2477 2692 quotannissex
2509 2624 2656 2677 mille
2677 2632 2908 2679 stateres
2934 2624 3139 2692 argenti
3172 2623 3309 2695 (88).

2145 2713 2446 2784 lnSo‘quenti
2465 2725 2674 2778 aestate,
2697 2715 2788 2771 ubi
2818 2718 3066 2787 apparuit
3090 2733 3204 2781 ver,
3253 2716 3654 2785 expeditionem

2075 2805 2308 2875 sumpsit
2337 2802 2665 2863 Mechmetes
2705 2817 2894 2864 contra
2933 2809 3278 2864 Castamonze
3337 2820 3392 2864 et
3440 2811 3656 2879 Sinopre

2079 2898 2402 2969 principem.
2427 2898 2565 2954 Huic
2594 2899 2761 2962 dabat
2788 2901 3004 2954 crimini
3038 2901 3363 2964 amicitiam,
3395 2917 3555 2970 quam
3579 2901 3654 2956 fe-

2077 2997 2227 3042 cerat
2247 3004 2370 3042 cum
2399 2987 2648 3069 Chasane
2671 2988 2892 3057 Longo;
2927 3000 3186 3060 pneterea
3213 2995 3357 3062 quod
3403 2996 3651 3061 parabat,

2076 3079 2309 3134 Chasani
2339 3082 2652 3148 adjunctus,
2693 3083 3061 3139 incursionem
3093 3083 3270 3139 facere
3303 3087 3354 3138 in
3385 3101 3538 3139 suam
3564 3101 3652 3139 re-

398 3158 590 3226 ἐκείνῳ
626 3157 1034 3225 στρατεύεσθαι.
1065 3158 1294 3225 Λέγεται
1332 3159 1429 3225 μὲν
1461 3159 1526 3229 δὴ
1573 3162 1664 3213 καὶ
1711 3162 1864 3226 ἄλλα,
1895 3163 1969 3226 ὡς

2073 3170 2310 3239 gionem,
2331 3185 2437 3224 una
2455 3187 2580 3228 cum
2600 3187 2666 3227 eo
2693 3172 2968 3229 hostiliter
2995 3174 3281 3231 accedens.
3308 3175 3578 3229 Feruntur
3601 3185 3655 3230 et

397 3251 426 3302 ὁ
476 3247 760 3319 ’Δμάρλεω
792 3249 1038 3315 ἀδελφὸς,
1099 3250 1392 3324 διατρίϐων
1447 3253 1506 3303 ἐν
1550 3255 1672 3316 ταῖς
1711 3254 1971 3322 βασιλέως

395 3339 613 3407 θύραις,
641 3339 998 3392 συνεϐούλευε
1033 3340 1249 3410 βασιλεῖ
1301 3344 1695 3412 στρατεύεσθαι
1744 3346 1837 3399 ἐπὶ
1880 3349 1971 3401 τὸν

400 3429 648 3497 ἀδελφόν.
685 3429 985 3499 Πληρώσας
1014 3429 1070 3482 δὲ
1109 3428 1239 3490 ναῦς
1284 3429 1443 3484 πλοῖά
1473 3449 1530 3484 τε
1585 3433 1681 3485 καὶ
1728 3435 1970 3502 τριήρεις

398 3523 540 3590 ἀμφὶ
570 3519 636 3572 τὰ
667 3520 1000 3588 πεντήκοντα
1034 3521 1128 3573 καὶ
1150 3521 1347 3574 ἑκατὸν
1379 3523 1518 3574 κατά
1550 3522 1844 3585 Θάλασσαν.
1877 3527 1970 3578 καὶ

397 3613 559 3675 αὐτὸς
587 3611 777 3674 διαϐὰς
811 3613 867 3674 ἐς
892 3609 990 3680 τὴν
1016 3611 1227 3676 Ἀσίαν,
1257 3613 1544 3683 ἐκομίζετο
1577 3616 1719 3688 πεζῇ
1758 3615 1846 3672 διὰ
1873 3618 1970 3686 τῆς

397 3704 626 3776 ἠπείρου
657 3719 675 3765 ⁸,
704 3706 799 3760 καὶ
827 3710 856 3758 ὁ
885 3707 1073 3770 στόλος
1114 3708 1262 3777 αὑτῷ
1297 3710 1384 3762 διὰ
1433 3709 1705 3777 θαλάσσης
1743 3713 1799 3764 ἐν
1852 3711 1971 3780 χρῷ

398 3797 730 3866 παραλαϐὼν
758 3797 856 3868 τὴν
895 3798 1103 3864 ’Δσίαν,
1132 3801 1188 3860 ἐς
1218 3800 1245 3852 δ
1271 3801 1500 3868 ἀφίκετο
1544 3802 1636 3854 ἐπὶ
1697 3799 1965 3873 Σινώπην.

398 3885 829 3958 Καὶὸβασιλεὺς
869 3889 1340 3957 στρατευσάμενος
1377 3890 1465 3943 διὰ
1527 3893 1625 3959 τῆς
1680 3891 1971 3959 Κασταμο-

398 3979 516 4047 νίης
537 3980 764 4044 πόλεως,
786 3979 1100 4046 διελαύνων,
1132 3983 1363 4047 ἀφίκετο
1395 3984 1487 4035 ἐπὶ
1513 3973 1781 4053 Σινώπην.
1811 3986 1967 4039 Ἔστι

397 4072 444 4124 δ’
476 4073 512 4141 ἡ
545 4072 696 4136 πόλις
717 4071 855 4142 αῦτη
883 4075 1218 4144 προκειμένη
1254 4076 1381 4144 περὶ
1412 4076 1501 4127 τὸν
1541 4075 1792 4141 Εὔξεινον
1837 4077 1968 4128 πόνο

398 4175 505 4216 τον.
530 4164 790 4216 Διατείνει
818 4165 875 4217 δὲ
898 4162 1248 4235 Χερρόνησος
1277 4165 1411 4218 οὖσα
1432 4167 1486 4230 ἐς
1525 4169 1624 4235 τὴν
1668 4168 1964 4232 Θάλασσαν,

400 4255 491 4306 ἐπὶ
518 4254 765 4315 σταδίους
795 4253 968 4307 εἰκοσι
996 4255 1093 4306 καὶ
1127 4253 1289 4318 ἑπτὰ,
1313 4257 1407 4307 καὶ
1431 4256 1583 4324 παρά
1640 4257 1719 4324 τῷ
1766 4255 1968 4327 Ἰσομῷ

398 4348 680 4413 οἰκεῖτιιή
714 4328 890 4410 πόλις,
920 4346 1005 4415 ἐφ’
1028 4346 1268 4417 ἑκάτερα
1303 4346 1504 4415 ἔχουσα
1538 4346 1637 4417 τὴν
1670 4349 1963 4414 Θάλασσαν,

402 4439 494 4487 καὶ
520 4436 1000 4505 λιμένααὺτοφυῆ.
1040 4437 1107 4489 'H
1163 4439 1219 4490 δὲ
1273 4439 1531 4492 ἐπέκεινα
1576 4440 1677 4508 τῆς
1736 4441 1964 4504 πόλεως,

2074 3261 2180 3314 alia
2218 3277 2233 3314 ι
2265 3261 2518 3320 videlicet
2539 3264 2788 3316 Amarles
2813 3263 2979 3317 frater
2997 3279 3164 3335 agens
3191 3267 3244 3319 in
3274 3267 3454 3335 ianuis
3482 3269 3649 3339 regis,

2075 3350 2185 3420 regi
2216 3366 2324 3404 non
2353 3353 2592 3407 cessavit
2621 3353 2877 3417 suadere,
2907 3365 2968 3409 ut
2995 3355 3148 3410 fratri
3177 3371 3280 3412 suo
3310 3359 3510 3413 bellum
3561 3362 3648 3414 itt-

2072 3440 2298 3495 diccret.
2329 3439 2568 3511 lmplens
2596 3443 2762 3512 igitur
2796 3460 2886 3498 rex
2931 3458 3096 3502 naves
3125 3452 3180 3501 et
3211 3448 3462 3505 triremes
3488 3451 3650 3506 circi-

2072 3540 2154 3585 ter
2182 3533 2574 3603 quinquaginta
2606 3544 2660 3588 ct
2690 3547 2931 3601 centum,
2958 3554 3076 3592 cam
3122 3541 3350 3594 classem
3375 3542 3508 3595 mari
3523 3541 3646 3611 pro“-

2072 3622 2362 3701 fectionem
2384 3626 2561 3680 facere
2575 3628 2761 3695 jussit.
2785 3627 2903 3703 lpsc
2925 3646 3050 3684 vero
3075 3634 3345 3688 transiens
3376 3634 3428 3688 itt
3458 3637 3640 3689 Asiam

2073 3713 2274 3770 itinere
2306 3717 2565 3788 pedestri,
2603 3734 2698 3787 per
2725 3719 3091 3777 continentem
3116 3723 3416 3779 incedebat.
3442 3726 3651 3784 Classis

2073 3809 2216 3877 regia
2252 3807 2394 3863 Asia:
2425 3823 2579 3862 oram
2608 3805 2847 3894 tenebat,
2875 3813 3046 3868 donec
3104 3818 3314 3871 veniret
3364 3816 3649 3888 Sinopam.

2071 3895 2141 3948 At
2166 3910 2256 3949 rex
2289 3899 2389 3950 iter
2418 3896 2625 3953 faciens
2670 3915 2765 3969 per
2823 3900 3205 3957 Castamonam
3273 3907 3461 3960 urbem
3523 3926 3647 3962 (tlttt

2071 3989 2341 4055 exercitu,
2370 3990 2586 4044 tandem
2623 3992 3170 4064 pcrvcnitSiuopam.
3202 3996 3340 4052 Urbs
3369 3999 3481 4056 haec
3515 4018 3652 4070 pra:-

2067 4081 2210 4149 jacet
2249 4081 2458 4138 Euxino
2483 4083 2677 4147 Ponto,
2720 4085 3064 4153 cxtenditsc,
3113 4106 3235 4145 cum
3292 4097 3362 4148 sit
3414 4094 3649 4152 Chersii-

2073 4191 2258 4240 ncsus,
2288 4176 2340 4229 in
2373 4193 2522 4230 mare
2551 4180 2741 4233 stadiis
2772 4180 2962 4246 viginti
2993 4194 3197 4252 septem
3231 4203 3243 4239 :
3276 4197 3332 4240 et
3364 4189 3415 4240 in
3449 4189 3652 4242 Isthmo

2069 4267 2171 4320 sita
2207 4266 2523 4322 est.llortis
2549 4280 2602 4323 et
2659 4271 2946 4327 arboribus
2997 4273 3260 4330 abundat.
3314 4277 3538 4334 Plantas
3599 4291 3653 4335 et

2070 4359 2296 4412 arbores
2331 4359 2584 4423 producit
2608 4362 2926 4429 omnigenas
2957 4372 3065 4418 tam
3103 4379 3434 4432 mansuetas.
3482 4389 3649 4442 quam

2071 4448 2373 4505 silvestres.
2415 4451 2625 4507 Nomen
2658 4454 2776 4521 ejus
2812 4466 2894 4510 est
2937 4455 3233 4527 Pordapas.
3266 4460 3405 4517 Sunt
3433 4463 3506 4518 ibi
3553 4468 3650 4520 da-

401 4527 510 4576 ἔσω
556 4526 890 4578 διατείνουσα
942 4528 1309 4598 Χερρόνησος,
1351 4529 1530 4600 διήκει
1579 4531 1671 4582 ἐπὶ
1716 4532 1964 4596 σταδίους

2073 4542 2348 4598 mularum
2375 4553 2430 4598 et
2457 4547 2697 4610 leporum
2735 4548 2961 4604 vivaria.
2995 4549 3104 4605 Nec
3129 4552 3460 4610 desuntalize
3499 4558 3643 4625 ferte,

404 4619 625 4667 εἴκοσιν.
658 4617 946 4684 Ἐμπλεως
983 4619 1042 4671 δέ
1070 4621 1184 4672 ἐστι
1215 4621 1564 4688 παραδείσων
1605 4640 1662 4674 τε
1700 4625 1795 4675 καὶ
1843 4624 1963 4676 δέν-

400 4704 543 4773 δρων
570 4706 948 4767 παντοδαπῶν,
997 4709 1220 4778 ἡμέρων
1249 4728 1308 4763 τε
1343 4711 1434 4764 καὶ
1489 4713 1715 4781 ἀγρίων,
1763 4717 1966 4786 Πόρδα-

398 4812 506 4858 πας
536 4795 583 4827 δ’
617 4797 1011 4866 ὀνομαζομένη,
1040 4800 1240 4868 ἔχουσά
1299 4819 1358 4855 τε
1403 4802 1552 4867 ἐντὸς
1596 4803 1860 4874 δορκάδας
1895 4809 1962 4874 ’¹,

395 4886 639 4955 λαγωούς
664 4904 748 4952 τε,
779 4890 872 4940 καὶ
902 4888 1017 4941 ἄλλ’
1045 4891 1180 4945 ἄττα
1214 4895 1575 4964 κυνηγέσιμα.
1638 4898 1703 4949 ἸΙ
1731 4899 1788 4951 δὲ
1815 4900 1962 4964 πόλιι⁸

395 4977 608 5047 ἐρυμνὴ
646 4980 743 5048 μὲν
776 4979 891 5031 ἐστι
940 4981 1025 5046 ἐφ’
1059 4982 1292 5052 ἑκάτερα
1345 4987 1444 5054 τῆς
1480 4987 1755 5055 θαλάσσης
1807 4992 1864 5052 ἐς
1899 4993 1966 5044 τὰ

399 5071 659 5138 μάλιστα,
700 5073 1168 5143 περικαλλεστάτη
1200 5095 1259 5129 τε
1290 5080 1381 5131 καὶ
1408 5080 1606 5150 ὡραία,
1643 5084 1749 5135 ἀπὸ
1782 5084 1836 5136 δὲ
1869 5085 1965 5153 τῆς

396 5164 624 5233 ἠπείρου
651 5165 834 5234 ἀνέχει
884 5167 1041 5234 μὲνὴ
1076 5168 1228 5230 πόλις
1271 5172 1364 5222 ἐπὶ
1404 5172 1578 5238 ἀκτήν
1615 5191 1737 5226 τινα
1768 5191 1780 5203 ·
1820 5177 1852 5244 ἡ
1909 5179 1964 5229 δὲ

395 5254 506 5306 ἀπὸ
530 5257 628 5325 τῆς
661 5257 1007 5329 Χερρονήσου
1029 5265 1184 5334 χώρα
1215 5265 1312 5332 τῆς
1364 5263 1571 5325 πόλεως
1628 5265 1842 5334 πεδεινή
1877 5285 1962 5332 τε,

399 5345 494 5400 καὶ
524 5342 611 5399 οἷα
641 5349 1006 5417 προσϐάλλειν
1039 5355 1116 5425 τῷ
1152 5355 1319 5426 τείχει
1350 5357 1424 5417 ὡς
1493 5355 1682 5424 ῥᾷστα.
1737 5355 1961 5425 Melon-

2067 4649 2205 4703 quas
2228 4636 2412 4690 venari
2449 4638 2714 4693 solemus.
2744 4638 2883 4694 Urbs
2913 4643 3212 4698 admodum
3267 4649 3470 4702 munita
3523 4661 3643 4718 est;

2070 4742 2194 4780 nam
2230 4730 2488 4798 utrinque
2512 4731 2646 4784 mari
2685 4732 2943 4803 cingitur,
2972 4751 3096 4789 cum
3151 4739 3221 4790 sit
3286 4742 3532 4810 speciosa
3592 4756 3648 4797 ct

2068 4818 2320 4888 pulchra.
2353 4823 2434 4875 Ab
2462 4826 2775 4879 continente
2797 4827 2968 4895 vergit
3004 4828 3209 4883 urbsca
3237 4831 3289 4885 in
3324 4831 3500 4886 locum
3534 4853 3650 4887 are-

2072 4925 2289 4964 nosum.
2321 4911 2395 4965 Ea
2429 4929 2559 4967 vero
2586 4915 2736 4981 regio
2757 4932 2880 4985 quae
2913 4919 2964 4970 in
3000 4917 3406 4976 Chersonesum
3453 4928 3642 4991 pandi-

2072 5011 2182 5063 tur,
2209 5004 2532 5071 campestris
2559 5015 2641 5060 est
2671 5023 2683 5058 :
2722 5019 2777 5062 et
2808 5007 2934 5062 hinc
2964 5009 3120 5064 facile
3157 5013 3304 5066 urbis
3335 5016 3528 5068 nuntia
3551 5032 3646 5081 ag-

2069 5091 2218 5157 gredi
2250 5091 2393 5146 licet.
2437 5095 2803 5150 Machuntetcs
2832 5097 3106 5165 profectus
3137 5101 3202 5153 ad
3224 5103 3408 5155 urbem
3461 5106 3639 5169 istam,

2067 5188 2192 5232 ante
2232 5181 2522 5234 adventum
2558 5184 2700 5253 regis
2748 5192 2801 5239 in
2858 5185 3159 5243 Turcorutu
3196 5202 3396 5255 castra,
3455 5195 3628 5263 hujus-

2069 5272 2212 5325 ntodi
2246 5274 2547 5327 orationem
2573 5292 2695 5329 cum
2731 5277 2956 5333 lsmacle
3016 5280 3273 5336 habuisse
3341 5283 3509 5337 fertur
3544 5302 3555 5334 :
3595 5285 3640 5336 0

2067 5364 2140 5416 fili
2180 5364 2500 5431 Sccudcris,
2529 5377 2586 5423 tu
2617 5372 2837 5440 quidem
2873 5372 3464 5445 cx-illustri'l‘yriorum
3523 5374 3637 5446 (δὲ)

1698 5518 1945 5579 Νοιυιω
1987 5523 2398 5600 marginales.

468 5640 579 5708 (88)
621 5641 705 5700 ΑΙ.
737 5644 889 5700 Auri.

480 5796 523 5829 “
556 5799 866 5870 Πρὸδαπσς,
891 5803 947 5857 in
978 5802 1046 5858 ll.
1080 5804 1214 5859 utin
1237 5822 1282 5861 c.
1361 5805 1402 5839 ⁸³
1431 5805 1698 5873 Ζορκάδια
1726 5808 1778 5861 in
1811 5815 1984 5874 ulroq.

2142 5649 2253 5720 (89)
2291 5651 2615 5711 Turcorutn.
