4212 6286
560 329 670 397 513

1656 331 1754 393 DE
1792 332 2049 395 REBUS
2079 331 2440 394 TURCICIS
2483 333 2631 393 LlB.
2675 333 2746 394 X.

3702 333 3808 399 5H.

551 463 615 502 τε
638 445 766 508 τοὺς
795 441 905 498 ἀπὶ»
939 440 1358 512 Τραπεζοῦντος
1395 439 1663 508 βασιλεῖς,
1699 443 1796 496 καὶ
1844 442 2118 512 Ἑλλήνων

2225 451 2416 509 gentes
2439 450 2618 497 autem
2641 439 2915 498 connubia
2936 455 3061 496 cum
3088 441 3469 512 Trapezuntiis
3493 443 3732 514 regibus,
3755 456 3810 502 et

551 538 851 608 ἡγεμόνας,
916 538 1009 590 καὶ
1058 535 1185 598 τοὺς
1235 535 1372 605 παρ’
1403 534 1632 605 Ἕλλησι
1718 535 2124 603 πρωτεύοντας,

552 633 811 700 κατεῖχον
839 631 942 698 τὴν
974 629 1141 697 νῆσον
1171 629 1230 692 ἐς
1260 629 1330 680 τὰ
1396 627 1635 697 μάλιστα
1691 629 2122 698 εὐνομουμένην.

563 721 786 790 Ἐπέχει
814 719 871 772 δέ
904 720 939 789 ἡ
975 722 1143 791 νῆσος
1167 717 1310 788 αὕτη
1363 717 1472 770 ἀπὸ
1507 721 1605 785 τῆς
1660 720 1716 781 ἐς
1775 720 1876 788 τὴν
1940 718 2127 771 Ἀσίαν

547 812 782 882 ὴπεξρου
811 809 1060 874 σταδίους
1083 809 1321 880 μάλιστα
1345 806 1701 879 ὀγδοήκοντα.

635 904 782 958 Ἀλλ’
814 907 849 974 ἡ
882 904 981 972 μιν
1005 903 1134 964 Χίος
1157 901 1448 971 κατείχετο
1478 901 1578 970 μέν
1610 900 1703 954 καὶ
1733 898 1875 968 αὕτη
1934 900 2126 970 πρότε-

550 1017 645 1071 ρον
677 997 784 1052 ὑπὸ
825 996 1095 1059 Ἰανυῖων,
1122 995 1186 1048 οὗ
1213 994 1402 1064 μέντοι
1429 992 1596 1057 ἑάλω,
1659 993 1798 1046 ἀλλὰ
1847 993 2126 1060 δεομένων

547 1093 680 1149 τῶν,
714 1089 1014 1153 Βυζαντίου
1075 1086 1342 1160 βασιλέων
1408 1087 1730 1158 χρημάτων,
1793 1083 1956 1139 ικανὰ
2010 1087 2126 1148 τοῖς

551 1185 784 1254 Ἕλλησι
805 1183 984 1236 δέδοτο
1013 1181 1120 1235 ὑπὸ
1150 1181 1453 1251 Μαρτενου,
1485 1179 1583 1232 τοῦ
1606 1179 1707 1250 τὴν
1734 1178 1899 1248 νῆσον
1919 1178 2126 1249 ταύτην

554 1278 947 1347 κατασχόντος,
978 1276 1074 1331 ὑπ’
1101 1276 1351 1344 ἀνάγκης
1399 1274 1522 1327 τότε
1557 1273 1667 1326 τῶν
1705 1271 1979 1340 Ἑλλήνων
2034 1271 2124 1324 διὰ

545 1377 639 1425 τὸν
661 1372 800 1442 πρὸς
831 1371 1060 1441 Μήδους
1090 1371 1187 1423 καὶ
1213 1369 1307 1422 τὸν
1332 1367 1676 1437 Τριϐαλλοὺς
1716 1367 1975 1435 πόλεμον.
2009 1366 2123 1420 Καὶ

546 1465 780 1535 ὕστερον
811 1469 1000 1536 μέντοι
1066 1462 1346 1519 ἀπέλαϐον
1394 1461 1497 1532 τὴν
1544 1460 1709 1532 νῆσον
1735 1463 1783 1515 oi
1836 1460 2118 1528 Ἕλληνες,

546 1558 841 1620 ἀποδόντες
889 1558 952 1609 τὸ
993 1555 1154 1626 χριος
1187 1555 1264 1625 τῷ
1316 1554 1601 1625 Μαρτίνῳ.
1661 1552 1818 1608 Μετὰ
1847 1552 1905 1605 δέ
1945 1550 2123 1604 ταῦτα.

546 1654 769 1720 ἐγένετο
799 1650 906 1703 ὑπὸ
964 1649 1242 1713 Ἱανυῖοις,
1298 1646 1527 1717 ὕστερον
1577 1647 1756 1719 χρόνῳ
1817 1644 1880 1698 οὐ
1940 1644 2121 1714 πολλῷ

544 1745 828 1817 τριήρεσιν
893 1743 1250 1813 ἀφικομένοις
1309 1743 1406 1796 καὶ
1461 1740 1972 1811 παραστησαμένοις
2017 1738 2120 1809 τὴν

2234 536 2548 592 Grecorum
2584 537 2841 603 ducibus,
2866 550 3080 592 necnon
3113 551 3239 592 cum
3276 537 3347 592 iis
3367 539 3459 607 qui
3490 539 3628 608 apud
3655 536 3810 592 Grae-

2232 644 2331 684 cos
2363 638 2623 697 praestare
2651 629 3002 695 videbantur,
3033 627 3267 684 insulam
3285 643 3411 684 eam
3439 638 3696 685 rexerant
3722 645 3809 684 sa-

2232 721 2546 777 luberrimis
2565 723 2773 792 legibus
2799 722 3099 778 fundatam.
3124 721 3206 777 Ab
3236 737 3297 777 ea
3328 723 3662 788 continente,
3687 739 3809 792 qna:

2232 813 2416 871 Asiam
2444 824 2678 886 spectat,
2699 815 2942 871 excurrit
2963 815 3029 869 ad
3058 815 3232 871 stadia
3267 816 3487 872 circiter
3507 819 3801 888 octoginta.

2313 904 2582 962 Caeterum
2609 915 2665 962 ct
2685 906 2795 978 jam
2816 905 3012 961 olimin
3045 913 3310 976 potestate
3323 904 3677 962 Januensium
3706 909 3806 962 fuit

2231 996 2419 1061 Chius.
2453 1013 2555 1055 nec
2587 1007 2765 1056 tamen
2795 1001 2970 1056 armis
3005 1008 3187 1070 capta.
3250 996 3448 1053 Verum
3480 1015 3607 1056 cum
3654 1000 3805 1056 Grae—

2232 1103 2424 1145 corum
2459 1106 2614 1162 reges
2661 1091 2911 1161 pecunia:
2976 1091 3160 1163 inopia
3211 1091 3545 1158 laborarent,
3588 1105 3809 1164 propter

2233 1180 2434 1238 bellum
2463 1184 2610 1253 quod
2639 1199 2702 1238 ea
2744 1193 3070 1254 tempestate
3095 1186 3354 1255 gerebant
3379 1202 3504 1241 cum
3538 1187 3709 1244 Medis
3726 1189 3805 1262 (5)

2230 1286 2285 1330 et
2310 1274 2586 1339 Triballis,
2625 1292 2873 1346 magnam
2907 1278 3149 1346 pecunia:
3182 1280 3288 1332 vim
3353 1286 3549 1334 mutuo
3577 1295 3808 1353 accepe-

2232 1378 2360 1424 runt
2389 1369 2667 1424 aMartino
2687 1369 2901 1438 (Mi-jus
2929 1370 3116 1426 insula:
3134 1380 3368 1426 rectore.
3395 1369 3568 1428 Graeci
3586 1377 3803 1429 tandem

2228 1477 2348 1516 eam
2385 1463 2614 1517 insulam
2661 1474 3011 1532 receperunt,
3069 1479 3195 1518 cum
3251 1479 3325 1520 ars
3377 1465 3640 1530 alienum,
3697 1483 3808 1538 quo

2227 1565 2385 1609 erant
2419 1555 2637 1625 obligati
2666 1554 2917 1620 Μαι-ϋηο,
2965 1557 3377 1625 persolvissent.
3417 1557 3624 1614 Deinde
3659 1563 3807 1615 venit

2229 1645 2406 1701 insula
2454 1646 2569 1700 hac
2624 1647 2681 1702 in
2719 1645 3079 1701 Jaunensiniu
3148 1647 3409 1704 ditionem
3451 1668 3466 1703 :
3525 1653 3642 1721 qui,
3676 1667 3800 1706 cum

2228 1753 2335 1792 non
2356 1737 2584 1792 multum
2609 1739 2871 1806 temporis
2890 1740 3289 1803 intervenisset,
3319 1746 3799 1810 adveneruntjcum

549 1807 726 1894 τὲδλέζρ.
763 1837 873 1902 οὓς
905 1807 1029 1891 obes
1062 1807 1280 1906 ηπόλις
1322 1807 1636 1906 ἐξέπεμψεν
1859 1833 1958 1903 τὴν
2017 1807 2118 1900 τῆς

2225 1829 2565 1891 triremibus.
2601 1839 2659 1883 ut
2694 1831 2884 1886 urbem
2918 1847 3040 1885 eam
3078 1845 3355 1901 caperent.
3386 1833 3448 1887 lli
3471 1850 3572 1889 nec
3594 1807 3800 1905 populi.

546 1934 713 2004 νήσου
742 1929 1158 2001 καταστροφὴν,
1183 1927 1310 1982 οὕτε
1342 1930 1495 1998 κοινῇ
1530 1925 1638 1980 ὑπὸ
1655 1927 1767 1980 τῶν
1797 1926 1972 1980 τελῶν
2002 1924 2121 1988 ἐξε-

548 2027 901 2097 πόμφθησαν.
947 2022 1092 2078 Ἀλλ’
1113 2022 1272 2076 αὐτοὶ
1296 2021 1648 2092 ὡρμημένοι,
1682 2020 1731 2072 ol
1755 2019 1910 2073 ἐννέα
1932 2018 2121 2072 οίκιῶν

543 2119 831 2189 γενόμενοι
865 2118 1152 2188 ἄρχοντες,
1184 2115 1285 2183 τὴν
1318 2114 1483 2184 νῆσον
1514 2112 1982 2182 κατεστρέψαντο.
2010 2113 2118 2163 Καὶ

543 2214 624 2287 τῷ
649 2213 755 2267 ὑπὸ
782 2210 936 2265 τοῦδε
962 2210 1138 2282 ταύτῃ
1167 2208 1239 2272 ³⁸,
1268 2207 1346 2272 ὡς
1373 2209 1525 2278 σφίσι
1549 2223 1607 2260 τε
1651 2207 1859 2268 αὐτοῖς,
1888 2207 1983 2259 καὶ
2007 2207 2122 2268 τοῖς

547 2313 608 2364 ἐν
654 2308 724 2379 τῇ
764 2305 919 2360 πόλει
983 2303 1338 2374 μετριώτατα
1389 2301 1762 2371 διαιτώμενοι,
1817 2303 1973 2370 κοινῇ
2020 2300 2120 2368 τὴν

546 2399 703 2452 πόλιν
725 2396 981 2466 διῴκουν.
1025 2391 1498 2461 Ἐξωνησαμένων
1526 2389 1668 2460 μετὰ
1693 2388 1867 2442 ταῦτα
1891 2389 1986 2440 καὶ
2021 2389 2120 2449 τὰς

547 2491 647 2561 τῆς
681 2486 890 2551 πόλεώς
944 2503 1007 2540 τε
1050 2487 1150 2539 καὶ
1204 2487 1374 2555 νήσου
1437 2485 1636 2554 μοίρας
1690 2483 1800 2536 τῶν
1861 2481 1972 2534 ἀπὸ
2021 2482 2120 2549 τῆς

563 2580 779 2648 Ἰανὺης
805 2577 1038 2648 ἀνδρῶν,
1071 2577 1219 2646 μέγα
1243 2576 1564 2646 δυναμένων
1614 2577 1670 2638 ἐς
1732 2573 1965 2628 πλοῦτον
2031 2573 2121 2626 διὰ

542 2673 646 2745 τὴν
672 2674 773 2742 τῆς
807 2671 1080 2744 μαστίχης
1108 2669 1392 2741 πρόσοδον.
1454 2670 1626 2738 Κοινῇ
1662 2667 1772 2736 γὰρ
1804 2668 1869 2738 δὴ
1911 2665 2053 2739 αὕτη
2080 2668 2116 2736 ἡ

543 2766 709 2837 νῆσος
736 2766 846 2819 τῶν
867 2767 928 2819 ἐν
953 2766 1031 2835 τῷ
1056 2765 1270 2836 Αἰγαίῳ
1320 2764 1478 2834 φέρει
1539 2763 1756 2833 καρπὸν
1803 2761 1992 2816 τοῦτον
2039 2760 2116 2823 ὡς

542 2860 819 2914 πλεῖστον.
856 2859 964 2913 Καὶ
999 2857 1368 2929 ἐργαζόμενοι
1396 2856 1463 2923 ⁸⁸,
1500 2855 1905 2926 χρηματίζεται
1942 2853 2115 2924 μεγάο

544 2955 653 3018 λως
688 2956 747 3006 ἐν
799 2952 1001 3022 τούτῳ.
1053 2952 1236 3021 Διέχει
1289 2951 1345 3004 δὲ
1378 2950 1602 3002 ἔλαττον
1653 2951 1827 3020 ταύτῃ
1875 2949 1984 3003 ἀπὸ
2012 2952 2115 3022 τῆς

556 3047 739 3112 Ἀσίας
799 3045 1048 3109 σταδίους
1099 3044 1233 3098 ὡσεὶ
1289 3043 1634 3112 πεντήκοντα
1711 3043 1948 3113 μάλιστά
2008 3059 2109 3114 πη.

2229 1939 2328 1982 nec
2367 1928 2718 1995 magistratus
2748 1943 3016 1982 consensu
3053 1938 3106 1983 et
3126 1927 3408 1983 voluntate
3438 1930 3593 1985 missi
3621 1941 3798 1992 erant,

2227 2028 2284 2072 ut
2310 2019 2540 2073 insulam
2574 2035 2694 2073 eam
2738 2021 2792 2072 in
2810 2020 3072 2076 ditionem
3101 2021 3429 2090 reciperent,
3462 2037 3655 2076 verum
3697 2037 3800 2078 sua

2228 2121 2444 2180 sponte,
2519 2128 2644 2166 eum
2694 2124 2881 2168 essent
2942 2128 3137 2168 novem
3169 2113 3252 2182 (5)
3306 2114 3640 2170 familiarum
3695 2116 3800 2170 viri

2225 2206 2516 2277 prim-ipes,
2541 2207 2608 2260 ab
2631 2207 2795 2261 domo
2822 2208 3074 2277 profecti,
3107 2208 3341 2264 insulam
3365 2222 3485 2263 eam
3514 2209 3800 2279 subegere.

2227 2297 2304 2351 Ex
2337 2313 2404 2352 co
2433 2307 2678 2366 tempore
2704 2301 2983 2354 communi
3032 2302 3265 2355 consilio
3291 2316 3486 2372 magna
3505 2301 3798 2356 concordia

2227 2392 2414 2447 urbem
2443 2393 2836 2461 gubernatum,
2875 2409 2998 2447 cum
3045 2395 3245 2464 ubique
3273 2393 3518 2462 ipsorum
3551 2395 3606 2449 in
3633 2395 3799 2450 rebus

2224 2487 2752 2557 gerendismodestin
2775 2486 3035 2541 eluceret.
3058 2485 3298 2541 Tandem
3335 2488 3489 2542 urbis
3516 2496 3573 2542 et
3605 2485 3800 2542 insulae

2226 2589 2406 2649 partes
2431 2589 2683 2634 emerunt
2711 2579 2809 2634 riri
2847 2576 3175 2644 Jntillenscs,
3207 2581 3300 2649 qui
3335 2581 3629 2649 plurimum
3677 2579 3798 2647 pol-

2223 2671 2403 2726 lebant
2442 2672 2661 2741 opibus,
2684 2683 2904 2740 propter
2951 2672 3197 2727 masticis
3239 2671 3471 2725 reditum
3498 2680 3799 2741 etproven-

2222 2772 2357 2817 ttuu.
2395 2764 2578 2818 Insula
2604 2779 2840 2833 namque
2859 2765 2959 2818 ista
2987 2762 3038 2816 in
3068 2761 3203 2817 mari
3238 2760 3426 2833 Egeo
3444 2762 3569 2829 sita,
3601 2763 3792 2816 masti-

2218 2855 2299 2909 cis
2332 2855 2568 2909 fructum
2591 2855 2763 2910 reddit
2797 2855 3131 2910 uberrimum
3175 2863 3264 2910 :et
3311 2854 3404 2926 qui
3457 2855 3585 2910 huic
3639 2857 3793 2926 operi

2217 2956 2348 3004 sunt
2385 2949 2596 3014 intenti,
2632 2950 2782 3003 lucra
2814 2947 3200 3004 multaferunt.
3235 2950 3361 3006 llaec
3391 2958 3577 3005 autem
3606 2951 3790 3004 minus

2217 3051 2426 3098 remota
2481 3043 2550 3097 ab
2617 3044 2743 3099 Asia
2800 3053 2904 3110 est,
2961 3060 3127 3115 quam
3176 3046 3457 3116 praedicta,
3520 3046 3791 3116 siquidem

543 3141 838 3193 Διοικεῖται
869 3135 978 3206 δὲὴ
1004 3135 1159 3195 πόλις
1193 3134 1334 3204 αΰτῃ
1365 3134 1468 3187 ὑπὸ
1498 3135 1607 3187 τῶν
1633 3134 1787 3189 ἐννέα
1811 3133 2113 3204 ἀρχόντων,

2215 3137 2410 3194 stadiis
2444 3138 2675 3194 maxime
2705 3138 3099 3210 quinquaginta
3132 3149 3339 3210 septem
3406 3139 3475 3195 ab
3517 3155 3580 3195 ca
3630 3141 3794 3196 dissi-

540 3233 709 3301 τὴντε
736 3231 898 3299 νῆσον
919 3225 1096 3298 ἀρχὴν
1115 3225 1380 3292 τὰπρῶτα
1408 3225 1913 3295 κατασχόντων,καὶ
1958 3224 2114 3279 ὕστεη

541 3342 634 3394 ρον
660 3323 834 3377 ἄλλων
870 3319 1296 3388 ἐξωνησαμένων
1325 3318 1466 3371 αὐτὰ
1484 3319 1553 3370 τὰ
1577 3317 1919 3388 πάτρια,τῶν
1953 3318 2013 3369 ἐν
2041 3320 2109 3386 τῇ

536 3419 689 3471 πόλει
704 3415 882 3469 ἀστῶν
897 3411 1007 3467 ἀπὸ
1022 3411 1132 3464 τῶν
1160 3409 1428 3480 Ἑλλήνων
1443 3410 1726 3479 βασιλέων.
1749 3409 2037 3478 Εὖνομήθη
2054 3409 2110 3462 δὲ

537 3514 627 3564 καὶ
646 3512 678 3579 ή
697 3507 853 3572 πόλις
879 3509 979 3578 τῆς
1007 3506 1166 3571 Χίου,
1189 3505 1426 3574 μάλιστα
1447 3504 1503 3558 δὲ
1532 3503 1742 3557 πόλεων
1767 3505 1876 3557 τῶν
1911 3505 1969 3556 ἐν
1992 3505 2109 3568 ταῖς

533 3605 718 3671 νήσοις
751 3600 997 3659 ταύταις.
1031 3595 1127 3649 καὶ
1168 3595 1469 3663 προσοδίων
1535 3593 1846 3664 ἱκανωτάτη
1874 3594 2036 3665 ἔσχεν
2073 3596 2104 3663 ἡ

535 3696 705 3754 πόλις,
735 3692 876 3745 ὥστε
909 3691 1003 3743 ἐπὶ
1035 3690 1179 3758 μέγα
1202 3686 1363 3741 δλσον
1391 3688 1688 3756 ἀφικέσθαι
1715 3688 1839 3751 τοῦς
1874 3690 1972 3758 τὴν
2010 3689 2106 3741 πόα

534 3789 618 3839 λιν
671 3786 834 3855 τήνδε
866 3785 1179 3844 διέποντας.
1225 3779 1621 3850 Ἐστρατεύετο
1647 3780 1704 3833 δὲ
1762 3780 2054 3851 Μεχμέτης
2077 3782 2107 3834 δ

548 3877 898 3945 Ἀμουράτεω
925 3875 1018 3927 ἐπὶ
1047 3873 1148 3944 τὴν
1175 3871 1384 3925 Λέσϐον
1411 3869 1672 3934 διἀἰτίας
1697 3870 1808 3923 τῶν
1838 3873 2106 3942 πρότερόν

536 3990 626 4041 μοι
658 3969 1070 4040 δεδηλωμένων
1109 3967 1390 4036 ἐπιφέρων
1421 3965 1479 4020 δὲ
1515 3966 1609 4018 τὸν
1635 3964 1728 4018 τοῦ
1757 3965 1989 4033 ἀδελφοῦ
2014 3967 2107 4034 φό-

518 4082 642 4126 τνον,
658 4067 748 4117 καὶ
765 4061 1026 4133 τιμωρῶν
1051 4061 1116 4131 τῇ
1137 4060 1346 4114 ἐκείνου
1360 4059 1532 4128 ψυχῇο
1556 4058 1697 4126 μετὰ
1715 4059 1771 4112 δὲ
1794 4065 1885 4111 καὶ
1899 4060 1989 4111 διὰ
2006 4059 2106 4129 τὴν

535 4156 672 4228 πρὸς
703 4155 832 4218 τοὺς
861 4154 1124 4225 πειρατὰς
1148 4151 1400 4220 ἑταιρίαν
1430 4149 1618 4204 αὐτοῦ.
1701 4150 2020 4220 Ἐκομίζετο
2045 4151 2104 4204 δὲ

529 4249 694 4309 αὐτὸς
723 4247 822 4316 μὲν
847 4246 990 4316 πεζῇ
1015 4246 1070 4307 ἐς
1085 4245 1186 4315 τὴν
1215 4245 1407 4297 Ἀσίαν
1453 4242 1675 4306 διαϐάς·
1700 4244 1792 4296 τὸν
1816 4243 1875 4296 δὲ
1912 4244 2101 4297 στόλον

525 4338 693 4395 αὑτοῦ
718 4339 807 4393 διὰ
831 4338 1108 4411 θαλάσσης
1135 4339 1451 4410 ἐκπέμψας.
1488 4342 1745 4410 τριήρεις
1802 4338 1906 4408 μὲν
1931 4338 2096 4392 πέντε

529 4434 623 4486 καὶ
663 4433 855 4496 εἴκοσι,
884 4432 1044 4486 πλοτα
1066 4431 1124 4485 δὲ
1157 4433 1332 4502 μικρὰ
1363 4431 1508 4501 ἀμφὶ
1551 4431 1620 4484 τὰ
1680 4432 1893 4485 ἑκατόν.
1959 4431 2101 4496 Τοὺς

2215 3240 2269 3286 ta
2307 3239 2410 3286 est.
2461 3230 2810 3286 Guberuatur
2838 3247 2868 3287 a
2901 3230 3237 3302 principibus
3273 3232 3378 3286 illis
3423 3247 3641 3296 novem,
3694 3235 3790 3303 qui

2214 3326 2391 3394 primo
2422 3340 2542 3380 eam
2596 3325 2830 3381 insulam
2861 3325 3103 3396 suijuris
3130 3324 3377 3380 fecerunt
3409 3344 3421 3379 ς
3457 3341 3671 3381 necnon
3719 3327 3790 3380 ab

2210 3416 2332 3471 aliis
2360 3416 2452 3486 qui
2481 3420 2824 3486 postmodum
2856 3418 3060 3486 patrias
3114 3419 3278 3473 urbes
3314 3418 3366 3472 in
3394 3432 3456 3474 ea
3512 3419 3692 3474 insula
3718 3419 3788 3475 ab

2209 3507 2523 3564 Graecorum
2551 3512 2770 3581 regibus
2787 3514 3152 3566 redemerunt.
3187 3513 3506 3583 Metropolis
3539 3513 3658 3568 Citii
3687 3529 3789 3584 up-

2210 3600 2356 3655 timis
2384 3601 2589 3670 regitur
2616 3604 2954 3670 legibusmec
2984 3603 3075 3657 ulli
3117 3605 3359 3658 omnium
3388 3605 3626 3668 urbiutn,
3661 3621 3784 3674 qua:

2209 3695 2262 3747 in
2303 3693 2423 3750 istis
2452 3695 2646 3751 insulis
2668 3696 3101 3766 frequentantur,
3145 3699 3448 3770 disciplina:
3502 3701 3786 3755 sanctitate

2209 3786 2434 3841 inferior
2487 3798 2593 3842 est.
2661 3787 2892 3844 Reditus
2963 3790 3129 3845 liabet
3189 3789 3545 3861 largissimas,
3618 3792 3785 3864 279

2206 3881 2297 3948 qui
2334 3880 2655 3935 incredibile
2688 3891 2769 3935 est
2853 3883 3026 3946 dictu,
3063 3895 3298 3952 quantas
3349 3901 3481 3955 opes
3535 3892 3785 3956 suppedi-

2210 3981 2325 4026 tent
2367 3972 2432 4026 iis
2465 3973 2558 4042 qui
2585 3988 2705 4027 eam
2752 3984 2967 4042 regunt.
3009 3974 3080 4029 At
3123 3974 3472 4041 Mecbmetes,
3507 3979 3781 4036 Amuratis

2207 4065 2373 4128 lilius,
2407 4065 2630 4119 hostilia
2695 4081 2848 4120 arma
2883 4066 3070 4122 intulit
3105 4067 3310 4136 Lesbo;
3341 4069 3427 4125 bis
3480 4071 3549 4125 de
3600 4075 3780 4130 cattsis

2207 4173 2346 4226 quas
2376 4172 2544 4227 supra
2579 4162 3032 4215 memoravimus.
3097 4161 3406 4218 Accedebat
3454 4173 3652 4233 praeter
3692 4184 3798 4222 so»

2204 4251 2478 4314 cietatem,
2522 4266 2685 4320 quam
2737 4267 2864 4306 cum
2907 4253 3101 4323 piratis
3143 4254 3342 4311 inierat
3398 4254 3561 4312 Lesbi
3620 4260 3776 4330 prin-

2205 4359 2354 4411 ceps,
2404 4345 2569 4399 etiam
2607 4343 2793 4398 fratris
2857 4360 3006 4399 mors
3039 4364 3053 4401 :
3085 4347 3242 4415 cujus
3276 4349 3494 4420 culpam
3542 4351 3602 4407 in
3650 4368 3780 4407 eum

2205 4435 2504 4506 principem
2555 4450 2648 4490 rex
2684 4436 3073 4504 transferebat,
3132 4450 3187 4496 et
3217 4441 3405 4496 ulcisci
3439 4441 3627 4498 fratris
3661 4460 3780 4500 man

417 4525 421 4530 ’
521 4528 580 4579 δὲ
608 4525 939 4596 τηλεῦόλους
973 4524 1064 4579 διὰ
1091 4525 1376 4592 θαλάσσης
1403 4523 1667 4592 ἐκόμιζεν
1697 4525 1757 4587 ἐς
1780 4523 1881 4592 τὴν
1906 4525 2092 4592 νῆσον,

2215 4543 2301 4583 aes
2336 4530 2393 4584 in
2443 4529 2687 4583 animum
2734 4531 3052 4587 induxerat.
3113 4532 3224 4588 Rex
3310 4535 3530 4605 quidem
3583 4539 3777 4594 itinere

523 4617 619 4671 καὶ
646 4616 830 4677 λίθους
856 4616 1071 4669 τούτων
1100 4616 1244 4684 ἀμφὶ
1267 4615 1396 4678 τοὺς
1441 4614 1764 4683 δισχιλίους.
1824 4612 1940 4682 Τὴν
1996 4612 2096 4681 μὲν

2215 4619 2442 4688 pedestri
2463 4621 2517 4674 in
2541 4621 2728 4675 Asiam
2757 4623 3037 4678 transiens
3059 4623 3337 4680 ferebatur
3367 4642 3380 4680 :
3416 4636 3474 4681 at
3519 4629 3773 4692 classem,

519 4703 615 4762 οὖν
641 4709 1004 4780 παρασκευὴν
1029 4707 1126 4761 τοῦ
1154 4707 1394 4777 πολέμου
1422 4708 1643 4761 ἐκέλευε
1667 4707 1755 4760 διὰ
1812 4705 2093 4773 θαλάσσης

521 4800 920 4869 ἐκκομίζεσθαι
942 4800 989 4832 ³⁸
1019 4804 1078 4863 ἐς
1107 4801 1202 4869 τὴν
1231 4802 1419 4870 νῆσονο
1449 4801 1614 4862 αὐτὸς
1658 4802 1715 4853 δέ
1749 4800 2088 4869 ἀφικόμενος

2198 4726 2321 4780 quae
2366 4711 2834 4781 complectebatur
2890 4714 3143 4770 triremes
3191 4717 3669 4790 vigintiquinque,
3719 4732 3776 4775 et

2199 4818 2367 4857 naves
2430 4803 2674 4858 minores
2716 4815 2965 4871 centum,
3013 4823 3108 4875 per
3178 4824 3327 4864 mare
3385 4813 3541 4883 sequi
3599 4813 3772 4886 jubet.

521 4893 578 4955 ες
608 4910 660 4944 τι
691 4892 875 4944 πεδίον
903 4894 972 4952 ³⁸,
1007 4893 1335 4962 ἐπεραιοῦτο
1362 4895 1420 4951 ἐς
1450 4894 1551 4959 τὴν
1580 4894 1767 4962 νῆσον,
1823 4896 1987 4953 αὑτός
2033 4910 2093 4945 τε

2215 4894 2534 4949 Bombardas
2588 4912 2686 4965 per
2715 4912 2865 4952 mare
2924 4898 2979 4952 in
3016 4900 3256 4953 insulam
3301 4914 3422 4958 eam
3490 4913 3773 4974 transpor-

522 4985 617 5036 καὶ
668 4985 718 5036 οἱ
771 4985 882 5035 τῶν
915 4985 1099 5054 θυρῶν
1157 4987 1333 5049 ὅντες,
1373 4987 1472 5040 καὶ
1519 4989 1631 5040 ἀπὸ
1662 4989 1763 5054 τῆς
1817 4987 2093 5056 Εὐρώπης

518 5077 662 5145 ἀμφὶ
691 5079 817 5138 τοὺς
846 5078 1166 5147 δισχιλίους.
1197 5080 1278 5131 Τὰ
1311 5080 1420 5150 γάρ
1452 5097 1534 5134 τοι
1561 5080 1979 5150 στρατεύματα,
2017 5079 2095 5141 ὡς

517 5169 705 5237 διῆκεν
726 5168 972 5219 ἐπανιὼν
1011 5171 1120 5221 ἀπὸ
1150 5171 1249 5239 τῆς
1288 5172 1518 5237 Δακίας,
1561 5173 1762 5225 αὐτίκα
1821 5171 1979 5241 ἐπῄει
2034 5187 2091 5222 τε

518 5264 576 5324 ἐς
604 5261 706 5331 τὴν
727 5262 912 5328 νῆσον,
949 5263 1044 5315 καὶ
1073 5263 1381 5334 ἀπέϐησαν.
1419 5264 1761 5334 Ἐπέδραμον
1785 5264 1843 5317 δὲ
1869 5263 2089 5328 αὐτίκα,

514 5355 613 5406 καὶ
640 5354 885 5425 ἐδῄωσαν
911 5358 1014 5425 τὴν
1035 5355 1222 5424 νῆσον,
1258 5357 1356 5408 καὶ
1384 5356 1699 5428 ἀνδράποδα
1760 5354 1920 5422 ὀλίγα
1964 5360 2090 5408 ἐπε-

2202 4987 2342 5040 tavit
2375 5006 2387 5041 :
2420 5002 2634 5042 necnon
2686 4989 2917 5058 lapides,
2981 4993 3186 5062 quibus
3229 5006 3613 5061 oncrarentnr,
3665 4999 3774 5051 clr-

2203 5079 2344 5133 riter
2373 5079 2459 5133 bis
2492 5082 2665 5134 mille.
2725 5082 2858 5136 Belli
2915 5083 3137 5152 quidem
3169 5084 3538 5142 instrumenta
3565 5098 3618 5143 et
3651 5104 3772 5140 ma-

2202 5171 2398 5225 chinas
2463 5174 2602 5226 mari
2661 5174 2728 5227 ad
2781 5189 2902 5228 eam
2951 5175 3190 5231 insulam
3248 5179 3476 5234 subvehi
3537 5182 3770 5236 curavit.

2201 5261 2325 5334 Ipse
2381 5279 2513 5317 vero
2572 5267 2802 5322 veniens
2875 5266 3211 5337 Possidium,
3266 5272 3504 5339 pedestri
3573 5273 3772 5336 itinere

2199 5357 2266 5410 ad
2306 5356 2545 5411 insulam
2587 5359 2904 5426 accedebat,
2953 5361 3163 5416 ducens
3195 5363 3488 5434 januarum
3541 5366 3768 5431 milites,

1809 5468 2058 5531 Notulze
2088 5470 2492 5545 marginales.

586 5569 662 5640 (5)
696 5570 897 5626 Persis.

585 5639 662 5709 (ί)
695 5641 963 5695 Martinus
998 5639 1118 5695 Chii
1152 5651 1331 5696 rector
1362 5640 1717 5710 Boccauigra,
1751 5641 1909 5697 1261.

580 5807 624 5838 ³²
651 5805 882 5878 ταύτην,
911 5805 974 5862 R.
1019 5815 1073 5861 ut
1099 5808 1152 5861 in
1182 5824 1230 5863 ε.
1309 5807 1352 5839 ³³
1381 5803 1751 5877 ἐργαζομένη.

2272 5577 2355 5646 (5)
2381 5578 2465 5632 Δί.
2497 5583 2680 5633 tlccem
2711 5595 2851 5648 quos
2887 5581 3176 5639 llaonesos
3196 5591 3410 5642 vocant.
3454 5580 3585 5641 Vide
3601 5579 3772 5638 Justi-

2197 5647 2442 5714 uianum,
2471 5664 2601 5704 ann.
2636 5647 2768 5703 1261
2805 5665 2857 5705 et
2881 5653 3037 5709 1346.

1851 5807 1897 5840 ³⁸
1924 5807 1990 5864 In
2020 5827 2145 5881 uno,
2182 5831 2345 5886 κοσμ.
2420 5817 2465 5849 ³³
2493 5817 2559 5870 lu
2591 5834 2713 5884 uno,
2743 5817 2836 5870 ἐπὶ
2869 5834 2928 5872 π.
