4212 6288
428 354 527 413 δθι
1643 358 2103 429 ΜΛΗΟΠΑΠῡΙ
2152 360 2494 420 FREHEltI
3570 343 3674 405 tot

430 472 711 542 utriusque
742 472 896 528 vocis
949 471 1186 528 litteram
1240 474 1547 527 convenire.
1592 474 1695 527 Sed
1752 484 1806 527 et
1862 474 1999 527 ami-
2030 487 2070 539 Α
2107 476 2179 529 De
2200 477 2327 545 imp.
2348 474 2639 542 Rom.cap.
2664 472 2765 525 ult.
2789 490 2801 526 :
2826 470 3157 538 Conﬁdenter
3174 466 3378 533 loquor,
3396 463 3440 515 si
3459 460 3673 515 Cerma-

430 580 521 619 cos
583 564 637 619 in
689 565 982 620 consilium
1051 566 1197 620 misi.
1249 565 1404 620 Alius
1444 581 1540 630 pro
1566 567 1766 633 Βλένης
1818 568 2001 621 tnallet
2104 569 2159 620 ni
2178 567 2442 636 principes
2480 564 2811 630 imperatori,
2837 573 3091 630 tanquam
3130 559 3387 612 aduocato
3426 553 3677 608 Ecclesia!

431 659 643 730 Βοέμης
681 658 761 714 vel
793 657 1052 726 Βοεμξας,
1111 675 1274 728 quam
1332 661 1520 713 nescio
1578 676 1645 712 an
1698 658 2003 714 Germaniae
2105 660 2329 726 ﬁdeliter
2378 659 2707 717 assistereat,
2739 664 2893 723 prout
2948 652 3268 722 temporibus
3308 648 3541 717 antiquis
3564 662 3678 699 con-

432 753 701 807 aseribere
757 750 1023 807 voluisset
1071 749 1349 805 Laonicns
1388 768 1402 804 :
1436 752 1575 805 alius
1624 752 1855 819 Βελγίης
1921 752 2005 804 vel
2108 763 2404 815 tacuerunt,
2450 751 2620 804 omnis
2654 750 2893 817 profecto
2922 756 3153 814 potestas
3181 742 3458 796 contraria
3486 740 3680 791 uidere-

436 843 683 910 Βελγῐας,
703 859 808 898 non
847 844 1144 899 abludettte
1173 841 1498 898 Germanico
1517 846 1734 900 nomine
1765 844 2008 914 Fleming
2112 857 2200 899 tur
2229 861 2413 914 parva.
2444 836 2591 898 Tuae
2621 859 2726 895 non
2755 839 2925 894 solum
2951 837 3176 892 (ἱκεσία.
3206 835 3298 888 sed
3328 832 3593 901 Afggptas
3631 840 3682 881 et

436 939 503 989 ult
538 938 642 991 ista
678 936 878 1009 Βλινῃ,
904 938 947 993 si
980 937 1109 991 illud
1156 951 1310 1007 aque
1341 938 1685 1001 conveniret,
1740 937 1842 1005 τῆς
1896 938 2011 991 ἄνω
2110 934 2363 991 Chattica
2387 931 2825 990 contremisceret,
2863 946 2925 981 ac
2951 928 3151 981 ultima:
3172 925 3401 991 regiones
3459 919 3685 973 Sarace-

437 1028 744 1098 Ιέρμανὶας
765 1029 1089 1099 γενομένης.
1114 1028 1380 1099 Equidem
1401 1029 1579 1083 locum
1603 1031 2004 1083 conclamatum

2141 1042 2310 1081 rerum
2334 1024 2679 1094 trepidarent.
2714 1020 3071 1075 Protendeute
3089 1031 3269 1082 nentpe
3286 1014 3468 1079 aquila
3493 1010 3687 1064 Roma-

436 1122 582 1190 quod
614 1122 743 1179 olitn
770 1124 932 1193 aegris
958 1122 1263 1191 desperatis
1284 1122 1463 1177 facere
1480 1123 1750 1183 solebant,
1776 1123 1830 1175 itt
1852 1122 2013 1176 trivio
2118 1135 2303 1172 norunt
2334 1118 2400 1171 eb
2439 1105 2657 1185 Europa
2680 1113 2796 1167 alas
2826 1130 2973 1172 suas,
3007 1127 3100 1163 nee
3124 1113 3413 1179 ρι’,ριιοηαδ
3433 1106 3575 1159 Asia:
3605 1114 3689 1158 at-

437 1216 656 1285 tlepono
695 1226 789 1270 :et
817 1214 1056 1285 publica
1090 1215 1278 1284 pietati
1331 1224 1427 1269 aut
1458 1214 1691 1271 lortunte
1716 1231 1830 1270 sua:
1861 1231 2017 1268 com-
2118 1229 2215 1282 que
2255 1210 2446 1279 Africa:
2480 1210 2615 1263 satis
2645 1220 2774 1262 tuta:
2806 1215 2979 1260 crttnl.

441 1319 617 1365 mitto.

2190 1342 2306 1397 Col.
2332 1342 2397 1395 ’Π
2428 1341 2487 1395 1).
2516 1340 2660 1396 οὔτε
2682 1340 2854 1394 σείει.
2888 1338 3029 1392 Idem
3057 1337 3123 1391 de
3152 1333 3333 1389 Gallia
3355 1330 3547 1386 stribit
3580 1329 3690 1384 ΙῚί-

512 1448 632 1503 Col.
667 1448 732 1501 77
758 1447 825 1504 C.
861 1446 1051 1514 Γένος
1095 1448 1274 1502 τοῦτο
1290 1445 1463 1517 μέγα.
1482 1447 1604 1502 Toti
1624 1449 1773 1504 enim
1796 1448 2025 1503 Triones

2141 1438 2272 1491 tius.
2294 1432 2477 1487 Terra:
2507 1439 2687 1485 motus
2707 1441 2886 1483 tamen
2924 1427 3191 1499 plurimos
3210 1422 3448 1481 Annales
3465 1418 3695 1476 subinde

444 1543 535 1609 {ut
564 1540 822 1595 Sidonius
852 1540 1120 1611 loquitur)
1151 1540 1207 1595 in
1227 1540 1371 1597 hanc
1388 1541 1579 1598 effusi:
1602 1556 1729 1596 vere
1752 1542 2024 1597 olbcinam

446 1634 712 1692 centium.
750 1632 1019 1689 Naearius
1078 1634 1133 1688 ln
1184 1635 1457 1705 Pancgyr.
1485 1637 1552 1688 ad
1600 1634 2025 1690 Constantinum

447 1722 730 1782 bl.:Jaeet
785 1728 838 1778 in
855 1725 1020 1781 latere
1067 1722 1363 1780 Galliarum
1415 1738 1508 1781 aut
1540 1728 1595 1781 in
1623 1729 1742 1780 sinu
1795 1738 1885 1780 tuo
1911 1726 2032 1795 fusa

452 1822 736 1887 llarbaria,
768 1839 857 1887 per
886 1839 939 1877 se
974 1824 1092 1890 ipsa
1150 1829 1331 1891 potens
1370 1822 1535 1888 natio,
1586 1831 1635 1875 et
1672 1830 1787 1889 post
1824 1819 2021 1873 llonta-
2052 1831 2094 1887 ιι

452 1934 573 1968 nam
597 1917 1013 1985 magnitudinem
1038 1916 1091 1967 in
1127 1914 1278 1970 terris
1303 1915 1552 1972 secunda.
1578 1914 1753 1969 Locus
1772 1914 2021 1981 insignis,

452 2018 506 2062 et
552 2010 618 2061 ad
649 2008 954 2063 Gerumuiz
992 2008 1256 2062 honorem
1329 2007 1542 2071 unicus,
1592 2006 1680 2060 eui
1722 2005 2022 2059 secundum

456 2101 682 2157 Latinus
708 2104 869 2156 homo
895 2103 1074 2156 locum
1094 2102 1298 2155 tribuat
1331 2116 1359 2153 a
1395 2100 1589 2161 Roma,
1616 2100 1704 2152 eui
1727 2099 1871 2153 alius
1896 2110 2023 2165 pro-

457 2195 707 2249 tincialis
728 2194 865 2249 nihil
887 2193 1089 2257 simile,
1111 2192 1245 2247 nihil
1267 2192 1566 2247 secundum
1585 2189 2027 2245 assentabundus

458 2289 686 2343 dixerat.
713 2286 819 2343 Sed
839 2302 1026 2341 vereor
1051 2286 1234 2355 lttpmtt
1263 2285 1435 2339 cauda
1461 2284 1652 2343 teneri.
1678 2291 1732 2337 et
1756 2282 1894 2335 hanc
1912 2281 2029 2334 lan-

459 2384 581 2435 tlem
616 2380 769 2435 nobis
792 2390 1058 2435 extortam
1098 2380 1161 2433 iri
1204 2394 1234 2433 a
1260 2375 1442 2432 Pet-sis
1480 2391 1493 2426 :
1520 2375 1719 2445 quibus
1737 2388 1843 2428 non
1869 2372 2031 2441 paulo

464 2474 770 2542 promptius
821 2473 924 2526 hoc
959 2471 1192 2539 cIOgium
1241 2467 1478 2523 dedisset
1537 2471 1699 2521 homo
1727 2462 2031 2525 Romanus,

463 2584 624 2624 uuam
657 2567 967 2633 Germanis,
992 2568 1079 2636 qtti
1102 2566 1307 2631 absque
1325 2565 1474 2631 justo
1505 2561 1813 2630 principatu
1835 2560 2033 2611 distra-

462 2660 536 2715 cti
568 2662 622 2714 in
652 2660 840 2729 plures
869 2667 1078 2729 gentes,
1110 2658 1363 2725 interque
1389 2671 1448 2711 se
1473 2642 1773 2709 discordes.
1802 2649 1866 2703 Et
1892 2649 1936 2707 si
1964 2664 2031 2704 ex

466 2753 631 2808 animi
665 2752 770 2805 mei
806 2752 1074 2806 sententia
1125 2764 1305 2819 regor,
1341 2764 1465 2801 cum
1511 2758 1792 2825 postremo
1826 2743 2036 2798 etlitore

468 2859 574 2897 non
604 2842 914 2896 ltscrensita
961 2841 1138 2911 legam
1167 2858 1182 2895 :
1213 2838 1362 2892 Iacet
1418 2839 1473 2891 in
1529 2836 1691 2891 latere
1741 2833 2036 2890 Galliarum

467 2945 559 2988 aut
577 2933 631 2988 in
653 2934 774 2988 sinu
792 2942 880 2988 tuo
898 2933 1017 3002 [usa
1035 2931 1315 2985 Barbaria.
1339 2930 1539 2996 Persae,
1560 2928 1674 2998 ipsa
1695 2933 1872 2993 potens
1893 2924 2039 2978 natio

468 3039 517 3083 et
557 3038 675 3097 post
705 3026 1000 3105 Romanam
1037 3024 1459 3094 magnitudinem
1494 3026 1546 3075 in
1587 3021 1743 3073 terris
1783 3017 2042 3083 secunda,

471 3120 763 3174 amicitiam
796 3130 968 3186 tuam,
1007 3115 1353 3174 Constantine
1385 3113 1637 3175 καίτοι,
1700 3128 1804 3166 non
1866 3111 2038 3164 minus

2127 1529 2413 1590 adnotaut,
2452 1528 2545 1579 sed
2576 1524 2837 1578 nimirum
2876 1522 3287 1591 frequentiores
3314 1527 3369 1575 et
3406 1513 3698 1571 vehemen-

2131 1622 2296 1676 tiores
2321 1623 2373 1673 in
2408 1620 2534 1673 Asia
2564 1627 2622 1672 et
2651 1616 2894 1682 Oriente,
2924 1615 3015 1670 ubi
3061 1614 3312 1669 civitates
3333 1611 3497 1667 etiam
3559 1611 3696 1663 inte-

2134 1729 2258 1786 gras
2287 1722 2561 1770 evertunt.

2201 1848 2340 1906 lbid.
2390 1848 2774 1904 Πολιτεύεται
2824 1847 2975 1901 κατὰ
3019 1846 3209 1899 ταῦτα
3264 1841 3583 1913 Ῥωμαιοις.
3624 1838 3707 1895 Ita

2129 1943 2451 2013 jamdudum
2484 1939 2747 2016 Agatbias
2779 1940 2844 1995 de
2880 1937 3108 1993 Francis
3142 1955 3158 1992 :
3201 1936 3314 1989 Καὶ.
3347 1934 3595 2001 πολιτείᾳ
3625 1932 3703 1992 ὡς

2132 2036 2201 2089 τὰ
2229 2032 2397 2086 πολλὰ
2422 2032 2662 2101 χρῶνται
2702 2029 3006 2099 Ῥωμαϊκῇ,
3032 2028 3126 2083 καὶ
3154 2028 3337 2097 νόμοις
3363 2027 3474 2085 τοῖς
3495 2023 3703 2085 αὐτοῖς.

2133 2126 2229 2177 καὶ
2252 2123 2319 2176 τὰ
2338 2123 2476 2178 ἄλλα
2496 2124 2699 2192 ὁμοίως
2720 2121 2863 2191 ἀμφὶ
2888 2137 2944 2173 τε
2968 2120 3036 2173 τὰ.
3056 2136 3121 2173 συ
3132 2118 3361 2188 μῦόλαια
3382 2116 3479 2169 καὶ
3496 2115 3707 2183 γάμους

2136 2217 2230 2270 καὶ
2258 2216 2359 2287 τὴν
2379 2215 2475 2268 τοῦ
2506 2216 2650 2267 θείου
2671 2214 2971 2284 θεραπείαν
3001 2208 3337 2280 νομίζουσιν.
3363 2206 3425 2262 Et
3459 2214 3515 2259 ut
3545 2205 3712 2260 altius

2138 2317 2249 2357 rem
2277 2308 2609 2372 repetamus,
2644 2301 2839 2356 Florus
2868 2302 2966 2355 lib.
3009 2317 3087 2375 tv,
3117 2315 3239 2370 cap.
3275 2298 3343 2352 η
3380 2316 3393 2351 :
3424 2294 3597 2351 Mores
3619 2311 3710 2351 no-

2138 2405 2274 2451 stros
2304 2398 2471 2466 magis
2505 2413 2666 2466 quant
2693 2412 2847 2449 arma
2867 2400 2964 2449 sub
2987 2395 3303 2465 imperatore
3326 2392 3499 2449 Druso
3537 2407 3711 2446 susce-

2138 2496 2348 2557 perant.
2380 2486 2445 2541 Et
2482 2502 2610 2543 vere
2630 2502 2692 2541 ex
2720 2486 3001 2557 perpetuis
3060 2499 3185 2539 cum
3240 2483 3507 2538 Romanis
3550 2481 3713 2536 hellis

2141 2553 2374 2653 quaeque
2397 2579 2667 2634 accedunt
2720 2553 3116 2647 legationibus,
3142 2575 3466 2641 hminibus,
3498 2574 3716 2645 quinet
3773 2553 3777 2556 Α

2141 2674 2510 2734 commerciis,
2546 2671 2777 2725 mttltutn
2808 2671 3043 2741 subinde
3074 2680 3129 2725 et
3153 2673 3220 2724 ad
3253 2670 3493 2740 linguam
3559 2678 3613 2723 et
3636 2669 3714 2721 vi-

2144 2774 2254 2819 tam
2276 2762 2533 2819 Germani
2572 2771 2879 2817 traxerunt.
2915 2760 3057 2828 Quid
3095 2761 3241 2830 quod
3268 2771 3322 2815 et
3370 2757 3624 2814 deducta:
3658 2756 3714 2810 in

2144 2865 2366 2913 nostras
2385 2871 2515 2911 oras
2541 2854 2916 2909 Romanorum
2951 2853 3205 2915 colonia,
3256 2860 3311 2908 et
3349 2866 3444 2922 per
3502 2864 3716 2906 connu-

2146 2948 2233 3004 bia
2260 2948 2455 3003 mistus
2477 2949 2728 3018 sanguis,
2783 2956 2838 3001 et
2889 2946 3159 3016 esportati
3214 2943 3443 2998 Romam
3491 2941 3717 3010 captivi,

2147 3042 2289 3097 servi
2322 3057 2338 3096 :
2370 3041 2640 3107 stipendia
2666 3040 2808 3111 apud
2840 3038 3119 3093 Romanos
3165 3036 3427 3093 iacientes
3490 3034 3717 3094 milites,

2151 3134 2457 3204 principum
2493 3133 2777 3198 satellites,
2809 3145 3154 3187 communem
3206 3129 3495 3197 utriusque
3542 3126 3721 3195 gentis

473 3214 671 3282 trepide
697 3228 857 3284 quam
900 3210 1201 3264 amabiliter
1225 3209 1537 3279 petiuerunt.
1589 3198 1755 3259 Nulla
1787 3204 1842 3257 in
1893 3202 2049 3257 terris
2075 3194 2118 3254 ϐ
2152 3194 2393 3296 lingua,“
2426 3226 2707 3296 vitamque
2738 3194 3004 3279 “eorum.
3034 3220 3147 3277 Nec
3168 3220 3344 3277 wlum
3369 3194 3425 3274 δή
3453 3194 3724 3273 Romanis

474 3320 581 3363 tant
605 3312 756 3378 [eros
784 3307 930 3361 natio
957 3318 1057 3370 est,
1086 3320 1201 3375 ante
1233 3315 1281 3356 te
1306 3318 1410 3355 non
1460 3307 1659 3353 metuat
1682 3307 1779 3350 aut
1830 3297 2046 3367 diligat.

479 3404 592 3459 lloe
621 3401 783 3457 modo
808 3400 1033 3468 pulchre
1056 3408 1109 3451 et
1138 3397 1427 3450 verborum
1455 3404 1735 3447 struetura
1763 3400 1820 3446 et
1854 3402 2053 3447 sensus

476 3504 749 3553 constant.
775 3492 882 3549 Sed
920 3501 973 3547 et
1002 3490 1258 3545 Germani
1298 3501 1423 3541 cum
1466 3483 1687 3539 Parthis
1717 3491 1813 3537 aut
1871 3478 2054 3535 l’ersis

480 3591 800 3657 plet-nmque
829 3583 982 3652 λωικί
1011 3583 1229 3637 solent:
1268 3580 1483 3649 utrique
1505 3580 1692 3632 hostes
1718 3575 1900 3645 populi
1950 3572 2058 3627 lio-

483 3680 629 3734 tnaui
657 3678 693 3732 Ι.
714 3676 1035 3740 ιιωτωβι.
1070 3671 1132 3729 D.
1156 3674 1219 3728 de
1233 3682 1371 3739 capt.
1395 3668 1698 3741 etpostlim.
1719 3667 2056 3722 Themistius

482 3772 731 3824 oratione
767 3766 830 3821 ν.
860 3766 917 3820 ln
950 3764 1193 3819 nummis
1237 3760 1476 3815 Victoria
1513 3760 1712 3814 visitur
1751 3755 2059 3811 inscribens

483 3866 676 3933 clypeo
704 3860 903 3930 palmas
945 3855 1109 3911 allisa
1155 3868 1170 3907 :
1212 3851 1329 3909 Vtc.
1374 3851 1509 3910 Ges.
1564 3862 1621 3905 et
1678 3850 1732 3903 iu
1766 3846 1910 3911 aliis,
1940 3843 2057 3898 Vtc.

482 3954 613 4011 Pas.

557 4093 695 4149 Ibid.
730 4088 980 4147 Σκυθῶν
1013 4085 1135 4142 τῶν
1162 4083 1453 4151 Νομάδων
1484 4081 1790 4148 δεύτερον.
1823 4074 1987 4131 Hisce
2008 4083 2063 4128 et

496 4186 701 4242 Strabo
731 4184 1040 4239 Germanos
1069 4185 1356 4248 comparat
1389 4175 1487 4231 lib.
1511 4189 1587 4228 vn
1624 4194 1636 4229 :
1670 4168 1864 4241 Τροφὴ
1888 4169 1933 4222 δ’
1956 4166 2067 4220 ἀπὸ

488 4278 601 4332 τῶν
639 4276 974 4348 θρεμμάτων
1004 4276 1040 4343 ὴ
1075 4272 1327 4339 πλείστη,
1365 4266 1512 4323 καθά
1542 4282 1647 4319 που
1676 4264 1788 4328 τοῖς
1820 4257 2067 4330 Νομάσι,

490 4372 621 4425 ὦρτ’
654 4372 896 4432 ἐκείνους
922 4363 1253 4438 μιμούμενοι
1297 4372 1410 4418 etc.

568 4533 706 4589 Ibid.
742 4534 811 4586 El
858 4524 1043 4585 ταυτό
1089 4526 1366 4596 φρονοίη,
1398 4522 1495 4581 καὶ
1542 4522 1645 4589 ὑφ’
1687 4519 1779 4574 ἐνὶ
1823 4520 2071 4589 ἄρχοντι

501 4628 766 4697 ἡγεμόνι.
793 4622 999 4679 Encas
1015 4622 1234 4691 Sylvius
1257 4620 1310 4672 iu
1330 4615 1638 4677 Germania,
1659 4626 1783 4682 cap.
1804 4611 1906 4666 72:
1941 4610 2069 4665 Plu-

500 4723 765 4774 ralitatetn
799 4714 1094 4783 principum
1154 4710 1451 4781 pltilosOplti
1491 4709 1770 4761 abhorrent
1804 4721 1822 4758 :
1890 4721 1981 4757 uos
2010 4720 2074 4757 ea

500 4813 761 4884 gaudetis.
793 4809 934 4863 Nunt
955 4806 1195 4878 quamvis
1218 4806 1585 4872 imperatorem
1612 4809 1662 4853 et
1690 4813 1859 4869 regem
1891 4805 1944 4849 et
1973 4796 2072 4847 do-

504 4906 703 4957 minum
726 4912 957 4955 uestrum
987 4914 1097 4951 esse
1138 4894 1402 4964 fatemini,
1464 4889 1705 4961 precario
1764 4900 1939 4941 tamen
1986 4885 2077 4940 ille

505 5002 763 5065 imperare
787 4994 1012 5055 uidetur,
1043 4987 1191 5042 nulla
1222 4988 1339 5055 ejus
1364 4984 1597 5053 potentia
1624 4989 1725 5035 est.
1775 4979 2008 5034 Tantum
2030 4976 2079 5031 ei

505 5088 699 5159 paretis
722 5096 976 5154 quantum
997 5082 1179 5147 ruitis,
1205 5080 1358 5135 vultis
1375 5089 1554 5130 autem
1572 5074 1869 5126 minimam.
1891 5070 2080 5123 Liber-

509 5198 591 5236 tas
618 5182 860 5233 omnibus
888 5178 943 5231 in
964 5176 1227 5229 communi
1267 5172 1462 5241 placet,
1484 5182 1647 5233 neque
1697 5165 1960 5227 civitates,
1994 5178 2083 5215 ne~

507 5292 604 5343 que
639 5274 922 5341 principes,
946 5269 1085 5339 quod
1118 5282 1274 5321 suum
1323 5273 1400 5318 est
1448 5259 1752 5328 imperatori
1803 5257 2035 5325 prazbent
2064 5270 2081 5307 :

510 5366 659 5418 nulla
683 5362 763 5417 illi
784 5359 1081 5431 vectigalia,
1099 5358 1302 5410 nullum
1326 5354 1595 5406 a’rarium.
1616 5350 1850 5417 Quisque
1872 5360 1984 5399 sum
2008 5344 2084 5397 rei

512 5463 815 5515 moderator
842 5468 892 5510 et
921 5456 1120 5509 arbiter
1154 5468 1264 5506 esse
1292 5450 1421 5503 uult.
1456 5449 1589 5500 Hinc
1629 5443 1908 5497 discordiae
1952 5445 2086 5493 inter

515 5571 601 5607 vos
629 5551 843 5607 crebras.
878 5557 925 5601 et
955 5545 1171 5599 assidua
1209 5543 1343 5596 bella
1396 5549 1711 5609 grassantur
1742 5558 1759 5591 ;
1795 5553 1861 5590 ex
1897 5534 2084 5603 quibus

517 5645 734 5712 rapinis,
756 5641 1020 5703 incendia,
1053 5639 1238 5693 cades.
1273 5646 1321 5689 ct
1358 5634 1497 5686 mille
1529 5632 1787 5684 malorum
1820 5638 2083 5697 emergunt

518 5757 703 5806 genera
742 5735 1221 5804 :quemadmodum
1250 5732 1318 5784 ibi
1368 5731 1679 5781 intervenire
1730 5740 1934 5778 necesse
1990 5734 2085 5781 est.

522 5833 606 5884 ubi
628 5831 773 5888 οἶαι-ιι
793 5831 1127 5883 dominantur
1151 5825 1347 5877 ravim.
1376 5821 1563 5875 l’ttrus
1609 5818 1674 5873 de
1708 5816 1884 5873 Andlo
1941 5815 2034 5870 lib.
2074 5828 2088 5866 t

2154 3318 2451 3389 provinciis
2506 3317 2761 3373 Germani
2820 3315 3087 3388 indigenis
3144 3311 3360 3368 misceri
3415 3319 3727 3381 creperum,

2155 3414 2249 3467 sed
2283 3427 2412 3467 vero
2445 3412 2499 3467 in
2527 3413 2643 3481 ipsa
2673 3407 2993 3473 Germania,
3038 3407 3345 3479 praesertim
3402 3404 3552 3461 circa
3581 3403 3726 3458 limi-

2160 3512 2263 3569 tes,
2285 3502 2515 3558 Romani
2547 3503 2753 3558 nostris
2781 3516 3103 3559 assuescere
3131 3497 3463 3554 didicerunt.
3484 3492 3640 3552 Unde
3669 3494 3724 3549 in

2162 3597 2551 3652 vetustissimis
2576 3594 2785 3664 legibus
2819 3594 3035 3665 patriis,
3092 3591 3273 3647 Salica
3338 3590 3423 3644 tit.
3453 3588 3547 3654 45,
3582 3586 3611 3658 §
3646 3588 3722 3643 7:

2162 3689 2223 3744 Si
2250 3688 2520 3743 Romanus
2544 3691 2698 3742 homo
2724 3703 3016 3757 possessor,
3040 3687 3093 3741 id
3148 3695 3225 3740 est
3246 3685 3338 3756 qui
3358 3700 3441 3739 res
3480 3685 3537 3737 in
3592 3698 3726 3752 pago

2163 3783 2255 3836 ubi
2274 3792 2587 3847 commonet,
2615 3780 2859 3853 proprias
2896 3781 3150 3849 possidet,
3205 3777 3411 3833 occisus
3465 3776 3647 3845 fuerit,
3679 3774 3728 3827 is

2161 3876 2250 3941 qui
2284 3892 2402 3928 eunt
2433 3875 2686 3929 occidisse
2731 3875 3083 3935 convincitur,
3141 3887 3195 3926 tv
3254 3872 3380 3924 den.
3447 3864 3728 3934 culpabilis

2158 3966 2454 4034 judicetur.
2481 3964 2541 4022 Si
2568 3968 2684 4037 quis
2721 3965 3017 4019 Romanum
3071 3963 3408 4017 tributariam
3458 3959 3732 4020 occiderit,

2167 4072 2302 4126 ete.,
2357 4072 2412 4117 et
2445 4061 2568 4117 aliis
2606 4061 2810 4131 passim
2842 4077 2858 4115 :
2894 4058 2955 4114 Si
2976 4057 3243 4112 Romanus
3293 4056 3475 4129 homo,
3514 4061 3621 4107 etc.
3675 4049 3736 4103 Si

2174 4155 2409 4213 Francus
2439 4157 2615 4219 homo,
2638 4162 2746 4208 etc.
2775 4152 2984 4218 Quibus
3007 4151 3141 4220 ipsis
3172 4150 3226 4204 in
3254 4147 3460 4219 legibus
3488 4160 3621 4201 sane
3646 4158 3739 4196 ve-

2171 4249 2514 4311 tustissimis,
2538 4257 2738 4318 prteter
2759 4246 2903 4316 quod
2926 4244 3124 4299 Latino
3175 4249 3457 4310 utcunque
3480 4250 3736 4295 sermone

2171 4344 2386 4413 scriptu:
2406 4352 2559 4407 sunt,
2595 4342 2878 4409 complura
2909 4339 3076 4394 etiam
3108 4334 3346 4392 subinde
3378 4332 3543 4386 voluti
3570 4329 3738 4385 vesti-

2171 4433 2259 4503 gia
2284 4443 2341 4487 et
2357 4434 2557 4488 ductus
2586 4447 2616 4486 a
2644 4430 2903 4485 Romanis
2917 4427 3174 4482 derivata:
3194 4423 3422 4495 iustitiae
3440 4422 3740 4478 observare

2173 4526 2323 4583 licet.
2358 4525 2599 4582 Tandem
2633 4539 2825 4580 everso
2863 4533 2917 4577 et
2939 4522 3151 4589 direpto
3181 4534 3275 4588 per
3302 4517 3603 4572 Germanas
3643 4530 3743 4567 nn-

2179 4622 2355 4675 tiones
2379 4619 2629 4689 ituperio,
2646 4616 2833 4681 Gothi,
2848 4613 3217 4683 Langobardi,
3234 4609 3454 4672 Franci,
3468 4606 3745 4661 Romano-

2177 4730 2297 4767 rum
2334 4722 2387 4767 et
2424 4712 2660 4766 victores
2680 4718 3127 4767 etsuccessores,
3172 4719 3353 4759 mores
3403 4715 3625 4771 quoque
3654 4715 3749 4752 eo-

2179 4824 2324 4871 rum,
2360 4805 2515 4869 ritus,
2543 4802 2923 4867 caeremonias,
2946 4799 3233 4859 formulas,
3291 4809 3346 4851 et
3379 4795 3452 4848 nil
3485 4808 3594 4847 non
3645 4791 3749 4845 sibi

2180 4904 2621 4967 assumpseruut.
2635 4893 2703 4949 Et
2731 4905 2850 4964 post
2876 4894 2978 4947 hos
3003 4890 3117 4945 veri
3151 4888 3225 4942 illi
3267 4885 3549 4949 Germani,
3584 4882 3751 4936 Saevi

2181 4991 2406 5059 inquam
2444 4998 2501 5042 et
2548 4988 2820 5049 Saxones,
2853 4999 2978 5039 cum
3008 4996 3164 5053 reges
3196 4986 3251 5033 et
3270 4978 3515 5033 Caesares
3555 4973 3755 5027 Roma-

2182 5097 2376 5137 norum
2409 5080 2682 5142 audirent,
2711 5087 2947 5131 veterem
2980 5075 3122 5128 illaut
3180 5070 3443 5125 Latialem
3499 5068 3757 5137 majesta-

2184 5185 2292 5228 tem
2324 5185 2379 5227 et
2412 5173 2745 5226 cothurnum
2778 5168 2927 5222 omni
2964 5166 3149 5220 studio
3199 5160 3525 5218 all'ectabant
3553 5175 3568 5213 :
3599 5169 3659 5212 ut
3686 5156 3755 5212 de

2185 5264 2401 5319 Othone
2432 5264 2499 5317 Ill
2536 5265 2671 5330 imp.
2707 5260 2986 5312 Ditmarus
3031 5257 3222 5313 scribit
3243 5255 3342 5309 lib.
3381 5268 3455 5313 tv,
3504 5250 3758 5319 antiquas

2187 5351 2613 5405 consuetudines
2645 5349 3012 5401 llomanorum
3075 5346 3184 5415 jam
3232 5358 3299 5398 ex
3360 5351 3515 5411 parte
3562 5353 3759 5409 magna

2188 5446 2396 5498 deletas
2429 5454 2804 5506 revocantem,
2844 5440 3105 5509 pleraque
3148 5434 3212 5489 ad
3278 5444 3521 5488 veterum
3556 5430 3762 5502 princi-

2191 5554 2317 5607 pum
2354 5536 2713 5588 imitationem
2743 5532 2939 5586 fecisse
2969 5547 2984 5584 :
3027 5528 3163 5583 adeo
3195 5536 3254 5580 ut
3305 5527 3469 5580 etiam
3500 5525 3568 5579 ad
3597 5538 3758 5578 mett-

2193 5646 2308 5683 sum
2349 5631 2399 5679 itt
2439 5624 2843 5678 semion-culum
2888 5622 3179 5673 formatum
3210 5617 3395 5687 (quam
3449 5614 3632 5684 Signia
3657 5629 3755 5668 ve-

2195 5733 2335 5773 teres
2373 5718 2660 5783 uocabunt)
2683 5726 2736 5768 et
2771 5715 3003 5768 editiore
3043 5714 3160 5765 loco
3196 5710 3425 5779 positam
3500 5706 3651 5760 solus
3677 5720 3765 5759 se-

2195 5814 2363 5867 deret.
2401 5806 2583 5871 Neque
2612 5807 2714 5861 alia
2737 5819 2903 5860 causa
2932 5802 3173 5866 linguam
3208 5799 3372 5853 etiam
3428 5795 3676 5848 Latinam
3702 5791 3759 5847 in
