4212 6286
511 288 618 349 569

2017 306 2257 368 NOTAE.

3644 316 3755 377 ΜΟ

509 400 622 454 lunt
659 398 892 458 Henrico
923 405 1238 473 imperatori
1300 412 1372 468 ita
1406 415 1820 483 obgannieutem
1855 438 1871 478 :
1914 422 2004 484 Ὠς
2031 427 2081 478 τι
2108 424 2159 478 Α
2186 426 2446 489 maniam,
2471 443 2633 495 quam
2661 429 2791 483 olim
2825 429 2993 486 solam
3023 432 3387 500 desiderabat,
3432 434 3539 505 jam
3577 442 3750 495 solam

506 492 715 564 xupimv
741 496 928 567 κύριος
953 500 1290 573 καθεστήκει
1314 507 1407 560 καὶ
1440 508 1698 577 βασιλεὺς
1728 514 2081 569 ἀναδέδεκται

510 583 796 653 βασιλέων,
830 591 977 654 ὅπως
1004 598 1306 665 μοναρχίαν
1364 603 1771 671 περιῆαὶεῖται,
1833 607 1928 659 καὶ
1986 608 2083 661 κὺ-

511 692 627 746 pro;
659 678 866 736 ἐσεῖται
913 683 1025 736 τῶν
1062 687 1249 757 κύκλῳ
1281 690 1615 747 δυναστειῶν
1670 699 1793 760 τοὺς
1831 698 2084 753 Ἀντωνί-

511 784 632 831 von;
662 771 756 824 καὶ
792 774 1135 842 Αὐγούστους
1162 778 1240 849 τῷ
1270 781 1601 855 διανοητικῷ
1645 790 2078 857 φανταζομένος,

512 860 770 932 καὶπρὸς
794 864 902 917 τῶν
936 869 1161 922 ἐκείνων
1182 873 1360 943 ἀρχὴν
1396 876 1655 930 {activum
1712 881 1810 950 τὴν
1866 883 2078 953 ἔφεσιν,

514 954 605 1007 καὶ
640 958 839 1027 μικροῦ
873 961 1246 1031 φθεγγόμενος
1277 968 1399 1021 κατ’
1426 968 1802 1046 Ἀλέξανδρον,
1849 978 1917 1029 τὰ
1944 978 2076 1043 τῇδε

513 1046 610 1101 καὶ
646 1049 716 1102 τὰ
744 1051 872 1120 τῇδε
893 1053 1072 1108 πάντα
1119 1057 1316 1121 ἐμὰ.Ιε
1367 1069 1453 1115 est
1503 1060 1719 1119 Nicetas
1764 1065 2076 1125 Chouiates.

512 1139 654 1205 Quid
714 1146 858 1210 quod
920 1144 1208 1203 Fredcrico
1237 1151 1548 1221 imperatori
1598 1162 2079 1215 trattsttnntexer-

510 1230 640 1285 citui
698 1248 800 1289 suo
859 1240 1065 1306 petenti
1115 1239 1283 1311 (quod
1352 1244 1682 1301 Gndet’ridus
1728 1260 1909 1305 uostcr
1971 1252 2079 1308 Co~

511 1324 775 1380 loniensis
838 1329 1116 1385 adnotavit
1177 1337 1280 1389 sub
1346 1352 1488 1391 anno
1543 1340 1701 1411 “87)
1746 1341 2081 1414 Byzantinus

511 1430 604 1478 per
622 1419 966 1487 responsales
980 1439 1112 1479 suos
1135 1426 1499 1493 demandavit,
1544 1446 1603 1482 se
1635 1441 1759 1502 post
1810 1433 1975 1503 Deum
1995 1452 2080 1491 es-

510 1518 573 1557 se
610 1505 897 1562 dominum
946 1508 1542 1584 doruinaritiuurouod
1566 1522 1611 1574 si
1636 1537 1857 1590 regnum
1883 1523 2082 1579 Roma-

509 1608 703 1649 norum
722 1599 852 1651 dare
874 1602 1039 1656 vellet
1077 1604 1131 1657 in
1155 1620 1348 1660 manus
1366 1607 1507 1676 ejus,
1529 1613 1665 1666 etalt
1684 1628 1749 1666 co
1771 1613 2082 1671 locohonti-

509 1686 582 1740 nii
623 1690 880 1759 recipere,
913 1694 1237 1751 conductum
1298 1698 1348 1752 ei
1380 1701 1537 1757 daret
1596 1719 1689 1774 per
1729 1715 1901 1761 terras
1950 1724 2080 1762 snas

506 1790 557 1831 et
589 1792 883 1837 mercatum
930 1785 1221 1843 sufﬁciens.
1253 1789 1420 1857 Quasi
1451 1810 1558 1849 non
1605 1799 1772 1851 I'tOsit'i
1810 1800 1990 1867 potius
2048 1818 2076 1855 a

507 1871 669 1923 reteri
706 1872 893 1936 Roma,
923 1890 1084 1942 quam
1112 1893 1140 1931 a
1178 1895 1315 1934 nova
1352 1898 1450 1937 sua
1503 1883 1856 1942 Constantina
1891 1891 2076 1957 (quam

506 1972 606 2013 nec
640 1960 810 2029 ipsam
835 1965 1038 2034 absque
1061 1967 1358 2025 Gothorum
1424 1989 1527 2042 ope
1547 1986 1812 2032 structam
1858 1995 2081 2034 surrex-

506 2050 636 2114 isse,
665 2050 970 2112 Jornandes
993 2058 1046 2113 in
1084 2059 1282 2116 Geticis
1307 2074 1500 2119 auctor
1526 2067 1632 2139 est)
1659 2084 1851 2124 nomen
1876 2073 2079 2141 princi-

503 2152 661 2207 patus
691 2145 778 2199 sui
811 2158 864 2200 et
898 2149 1297 2209 Antoninorum
1344 2156 1830 2227 Augttstorumque
1854 2179 2078 2224 succes-

498 2229 707 2288 sionem
733 2236 1179 2295 deduce-retinet
1234 2245 1281 2299 si
1341 2247 1422 2299 vel
1456 2244 1629 2302 Roma
1688 2252 1896 2318 relicta,
1933 2258 2077 2321 quod

501 2324 663 2376 etiam
701 2329 911 2396 antiqui
960 2332 1239 2402 principes
1264 2351 1373 2392 non
1431 2355 1559 2393 raro
1589 2343 1852 2404 fecerunt.
1882 2345 2079 2399 Medio-

502 2406 710 2481 lanum,
733 2419 1031 2484 'l'rcvcrim.
1055 2425 1324 2483 Lutetiam
1353 2432 1536 2485 Roma:
1561 2435 1927 2502 pra-ferentes.
1950 2440 2076 2493 alibi

505 2508 753 2567 habitare
802 2530 1225 2588 prmoptassent,
1266 2534 1428 2594 atque
1469 2527 1606 2581 adeo
1649 2527 1875 2585 Romam
1922 2533 2075 2586 alteri

506 2598 855 2657 habitandam
881 2608 1025 2662 ultro
1062 2612 1384 2678 cessissent.
1420 2626 1480 2671 ut
1511 2620 1783 2685 quondam
1810 2620 1956 2675 Zeno
1980 2624 2077 2675 iut-

504 2703 724 2758 pcrator
743 2697 1080 2757 Tlteozlorico
1101 2703 1314 2772 Gotlto;
1349 2724 1453 2761 non
1487 2712 1667 2777 potius
1698 2714 1820 2767 aula
1841 2724 1892 2767 «λιι
1910 2718 2077 2769 comi-

505 2794 651 2839 tatus
672 2788 926 2856 Czcsaris,
942 2804 996 2848 et
1012 2797 1099 2849 tibi
1121 2799 1331 2853 curiam
1359 2804 1617 2860 celebrat.
1638 2817 1692 2858 ιιι
1716 2808 1883 2860 nostri
1904 2808 2076 2878 scrip-

509 2886 654 2931 torcs
677 2878 998 2951 loquuntur,
1020 2888 1253 2955 denique
1276 2892 1364 2945 tibi
1386 2893 1564 2948 Caesar
1582 2907 1681 2958 est,
1704 2894 1870 2951 lioma
1891 2900 2073 2951 haberi

510 2969 805 3026 debuisset.
868 2974 943 3027 Ita
983 2980 1127 3034 enim
1190 2984 1324 3037 satis
1354 2985 1530 3039 visunt
1560 2999 1665 3049 ρει,
1693 3000 1750 3042 ιιι
1780 2987 2074 3045 Grrn'tattia

2185 515 2377 570 habeat
2407 536 2421 570 :
2450 519 2542 569 sed
2564 527 2619 573 nt
2638 521 2813 574 solum
2838 533 3093 590 quantum
3109 524 3203 577 sub
3230 524 3381 580 Tatio
3403 531 3626 599 populus
3652 531 3753 585 Ro-

2183 624 2370 664 manus
2400 609 2631 674 arabat;
2667 628 2799 667 eove
2822 615 3000 669 minus
3033 616 3344 671 Romanum
3371 619 3579 690 foret?)
3605 634 3753 677 certe

2181 709 2435 770 porrecta
2472 702 2781 759 Germania:
2829 714 2884 759 ttt
2949 709 3128 773 spatio
3159 718 3319 763 tet-rte
3349 712 3480 766 nulli
3511 729 3748 783 unquam

2185 794 2395 856 regioni
2455 806 2764 861 cesserunt,
2830 801 2901 853 ita
2953 815 3053 857 nec
3087 800 3252 856 hodie
3285 803 3516 868 viribus,
3555 808 3747 869 armis.

2184 885 2393 941 artibus
2426 897 2517 940 aut
2540 890 2773 955 ingeniis
2797 889 3055 959 cuiquam
3086 892 3317 947 habitati
3348 895 3500 949 orbis
3522 898 3750 965 provin-

2180 976 2281 1030 ciae
2312 979 2396 1032 vel
2432 979 2605 1032 hilum
2635 982 2975 1036 concedant:
3003 992 3059 1037 et
3094 983 3741 1056 Occidentisimperiunt,

2182 1067 2229 1120 si
2255 1083 2379 1121 cum
2396 1067 2725 1129 Germanica
2747 1073 2874 1127 sede
2886 1073 3152 1143 principis
3180 1087 3370 1130 caetera
3390 1079 3535 1132 socia
3559 1094 3745 1149 regna,

2180 1173 2303 1228 qua:
2336 1175 2434 1214 ceu
2468 1163 2699 1217 coloniae
2739 1180 2802 1217 ex
2841 1165 2930 1220 illa
2988 1169 3239 1231 gentium
3284 1170 3499 1224 nﬁicina
3534 1171 3749 1241 prodie—

2180 1261 2330 1311 runt,
2363 1262 2419 1306 et
2443 1254 2763 1310 altertttrins
2788 1257 2985 1326 lingua:
3007 1257 3321 1315 Tcutonica
3340 1277 3501 1315 mera
3530 1272 3621 1315 aut
3640 1261 3744 1316 La-

2180 1342 2309 1395 tina:
2352 1354 2626 1412 corrupta:
2671 1350 2950 1403 consortio
3003 1352 3288 1405 nobiseum
3340 1364 3614 1413 tenentur.
3651 1369 3746 1408 eo-

2181 1432 2413 1503 demque
2447 1437 2572 1501 iure
2594 1439 2839 1495 Romano
2868 1445 3151 1498 nobiscum
3197 1446 3561 1500 communiter
3584 1457 3743 1501 utun-

2190 1534 2298 1587 tur.
2334 1528 2786 1596 conjunpantur;
2821 1545 3084 1600 quantum
3138 1539 3357 1590 tandem
3386 1538 3608 1593 Graeciae
3641 1542 3739 1592 toti

2187 1617 2526 1688 imperioque
2556 1620 2691 1683 Eoo,
2726 1625 2890 1677 etiam
2953 1627 3041 1679 ubi
3079 1626 3209 1680 illttd
3248 1628 3661 1695 integer-ﬁmum
3687 1640 3743 1683 ct

2182 1707 2627 1766 ﬂorentissimum
2666 1714 2785 1776 fuit,
2819 1719 3126 1771 concedet?
3163 1719 3288 1772 Sive
3312 1731 3495 1774 autem
3531 1721 3740 1775 utrius.

2182 1812 2290 1865 qut-
2346 1800 2487 1853 vires
2513 1796 2888 1870 et'potentiam
2918 1808 3290 1871 conferamus,
3311 1824 3380 1861 an
3401 1808 3737 1863 Francorum

2184 1888 2290 1941 illis
2342 1893 2558 1955 regibus
2613 1896 3033 1960 potentissimis.
3069 1898 3269 1951 Carolo
3314 1898 3620 1961 praesertim
3655 1906 3738 1951 tot

2181 1982 2503 2048 populorum
2544 1986 2735 2038 victori
2781 1995 2835 2040 et
2880 1988 3209 2042 dominatori
3241 1988 3543 2044 fortissimo
3571 1996 3625 2042 et
3647 2003 3739 2042 sa-

2183 2072 2546 2138 pientissimo,
2606 2076 2749 2132 ullus
2790 2077 3105 2133 Graecorum
3141 2095 3236 2147 par
3273 2094 3395 2134 esse
3435 2079 3744 2147 potuisset?

2182 2162 2408 2230 Quoties
2441 2163 2751 2222 Germanici
2780 2184 2903 2224 cum
2938 2185 3031 2237 per
3064 2180 3212 2224 tanta
3276 2181 3430 2226 terra:
3461 2172 3743 2239 pelagique

2181 2254 2465 2308 intervalla
2495 2259 2640 2311 bello
2674 2277 2831 2314 sacro
2860 2260 3167 2318 Saracenos
3229 2264 3283 2318 in
3323 2265 3450 2317 Asia
3481 2274 3664 2332 petere
3690 2273 3742 2317 rt

2178 2355 2383 2401 terram
2430 2350 2576 2402 illam
2614 2352 2811 2421 (quam
2852 2357 3081 2423 vocant)
3117 2365 3361 2410 sanctam
3426 2357 3738 2412 Graecorum

2182 2437 2392 2506 ignari-1
2423 2440 2626 2496 dudum
2655 2446 2914 2500 amissam
2941 2463 3216 2516 magnan
3242 2460 3392 2518 parte
3418 2463 3741 2517 recuperare

2181 2538 2501 2597 potuerunt,
2536 2534 2619 2585 vel
2655 2535 2709 2588 in
2746 2537 2976 2591 transitu
3033 2538 3347 2608 Byzantiuis
3381 2541 3605 2607 regibus
3634 2550 3740 2591 ιρι·-

2181 2617 2293 2670 rori
2351 2631 2404 2673 et
2458 2621 2736 2676 formidini
2806 2625 3074 2680 fuerunt?
3125 2625 3314 2681 Nonne
3374 2628 3739 2681 veroillortttn

2180 2709 2523 2776 principatus
2550 2715 2652 2765 sub
2678 2715 2867 2769 Alexio
2884 2718 3088 2782 Angela
3111 2718 3396 2773 Germanis
3418 2721 3743 2773 tributarius

2180 2797 2376 2867 ΐςιοιιις,
2407 2814 2457 2854 et
2475 2806 2703 2875 vectigal
2727 2808 2851 2862 inde
2884 2809 3245 2875 ’Ᾱλαμανικόν
3269 2817 3513 2863 vet-atus"
3536 2809 3742 2865 (Στενοῖς

2179 2893 2494 2948 hominibus
2555 2896 2867 2952 indictum?
2906 2899 2971 2953 ad
3027 2902 3170 2967 quod
3218 2903 3611 2954 conficiendum
3642 2918 3742 2955 nec

2178 2986 2398 3052 quidem
2464 2988 2709 3055 priorum
2754 2990 3139 3057 imperatorum
3201 2993 3469 3046 thesauris
3515 3008 3613 3045 nec
3653 3008 3740 3045 se-

508 3071 797 3131 postquam
834 3064 956 3121 inde
1005 3071 1076 3122 ab
1119 3072 1271 3127 urbis
1295 3078 1554 3143 auspiciis
1597 3079 1717 3144 ejus
1773 3081 1991 3136 inimica
2017 3084 2141 3141 ctC
2178 3076 2388 3145 Pulcris
2448 3079 2715 3145 parcitutn
2768 3080 2891 3138 fuit.
2949 3082 3086 3136 Cum
3144 3082 3412 3137 Henricus
3477 3083 3737 3138 Frideriei

506 3154 722 3221 aetuula,
785 3174 891 3212 non
952 3161 1132 3217 minus
1198 3180 1363 3231 quam
1421 3169 1716 3238 Carthago,
1753 3169 2061 3228 Romanam

505 3243 761 3300 virtutem
808 3251 1085 3318 perpetuis
1144 3253 1298 3310 bellis
1354 3264 1714 3321 exercuisset.
1777 3270 1835 3318 et
1894 3280 2061 3334 quam

504 3336 664 3390 avide
695 3354 725 3391 a
772 3338 1033 3396 Romanis
1066 3348 1325 3414 expetita,
1366 3349 1669 3405 Germanici
1710 3353 1929 3408 titulum
1955 3372 2066 3423 prae

503 3427 626 3481 aliis
656 3444 682 3481 a
716 3439 859 3485 terra
893 3435 1223 3504 triumphata
1247 3440 1418 3510 magis
1438 3458 1602 3508 quam
1632 3446 1775 3500 victa
1809 3446 2067 3504 affectan-

508 3520 676 3584 tibus,
730 3532 837 3576 tam
886 3527 1271 3594 insuperabilis
1303 3548 1517 3602 semper
1565 3539 1876 3605 restitisset,
1915 3541 2064 3596 limi—

504 3622 716 3681 temque
740 3616 1091 3673 victoriarum
1111 3636 1273 3688 quem
1298 3626 1561 3679 excedere
1576 3642 1685 3700 non
1704 3631 1877 3699 magis
1898 3645 2064 3702 quam

503 3703 817 3762 Parthicum
849 3708 1239 3782 i’ersictttnque
1272 3727 1477 3785 posset,
1498 3718 1562 3772 ad
1590 3717 1766 3774 Rheni
1794 3733 1848 3777 et
1882 3725 2065 3780 Daun-

506 3797 577 3849 bii
606 3798 804 3852 ﬂuenta
833 3800 915 3854 eis
942 3804 1265 3871 prmiixissct
1301 3826 1315 3860 :
1360 3810 1581 3863 tandem
1605 3827 1761 3866 versa
1791 3814 1911 3869 vice
1946 3818 2061 3884 ipsa

505 3888 648 3939 ultro
680 3887 1004 3945 liotuattiatn
1035 3894 1296 3950 immissis
1318 3900 1568 3967 procellae
1601 3918 1752 3956 more
1782 3905 2064 3967 immensis

504 3982 827 4047 populorum
889 3986 1130 4041 millibus
1186 3991 1615 4057 aggrederetur:
1643 4011 1819 4065 neque
1852 4009 2063 4056 tantum

504 4086 694 4127 omnes
723 4075 789 4128 ad
832 4077 1171 4133 occidentem
1209 4082 1521 4146 provincias
1568 4084 1829 4143 Romanis
1878 4099 2065 4145 extor-

501 4175 714 4231 queret,
775 4169 976 4237 quibus
1038 4186 1136 4225 ceu
1169 4171 1409 4228 inductis
1437 4190 1501 4229 ex
1542 4192 1602 4231 se
1634 4180 1846 4235 colonis
1876 4182 1929 4236 itt
1966 4183 2065 4235 ho-

501 4254 751 4311 diernunt
779 4260 922 4313 diem
951 4261 1054 4314 sub
1084 4263 1317 4320 diversis
1347 4268 1660 4325 nominibus
1693 4270 2063 4339 Francorum,

504 4346 1013 4420 Langobardorum,
1033 4350 1364 4417 Gothorum,
1385 4358 1710 4425 Anglorum,
1743 4359 2065 4432 Burgundii-

2167 3168 2511 3225 Barbarossac
2533 3171 2695 3235 ﬁlius,
2726 3173 3030 3230 faeciaiibus
3048 3177 3113 3229 ad
3136 3176 3286 3228 illum
3308 3177 3513 3240 missis,
3538 3177 3738 3230 llotna—

2175 3276 2276 3316 nas
2303 3263 2614 3329 prot'incias
2644 3280 2836 3317 omnes
2866 3265 2933 3320 ah
2962 3267 3261 3334 Epidamno
3291 3283 3463 3337 usque
3483 3269 3546 3319 ad
3568 3267 3738 3322 Thes-

2166 3352 2459 3405 salonicam
2477 3363 2746 3419 repetens.
2764 3368 2810 3405 ct
2826 3354 3111 3407 Οειιιιιειιιὶς
3131 3357 3182 3407 ἰιι
3202 3356 3483 3409 Palmstiua
3504 3354 3738 3408 militario-

2167 3443 2312 3498 tibus
2355 3445 2558 3499 auxilia
2617 3446 2820 3498 nantia
2905 3445 3043 3499 mitti
3119 3446 3342 3514 jnbens.
3392 3446 3734 3511 niitupcrata

2168 3534 2430 3596 iacerent.
2481 3536 2680 3591 bellum
2716 3553 2957 3605 ttrmsens
2987 3540 3369 3593 denuntiaret:
3406 3539 3551 3605 quod
3586 3537 3735 3589 Cho-

2170 3628 2346 3682 niatca
2379 3628 2588 3694 prolixe
2622 3628 2910 3682 describit.
2934 3630 3239 3697 Quidquod
3269 3647 3373 3682 non
3407 3630 3589 3680 multis
3616 3640 3736 3696 post

2165 3720 2322 3772 annis
2354 3719 2526 3786 ipsum
2549 3719 2836 3789 imperium
2858 3721 3086 3789 ejusque
3111 3723 3272 3789 regia:
3291 3722 3444 3776 sedes
3466 3719 3733 3773 Constan-

2169 3811 2428 3879 tinopolis
2460 3827 2488 3865 τι
2521 3811 2807 3865 Germanis
2845 3811 3110 3866 Balduitto
3135 3811 3370 3865 Flandro
3399 3814 3533 3864 tlttce
3564 3827 3729 3863 ocro-

2170 3914 2355 3970 patum
2381 3919 2394 3967 ;
2420 3902 2625 3957 Gratcis
2658 3903 2862 3956 interea
2895 3903 3129 3957 Nicaeam
3163 3915 3215 3958 et
3245 3902 3638 3972 Trapezuntem
3674 3904 3728 3954 in

2166 3994 2447 4058 angustias
2464 3993 2692 4054 coactis;
2714 4003 2767 4045 et
2784 3993 2905 4060 plus
2924 3994 3296 4061 qunquztginta
3315 3994 3473 4047 annis
3498 3994 3564 4046 alt
3584 3993 3730 4046 illius

2165 4084 2484 4155 posteritate
2513 4099 2830 4152 possessum
2864 4084 2989 4139 fuit.
3015 4084 3133 4140 Non
3164 4086 3385 4149 addam,
3416 4086 3535 4140 illos
3564 4089 3730 4155 itupe~

2165 4173 2261 4227 riis
2289 4175 2426 4237 suis,
2456 4184 2511 4227 et
2538 4173 2778 4237 Nicanori,
2808 4186 2861 4230 et
2890 4174 3320 4247 Trapezuatino,
3352 4186 3409 4231 et
3447 4176 3730 4230 Bizantin

2166 4267 2381 4319 tandem
2400 4281 2431 4321 a
2444 4265 2637 4322 Turcis
2654 4268 2818 4323 citius
2835 4277 3051 4330 exutos.
3076 4268 3426 4337 l'ttttditttsque
3442 4271 3656 4323 excisos
3675 4278 3730 4323 et

2164 4357 2399 4414 deletos:
2415 4371 2603 4414 contra
2623 4359 3043 4428 quosGermaua
3063 4362 3232 4417 virtus
3251 4364 3513 4417 hactenus
3532 4363 3726 4415 invicta

503 4455 648 4504 rutn,
682 4439 1149 4498 Nurttnannornm
1190 4445 1509 4501 dominatur
1535 4489 1554 4513 ,
1582 4460 1639 4503 ttt
1666 4452 1779 4519 jam
1806 4430 1923 4508 tota
1954 4454 2062 4509 Eu-
2092 4430 2142 4489 ί)
2166 4466 2275 4505 non
2310 4463 2519 4507 tantum
2555 4454 2789 4523 patriam
2827 4465 2997 4508 tutam
3052 4456 3381 4522 prestitcrit.
3418 4455 3510 4509 sed
3537 4464 3594 4508 et
3619 4470 3727 4510 ca-

503 4549 634 4602 ropa
672 4536 746 4588 nil
800 4536 948 4589 aliud
1007 4554 1173 4607 quam
1226 4555 1423 4610 magna
1486 4544 1736 4611 quaedam
1766 4543 2062 4601 Germania

504 4627 796 4692 rideatur;
833 4629 927 4681 sed
951 4643 1079 4682 vero
1120 4630 1327 4685 Italiam
1363 4634 1537 4703 ipsam
1566 4646 1622 4688 et
1657 4638 1847 4692 urbem
1877 4640 2054 4692 timui-

511 4732 636 4771 nam
675 4718 889 4787 imperii
923 4723 1130 4784 sedem,
1150 4722 1201 4772 vi
1231 4733 1285 4776 et
1311 4726 1481 4780 arutis
1503 4742 1611 4780 non
1637 4731 1803 4781 semel
1826 4745 2065 4799 occupa-
2103 4801 2111 4809 .

502 4821 627 4874 ret;
667 4812 996 4880 tandemque
1028 4815 1188 4867 titulo
1205 4818 1538 4886 etdignitate
1573 4822 1786 4890 imperii
1816 4823 2059 4890 legitimo

505 4904 793 4972 potiretur.
816 4904 893 4955 ita
915 4913 973 4956 ιιι
996 4904 1284 4973 imperium
1316 4907 1647 4973 Romanum,
1673 4915 1815 4979 quod
1839 4912 2065 4966 Germa-

504 5011 604 5048 ttos
635 5009 829 5061 eapct'e
856 5010 963 5047 non
995 5000 1194 5069 potuit,
1230 4998 1445 5053 illorum
1480 5002 1681 5057 virtute
1715 5014 1971 5072 captum;
2009 5016 2065 5058 et

500 5086 591 5154 qui
625 5087 810 5141 hostes
830 5087 958 5139 olim
991 5088 1274 5151 Romanis.
1295 5107 1438 5148 ttttnc
1464 5093 1732 5159 victores;
1758 5098 1901 5165 quod
1927 5098 2059 5151 olim

504 5175 857 5231 liarbaricttm
928 5177 1211 5246 Romanis,
1239 5192 1296 5234 ut
1320 5184 1418 5248 ipsi
1480 5185 1925 5250 prtesel'crchaut,
1965 5186 2062 5240 de-

504 5268 765 5336 spicatui,
798 5286 858 5322 re
880 5280 1059 5324 auten:
1096 5288 1220 5325 veta
1254 5273 1527 5327 formidini
1563 5275 1685 5341 fuit,
1722 5278 1771 5329 id
1800 5294 1941 5330 ntmc
1971 5294 2061 5331 ar-

509 5360 655 5413 tibus
684 5368 739 5413 et
774 5361 1022 5414 moribus
1058 5361 1414 5415 cultissimum
1456 5365 1610 5419 sedes
1626 5376 1679 5420 et
1716 5382 1807 5418 arx
1845 5367 2057 5436 imperii

505 5456 707 5504 tat-tum
741 5453 854 5506 sit.
880 5452 1033 5516 Quod
1070 5453 1115 5507 si
1154 5453 1319 5505 ctiam
1356 5455 1582 5508 ditionis
1616 5458 1905 5525 utriusque
1937 5474 2055 5513 am—

517 5543 838 5611 plitudinem
872 5544 1149 5611 inspicere
1184 5547 1347 5597 lilecat
1371 5586 1385 5611 ,
1412 5549 1664 5612 quamvis
1696 5564 1755 5602 ea
1793 5551 1857 5601 ad
1917 5552 2059 5604 hunc

502 5638 858 5699 qua-stionem
887 5651 992 5687 non
1018 5636 1249 5703 pcrtim-t
1280 5637 1430 5705 (quid
1456 5639 1641 5691 cuttn?
1673 5640 1718 5693 si
1756 5641 1837 5693 vel
1873 5642 1937 5692 ad
1964 5658 2057 5696 cas

503 5727 784 5794 angustias
817 5727 1103 5798 imperium
1146 5729 1440 5799 redigatur,
1478 5748 1585 5792 non
1620 5733 1794 5788 dicam
1830 5744 1886 5787 ut
1921 5733 2048 5789 (iero

2167 4543 2299 4596 teris
2333 4541 2605 4613 Hesperia:
2634 4544 2928 4613 provinciis
2957 4557 3140 4599 contra
3172 4546 3581 4600 immanissima:
3599 4560 3729 4610 ecu-

2170 4635 2242 4689 tis
2265 4635 2566 4689 eluvionem
2587 4636 2732 4689 velut
2754 4638 2809 4689 in
2836 4638 2976 4690 muri
3001 4638 3293 4707 aggerique
3322 4639 3493 4692 viuetn
3528 4638 3724 4701 fuerit;

2166 4730 2309 4797 quod
2329 4737 2501 4780 totum
2523 4728 2654 4781 illud
2670 4743 2777 4782 non
2798 4729 2866 4782 ab
2893 4729 3250 4783 ltumanarutn
3273 4731 3463 4785 virium
3486 4741 3724 4785 ostenta.

2166 4818 2334 4880 tione,
2357 4821 2450 4871 sed
2473 4819 2587 4872 sola
2605 4818 2789 4873 dit-ina
2808 4836 2909 4889 ope
2928 4824 3161 4888 pendere
3182 4838 3562 4893 agnoscamus.
3585 4823 3722 4878 Cum

2165 4919 2346 4965 autem
2369 4910 2593 4980 imperia
2611 4922 2665 4966 et
2683 4928 2867 4982 regna,
2894 4916 2939 4969 si
2975 4930 3077 4966 non
3096 4915 3263 4981 justa.
3294 4918 3366 4969 nil
3393 4918 3496 4971 nisi
3529 4932 3723 4985 magna

2165 5004 2273 5056 sint
2294 5003 2606 5068 latrocinia;
2630 5005 2681 5058 in
2703 5019 2951 5075 promptu
2974 5005 3135 5060 fuerit
3156 5008 3470 5077 dijudicare,
3494 5019 3610 5062 utet-
3630 5009 3724 5061 ho-

2166 5111 2283 5148 rum
2304 5095 2526 5165 legitimi
2548 5098 2804 5167 principis
2833 5115 3026 5153 nomen
3050 5101 3243 5156 melius
3265 5112 3535 5155 tueretur:
3563 5102 3722 5155 illene

2163 5186 2256 5256 qui
2289 5187 2605 5255 plerumque
2634 5188 2779 5242 nulla
2805 5189 2952 5257 justa
2980 5207 3153 5259 neque
3173 5195 3520 5247 successione
3545 5208 3722 5261 neque

2163 5278 2448 5343 electione,
2487 5280 2578 5333 sed
2618 5280 2913 5349 aliquando
2938 5284 3161 5352 magicis
3202 5285 3463 5347 sortibus,
3492 5286 3719 5354 aliisque

2163 5371 2322 5423 malis
2361 5373 2568 5423 artibus
2596 5371 2841 5425 atiectata
2881 5376 3187 5444 tyrannide,
3226 5392 3355 5428 vero
3372 5376 3611 5444 principe
3646 5378 3717 5442 (si

2162 5461 2421 5513 vclt‘rzttcr
2438 5460 2530 5527 sit)
2554 5472 2644 5513 aut
2663 5463 2775 5515 sica
2804 5477 3075 5515 venenovc
3096 5475 3389 5531 pcrctttpto,
3413 5473 3505 5517 aut
3520 5465 3600 5531 (ιιι
3618 5467 3719 5518 nti-

2163 5551 2293 5622 tius)
2313 5552 2613 5605 clucilicato
2637 5553 2717 5605 vel
2745 5564 3005 5610 eaSIrato.
3028 5563 3119 5608 aut
3140 5555 3719 5623 (ttttttitissittte)10ttso

2163 5657 2215 5699 ct
2240 5648 2291 5696 iu
2317 5644 2708 5699 monasterium
2754 5647 2980 5700 detruso
3014 5648 3296 5716 itnpct-iuttt
3334 5650 3469 5701 male
3504 5650 3715 5718 arripit,

2163 5736 2312 5802 pctus
2335 5738 2464 5801 gerit
2484 5735 2713 5799 pessime
2733 5746 2779 5789 ct
2802 5735 2962 5791 simili
2987 5738 3129 5791 exitu
3161 5754 3347 5792 rursus
3367 5738 3558 5791 amittit
3586 5756 3597 5792 :
3634 5744 3714 5794 vel
