  <div class='ocr_page' id='page_1' title='image "/cluster/home/n/w/nwhite01/storage/ocr_20150623/159/mdp.39015015350443/293.png"; bbox 0 0 4212 6286; ppageno 0'>
   <div class='ocr_carea' id='block_1_1' title="bbox 420 307 527 379">
    <p class='ocr_par' dir='ltr' id='par_1_1' title="bbox 420 307 527 379">
     <span class='ocr_line' id='line_1_1' title="bbox 420 307 527 379; baseline 0.019 -2"><span class='ocrx_word' id='word_1_1' title='bbox 420 307 527 379; x_wconf 74' lang='grc'><strong>571</strong></span> 
     </span>
    </p>
   </div>
   <div class='ocr_carea' id='block_1_2' title="bbox 1483 329 2613 403">
    <p class='ocr_par' dir='ltr' id='par_1_2' title="bbox 1483 329 2613 403">
     <span class='ocr_line' id='line_1_2' title="bbox 1483 329 2613 403; baseline 0.012 -14"><span class='ocrx_word' id='word_1_2' title='bbox 1483 329 1941 400; x_wconf 75' lang='lat' dir='ltr'><strong>MARQUARDI</strong></span> <span class='ocrx_word' id='word_1_3' title='bbox 1985 336 2330 397; x_wconf 73' lang='lat' dir='ltr'><strong>FREIIEIH</strong></span> <span class='ocrx_word' id='word_1_4' title='bbox 2374 342 2613 403; x_wconf 65' lang='grc' dir='ltr'><strong>Νοτκιζ.</strong></span> 
     </span>
    </p>
   </div>
   <div class='ocr_carea' id='block_1_3' title="bbox 3575 344 3678 405">
    <p class='ocr_par' dir='ltr' id='par_1_3' title="bbox 3575 344 3678 405">
     <span class='ocr_line' id='line_1_3' title="bbox 3575 344 3678 405; baseline 0 -1"><span class='ocrx_word' id='word_1_5' title='bbox 3575 344 3678 405; x_wconf 72' lang='lat'><strong>572</strong></span> 
     </span>
    </p>
   </div>
   <div class='ocr_carea' id='block_1_4' title="bbox 424 426 3673 520">
    <p class='ocr_par' dir='ltr' id='par_1_4' title="bbox 424 426 3673 520">
     <span class='ocr_line' id='line_1_4' title="bbox 424 426 3673 520; baseline 0.01 -42"><span class='ocrx_word' id='word_1_6' title='bbox 424 426 572 482; x_wconf 71' lang='lat' dir='ltr'><strong>forte</strong></span> <span class='ocrx_word' id='word_1_7' title='bbox 593 441 705 520; x_wconf 85' lang='lat' dir='ltr'><strong>non</strong></span> <span class='ocrx_word' id='word_1_8' title='bbox 751 426 930 484; x_wconf 86' lang='lat' dir='ltr'><strong>dicam</strong></span> <span class='ocrx_word' id='word_1_9' title='bbox 961 429 1310 499; x_wconf 76' lang='lat' dir='ltr'><strong>feminarum,</strong></span> <span class='ocrx_word' id='word_1_10' title='bbox 1353 439 1451 493; x_wconf 88' lang='lat' dir='ltr'><strong>sed</strong></span> <span class='ocrx_word' id='word_1_11' title='bbox 1487 439 1653 510; x_wconf 83' lang='lat' dir='ltr'><strong>(quod</strong></span> <span class='ocrx_word' id='word_1_12' title='bbox 1689 444 1993 515; x_wconf 66' lang='lat' dir='ltr'><strong>indignius)</strong></span> <span class='ocrx_word' id='word_1_13' title='bbox 2028 460 2066 512; x_wconf 69' lang='grc' dir='ltr'><strong>Α</strong></span> <span class='ocrx_word' id='word_1_14' title='bbox 2102 450 2248 507; x_wconf 85' lang='lat' dir='ltr'><strong>nitus</strong></span> <span class='ocrx_word' id='word_1_15' title='bbox 2306 455 2570 509; x_wconf 84' lang='lat' dir='ltr'><strong>immissis</strong></span> <span class='ocrx_word' id='word_1_16' title='bbox 2622 454 2896 514; x_wconf 75' lang='lat' dir='ltr'><strong>hostibus.</strong></span> <span class='ocrx_word' id='word_1_17' title='bbox 2962 456 3031 509; x_wconf 93' lang='lat' dir='ltr'><strong>ah</strong></span> <span class='ocrx_word' id='word_1_18' title='bbox 3054 454 3346 513; x_wconf 87' lang='lat' dir='ltr'><strong>Occidente</strong></span> <span class='ocrx_word' id='word_1_19' title='bbox 3391 454 3673 520; x_wconf 77' lang='lat' dir='ltr'><strong>Vandalis,</strong></span> 
     </span>
    </p>
   </div>
   <div class='ocr_carea' id='block_1_5' title="bbox 425 518 1990 601">
    <p class='ocr_par' dir='ltr' id='par_1_5' title="bbox 425 518 1990 601">
     <span class='ocr_line' id='line_1_5' title="bbox 425 518 1990 601; baseline 0.012 -28"><span class='ocrx_word' id='word_1_20' title='bbox 425 518 805 574; x_wconf 73' lang='lat' dir='ltr'><strong>cunuchorum</strong></span> <span class='ocrx_word' id='word_1_21' title='bbox 866 531 999 576; x_wconf 92' lang='lat' dir='ltr'><strong>nutu</strong></span> <span class='ocrx_word' id='word_1_22' title='bbox 1037 532 1091 579; x_wconf 91' lang='lat' dir='ltr'><strong>et</strong></span> <span class='ocrx_word' id='word_1_23' title='bbox 1123 527 1369 591; x_wconf 89' lang='lat' dir='ltr'><strong>libidine.</strong></span> <span class='ocrx_word' id='word_1_24' title='bbox 1395 531 1691 601; x_wconf 89' lang='lat' dir='ltr'><strong>aliquando</strong></span> <span class='ocrx_word' id='word_1_25' title='bbox 1716 547 1771 589; x_wconf 89' lang='lat' dir='ltr'><strong>et</strong></span> <span class='ocrx_word' id='word_1_26' title='bbox 1794 538 1990 591; x_wconf 83' lang='lat' dir='ltr'><strong>factio-</strong></span> 
     </span>
    </p>
   </div>
   <div class='ocr_carea' id='block_1_6' title="bbox 422 606 1999 697">
    <p class='ocr_par' dir='ltr' id='par_1_6' title="bbox 422 606 1999 697">
     <span class='ocr_line' id='line_1_6' title="bbox 422 606 1999 697; baseline 0.016 -38"><span class='ocrx_word' id='word_1_27' title='bbox 422 621 556 661; x_wconf 78' lang='lat' dir='ltr'><strong>num</strong></span> <span class='ocrx_word' id='word_1_28' title='bbox 580 606 969 666; x_wconf 85' lang='lat' dir='ltr'><strong>tbeatricarum</strong></span> <span class='ocrx_word' id='word_1_29' title='bbox 991 614 1217 683; x_wconf 84' lang='lat' dir='ltr'><strong>impetu,</strong></span> <span class='ocrx_word' id='word_1_30' title='bbox 1245 635 1637 692; x_wconf 76' lang='lat' dir='ltr'><strong>nonnunquam</strong></span> <span class='ocrx_word' id='word_1_31' title='bbox 1660 628 1825 679; x_wconf 88' lang='lat' dir='ltr'><strong>etiam</strong></span> <span class='ocrx_word' id='word_1_32' title='bbox 1850 628 1999 697; x_wconf 87' lang='lat' dir='ltr'><strong>ipso-</strong></span> 
     </span>
    </p>
   </div>
   <div class='ocr_carea' id='block_1_7' title="bbox 422 704 1996 785">
    <p class='ocr_par' dir='ltr' id='par_1_7' title="bbox 422 704 1996 785">
     <span class='ocr_line' id='line_1_7' title="bbox 422 704 1996 785; baseline 0.014 -30"><span class='ocrx_word' id='word_1_33' title='bbox 422 713 546 755; x_wconf 81' lang='lat' dir='ltr'><strong>rum</strong></span> <span class='ocrx_word' id='word_1_34' title='bbox 569 704 813 759; x_wconf 85' lang='lat' dir='ltr'><strong>hostiqu</strong></span> <span class='ocrx_word' id='word_1_35' title='bbox 849 716 903 759; x_wconf 88' lang='lat' dir='ltr'><strong>et</strong></span> <span class='ocrx_word' id='word_1_36' title='bbox 937 706 1295 766; x_wconf 76' lang='lat' dir='ltr'><strong>barbararum</strong></span> <span class='ocrx_word' id='word_1_37' title='bbox 1335 724 1500 785; x_wconf 87' lang='lat' dir='ltr'><strong>atque</strong></span> <span class='ocrx_word' id='word_1_38' title='bbox 1523 717 1664 773; x_wconf 88' lang='lat' dir='ltr'><strong>adeo</strong></span> <span class='ocrx_word' id='word_1_39' title='bbox 1688 718 1996 777; x_wconf 82' lang='lat' dir='ltr'><strong>Turcorum</strong></span> 
     </span>
    </p>
   </div>
   <div class='ocr_carea' id='block_1_8' title="bbox 424 789 2000 880">
    <p class='ocr_par' dir='ltr' id='par_1_8' title="bbox 424 789 2000 880">
     <span class='ocr_line' id='line_1_8' title="bbox 424 789 2000 880; baseline 0.016 -38"><span class='ocrx_word' id='word_1_40' title='bbox 424 789 705 847; x_wconf 85' lang='lat' dir='ltr'><strong>voluntate</strong></span> <span class='ocrx_word' id='word_1_41' title='bbox 729 802 784 847; x_wconf 88' lang='lat' dir='ltr'><strong>et</strong></span> <span class='ocrx_word' id='word_1_42' title='bbox 811 794 998 862; x_wconf 85' lang='lat' dir='ltr'><strong>minis,</strong></span> <span class='ocrx_word' id='word_1_43' title='bbox 1049 800 1115 853; x_wconf 90' lang='lat' dir='ltr'><strong>ad</strong></span> <span class='ocrx_word' id='word_1_44' title='bbox 1157 813 1374 873; x_wconf 86' lang='lat' dir='ltr'><strong>sceptra</strong></span> <span class='ocrx_word' id='word_1_45' title='bbox 1413 807 1719 874; x_wconf 75' lang='lat' dir='ltr'><strong>extollitur,</strong></span> <span class='ocrx_word' id='word_1_46' title='bbox 1758 826 2000 880; x_wconf 86' lang='lat' dir='ltr'><strong>quorum</strong></span> 
     </span>
    </p>
   </div>
   <div class='ocr_carea' id='block_1_9' title="bbox 423 882 1999 961">
    <p class='ocr_par' dir='ltr' id='par_1_9' title="bbox 423 882 1999 961">
     <span class='ocr_line' id='line_1_9' title="bbox 423 882 1999 961; baseline 0.02 -31"><span class='ocrx_word' id='word_1_47' title='bbox 423 882 668 938; x_wconf 87' lang='lat' dir='ltr'><strong>omnium</strong></span> <span class='ocrx_word' id='word_1_48' title='bbox 685 888 930 957; x_wconf 70' lang='lat' dir='ltr'><strong>exempla</strong></span> <span class='ocrx_word' id='word_1_49' title='bbox 962 889 1018 943; x_wconf 91' lang='lat' dir='ltr'><strong>in</strong></span> <span class='ocrx_word' id='word_1_50' title='bbox 1039 890 1355 949; x_wconf 66' lang='lat' dir='ltr'><strong>(imorum</strong></span> <span class='ocrx_word' id='word_1_51' title='bbox 1381 896 1629 955; x_wconf 70' lang='lat' dir='ltr'><strong>historiis</strong></span> <span class='ocrx_word' id='word_1_52' title='bbox 1644 912 1772 956; x_wconf 88' lang='lat' dir='ltr'><strong>sunt</strong></span> <span class='ocrx_word' id='word_1_53' title='bbox 1800 903 1957 957; x_wconf 79' lang='lat' dir='ltr'><strong>obvia</strong></span> <span class='ocrx_word' id='word_1_54' title='bbox 1981 923 1999 961; x_wconf 83' lang='lat'><strong>:</strong></span> 
     </span>
    </p>
   </div>
   <div class='ocr_carea' id='block_1_10' title="bbox 425 979 2003 1054">
    <p class='ocr_par' dir='ltr' id='par_1_10' title="bbox 425 979 2003 1054">
     <span class='ocr_line' id='line_1_10' title="bbox 425 979 2003 1054; baseline 0.015 -26"><span class='ocrx_word' id='word_1_55' title='bbox 425 988 495 1028; x_wconf 87' lang='lat' dir='ltr'><strong>an</strong></span> <span class='ocrx_word' id='word_1_56' title='bbox 518 990 648 1031; x_wconf 88' lang='lat' dir='ltr'><strong>vero</strong></span> <span class='ocrx_word' id='word_1_57' title='bbox 675 979 765 1033; x_wconf 89' lang='lat' dir='ltr'><strong>ille</strong></span> <span class='ocrx_word' id='word_1_58' title='bbox 799 983 1002 1049; x_wconf 87' lang='lat' dir='ltr'><strong>potius,</strong></span> <span class='ocrx_word' id='word_1_59' title='bbox 1036 984 1132 1054; x_wconf 88' lang='lat' dir='ltr'><strong>qui</strong></span> <span class='ocrx_word' id='word_1_60' title='bbox 1191 987 1600 1053; x_wconf 84' lang='lat' dir='ltr'><strong>sapientissimo</strong></span> <span class='ocrx_word' id='word_1_61' title='bbox 1641 1002 1695 1047; x_wconf 89' lang='lat' dir='ltr'><strong>et</strong></span> <span class='ocrx_word' id='word_1_62' title='bbox 1718 992 2003 1051; x_wconf 82' lang='lat' dir='ltr'><strong>liberrimo</strong></span> 
     </span>
    </p>
   </div>
   <div class='ocr_carea' id='block_1_11' title="bbox 424 1065 2000 1143">
    <p class='ocr_par' dir='ltr' id='par_1_11' title="bbox 424 1065 2000 1143">
     <span class='ocr_line' id='line_1_11' title="bbox 424 1065 2000 1143; baseline 0.013 -26"><span class='ocrx_word' id='word_1_63' title='bbox 424 1065 734 1121; x_wconf 84' lang='lat' dir='ltr'><strong>antistitum</strong></span> <span class='ocrx_word' id='word_1_64' title='bbox 764 1071 1193 1142; x_wconf 83' lang='lat' dir='ltr'><strong>principumque</strong></span> <span class='ocrx_word' id='word_1_65' title='bbox 1246 1090 1589 1131; x_wconf 86' lang='lat' dir='ltr'><strong>summorum</strong></span> <span class='ocrx_word' id='word_1_66' title='bbox 1632 1082 1892 1143; x_wconf 82' lang='lat' dir='ltr'><strong>concilio,</strong></span> <span class='ocrx_word' id='word_1_67' title='bbox 1926 1086 2000 1137; x_wconf 88' lang='lat' dir='ltr'><strong>ob</strong></span> 
     </span>
    </p>
   </div>
   <div class='ocr_carea' id='block_1_12' title="bbox 425 1156 2002 1239">
    <p class='ocr_par' dir='ltr' id='par_1_12' title="bbox 425 1156 2002 1239">
     <span class='ocr_line' id='line_1_12' title="bbox 425 1156 2002 1239; baseline 0.015 -32"><span class='ocrx_word' id='word_1_68' title='bbox 425 1156 647 1216; x_wconf 86' lang='lat' dir='ltr'><strong>virtutis</strong></span> <span class='ocrx_word' id='word_1_69' title='bbox 673 1173 933 1231; x_wconf 74' lang='lat' dir='ltr'><strong>spectotze</strong></span> <span class='ocrx_word' id='word_1_70' title='bbox 988 1168 1243 1220; x_wconf 84' lang='lat' dir='ltr'><strong>meritum</strong></span> <span class='ocrx_word' id='word_1_71' title='bbox 1296 1178 1351 1223; x_wconf 89' lang='lat' dir='ltr'><strong>et</strong></span> <span class='ocrx_word' id='word_1_72' title='bbox 1379 1170 1474 1225; x_wconf 90' lang='lat' dir='ltr'><strong>alti</strong></span> <span class='ocrx_word' id='word_1_73' title='bbox 1510 1173 1729 1239; x_wconf 73' lang='lat' dir='ltr'><strong>generis</strong></span> <span class='ocrx_word' id='word_1_74' title='bbox 1760 1174 2002 1230; x_wconf 83' lang='lat' dir='ltr'><strong>indolem</strong></span> 
     </span>
    </p>
   </div>
   <div class='ocr_carea' id='block_1_13' title="bbox 423 1248 2003 1331">
    <p class='ocr_par' dir='ltr' id='par_1_13' title="bbox 423 1248 2003 1331">
     <span class='ocr_line' id='line_1_13' title="bbox 423 1248 2003 1331; baseline 0.013 -29"><span class='ocrx_word' id='word_1_75' title='bbox 423 1248 655 1318; x_wconf 73' lang='lat' dir='ltr'><strong>electus,</strong></span> <span class='ocrx_word' id='word_1_76' title='bbox 683 1256 857 1309; x_wconf 88' lang='lat' dir='ltr'><strong>sacris</strong></span> <span class='ocrx_word' id='word_1_77' title='bbox 883 1261 1225 1313; x_wconf 65' lang='lat' dir='ltr'><strong>caeremoniis</strong></span> <span class='ocrx_word' id='word_1_78' title='bbox 1248 1270 1301 1314; x_wconf 89' lang='lat' dir='ltr'><strong>et</strong></span> <span class='ocrx_word' id='word_1_79' title='bbox 1329 1263 1620 1331; x_wconf 80' lang='lat' dir='ltr'><strong>exquisitis</strong></span> <span class='ocrx_word' id='word_1_80' title='bbox 1635 1265 2003 1321; x_wconf 71' lang='lat' dir='ltr'><strong>solemnth</strong></span> 
     </span>
    </p>
   </div>
   <div class='ocr_carea' id='block_1_14' title="bbox 401 1340 2003 1421">
    <p class='ocr_par' dir='ltr' id='par_1_14' title="bbox 401 1340 2003 1421">
     <span class='ocr_line' id='line_1_14' title="bbox 401 1340 2003 1421; baseline 0.011 -28"><span class='ocrx_word' id='word_1_81' title='bbox 401 1340 532 1417; x_wconf 22' lang='lat' dir='ltr'><strong>Ibus</strong></span> <span class='ocrx_word' id='word_1_82' title='bbox 563 1358 714 1396; x_wconf 90' lang='lat' dir='ltr'><strong>more</strong></span> <span class='ocrx_word' id='word_1_83' title='bbox 738 1344 1009 1413; x_wconf 82' lang='lat' dir='ltr'><strong>majorum</strong></span> <span class='ocrx_word' id='word_1_84' title='bbox 1039 1349 1321 1413; x_wconf 80' lang='lat' dir='ltr'><strong>initiatus,</strong></span> <span class='ocrx_word' id='word_1_85' title='bbox 1357 1354 1641 1421; x_wconf 86' lang='lat' dir='ltr'><strong>conceptis</strong></span> <span class='ocrx_word' id='word_1_86' title='bbox 1679 1358 1860 1412; x_wconf 77' lang='lat' dir='ltr'><strong>verbis</strong></span> <span class='ocrx_word' id='word_1_87' title='bbox 1901 1358 2003 1411; x_wconf 70' lang='lat' dir='ltr'><strong>Ec-</strong></span> 
     </span>
    </p>
   </div>
   <div class='ocr_carea' id='block_1_15' title="bbox 421 1433 1999 1517">
    <p class='ocr_par' dir='ltr' id='par_1_15' title="bbox 421 1433 1999 1517">
     <span class='ocr_line' id='line_1_15' title="bbox 421 1433 1999 1517; baseline 0.008 -29"><span class='ocrx_word' id='word_1_88' title='bbox 421 1433 607 1489; x_wconf 70' lang='lat' dir='ltr'><strong>clesite</strong></span> <span class='ocrx_word' id='word_1_89' title='bbox 635 1446 689 1490; x_wconf 88' lang='lat' dir='ltr'><strong>et</strong></span> <span class='ocrx_word' id='word_1_90' title='bbox 735 1440 925 1505; x_wconf 74' lang='lat' dir='ltr'><strong>patriae</strong></span> <span class='ocrx_word' id='word_1_91' title='bbox 980 1440 1140 1494; x_wconf 78' lang='lat' dir='ltr'><strong>iidem</strong></span> <span class='ocrx_word' id='word_1_92' title='bbox 1173 1457 1331 1496; x_wconf 81' lang='lat' dir='ltr'><strong>suam</strong></span> <span class='ocrx_word' id='word_1_93' title='bbox 1370 1443 1728 1515; x_wconf 74' lang='lat' dir='ltr'><strong>obstringens</strong></span> <span class='ocrx_word' id='word_1_94' title='bbox 1750 1486 1763 1508; x_wconf 83' lang='lat'><strong>,</strong></span> <span class='ocrx_word' id='word_1_95' title='bbox 1796 1451 1999 1517; x_wconf 85' lang='lat' dir='ltr'><strong>popqu</strong></span> 
     </span>
    </p>
   </div>
   <div class='ocr_carea' id='block_1_16' title="bbox 422 1525 1999 1597">
    <p class='ocr_par' dir='ltr' id='par_1_16' title="bbox 422 1525 1999 1597">
     <span class='ocr_line' id='line_1_16' title="bbox 422 1525 1999 1597; baseline 0.012 -22"><span class='ocrx_word' id='word_1_96' title='bbox 422 1525 762 1582; x_wconf 80' lang='lat' dir='ltr'><strong>acclamante</strong></span> <span class='ocrx_word' id='word_1_97' title='bbox 811 1529 913 1583; x_wconf 89' lang='lat' dir='ltr'><strong>rite</strong></span> <span class='ocrx_word' id='word_1_98' title='bbox 963 1532 1361 1597; x_wconf 83' lang='lat' dir='ltr'><strong>renuntiatur,</strong></span> <span class='ocrx_word' id='word_1_99' title='bbox 1420 1535 1565 1589; x_wconf 89' lang='lat' dir='ltr'><strong>trina</strong></span> <span class='ocrx_word' id='word_1_100' title='bbox 1634 1540 1999 1594; x_wconf 88' lang='lat' dir='ltr'><strong>coronationo</strong></span> 
     </span>
    </p>
   </div>
   <div class='ocr_carea' id='block_1_17' title="bbox 423 1618 1999 1691">
    <p class='ocr_par' dir='ltr' id='par_1_17' title="bbox 423 1618 1999 1691">
     <span class='ocr_line' id='line_1_17' title="bbox 423 1618 1999 1691; baseline 0.008 -23"><span class='ocrx_word' id='word_1_101' title='bbox 423 1618 705 1680; x_wconf 78' lang='lat' dir='ltr'><strong>sancitur;</strong></span> <span class='ocrx_word' id='word_1_102' title='bbox 746 1628 914 1688; x_wconf 91' lang='lat' dir='ltr'><strong>atque</strong></span> <span class='ocrx_word' id='word_1_103' title='bbox 961 1619 1035 1673; x_wconf 88' lang='lat' dir='ltr'><strong>ita</strong></span> <span class='ocrx_word' id='word_1_104' title='bbox 1082 1621 1319 1691; x_wconf 73' lang='lat' dir='ltr'><strong>legitime</strong></span> <span class='ocrx_word' id='word_1_105' title='bbox 1357 1639 1459 1679; x_wconf 89' lang='lat' dir='ltr'><strong>ceu</strong></span> <span class='ocrx_word' id='word_1_106' title='bbox 1503 1624 1597 1679; x_wconf 86' lang='lat' dir='ltr'><strong>Dei</strong></span> <span class='ocrx_word' id='word_1_107' title='bbox 1629 1642 1791 1679; x_wconf 90' lang='lat' dir='ltr'><strong>manu</strong></span> <span class='ocrx_word' id='word_1_108' title='bbox 1821 1628 1876 1681; x_wconf 90' lang='lat' dir='ltr'><strong>in</strong></span> <span class='ocrx_word' id='word_1_109' title='bbox 1903 1645 1999 1683; x_wconf 90' lang='lat' dir='ltr'><strong>so-</strong></span> 
     </span>
    </p>
   </div>
   <div class='ocr_carea' id='block_1_18' title="bbox 421 1708 2002 1784">
    <p class='ocr_par' dir='ltr' id='par_1_18' title="bbox 421 1708 2002 1784">
     <span class='ocr_line' id='line_1_18' title="bbox 421 1708 2002 1784; baseline 0.009 -23"><span class='ocrx_word' id='word_1_110' title='bbox 421 1708 495 1761; x_wconf 90' lang='lat' dir='ltr'><strong>lio</strong></span> <span class='ocrx_word' id='word_1_111' title='bbox 520 1710 844 1777; x_wconf 85' lang='lat' dir='ltr'><strong>rollocatus,</strong></span> <span class='ocrx_word' id='word_1_112' title='bbox 879 1722 939 1767; x_wconf 88' lang='lat' dir='ltr'><strong>ut</strong></span> <span class='ocrx_word' id='word_1_113' title='bbox 964 1730 1208 1784; x_wconf 61' lang='lat' dir='ltr'><strong>presens</strong></span> <span class='ocrx_word' id='word_1_114' title='bbox 1270 1717 1326 1771; x_wconf 87' lang='lat' dir='ltr'><strong>in</strong></span> <span class='ocrx_word' id='word_1_115' title='bbox 1355 1718 1520 1773; x_wconf 85' lang='lat' dir='ltr'><strong>terris</strong></span> <span class='ocrx_word' id='word_1_116' title='bbox 1549 1718 1763 1773; x_wconf 79' lang='lat' dir='ltr'><strong>Numen</strong></span> <span class='ocrx_word' id='word_1_117' title='bbox 1799 1721 2002 1776; x_wconf 88' lang='lat' dir='ltr'><strong>colitur</strong></span> 
     </span>
    </p>
   </div>
   <div class='ocr_carea' id='block_1_19' title="bbox 424 1805 1997 1882">
    <p class='ocr_par' dir='ltr' id='par_1_19' title="bbox 424 1805 1997 1882">
     <span class='ocr_line' id='line_1_19' title="bbox 424 1805 1997 1882; baseline 0.009 -26"><span class='ocrx_word' id='word_1_118' title='bbox 424 1805 631 1873; x_wconf 85' lang='lat' dir='ltr'><strong>pariter</strong></span> <span class='ocrx_word' id='word_1_119' title='bbox 688 1818 745 1864; x_wconf 87' lang='lat' dir='ltr'><strong>et</strong></span> <span class='ocrx_word' id='word_1_120' title='bbox 771 1808 1018 1864; x_wconf 87' lang='lat' dir='ltr'><strong>timetur.</strong></span> <span class='ocrx_word' id='word_1_121' title='bbox 1048 1807 1181 1864; x_wconf 83' lang='lat' dir='ltr'><strong>Jure</strong></span> <span class='ocrx_word' id='word_1_122' title='bbox 1208 1810 1378 1882; x_wconf 75' lang='lat' dir='ltr'><strong>igitur</strong></span> <span class='ocrx_word' id='word_1_123' title='bbox 1420 1811 1522 1867; x_wconf 88' lang='lat' dir='ltr'><strong>hoc</strong></span> <span class='ocrx_word' id='word_1_124' title='bbox 1547 1813 1857 1868; x_wconf 65' lang='lat' dir='ltr'><strong>Germania:</strong></span> <span class='ocrx_word' id='word_1_125' title='bbox 1887 1814 1997 1870; x_wconf 73' lang='lat' dir='ltr'><strong>Ro~</strong></span> 
     </span>
    </p>
   </div>
   <div class='ocr_carea' id='block_1_20' title="bbox 426 1898 1993 1972">
    <p class='ocr_par' dir='ltr' id='par_1_20' title="bbox 426 1898 1993 1972">
     <span class='ocr_line' id='line_1_20' title="bbox 426 1898 1993 1972; baseline 0.01 -24"><span class='ocrx_word' id='word_1_126' title='bbox 426 1913 653 1953; x_wconf 79' lang='lat' dir='ltr'><strong>manum</strong></span> <span class='ocrx_word' id='word_1_127' title='bbox 672 1898 983 1967; x_wconf 86' lang='lat' dir='ltr'><strong>imperium,</strong></span> <span class='ocrx_word' id='word_1_128' title='bbox 1035 1911 1114 1955; x_wconf 88' lang='lat' dir='ltr'><strong>tot</strong></span> <span class='ocrx_word' id='word_1_129' title='bbox 1145 1902 1415 1958; x_wconf 73' lang='lat' dir='ltr'><strong>hactenus</strong></span> <span class='ocrx_word' id='word_1_130' title='bbox 1445 1906 1808 1972; x_wconf 75' lang='lat' dir='ltr'><strong>sapientibus.</strong></span> <span class='ocrx_word' id='word_1_131' title='bbox 1840 1907 1993 1963; x_wconf 76' lang='lat' dir='ltr'><strong>forti-</strong></span> 
     </span>
    </p>
   </div>
   <div class='ocr_carea' id='block_1_21' title="bbox 422 1991 1999 2064">
    <p class='ocr_par' dir='ltr' id='par_1_21' title="bbox 422 1991 1999 2064">
     <span class='ocr_line' id='line_1_21' title="bbox 422 1991 1999 2064; baseline 0.008 -25"><span class='ocrx_word' id='word_1_132' title='bbox 422 1991 545 2053; x_wconf 88' lang='lat' dir='ltr'><strong>hus,</strong></span> <span class='ocrx_word' id='word_1_133' title='bbox 582 1992 883 2046; x_wconf 81' lang='lat' dir='ltr'><strong>moderatis</strong></span> <span class='ocrx_word' id='word_1_134' title='bbox 925 1992 1266 2063; x_wconf 82' lang='lat' dir='ltr'><strong>principibus</strong></span> <span class='ocrx_word' id='word_1_135' title='bbox 1295 1997 1686 2064; x_wconf 73' lang='lat' dir='ltr'><strong>gubernatum,</strong></span> <span class='ocrx_word' id='word_1_136' title='bbox 1730 2015 1840 2054; x_wconf 89' lang='lat' dir='ltr'><strong>non</strong></span> <span class='ocrx_word' id='word_1_137' title='bbox 1871 2012 1999 2054; x_wconf 76' lang='lat' dir='ltr'><strong>tan-</strong></span> 
     </span>
    </p>
   </div>
   <div class='ocr_carea' id='block_1_22' title="bbox 418 2082 1993 2164">
    <p class='ocr_par' dir='ltr' id='par_1_22' title="bbox 418 2082 1993 2164">
     <span class='ocr_line' id='line_1_22' title="bbox 418 2082 1993 2164; baseline 0.01 -32"><span class='ocrx_word' id='word_1_138' title='bbox 418 2094 533 2135; x_wconf 88' lang='lat' dir='ltr'><strong>tum</strong></span> <span class='ocrx_word' id='word_1_139' title='bbox 563 2082 863 2153; x_wconf 75' lang='lat' dir='ltr'><strong>legitimum</strong></span> <span class='ocrx_word' id='word_1_140' title='bbox 896 2097 951 2141; x_wconf 86' lang='lat' dir='ltr'><strong>et</strong></span> <span class='ocrx_word' id='word_1_141' title='bbox 961 2088 1200 2155; x_wconf 83' lang='lat' dir='ltr'><strong>justum,</strong></span> <span class='ocrx_word' id='word_1_142' title='bbox 1236 2089 1332 2143; x_wconf 88' lang='lat' dir='ltr'><strong>sed</strong></span> <span class='ocrx_word' id='word_1_143' title='bbox 1363 2103 1487 2144; x_wconf 83' lang='lat' dir='ltr'><strong>vere</strong></span> <span class='ocrx_word' id='word_1_144' title='bbox 1541 2092 1709 2161; x_wconf 87' lang='lat' dir='ltr'><strong>(quod</strong></span> <span class='ocrx_word' id='word_1_145' title='bbox 1740 2094 1993 2164; x_wconf 84' lang='lat' dir='ltr'><strong>vocatur)</strong></span> 
     </span>
    </p>
   </div>
   <div class='ocr_carea' id='block_1_23' title="bbox 417 2178 1995 2255">
    <p class='ocr_par' dir='ltr' id='par_1_23' title="bbox 417 2178 1995 2255">
     <span class='ocr_line' id='line_1_23' title="bbox 417 2178 1995 2255; baseline 0.008 -28"><span class='ocrx_word' id='word_1_146' title='bbox 417 2185 857 2241; x_wconf 79' lang='lat' dir='ltr'><strong>sacrosanctum,</strong></span> <span class='ocrx_word' id='word_1_147' title='bbox 904 2178 1133 2248; x_wconf 87' lang='lat' dir='ltr'><strong>ideoque</strong></span> <span class='ocrx_word' id='word_1_148' title='bbox 1160 2178 1270 2234; x_wconf 85' lang='lat' dir='ltr'><strong>Deo</strong></span> <span class='ocrx_word' id='word_1_149' title='bbox 1317 2181 1623 2236; x_wconf 79' lang='lat' dir='ltr'><strong>charuinet</strong></span> <span class='ocrx_word' id='word_1_150' title='bbox 1654 2182 1995 2255; x_wconf 60' lang='grc' dir='ltr'><strong>θεοφρούρη·</strong></span> 
     </span>
    </p>
   </div>
   <div class='ocr_carea' id='block_1_24' title="bbox 415 2271 1998 2347">
    <p class='ocr_par' dir='ltr' id='par_1_24' title="bbox 415 2271 1998 2347">
     <span class='ocr_line' id='line_1_24' title="bbox 415 2271 1998 2347; baseline 0.009 -29"><span class='ocrx_word' id='word_1_151' title='bbox 415 2283 508 2318; x_wconf 80' lang='grc' dir='ltr'><strong>τον</strong></span> <span class='ocrx_word' id='word_1_152' title='bbox 548 2280 805 2324; x_wconf 81' lang='lat' dir='ltr'><strong>censetur</strong></span> <span class='ocrx_word' id='word_1_153' title='bbox 834 2287 854 2327; x_wconf 87' lang='lat'><strong>:</strong></span> <span class='ocrx_word' id='word_1_154' title='bbox 884 2283 939 2326; x_wconf 88' lang='lat' dir='ltr'><strong>et</strong></span> <span class='ocrx_word' id='word_1_155' title='bbox 976 2273 1046 2325; x_wconf 93' lang='lat' dir='ltr'><strong>ab</strong></span> <span class='ocrx_word' id='word_1_156' title='bbox 1072 2274 1333 2327; x_wconf 85' lang='lat' dir='ltr'><strong>omnibus</strong></span> <span class='ocrx_word' id='word_1_157' title='bbox 1384 2271 1690 2330; x_wconf 80' lang='lat' dir='ltr'><strong>Christiani</strong></span> <span class='ocrx_word' id='word_1_158' title='bbox 1720 2278 1871 2332; x_wconf 80' lang='lat' dir='ltr'><strong>orbis</strong></span> <span class='ocrx_word' id='word_1_159' title='bbox 1903 2294 1998 2347; x_wconf 67' lang='grc' dir='ltr'><strong>μου</strong></span> 
     </span>
    </p>
   </div>
   <div class='ocr_carea' id='block_1_25' title="bbox 414 2359 1987 2435">
    <p class='ocr_par' dir='ltr' id='par_1_25' title="bbox 414 2359 1987 2435">
     <span class='ocr_line' id='line_1_25' title="bbox 414 2359 1987 2435; baseline 0.006 -23"><span class='ocrx_word' id='word_1_160' title='bbox 414 2359 560 2427; x_wconf 84' lang='lat' dir='ltr'><strong>polis</strong></span> <span class='ocrx_word' id='word_1_161' title='bbox 587 2362 922 2435; x_wconf 64' lang='lat' dir='ltr'><strong>regibusque</strong></span> <span class='ocrx_word' id='word_1_162' title='bbox 954 2363 1084 2418; x_wconf 91' lang='lat' dir='ltr'><strong>hinc</strong></span> <span class='ocrx_word' id='word_1_163' title='bbox 1116 2380 1223 2419; x_wconf 88' lang='lat' dir='ltr'><strong>non</strong></span> <span class='ocrx_word' id='word_1_164' title='bbox 1244 2365 1516 2433; x_wconf 76' lang='lat' dir='ltr'><strong>gravatim</strong></span> <span class='ocrx_word' id='word_1_165' title='bbox 1549 2366 1727 2421; x_wconf 77' lang='lat' dir='ltr'><strong>fasces</strong></span> <span class='ocrx_word' id='word_1_166' title='bbox 1756 2369 1987 2423; x_wconf 82' lang='lat' dir='ltr'><strong>submit-</strong></span> 
     </span>
    </p>
   </div>
   <div class='ocr_carea' id='block_1_26' title="bbox 414 2452 1992 2525">
    <p class='ocr_par' dir='ltr' id='par_1_26' title="bbox 414 2452 1992 2525">
     <span class='ocr_line' id='line_1_26' title="bbox 414 2452 1992 2525; baseline 0.007 -24"><span class='ocrx_word' id='word_1_167' title='bbox 414 2452 660 2507; x_wconf 77' lang='lat' dir='ltr'><strong>rentibus</strong></span> <span class='ocrx_word' id='word_1_168' title='bbox 692 2455 1034 2513; x_wconf 84' lang='lat' dir='ltr'><strong>honoratur:</strong></span> <span class='ocrx_word' id='word_1_169' title='bbox 1072 2456 1282 2525; x_wconf 85' lang='lat' dir='ltr'><strong>talique</strong></span> <span class='ocrx_word' id='word_1_170' title='bbox 1316 2462 1383 2509; x_wconf 80' lang='lat' dir='ltr'><strong>ad</strong></span> <span class='ocrx_word' id='word_1_171' title='bbox 1421 2456 1584 2512; x_wconf 80' lang='lat' dir='ltr'><strong>ﬁnem</strong></span> <span class='ocrx_word' id='word_1_172' title='bbox 1606 2459 1795 2512; x_wconf 80' lang='lat' dir='ltr'><strong>mundi</strong></span> <span class='ocrx_word' id='word_1_173' title='bbox 1827 2462 1992 2512; x_wconf 80' lang='lat' dir='ltr'><strong>dura-</strong></span> 
     </span>
    </p>
   </div>
   <div class='ocr_carea' id='block_1_27' title="bbox 2099 541 3678 616">
    <p class='ocr_par' dir='ltr' id='par_1_27' title="bbox 2099 541 3678 616">
     <span class='ocr_line' id='line_1_27' title="bbox 2099 541 3678 616; baseline 0.004 -21"><span class='ocrx_word' id='word_1_174' title='bbox 2099 541 2317 605; x_wconf 85' lang='lat' dir='ltr'><strong>Gothis.</strong></span> <span class='ocrx_word' id='word_1_175' title='bbox 2353 546 2621 610; x_wconf 69' lang='lat' dir='ltr'><strong>Bnlgaris.</strong></span> <span class='ocrx_word' id='word_1_176' title='bbox 2665 545 2903 609; x_wconf 80' lang='lat' dir='ltr'><strong>Vlnchis,</strong></span> <span class='ocrx_word' id='word_1_177' title='bbox 2972 547 3159 616; x_wconf 75' lang='lat' dir='ltr'><strong>Mysis.</strong></span> <span class='ocrx_word' id='word_1_178' title='bbox 3202 547 3436 613; x_wconf 77' lang='lat' dir='ltr'><strong>Hntmis,</strong></span> <span class='ocrx_word' id='word_1_179' title='bbox 3479 551 3678 604; x_wconf 78' lang='lat' dir='ltr'><strong>Avari-</strong></span> 
     </span>
    </p>
   </div>
   <div class='ocr_carea' id='block_1_28' title="bbox 2102 635 3674 707">
    <p class='ocr_par' dir='ltr' id='par_1_28' title="bbox 2102 635 3674 707">
     <span class='ocr_line' id='line_1_28' title="bbox 2102 635 3674 707; baseline 0.003 -18"><span class='ocrx_word' id='word_1_180' title='bbox 2102 635 2230 697; x_wconf 87' lang='lat' dir='ltr'><strong>bus.</strong></span> <span class='ocrx_word' id='word_1_181' title='bbox 2291 635 2518 700; x_wconf 72' lang='lat' dir='ltr'><strong>Serviis,</strong></span> <span class='ocrx_word' id='word_1_182' title='bbox 2586 637 2873 702; x_wconf 77' lang='lat' dir='ltr'><strong>Triballis,</strong></span> <span class='ocrx_word' id='word_1_183' title='bbox 2908 640 3235 705; x_wconf 79' lang='lat' dir='ltr'><strong>l‘atzinacis,</strong></span> <span class='ocrx_word' id='word_1_184' title='bbox 3266 639 3482 707; x_wconf 76' lang='lat' dir='ltr'><strong>Bessis,</strong></span> <span class='ocrx_word' id='word_1_185' title='bbox 3512 641 3674 706; x_wconf 86' lang='lat' dir='ltr'><strong>Uris;</strong></span> 
     </span>
    </p>
   </div>
   <div class='ocr_carea' id='block_1_29' title="bbox 2100 725 3677 802">
    <p class='ocr_par' dir='ltr' id='par_1_29' title="bbox 2100 725 3677 802">
     <span class='ocr_line' id='line_1_29' title="bbox 2100 725 3677 802; baseline 0.005 -22"><span class='ocrx_word' id='word_1_186' title='bbox 2100 728 2171 781; x_wconf 85' lang='lat' dir='ltr'><strong>ab</strong></span> <span class='ocrx_word' id='word_1_187' title='bbox 2191 725 2413 783; x_wconf 78' lang='lat' dir='ltr'><strong>Oriente</strong></span> <span class='ocrx_word' id='word_1_188' title='bbox 2467 745 2596 784; x_wconf 84' lang='lat' dir='ltr'><strong>vero</strong></span> <span class='ocrx_word' id='word_1_189' title='bbox 2623 728 2827 796; x_wconf 81' lang='lat' dir='ltr'><strong>Persis,</strong></span> <span class='ocrx_word' id='word_1_190' title='bbox 2855 732 3103 802; x_wconf 73' lang='lat' dir='ltr'><strong>Abasgis,</strong></span> <span class='ocrx_word' id='word_1_191' title='bbox 3136 733 3330 798; x_wconf 86' lang='lat' dir='ltr'><strong>lberis,</strong></span> <span class='ocrx_word' id='word_1_192' title='bbox 3382 733 3677 798; x_wconf 82' lang='lat' dir='ltr'><strong>Arabibus,</strong></span> 
     </span>
    </p>
   </div>
   <div class='ocr_carea' id='block_1_30' title="bbox 2100 818 3676 881">
    <p class='ocr_par' dir='ltr' id='par_1_30' title="bbox 2100 818 3676 881">
     <span class='ocr_line' id='line_1_30' title="bbox 2100 818 3676 881; baseline 0.005 -10"><span class='ocrx_word' id='word_1_193' title='bbox 2100 818 2411 881; x_wconf 81' lang='lat' dir='ltr'><strong>Armeniis.</strong></span> <span class='ocrx_word' id='word_1_194' title='bbox 2452 822 2672 877; x_wconf 85' lang='lat' dir='ltr'><strong>tandem</strong></span> <span class='ocrx_word' id='word_1_195' title='bbox 2732 822 2927 878; x_wconf 84' lang='lat' dir='ltr'><strong>Turcis</strong></span> <span class='ocrx_word' id='word_1_196' title='bbox 2964 835 3020 877; x_wconf 80' lang='lat' dir='ltr'><strong>et</strong></span> <span class='ocrx_word' id='word_1_197' title='bbox 3073 823 3370 881; x_wconf 81' lang='lat' dir='ltr'><strong>Saracenis</strong></span> <span class='ocrx_word' id='word_1_198' title='bbox 3428 826 3676 881; x_wconf 79' lang='lat' dir='ltr'><strong>utnnium</strong></span> 
     </span>
    </p>
   </div>
   <div class='ocr_carea' id='block_1_31' title="bbox 2101 913 3677 984">
    <p class='ocr_par' dir='ltr' id='par_1_31' title="bbox 2101 913 3677 984">
     <span class='ocr_line' id='line_1_31' title="bbox 2101 913 3677 984; baseline 0.003 -19"><span class='ocrx_word' id='word_1_199' title='bbox 2101 913 2411 973; x_wconf 85' lang='lat' dir='ltr'><strong>acerrimis.</strong></span> <span class='ocrx_word' id='word_1_200' title='bbox 2459 924 2719 982; x_wconf 88' lang='lat' dir='ltr'><strong>tanquam</strong></span> <span class='ocrx_word' id='word_1_201' title='bbox 2769 915 2971 982; x_wconf 79' lang='lat' dir='ltr'><strong>rapitis</strong></span> <span class='ocrx_word' id='word_1_202' title='bbox 3036 930 3163 969; x_wconf 85' lang='lat' dir='ltr'><strong>reus</strong></span> <span class='ocrx_word' id='word_1_203' title='bbox 3191 916 3388 971; x_wconf 86' lang='lat' dir='ltr'><strong>bestiis</strong></span> <span class='ocrx_word' id='word_1_204' title='bbox 3419 917 3677 984; x_wconf 76' lang='lat' dir='ltr'><strong>obiectus</strong></span> 
     </span>
    </p>
   </div>
   <div class='ocr_carea' id='block_1_32' title="bbox 2100 1003 3678 1078">
    <p class='ocr_par' dir='ltr' id='par_1_32' title="bbox 2100 1003 3678 1078">
     <span class='ocr_line' id='line_1_32' title="bbox 2100 1003 3678 1078; baseline 0.002 -21"><span class='ocrx_word' id='word_1_205' title='bbox 2100 1003 2195 1057; x_wconf 91' lang='lat' dir='ltr'><strong>diu</strong></span> <span class='ocrx_word' id='word_1_206' title='bbox 2233 1004 2384 1058; x_wconf 80' lang='lat' dir='ltr'><strong>varia</strong></span> <span class='ocrx_word' id='word_1_207' title='bbox 2419 1004 2849 1060; x_wconf 73' lang='lat' dir='ltr'><strong>fortunafuisset</strong></span> <span class='ocrx_word' id='word_1_208' title='bbox 2901 1005 3304 1073; x_wconf 81' lang='lat' dir='ltr'><strong>conﬂictatum;</strong></span> <span class='ocrx_word' id='word_1_209' title='bbox 3354 1010 3678 1078; x_wconf 76' lang='lat' dir='ltr'><strong>plerumque</strong></span> 
     </span>
    </p>
   </div>
   <div class='ocr_carea' id='block_1_33' title="bbox 2100 1101 3676 1164">
    <p class='ocr_par' dir='ltr' id='par_1_33' title="bbox 2100 1101 3676 1164">
     <span class='ocr_line' id='line_1_33' title="bbox 2100 1101 3676 1164; baseline 0.006 -16"><span class='ocrx_word' id='word_1_210' title='bbox 2100 1112 2233 1149; x_wconf 79' lang='lat' dir='ltr'><strong>vero</strong></span> <span class='ocrx_word' id='word_1_211' title='bbox 2254 1108 2347 1149; x_wconf 84' lang='lat' dir='ltr'><strong>aut</strong></span> <span class='ocrx_word' id='word_1_212' title='bbox 2366 1113 2558 1164; x_wconf 81' lang='lat' dir='ltr'><strong>magna</strong></span> <span class='ocrx_word' id='word_1_213' title='bbox 2581 1110 2763 1164; x_wconf 76' lang='lat' dir='ltr'><strong>strage</strong></span> <span class='ocrx_word' id='word_1_214' title='bbox 2780 1109 3143 1163; x_wconf 75' lang='lat' dir='ltr'><strong>attenuatum,</strong></span> <span class='ocrx_word' id='word_1_215' title='bbox 3158 1109 3253 1153; x_wconf 85' lang='lat' dir='ltr'><strong>aut</strong></span> <span class='ocrx_word' id='word_1_216' title='bbox 3272 1101 3337 1155; x_wconf 90' lang='lat' dir='ltr'><strong>ad</strong></span> <span class='ocrx_word' id='word_1_217' title='bbox 3354 1102 3676 1157; x_wconf 84' lang='lat' dir='ltr'><strong>durissimas</strong></span> 
     </span>
    </p>
   </div>
   <div class='ocr_carea' id='block_1_34' title="bbox 2100 1189 3675 1257">
    <p class='ocr_par' dir='ltr' id='par_1_34' title="bbox 2100 1189 3675 1257">
     <span class='ocr_line' id='line_1_34' title="bbox 2100 1189 3675 1257; baseline 0.003 -16"><span class='ocrx_word' id='word_1_218' title='bbox 2100 1189 2441 1257; x_wconf 79' lang='lat' dir='ltr'><strong>dopendendi</strong></span> <span class='ocrx_word' id='word_1_219' title='bbox 2463 1191 2650 1245; x_wconf 87' lang='lat' dir='ltr'><strong>tributi</strong></span> <span class='ocrx_word' id='word_1_220' title='bbox 2667 1192 3015 1246; x_wconf 85' lang='lat' dir='ltr'><strong>conditiones</strong></span> <span class='ocrx_word' id='word_1_221' title='bbox 3028 1193 3278 1246; x_wconf 84' lang='lat' dir='ltr'><strong>adactum</strong></span> <span class='ocrx_word' id='word_1_222' title='bbox 3306 1209 3444 1247; x_wconf 90' lang='lat' dir='ltr'><strong>:non</strong></span> <span class='ocrx_word' id='word_1_223' title='bbox 3465 1202 3675 1247; x_wconf 86' lang='lat' dir='ltr'><strong>tantum</strong></span> 
     </span>
    </p>
   </div>
   <div class='ocr_carea' id='block_1_35' title="bbox 2104 1280 3675 1353">
    <p class='ocr_par' dir='ltr' id='par_1_35' title="bbox 2104 1280 3675 1353">
     <span class='ocr_line' id='line_1_35' title="bbox 2104 1280 3675 1353; baseline 0.002 -21"><span class='ocrx_word' id='word_1_224' title='bbox 2104 1280 2238 1333; x_wconf 74' lang='lat' dir='ltr'><strong>ﬁnes</strong></span> <span class='ocrx_word' id='word_1_225' title='bbox 2265 1280 2382 1333; x_wconf 88' lang='lat' dir='ltr'><strong>illos</strong></span> <span class='ocrx_word' id='word_1_226' title='bbox 2410 1280 2624 1348; x_wconf 85' lang='lat' dir='ltr'><strong>imperii</strong></span> <span class='ocrx_word' id='word_1_227' title='bbox 2644 1281 2775 1334; x_wconf 90' lang='lat' dir='ltr'><strong>olim</strong></span> <span class='ocrx_word' id='word_1_228' title='bbox 2806 1282 3061 1337; x_wconf 83' lang='lat' dir='ltr'><strong>latissimi</strong></span> <span class='ocrx_word' id='word_1_229' title='bbox 3084 1281 3388 1335; x_wconf 72' lang='lat' dir='ltr'><strong>exteriores</strong></span> <span class='ocrx_word' id='word_1_230' title='bbox 3417 1294 3675 1353; x_wconf 70' lang='lat' dir='ltr'><strong>perpetua</strong></span> 
     </span>
    </p>
   </div>
   <div class='ocr_carea' id='block_1_36' title="bbox 2105 1372 3677 1446">
    <p class='ocr_par' dir='ltr' id='par_1_36' title="bbox 2105 1372 3677 1446">
     <span class='ocr_line' id='line_1_36' title="bbox 2105 1372 3677 1446; baseline 0.004 -23"><span class='ocrx_word' id='word_1_231' title='bbox 2105 1372 2264 1441; x_wconf 88' lang='lat' dir='ltr'><strong>quasi</strong></span> <span class='ocrx_word' id='word_1_232' title='bbox 2299 1374 2576 1429; x_wconf 77' lang='lat' dir='ltr'><strong>alluvione</strong></span> <span class='ocrx_word' id='word_1_233' title='bbox 2614 1386 2874 1436; x_wconf 79' lang='lat' dir='ltr'><strong>arrosos,</strong></span> <span class='ocrx_word' id='word_1_234' title='bbox 2913 1375 3134 1429; x_wconf 85' lang='lat' dir='ltr'><strong>amissis</strong></span> <span class='ocrx_word' id='word_1_235' title='bbox 3182 1376 3419 1431; x_wconf 83' lang='lat' dir='ltr'><strong>subinde</strong></span> <span class='ocrx_word' id='word_1_236' title='bbox 3451 1378 3677 1446; x_wconf 86' lang='lat' dir='ltr'><strong>optimis</strong></span> 
     </span>
    </p>
   </div>
   <div class='ocr_carea' id='block_1_37' title="bbox 2100 1462 3677 1535">
    <p class='ocr_par' dir='ltr' id='par_1_37' title="bbox 2100 1462 3677 1535">
     <span class='ocr_line' id='line_1_37' title="bbox 2100 1462 3677 1535; baseline 0.004 -21"><span class='ocrx_word' id='word_1_237' title='bbox 2100 1462 2413 1533; x_wconf 85' lang='lat' dir='ltr'><strong>quibusque</strong></span> <span class='ocrx_word' id='word_1_238' title='bbox 2447 1466 2751 1534; x_wconf 72' lang='lat' dir='ltr'><strong>provinciis</strong></span> <span class='ocrx_word' id='word_1_239' title='bbox 2785 1466 2963 1535; x_wconf 65' lang='lat' dir='ltr'><strong>magis</strong></span> <span class='ocrx_word' id='word_1_240' title='bbox 2997 1464 3287 1535; x_wconf 77' lang='lat' dir='ltr'><strong>magisque</strong></span> <span class='ocrx_word' id='word_1_241' title='bbox 3342 1467 3677 1521; x_wconf 81' lang='lat' dir='ltr'><strong>contrahere</strong></span> 
     </span>
    </p>
   </div>
   <div class='ocr_carea' id='block_1_38' title="bbox 2102 1557 3677 1629">
    <p class='ocr_par' dir='ltr' id='par_1_38' title="bbox 2102 1557 3677 1629">
     <span class='ocr_line' id='line_1_38' title="bbox 2102 1557 3677 1629; baseline -0.001 -19"><span class='ocrx_word' id='word_1_242' title='bbox 2102 1572 2325 1611; x_wconf 78' lang='lat' dir='ltr'><strong>necesse</strong></span> <span class='ocrx_word' id='word_1_243' title='bbox 2364 1557 2574 1622; x_wconf 82' lang='lat' dir='ltr'><strong>habuit,</strong></span> <span class='ocrx_word' id='word_1_244' title='bbox 2618 1561 2714 1613; x_wconf 83' lang='lat' dir='ltr'><strong>sed</strong></span> <span class='ocrx_word' id='word_1_245' title='bbox 2743 1558 2826 1613; x_wconf 88' lang='lat' dir='ltr'><strong>vis</strong></span> <span class='ocrx_word' id='word_1_246' title='bbox 2862 1557 3087 1612; x_wconf 82' lang='lat' dir='ltr'><strong>tandem</strong></span> <span class='ocrx_word' id='word_1_247' title='bbox 3127 1560 3374 1629; x_wconf 89' lang='lat' dir='ltr'><strong>pomaria</strong></span> <span class='ocrx_word' id='word_1_248' title='bbox 3406 1574 3530 1621; x_wconf 88' lang='lat' dir='ltr'><strong>sua,</strong></span> <span class='ocrx_word' id='word_1_249' title='bbox 3567 1561 3677 1612; x_wconf 82' lang='lat' dir='ltr'><strong>ium</strong></span> 
     </span>
    </p>
   </div>
   <div class='ocr_carea' id='block_1_39' title="bbox 2101 1647 3678 1723">
    <p class='ocr_par' dir='ltr' id='par_1_39' title="bbox 2101 1647 3678 1723">
     <span class='ocr_line' id='line_1_39' title="bbox 2101 1647 3678 1723; baseline 0.001 -19"><span class='ocrx_word' id='word_1_250' title='bbox 2101 1651 2303 1706; x_wconf 67' lang='lat' dir='ltr'><strong>minoia</strong></span> <span class='ocrx_word' id='word_1_251' title='bbox 2337 1663 2635 1723; x_wconf 88' lang='lat' dir='ltr'><strong>portasque</strong></span> <span class='ocrx_word' id='word_1_252' title='bbox 2666 1652 2833 1706; x_wconf 85' lang='lat' dir='ltr'><strong>tutari</strong></span> <span class='ocrx_word' id='word_1_253' title='bbox 2861 1652 3059 1721; x_wconf 84' lang='lat' dir='ltr'><strong>potuit.</strong></span> <span class='ocrx_word' id='word_1_254' title='bbox 3092 1647 3280 1721; x_wconf 82' lang='lat' dir='ltr'><strong>Itaque</strong></span> <span class='ocrx_word' id='word_1_255' title='bbox 3305 1668 3433 1705; x_wconf 86' lang='lat' dir='ltr'><strong>cum</strong></span> <span class='ocrx_word' id='word_1_256' title='bbox 3464 1652 3678 1721; x_wconf 85' lang='lat' dir='ltr'><strong>aliquot</strong></span> 
     </span>
    </p>
   </div>
   <div class='ocr_carea' id='block_1_40' title="bbox 2102 1743 3679 1812">
    <p class='ocr_par' dir='ltr' id='par_1_40' title="bbox 2102 1743 3679 1812">
     <span class='ocr_line' id='line_1_40' title="bbox 2102 1743 3679 1812; baseline -0.002 -14"><span class='ocrx_word' id='word_1_257' title='bbox 2102 1744 2419 1799; x_wconf 77' lang='lat' dir='ltr'><strong>obsidiones</strong></span> <span class='ocrx_word' id='word_1_258' title='bbox 2441 1743 2979 1812; x_wconf 77' lang='lat' dir='ltr'><strong>Constantinopoiis,</strong></span> <span class='ocrx_word' id='word_1_259' title='bbox 3022 1743 3093 1799; x_wconf 77' lang='lat' dir='ltr'><strong>ab</strong></span> <span class='ocrx_word' id='word_1_260' title='bbox 3122 1744 3414 1807; x_wconf 74' lang='lat' dir='ltr'><strong>Avaribus,</strong></span> <span class='ocrx_word' id='word_1_261' title='bbox 3449 1744 3679 1796; x_wconf 74' lang='lat' dir='ltr'><strong>Sarace-</strong></span> 
     </span>
    </p>
   </div>
   <div class='ocr_carea' id='block_1_41' title="bbox 2102 1833 3675 1905">
    <p class='ocr_par' dir='ltr' id='par_1_41' title="bbox 2102 1833 3675 1905">
     <span class='ocr_line' id='line_1_41' title="bbox 2102 1833 3675 1905; baseline 0.002 -19"><span class='ocrx_word' id='word_1_262' title='bbox 2102 1836 2179 1898; x_wconf 79' lang='lat' dir='ltr'><strong>ni,</strong></span> <span class='ocrx_word' id='word_1_263' title='bbox 2217 1833 2628 1893; x_wconf 76' lang='lat' dir='ltr'><strong>Genuensibus.</strong></span> <span class='ocrx_word' id='word_1_264' title='bbox 2702 1846 2870 1905; x_wconf 76' lang='lat' dir='ltr'><strong>atque</strong></span> <span class='ocrx_word' id='word_1_265' title='bbox 2912 1836 3081 1891; x_wconf 85' lang='lat' dir='ltr'><strong>etiam</strong></span> <span class='ocrx_word' id='word_1_266' title='bbox 3125 1840 3181 1889; x_wconf 86' lang='lat' dir='ltr'><strong>in</strong></span> <span class='ocrx_word' id='word_1_267' title='bbox 3228 1836 3484 1891; x_wconf 85' lang='lat' dir='ltr'><strong>civilibus</strong></span> <span class='ocrx_word' id='word_1_268' title='bbox 3516 1835 3675 1889; x_wconf 87' lang='lat' dir='ltr'><strong>bellis</strong></span> 
     </span>
    </p>
   </div>
   <div class='ocr_carea' id='block_1_42' title="bbox 2098 1928 3679 2000">
    <p class='ocr_par' dir='ltr' id='par_1_42' title="bbox 2098 1928 3679 2000">
     <span class='ocr_line' id='line_1_42' title="bbox 2098 1928 3679 2000; baseline 0.001 -19"><span class='ocrx_word' id='word_1_269' title='bbox 2098 1941 2281 1997; x_wconf 85' lang='lat' dir='ltr'><strong>passa.</strong></span> <span class='ocrx_word' id='word_1_270' title='bbox 2308 1928 2463 1997; x_wconf 82' lang='lat' dir='ltr'><strong>justo</strong></span> <span class='ocrx_word' id='word_1_271' title='bbox 2494 1929 2796 1997; x_wconf 73' lang='lat' dir='ltr'><strong>prenitendi</strong></span> <span class='ocrx_word' id='word_1_272' title='bbox 2832 1938 3079 2000; x_wconf 87' lang='lat' dir='ltr'><strong>tempore</strong></span> <span class='ocrx_word' id='word_1_273' title='bbox 3107 1931 3295 2000; x_wconf 86' lang='lat' dir='ltr'><strong>elapso</strong></span> <span class='ocrx_word' id='word_1_274' title='bbox 3332 1929 3508 1984; x_wconf 89' lang='lat' dir='ltr'><strong>nihilo</strong></span> <span class='ocrx_word' id='word_1_275' title='bbox 3539 1928 3679 1983; x_wconf 84' lang='lat' dir='ltr'><strong>intr-</strong></span> 
     </span>
    </p>
   </div>
   <div class='ocr_carea' id='block_1_43' title="bbox 2098 2019 3679 2091">
    <p class='ocr_par' dir='ltr' id='par_1_43' title="bbox 2098 2019 3679 2091">
     <span class='ocr_line' id='line_1_43' title="bbox 2098 2019 3679 2091; baseline 0.001 -16"><span class='ocrx_word' id='word_1_276' title='bbox 2098 2020 2201 2075; x_wconf 89' lang='lat' dir='ltr'><strong>rim</strong></span> <span class='ocrx_word' id='word_1_277' title='bbox 2227 2022 2482 2076; x_wconf 74' lang='lat' dir='ltr'><strong>evaderet</strong></span> <span class='ocrx_word' id='word_1_278' title='bbox 2517 2022 2710 2076; x_wconf 71' lang='lat' dir='ltr'><strong>melior</strong></span> <span class='ocrx_word' id='word_1_279' title='bbox 2733 2041 2747 2088; x_wconf 87' lang='lat'><strong>;</strong></span> <span class='ocrx_word' id='word_1_280' title='bbox 2774 2019 2875 2076; x_wconf 77' lang='lat' dir='ltr'><strong>sed</strong></span> <span class='ocrx_word' id='word_1_281' title='bbox 2894 2022 3059 2075; x_wconf 62' lang='lat' dir='ltr'><strong>Veturi</strong></span> <span class='ocrx_word' id='word_1_282' title='bbox 3081 2022 3322 2091; x_wconf 77' lang='lat' dir='ltr'><strong>obligato</strong></span> <span class='ocrx_word' id='word_1_283' title='bbox 3355 2022 3460 2077; x_wconf 84' lang='lat' dir='ltr'><strong>sibi</strong></span> <span class='ocrx_word' id='word_1_284' title='bbox 3488 2022 3679 2076; x_wconf 82' lang='lat' dir='ltr'><strong>divino</strong></span> 
     </span>
    </p>
   </div>
   <div class='ocr_carea' id='block_1_44' title="bbox 2097 2110 3673 2186">
    <p class='ocr_par' dir='ltr' id='par_1_44' title="bbox 2097 2110 3673 2186">
     <span class='ocr_line' id='line_1_44' title="bbox 2097 2110 3673 2186; baseline 0.001 -19"><span class='ocrx_word' id='word_1_285' title='bbox 2097 2114 2311 2168; x_wconf 74' lang='lat' dir='ltr'><strong>auxilio</strong></span> <span class='ocrx_word' id='word_1_286' title='bbox 2374 2114 2751 2169; x_wconf 75' lang='lat' dir='ltr'><strong>inrincihilem</strong></span> <span class='ocrx_word' id='word_1_287' title='bbox 2781 2128 2841 2169; x_wconf 82' lang='lat' dir='ltr'><strong>se</strong></span> <span class='ocrx_word' id='word_1_288' title='bbox 2865 2120 2925 2169; x_wconf 87' lang='lat' dir='ltr'><strong>et</strong></span> <span class='ocrx_word' id='word_1_289' title='bbox 2951 2110 3361 2186; x_wconf 68' lang='lat' dir='ltr'><strong>Ororppodpqsov</strong></span> <span class='ocrx_word' id='word_1_290' title='bbox 3392 2113 3673 2183; x_wconf 81' lang='lat' dir='ltr'><strong>jactaret;</strong></span> 
     </span>
    </p>
   </div>
   <div class='ocr_carea' id='block_1_45' title="bbox 2096 2202 3672 2275">
    <p class='ocr_par' dir='ltr' id='par_1_45' title="bbox 2096 2202 3672 2275">
     <span class='ocr_line' id='line_1_45' title="bbox 2096 2202 3672 2275; baseline -0.002 -14"><span class='ocrx_word' id='word_1_291' title='bbox 2096 2205 2320 2261; x_wconf 81' lang='lat' dir='ltr'><strong>tandem</strong></span> <span class='ocrx_word' id='word_1_292' title='bbox 2346 2219 2377 2260; x_wconf 84' lang='lat' dir='ltr'><strong>a</strong></span> <span class='ocrx_word' id='word_1_293' title='bbox 2410 2204 2521 2259; x_wconf 82' lang='lat' dir='ltr'><strong>Deo</strong></span> <span class='ocrx_word' id='word_1_294' title='bbox 2582 2205 2799 2260; x_wconf 82' lang='lat' dir='ltr'><strong>deserta</strong></span> <span class='ocrx_word' id='word_1_295' title='bbox 2852 2204 3026 2275; x_wconf 81' lang='lat' dir='ltr'><strong>(quod</strong></span> <span class='ocrx_word' id='word_1_296' title='bbox 3071 2206 3181 2259; x_wconf 83' lang='lat' dir='ltr'><strong>Leo</strong></span> <span class='ocrx_word' id='word_1_297' title='bbox 3219 2208 3352 2275; x_wconf 86' lang='lat' dir='ltr'><strong>imp.</strong></span> <span class='ocrx_word' id='word_1_298' title='bbox 3377 2202 3587 2259; x_wconf 86' lang='lat' dir='ltr'><strong>dudum</strong></span> <span class='ocrx_word' id='word_1_299' title='bbox 3618 2203 3672 2259; x_wconf 92' lang='lat' dir='ltr'><strong>in</strong></span> 
     </span>
    </p>
   </div>
   <div class='ocr_carea' id='block_1_46' title="bbox 2092 2296 3675 2367">
    <p class='ocr_par' dir='ltr' id='par_1_46' title="bbox 2092 2296 3675 2367">
     <span class='ocr_line' id='line_1_46' title="bbox 2092 2296 3675 2367; baseline -0.001 -18"><span class='ocrx_word' id='word_1_300' title='bbox 2092 2296 2337 2367; x_wconf 80' lang='lat' dir='ltr'><strong>quodam</strong></span> <span class='ocrx_word' id='word_1_301' title='bbox 2392 2296 2654 2349; x_wconf 72' lang='lat' dir='ltr'><strong>Vaticinio</strong></span> <span class='ocrx_word' id='word_1_302' title='bbox 2689 2297 3088 2366; x_wconf 64' lang='lat' dir='ltr'><strong>przesagierat),</strong></span> <span class='ocrx_word' id='word_1_303' title='bbox 3122 2306 3181 2351; x_wconf 91' lang='lat' dir='ltr'><strong>ut</strong></span> <span class='ocrx_word' id='word_1_304' title='bbox 3222 2313 3254 2351; x_wconf 89' lang='lat' dir='ltr'><strong>a</strong></span> <span class='ocrx_word' id='word_1_305' title='bbox 3305 2296 3675 2352; x_wconf 86' lang='lat' dir='ltr'><strong>Constantino</strong></span> 
     </span>
    </p>
   </div>
   <div class='ocr_carea' id='block_1_47' title="bbox 2094 2387 3679 2457">
    <p class='ocr_par' dir='ltr' id='par_1_47' title="bbox 2094 2387 3679 2457">
     <span class='ocr_line' id='line_1_47' title="bbox 2094 2387 3679 2457; baseline 0 -17"><span class='ocrx_word' id='word_1_306' title='bbox 2094 2388 2272 2457; x_wconf 89' lang='lat' dir='ltr'><strong>primo</strong></span> <span class='ocrx_word' id='word_1_307' title='bbox 2305 2387 2548 2449; x_wconf 88' lang='lat' dir='ltr'><strong>condita.</strong></span> <span class='ocrx_word' id='word_1_308' title='bbox 2584 2388 2659 2442; x_wconf 90' lang='lat' dir='ltr'><strong>ita</strong></span> <span class='ocrx_word' id='word_1_309' title='bbox 2714 2389 2786 2443; x_wconf 91' lang='lat' dir='ltr'><strong>ab</strong></span> <span class='ocrx_word' id='word_1_310' title='bbox 2822 2387 3019 2442; x_wconf 82' lang='lat' dir='ltr'><strong>ultimo</strong></span> <span class='ocrx_word' id='word_1_311' title='bbox 3053 2389 3279 2448; x_wconf 86' lang='lat' dir='ltr'><strong>amissa.</strong></span> <span class='ocrx_word' id='word_1_312' title='bbox 3344 2387 3679 2442; x_wconf 82' lang='lat' dir='ltr'><strong>immanissi-</strong></span> 
     </span>
    </p>
   </div>
   <div class='ocr_carea' id='block_1_48' title="bbox 2092 2478 3674 2549">
    <p class='ocr_par' dir='ltr' id='par_1_48' title="bbox 2092 2478 3674 2549">
     <span class='ocr_line' id='line_1_48' title="bbox 2092 2478 3674 2549; baseline -0.003 -15"><span class='ocrx_word' id='word_1_313' title='bbox 2092 2493 2197 2534; x_wconf 74' lang='lat' dir='ltr'><strong>ma:</strong></span> <span class='ocrx_word' id='word_1_314' title='bbox 2227 2479 2536 2535; x_wconf 85' lang='lat' dir='ltr'><strong>&#39;l&#39;urcarunt</strong></span> <span class='ocrx_word' id='word_1_315' title='bbox 2607 2480 2761 2547; x_wconf 66' lang='lat' dir='ltr'><strong>genti</strong></span> <span class='ocrx_word' id='word_1_316' title='bbox 2812 2481 3165 2549; x_wconf 85' lang='lat' dir='ltr'><strong>pertinaciter</strong></span> <span class='ocrx_word' id='word_1_317' title='bbox 3199 2478 3545 2533; x_wconf 86' lang='lat' dir='ltr'><strong>obsidionem</strong></span> <span class='ocrx_word' id='word_1_318' title='bbox 3579 2493 3674 2531; x_wconf 91' lang='lat' dir='ltr'><strong>ur-</strong></span> 
     </span>
    </p>
   </div>
   <div class='ocr_carea' id='block_1_49' title="bbox 414 2547 3675 2641">
    <p class='ocr_par' dir='ltr' id='par_1_49' title="bbox 414 2547 3675 2641">
     <span class='ocr_line' id='line_1_49' title="bbox 414 2547 3675 2641; baseline 0.006 -37"><span class='ocrx_word' id='word_1_319' title='bbox 414 2554 605 2641; x_wconf 54' lang='grc' dir='ltr'><strong>ἰηἰιφΔ</strong></span> <span class='ocrx_word' id='word_1_320' title='bbox 628 2547 1022 2641; x_wconf 68' lang='lat' dir='ltr'><strong>prophetarum</strong></span> <span class='ocrx_word' id='word_1_321' title='bbox 1058 2549 1303 2641; x_wconf 73' lang='lat' dir='ltr'><strong>oraculis</strong></span> <span class='ocrx_word' id='word_1_322' title='bbox 1356 2548 1793 2641; x_wconf 34' lang='lat' dir='ltr'><strong>creditur-rgum</strong></span> <span class='ocrx_word' id='word_1_323' title='bbox 1825 2553 1884 2605; x_wconf 79' lang='lat' dir='ltr'><strong>in</strong></span> <span class='ocrx_word' id='word_1_324' title='bbox 1909 2552 1989 2606; x_wconf 60' lang='grc' dir='ltr'><strong>αὖ·</strong></span> <span class='ocrx_word' id='word_1_325' title='bbox 2091 2572 2264 2640; x_wconf 73' lang='lat' dir='ltr'><strong>genti,</strong></span> <span class='ocrx_word' id='word_1_326' title='bbox 2295 2587 2576 2641; x_wconf 86' lang='lat' dir='ltr'><strong>nunquam</strong></span> <span class='ocrx_word' id='word_1_327' title='bbox 2626 2574 2763 2628; x_wconf 86' lang='lat' dir='ltr'><strong>satis</strong></span> <span class='ocrx_word' id='word_1_328' title='bbox 2802 2547 3144 2639; x_wconf 79' lang='lat' dir='ltr'><strong>deplorando</strong></span> <span class='ocrx_word' id='word_1_329' title='bbox 3170 2571 3329 2625; x_wconf 90' lang='lat' dir='ltr'><strong>orbis</strong></span> <span class='ocrx_word' id='word_1_330' title='bbox 3360 2566 3675 2623; x_wconf 82' lang='lat' dir='ltr'><strong>Christiani</strong></span> 
     </span>
    </p>
   </div>
   <div class='ocr_carea' id='block_1_50' title="bbox 415 2636 1999 2731">
    <p class='ocr_par' dir='ltr' id='par_1_50' title="bbox 415 2636 1997 2708">
     <span class='ocr_line' id='line_1_50' title="bbox 415 2636 1997 2708; baseline 0.005 -20"><span class='ocrx_word' id='word_1_331' title='bbox 415 2646 526 2690; x_wconf 86' lang='lat' dir='ltr'><strong>tera</strong></span> <span class='ocrx_word' id='word_1_332' title='bbox 553 2636 643 2692; x_wconf 87' lang='lat' dir='ltr'><strong>illa</strong></span> <span class='ocrx_word' id='word_1_333' title='bbox 677 2638 744 2694; x_wconf 84' lang='lat' dir='ltr'><strong>ad</strong></span> <span class='ocrx_word' id='word_1_334' title='bbox 807 2638 1077 2692; x_wconf 76' lang='lat' dir='ltr'><strong>Euxinum</strong></span> <span class='ocrx_word' id='word_1_335' title='bbox 1128 2638 1358 2693; x_wconf 86' lang='lat' dir='ltr'><strong>Pontum</strong></span> <span class='ocrx_word' id='word_1_336' title='bbox 1408 2638 1678 2708; x_wconf 86' lang='lat' dir='ltr'><strong>septicolli</strong></span> <span class='ocrx_word' id='word_1_337' title='bbox 1712 2637 1906 2704; x_wconf 82' lang='lat' dir='ltr'><strong>Roma,</strong></span> <span class='ocrx_word' id='word_1_338' title='bbox 1935 2650 1997 2696; x_wconf 83' lang='lat' dir='ltr'><strong>et-</strong></span> 
     </span>
    </p>
   </div>
   <div class='ocr_carea' id='block_1_51' title="bbox 2093 2636 3673 2731">
    <p class='ocr_par' dir='ltr' id='par_1_51' title="bbox 2093 2636 3673 2731">
     <span class='ocr_line' id='line_1_51' title="bbox 2093 2636 3673 2731; baseline -0.005 -13"><span class='ocrx_word' id='word_1_339' title='bbox 2093 2636 2295 2719; x_wconf 73' lang='lat' dir='ltr'><strong>damno</strong></span> <span class='ocrx_word' id='word_1_340' title='bbox 2319 2636 2629 2731; x_wconf 78' lang='lat' dir='ltr'><strong>concessit;</strong></span> <span class='ocrx_word' id='word_1_341' title='bbox 2654 2664 2821 2720; x_wconf 86' lang='lat' dir='ltr'><strong>nobis</strong></span> <span class='ocrx_word' id='word_1_342' title='bbox 2841 2636 3048 2717; x_wconf 83' lang='lat' dir='ltr'><strong>interea</strong></span> <span class='ocrx_word' id='word_1_343' title='bbox 3081 2656 3377 2717; x_wconf 73' lang='lat' dir='ltr'><strong>manifesto</strong></span> <span class='ocrx_word' id='word_1_344' title='bbox 3396 2660 3673 2726; x_wconf 74' lang='lat' dir='ltr'><strong>exemplo,</strong></span> 
     </span>
    </p>
   </div>
   <div class='ocr_carea' id='block_1_52' title="bbox 415 2729 1999 2827">
    <p class='ocr_par' dir='ltr' id='par_1_52' title="bbox 415 2729 1995 2801">
     <span class='ocr_line' id='line_1_52' title="bbox 415 2729 1995 2801; baseline 0.004 -20"><span class='ocrx_word' id='word_1_345' title='bbox 415 2729 801 2799; x_wconf 81' lang='lat' dir='ltr'><strong>imperitantes</strong></span> <span class='ocrx_word' id='word_1_346' title='bbox 834 2729 941 2800; x_wconf 87' lang='lat' dir='ltr'><strong>ipsi</strong></span> <span class='ocrx_word' id='word_1_347' title='bbox 971 2729 1253 2785; x_wconf 79' lang='lat' dir='ltr'><strong>Neronum</strong></span> <span class='ocrx_word' id='word_1_348' title='bbox 1286 2730 1472 2801; x_wconf 85' lang='lat' dir='ltr'><strong>putius</strong></span> <span class='ocrx_word' id='word_1_349' title='bbox 1519 2731 1995 2801; x_wconf 80' lang='lat' dir='ltr'><strong>Claudiorumque</strong></span> 
     </span>
    </p>
   </div>
   <div class='ocr_carea' id='block_1_53' title="bbox 2093 2729 3676 2827">
    <p class='ocr_par' dir='ltr' id='par_1_53' title="bbox 2093 2753 3676 2827">
     <span class='ocr_line' id='line_1_53' title="bbox 2093 2753 3676 2827; baseline -0.003 -16"><span class='ocrx_word' id='word_1_350' title='bbox 2093 2763 2154 2811; x_wconf 87' lang='lat' dir='ltr'><strong>ut</strong></span> <span class='ocrx_word' id='word_1_351' title='bbox 2175 2757 2308 2812; x_wconf 90' lang='lat' dir='ltr'><strong>dum</strong></span> <span class='ocrx_word' id='word_1_352' title='bbox 2337 2757 2395 2812; x_wconf 86' lang='lat' dir='ltr'><strong>in</strong></span> <span class='ocrx_word' id='word_1_353' title='bbox 2428 2757 2538 2815; x_wconf 85' lang='lat' dir='ltr'><strong>illis</strong></span> <span class='ocrx_word' id='word_1_354' title='bbox 2589 2770 2838 2813; x_wconf 85' lang='lat' dir='ltr'><strong>errorum</strong></span> <span class='ocrx_word' id='word_1_355' title='bbox 2894 2756 3465 2827; x_wconf 82' lang='lat' dir='ltr'><strong>superstitionumque</strong></span> <span class='ocrx_word' id='word_1_356' title='bbox 3495 2753 3676 2808; x_wconf 87' lang='lat' dir='ltr'><strong>collo-</strong></span> 
     </span>
    </p>
   </div>
   <div class='ocr_carea' id='block_1_54' title="bbox 421 2822 1999 2919">
    <p class='ocr_par' dir='ltr' id='par_1_54' title="bbox 421 2822 1988 2895">
     <span class='ocr_line' id='line_1_54' title="bbox 421 2822 1988 2895; baseline 0.003 -17"><span class='ocrx_word' id='word_1_357' title='bbox 421 2840 588 2893; x_wconf 84' lang='lat' dir='ltr'><strong>quam</strong></span> <span class='ocrx_word' id='word_1_358' title='bbox 614 2822 963 2879; x_wconf 82' lang='lat' dir='ltr'><strong>Constantini</strong></span> <span class='ocrx_word' id='word_1_359' title='bbox 990 2824 1175 2893; x_wconf 83' lang='lat' dir='ltr'><strong>(cujus</strong></span> <span class='ocrx_word' id='word_1_360' title='bbox 1201 2838 1404 2879; x_wconf 87' lang='lat' dir='ltr'><strong>nomen</strong></span> <span class='ocrx_word' id='word_1_361' title='bbox 1461 2823 1810 2895; x_wconf 72' lang='lat' dir='ltr'><strong>affectabam)</strong></span> <span class='ocrx_word' id='word_1_362' title='bbox 1864 2842 1988 2883; x_wconf 85' lang='lat' dir='ltr'><strong>suc-</strong></span> 
     </span>
    </p>
   </div>
   <div class='ocr_carea' id='block_1_55' title="bbox 2093 2822 3674 2919">
    <p class='ocr_par' dir='ltr' id='par_1_55' title="bbox 2093 2847 3674 2919">
     <span class='ocr_line' id='line_1_55' title="bbox 2093 2847 3674 2919; baseline -0.006 -14"><span class='ocrx_word' id='word_1_363' title='bbox 2093 2849 2261 2913; x_wconf 81' lang='lat' dir='ltr'><strong>viem,</strong></span> <span class='ocrx_word' id='word_1_364' title='bbox 2284 2849 2551 2906; x_wconf 89' lang='lat' dir='ltr'><strong>bonarum</strong></span> <span class='ocrx_word' id='word_1_365' title='bbox 2582 2851 2761 2919; x_wconf 75' lang='lat' dir='ltr'><strong>legum</strong></span> <span class='ocrx_word' id='word_1_366' title='bbox 2793 2857 3194 2918; x_wconf 83' lang='lat' dir='ltr'><strong>contemptum,</strong></span> <span class='ocrx_word' id='word_1_367' title='bbox 3223 2847 3530 2916; x_wconf 71' lang='lat' dir='ltr'><strong>disciplina!</strong></span> <span class='ocrx_word' id='word_1_368' title='bbox 3555 2847 3674 2897; x_wconf 83' lang='lat' dir='ltr'><strong>dis-</strong></span> 
     </span>
    </p>
   </div>
   <div class='ocr_carea' id='block_1_56' title="bbox 414 2915 1999 3009">
    <p class='ocr_par' dir='ltr' id='par_1_56' title="bbox 414 2915 1985 2990">
     <span class='ocr_line' id='line_1_56' title="bbox 414 2915 1985 2990; baseline 0.003 -20"><span class='ocrx_word' id='word_1_369' title='bbox 414 2931 663 2972; x_wconf 76' lang='lat' dir='ltr'><strong>cessuros</strong></span> <span class='ocrx_word' id='word_1_370' title='bbox 700 2915 868 2971; x_wconf 82' lang='lat' dir='ltr'><strong>variis</strong></span> <span class='ocrx_word' id='word_1_371' title='bbox 908 2930 1124 2970; x_wconf 88' lang='lat' dir='ltr'><strong>morum</strong></span> <span class='ocrx_word' id='word_1_372' title='bbox 1154 2915 1373 2969; x_wconf 85' lang='lat' dir='ltr'><strong>damnis</strong></span> <span class='ocrx_word' id='word_1_373' title='bbox 1410 2925 1463 2972; x_wconf 91' lang='lat' dir='ltr'><strong>et</strong></span> <span class='ocrx_word' id='word_1_374' title='bbox 1499 2917 1629 2973; x_wconf 72' lang='lat' dir='ltr'><strong>vim</strong></span> <span class='ocrx_word' id='word_1_375' title='bbox 1652 2917 1899 2990; x_wconf 70' lang='lat' dir='ltr'><strong>ﬂagitiis,</strong></span> <span class='ocrx_word' id='word_1_376' title='bbox 1928 2918 1985 2974; x_wconf 86' lang='lat' dir='ltr'><strong>in</strong></span> 
     </span>
    </p>
   </div>
   <div class='ocr_carea' id='block_1_57' title="bbox 2093 2915 3671 3009">
    <p class='ocr_par' dir='ltr' id='par_1_57' title="bbox 2093 2915 3671 3009">
     <span class='ocr_line' id='line_1_57' title="bbox 2093 2915 3671 3009; baseline -0.003 -15"><span class='ocrx_word' id='word_1_377' title='bbox 2093 2939 2445 3009; x_wconf 85' lang='lat' dir='ltr'><strong>solutionem,</strong></span> <span class='ocrx_word' id='word_1_378' title='bbox 2481 2915 2771 2998; x_wconf 74' lang='lat' dir='ltr'><strong>intestinas</strong></span> <span class='ocrx_word' id='word_1_379' title='bbox 2830 2941 3159 3003; x_wconf 84' lang='lat' dir='ltr'><strong>discordias,</strong></span> <span class='ocrx_word' id='word_1_380' title='bbox 3187 2940 3434 3007; x_wconf 67' lang='lat' dir='ltr'><strong>anlzeqne</strong></span> <span class='ocrx_word' id='word_1_381' title='bbox 3458 2950 3514 2992; x_wconf 89' lang='lat' dir='ltr'><strong>et</strong></span> <span class='ocrx_word' id='word_1_382' title='bbox 3535 2938 3671 2991; x_wconf 74' lang='lat' dir='ltr'><strong>i-leri</strong></span> 
     </span>
    </p>
   </div>
   <div class='ocr_carea' id='block_1_58' title="bbox 414 3007 3675 3104">
    <p class='ocr_par' dir='ltr' id='par_1_58' title="bbox 414 3007 3675 3104">
     <span class='ocr_line' id='line_1_58' title="bbox 414 3007 3675 3104; baseline -0.006 -5"><span class='ocrx_word' id='word_1_383' title='bbox 634 3007 887 3104; x_wconf 37' lang='lat' dir='ltr'><strong>puni?)</strong></span> <span class='ocrx_word' id='word_1_384' title='bbox 942 3007 1249 3104; x_wconf 51' lang='lat' dir='ltr'><strong>per&quot;‘ci&quot;&#39;i_</strong></span> <span class='ocrx_word' id='word_1_385' title='bbox 1284 3008 1429 3104; x_wconf 39' lang='lat' dir='ltr'><strong>im&quot;</strong></span> <span class='ocrx_word' id='word_1_386' title='bbox 1474 3009 1629 3104; x_wconf 44' lang='grc' dir='ltr'><strong>Ῑν⁸⁰⁸</strong></span> <span class='ocrx_word' id='word_1_387' title='bbox 1682 3009 1989 3079; x_wconf 56' lang='grc' dir='ltr'><strong>δίθεθτίίὴν</strong></span> <span class='ocrx_word' id='word_1_388' title='bbox 2086 3007 2449 3104; x_wconf 72' lang='lat' dir='ltr'><strong>corruptelas,</strong></span> <span class='ocrx_word' id='word_1_389' title='bbox 2479 3044 2534 3088; x_wconf 92' lang='lat' dir='ltr'><strong>et</strong></span> <span class='ocrx_word' id='word_1_390' title='bbox 2580 3035 2829 3104; x_wconf 88' lang='lat' dir='ltr'><strong>perditos</strong></span> <span class='ocrx_word' id='word_1_391' title='bbox 2863 3033 3103 3100; x_wconf 84' lang='lat' dir='ltr'><strong>denique</strong></span> <span class='ocrx_word' id='word_1_392' title='bbox 3132 3033 3315 3102; x_wconf 88' lang='lat' dir='ltr'><strong>populi</strong></span> <span class='ocrx_word' id='word_1_393' title='bbox 3352 3045 3533 3085; x_wconf 90' lang='lat' dir='ltr'><strong>mores</strong></span> <span class='ocrx_word' id='word_1_394' title='bbox 3573 3043 3675 3081; x_wconf 84' lang='lat' dir='ltr'><strong>no-</strong></span> 
     </span>
    </p>
   </div>
   <div class='ocr_carea' id='block_1_59' title="bbox 415 3099 1985 3175">
    <p class='ocr_par' dir='ltr' id='par_1_59' title="bbox 415 3099 1985 3175">
     <span class='ocr_line' id='line_1_59' title="bbox 415 3099 1985 3175; baseline 0.005 -23"><span class='ocrx_word' id='word_1_395' title='bbox 415 3099 634 3155; x_wconf 77' lang='lat' dir='ltr'><strong>intanda</strong></span> <span class='ocrx_word' id='word_1_396' title='bbox 658 3100 1005 3165; x_wconf 84' lang='lat' dir='ltr'><strong>crudelitate,</strong></span> <span class='ocrx_word' id='word_1_397' title='bbox 1035 3109 1091 3155; x_wconf 86' lang='lat' dir='ltr'><strong>et</strong></span> <span class='ocrx_word' id='word_1_398' title='bbox 1113 3100 1340 3169; x_wconf 74' lang='lat' dir='ltr'><strong>tragicis</strong></span> <span class='ocrx_word' id='word_1_399' title='bbox 1374 3102 1699 3168; x_wconf 83' lang='lat' dir='ltr'><strong>sceleribus,</strong></span> <span class='ocrx_word' id='word_1_400' title='bbox 1736 3105 1985 3175; x_wconf 81' lang='lat' dir='ltr'><strong>adeoque</strong></span> 
     </span>
    </p>
   </div>
   <div class='ocr_carea' id='block_1_60' title="bbox 2089 3125 3675 3197">
    <p class='ocr_par' dir='ltr' id='par_1_60' title="bbox 2089 3125 3675 3197">
     <span class='ocr_line' id='line_1_60' title="bbox 2089 3125 3675 3197; baseline -0.006 -17"><span class='ocrx_word' id='word_1_401' title='bbox 2089 3136 2319 3192; x_wconf 83' lang='lat' dir='ltr'><strong>tamus;</strong></span> <span class='ocrx_word' id='word_1_402' title='bbox 2374 3126 2535 3181; x_wconf 83' lang='lat' dir='ltr'><strong>obvia</strong></span> <span class='ocrx_word' id='word_1_403' title='bbox 2577 3128 2628 3179; x_wconf 91' lang='lat' dir='ltr'><strong>in</strong></span> <span class='ocrx_word' id='word_1_404' title='bbox 2683 3125 2963 3197; x_wconf 79' lang='lat' dir='ltr'><strong>plerisque</strong></span> <span class='ocrx_word' id='word_1_405' title='bbox 3016 3134 3675 3190; x_wconf 77' lang='lat' dir='ltr'><strong>nostrornmtemporunr</strong></span> 
     </span>
    </p>
   </div>
   <div class='ocr_carea' id='block_1_61' title="bbox 414 3190 3672 3286">
    <p class='ocr_par' dir='ltr' id='par_1_61' title="bbox 414 3190 3672 3286">
     <span class='ocr_line' id='line_1_61' title="bbox 414 3190 3672 3286; baseline 0.002 -25"><span class='ocrx_word' id='word_1_406' title='bbox 414 3201 600 3286; x_wconf 44' lang='grc' dir='ltr'><strong>ἥιρείίεξ</strong></span> <span class='ocrx_word' id='word_1_407' title='bbox 657 3190 973 3286; x_wconf 53' lang='grc' dir='ltr'><strong>διηρίῗιδῑθε</strong></span> <span class='ocrx_word' id='word_1_408' title='bbox 1010 3199 1097 3286; x_wconf 29' lang='grc' dir='ltr'><strong>’.ει</strong></span> <span class='ocrx_word' id='word_1_409' title='bbox 1147 3206 1343 3286; x_wconf 56' lang='grc' dir='ltr'><strong>Ῡοεξυηξ</strong></span> <span class='ocrx_word' id='word_1_410' title='bbox 1397 3194 1653 3286; x_wconf 54' lang='lat' dir='ltr'><strong>“emi”?</strong></span> <span class='ocrx_word' id='word_1_411' title='bbox 1680 3204 1988 3286; x_wconf 54' lang='lat' dir='ltr'><strong>°“F&#39;FP‘&quot;5</strong></span> <span class='ocrx_word' id='word_1_412' title='bbox 2013 3225 2056 3285; x_wconf 75' lang='grc' dir='ltr'>ο</span> <span class='ocrx_word' id='word_1_413' title='bbox 2089 3190 2469 3283; x_wconf 83' lang='lat' dir='ltr'><strong>similitudine,</strong></span> <span class='ocrx_word' id='word_1_414' title='bbox 2532 3218 2635 3273; x_wconf 88' lang='lat' dir='ltr'><strong>nisi</strong></span> <span class='ocrx_word' id='word_1_415' title='bbox 2684 3190 2753 3273; x_wconf 81' lang='lat' dir='ltr'><strong>de</strong></span> <span class='ocrx_word' id='word_1_416' title='bbox 2780 3190 3108 3286; x_wconf 74' lang='lat' dir='ltr'><strong>ptenitentia</strong></span> <span class='ocrx_word' id='word_1_417' title='bbox 3150 3216 3298 3269; x_wconf 88' lang='lat' dir='ltr'><strong>serio</strong></span> <span class='ocrx_word' id='word_1_418' title='bbox 3340 3216 3672 3283; x_wconf 82' lang='lat' dir='ltr'><strong>cogitemus.</strong></span> 
     </span>
    </p>
   </div>
   <div class='ocr_carea' id='block_1_62' title="bbox 413 3278 1397 3351">
    <p class='ocr_par' dir='ltr' id='par_1_62' title="bbox 413 3278 1397 3351">
     <span class='ocr_line' id='line_1_62' title="bbox 413 3278 1397 3351; baseline 0 -16"><span class='ocrx_word' id='word_1_419' title='bbox 413 3282 496 3350; x_wconf 90' lang='lat' dir='ltr'><strong>(ut</strong></span> <span class='ocrx_word' id='word_1_420' title='bbox 527 3281 604 3343; x_wconf 85' lang='lat' dir='ltr'><strong>tit)</strong></span> <span class='ocrx_word' id='word_1_421' title='bbox 646 3281 879 3351; x_wconf 88' lang='lat' dir='ltr'><strong>populus</strong></span> <span class='ocrx_word' id='word_1_422' title='bbox 905 3295 972 3335; x_wconf 89' lang='lat' dir='ltr'><strong>co</strong></span> <span class='ocrx_word' id='word_1_423' title='bbox 992 3278 1397 3345; x_wconf 85' lang='lat' dir='ltr'><strong>dissolutionis,</strong></span> 
     </span>
    </p>
   </div>
   <div class='ocr_carea' id='block_1_63' title="bbox 413 3372 1995 3448">
    <p class='ocr_par' dir='ltr' id='par_1_63' title="bbox 413 3372 1995 3448">
     <span class='ocr_line' id='line_1_63' title="bbox 413 3372 1995 3448; baseline 0.005 -23"><span class='ocrx_word' id='word_1_424' title='bbox 413 3373 827 3442; x_wconf 81' lang='lat' dir='ltr'><strong>prolaberetur.</strong></span> <span class='ocrx_word' id='word_1_425' title='bbox 864 3381 922 3427; x_wconf 91' lang='lat' dir='ltr'><strong>ut</strong></span> <span class='ocrx_word' id='word_1_426' title='bbox 950 3386 1051 3443; x_wconf 89' lang='lat' dir='ltr'><strong>pro</strong></span> <span class='ocrx_word' id='word_1_427' title='bbox 1084 3372 1229 3426; x_wconf 82' lang='lat' dir='ltr'><strong>Nova</strong></span> <span class='ocrx_word' id='word_1_428' title='bbox 1263 3372 1436 3427; x_wconf 75' lang='lat' dir='ltr'><strong>Itotna</strong></span> <span class='ocrx_word' id='word_1_429' title='bbox 1456 3386 1511 3429; x_wconf 88' lang='lat' dir='ltr'><strong>et</strong></span> <span class='ocrx_word' id='word_1_430' title='bbox 1552 3374 1723 3431; x_wconf 84' lang='lat' dir='ltr'><strong>Sione</strong></span> <span class='ocrx_word' id='word_1_431' title='bbox 1750 3375 1901 3448; x_wconf 80' lang='lat' dir='ltr'><strong>(nam</strong></span> <span class='ocrx_word' id='word_1_432' title='bbox 1936 3387 1995 3433; x_wconf 86' lang='lat' dir='ltr'><strong>ot</strong></span> 
     </span>
    </p>
   </div>
   <div class='ocr_carea' id='block_1_64' title="bbox 413 3461 1993 3536">
    <p class='ocr_par' dir='ltr' id='par_1_64' title="bbox 413 3461 1993 3536">
     <span class='ocr_line' id='line_1_64' title="bbox 413 3461 1993 3536; baseline 0.004 -21"><span class='ocrx_word' id='word_1_433' title='bbox 413 3472 515 3518; x_wconf 85' lang='lat' dir='ltr'><strong>hoc</strong></span> <span class='ocrx_word' id='word_1_434' title='bbox 574 3462 735 3517; x_wconf 89' lang='lat' dir='ltr'><strong>titulo</strong></span> <span class='ocrx_word' id='word_1_435' title='bbox 763 3461 867 3517; x_wconf 89' lang='lat' dir='ltr'><strong>sibi</strong></span> <span class='ocrx_word' id='word_1_436' title='bbox 894 3461 1335 3530; x_wconf 79' lang='lat' dir='ltr'><strong>blandiebantur)</strong></span> <span class='ocrx_word' id='word_1_437' title='bbox 1372 3477 1514 3516; x_wconf 76' lang='lat' dir='ltr'><strong>nova</strong></span> <span class='ocrx_word' id='word_1_438' title='bbox 1549 3463 1737 3532; x_wconf 91' lang='lat' dir='ltr'><strong>potius</strong></span> <span class='ocrx_word' id='word_1_439' title='bbox 1764 3464 1993 3536; x_wconf 71' lang='lat' dir='ltr'><strong>Sybaris</strong></span> 
     </span>
    </p>
   </div>
   <div class='ocr_carea' id='block_1_65' title="bbox 414 3554 1991 3625">
    <p class='ocr_par' dir='ltr' id='par_1_65' title="bbox 414 3554 1991 3625">
     <span class='ocr_line' id='line_1_65' title="bbox 414 3554 1991 3625; baseline 0.003 -16"><span class='ocrx_word' id='word_1_440' title='bbox 414 3567 464 3610; x_wconf 88' lang='lat' dir='ltr'><strong>et</strong></span> <span class='ocrx_word' id='word_1_441' title='bbox 497 3554 738 3611; x_wconf 84' lang='lat' dir='ltr'><strong>Sodoma</strong></span> <span class='ocrx_word' id='word_1_442' title='bbox 775 3556 859 3611; x_wconf 88' lang='lat' dir='ltr'><strong>vel</strong></span> <span class='ocrx_word' id='word_1_443' title='bbox 892 3556 1026 3625; x_wconf 78' lang='lat' dir='ltr'><strong>ipsis</strong></span> <span class='ocrx_word' id='word_1_444' title='bbox 1061 3554 1297 3609; x_wconf 82' lang='lat' dir='ltr'><strong>testibus</strong></span> <span class='ocrx_word' id='word_1_445' title='bbox 1339 3567 1485 3610; x_wconf 85' lang='lat' dir='ltr'><strong>esset</strong></span> <span class='ocrx_word' id='word_1_446' title='bbox 1510 3555 1766 3611; x_wconf 88' lang='lat' dir='ltr'><strong>dicenda.</strong></span> <span class='ocrx_word' id='word_1_447' title='bbox 1807 3556 1991 3624; x_wconf 82' lang='lat' dir='ltr'><strong>Quam</strong></span> 
     </span>
    </p>
   </div>
   <div class='ocr_carea' id='block_1_66' title="bbox 415 3646 1993 3720">
    <p class='ocr_par' dir='ltr' id='par_1_66' title="bbox 415 3646 1993 3720">
     <span class='ocr_line' id='line_1_66' title="bbox 415 3646 1993 3720; baseline 0.003 -18"><span class='ocrx_word' id='word_1_448' title='bbox 415 3648 821 3717; x_wconf 82' lang='lat' dir='ltr'><strong>penersionem</strong></span> <span class='ocrx_word' id='word_1_449' title='bbox 849 3648 1031 3702; x_wconf 76' lang='lat' dir='ltr'><strong>fatalis</strong></span> <span class='ocrx_word' id='word_1_450' title='bbox 1046 3648 1168 3717; x_wconf 87' lang='lat' dir='ltr'><strong>ejus</strong></span> <span class='ocrx_word' id='word_1_451' title='bbox 1188 3646 1443 3702; x_wconf 74' lang='lat' dir='ltr'><strong>interitus</strong></span> <span class='ocrx_word' id='word_1_452' title='bbox 1464 3656 1520 3702; x_wconf 87' lang='lat' dir='ltr'><strong>et</strong></span> <span class='ocrx_word' id='word_1_453' title='bbox 1547 3649 1816 3704; x_wconf 76' lang='lat' dir='ltr'><strong>excidium</strong></span> <span class='ocrx_word' id='word_1_454' title='bbox 1839 3649 1993 3720; x_wconf 80' lang='lat' dir='ltr'><strong>justo</strong></span> 
     </span>
    </p>
   </div>
   <div class='ocr_carea' id='block_1_67' title="bbox 414 3739 1987 3809">
    <p class='ocr_par' dir='ltr' id='par_1_67' title="bbox 414 3739 1987 3809">
     <span class='ocr_line' id='line_1_67' title="bbox 414 3739 1987 3809; baseline 0.001 -16"><span class='ocrx_word' id='word_1_455' title='bbox 414 3741 691 3796; x_wconf 77' lang='lat' dir='ltr'><strong>Adrast</strong></span> <span class='ocrx_word' id='word_1_456' title='bbox 710 3740 919 3809; x_wconf 85' lang='lat' dir='ltr'><strong>judicio</strong></span> <span class='ocrx_word' id='word_1_457' title='bbox 932 3752 1017 3796; x_wconf 91' lang='lat' dir='ltr'><strong>est</strong></span> <span class='ocrx_word' id='word_1_458' title='bbox 1038 3749 1355 3793; x_wconf 87' lang='lat' dir='ltr'><strong>consecuta.</strong></span> <span class='ocrx_word' id='word_1_459' title='bbox 1376 3739 1672 3809; x_wconf 79' lang='lat' dir='ltr'><strong>Postquam</strong></span> <span class='ocrx_word' id='word_1_460' title='bbox 1697 3740 1843 3796; x_wconf 87' lang='lat' dir='ltr'><strong>enim</strong></span> <span class='ocrx_word' id='word_1_461' title='bbox 1862 3755 1987 3796; x_wconf 89' lang='lat' dir='ltr'><strong>cum</strong></span> 
     </span>
    </p>
   </div>
   <div class='ocr_carea' id='block_1_68' title="bbox 419 3829 1989 3903">
    <p class='ocr_par' dir='ltr' id='par_1_68' title="bbox 419 3829 1989 3903">
     <span class='ocr_line' id='line_1_68' title="bbox 419 3829 1989 3903; baseline 0.005 -22"><span class='ocrx_word' id='word_1_462' title='bbox 419 3831 618 3888; x_wconf 77' lang='lat' dir='ltr'><strong>vicinis</strong></span> <span class='ocrx_word' id='word_1_463' title='bbox 658 3831 914 3889; x_wconf 87' lang='lat' dir='ltr'><strong>omnibus</strong></span> <span class='ocrx_word' id='word_1_464' title='bbox 945 3829 1161 3903; x_wconf 87' lang='lat' dir='ltr'><strong>populis</strong></span> <span class='ocrx_word' id='word_1_465' title='bbox 1184 3870 1201 3899; x_wconf 88' lang='lat'><strong>,</strong></span> <span class='ocrx_word' id='word_1_466' title='bbox 1224 3831 1340 3903; x_wconf 89' lang='lat' dir='ltr'><strong>jam</strong></span> <span class='ocrx_word' id='word_1_467' title='bbox 1370 3830 1516 3887; x_wconf 85' lang='lat' dir='ltr'><strong>velut</strong></span> <span class='ocrx_word' id='word_1_468' title='bbox 1537 3831 1738 3903; x_wconf 80' lang='lat' dir='ltr'><strong>juratis</strong></span> <span class='ocrx_word' id='word_1_469' title='bbox 1770 3840 1827 3890; x_wconf 90' lang='lat' dir='ltr'><strong>et</strong></span> <span class='ocrx_word' id='word_1_470' title='bbox 1846 3832 1989 3890; x_wconf 86' lang='lat' dir='ltr'><strong>divi-</strong></span> 
     </span>
    </p>
   </div>
   <div class='ocr_carea' id='block_1_69' title="bbox 1427 3283 1999 3380">
    <p class='ocr_par' dir='ltr' id='par_1_69' title="bbox 1427 3283 1990 3351">
     <span class='ocr_line' id='line_1_69' title="bbox 1427 3283 1990 3351; baseline 0.011 -16"><span class='ocrx_word' id='word_1_471' title='bbox 1427 3283 1714 3351; x_wconf 64' lang='lat' dir='ltr'><strong>nequitia,</strong></span> <span class='ocrx_word' id='word_1_472' title='bbox 1747 3283 1990 3341; x_wconf 65' lang='lat' dir='ltr'><strong>infamiae</strong></span> 
     </span>
    </p>
   </div>
   <div class='ocr_carea' id='block_1_70' title="bbox 2093 3283 3674 3380">
    <p class='ocr_par' dir='ltr' id='par_1_70' title="bbox 2093 3283 3674 3380">
     <span class='ocr_line' id='line_1_70' title="bbox 2093 3283 3674 3380; baseline -0.006 -14"><span class='ocrx_word' id='word_1_473' title='bbox 2093 3309 2158 3366; x_wconf 77' lang='lat' dir='ltr'><strong>ab</strong></span> <span class='ocrx_word' id='word_1_474' title='bbox 2188 3311 2393 3366; x_wconf 82' lang='lat' dir='ltr'><strong>eisdem</strong></span> <span class='ocrx_word' id='word_1_475' title='bbox 2420 3312 2603 3366; x_wconf 85' lang='lat' dir='ltr'><strong>causis</strong></span> <span class='ocrx_word' id='word_1_476' title='bbox 2629 3283 2793 3380; x_wconf 79' lang='lat' dir='ltr'><strong>pares</strong></span> <span class='ocrx_word' id='word_1_477' title='bbox 2810 3310 2995 3365; x_wconf 78' lang='lat' dir='ltr'><strong>exitus</strong></span> <span class='ocrx_word' id='word_1_478' title='bbox 3030 3309 3351 3363; x_wconf 77' lang='lat' dir='ltr'><strong>sortiantur.</strong></span> <span class='ocrx_word' id='word_1_479' title='bbox 3386 3308 3519 3373; x_wconf 70' lang='lat' dir='ltr'><strong>Quae</strong></span> <span class='ocrx_word' id='word_1_480' title='bbox 3546 3308 3674 3376; x_wconf 87' lang='lat' dir='ltr'><strong>qui-</strong></span> 
     </span>
    </p>
   </div>
   <div class='ocr_carea' id='block_1_71' title="bbox 2088 3398 3673 3469">
    <p class='ocr_par' dir='ltr' id='par_1_71' title="bbox 2088 3398 3673 3469">
     <span class='ocr_line' id='line_1_71' title="bbox 2088 3398 3673 3469; baseline -0.004 -10"><span class='ocrx_word' id='word_1_481' title='bbox 2088 3404 2214 3459; x_wconf 81' lang='lat' dir='ltr'><strong>dem</strong></span> <span class='ocrx_word' id='word_1_482' title='bbox 2252 3404 2356 3458; x_wconf 89' lang='lat' dir='ltr'><strong>hoc</strong></span> <span class='ocrx_word' id='word_1_483' title='bbox 2387 3404 2506 3458; x_wconf 86' lang='lat' dir='ltr'><strong>loco</strong></span> <span class='ocrx_word' id='word_1_484' title='bbox 2558 3403 2722 3469; x_wconf 85' lang='lat' dir='ltr'><strong>paulo</strong></span> <span class='ocrx_word' id='word_1_485' title='bbox 2768 3400 2947 3457; x_wconf 79' lang='lat' dir='ltr'><strong>fusius</strong></span> <span class='ocrx_word' id='word_1_486' title='bbox 2978 3400 3253 3455; x_wconf 85' lang='lat' dir='ltr'><strong>disserere</strong></span> <span class='ocrx_word' id='word_1_487' title='bbox 3280 3438 3296 3463; x_wconf 93' lang='lat'><strong>,</strong></span> <span class='ocrx_word' id='word_1_488' title='bbox 3345 3398 3569 3468; x_wconf 85' lang='lat' dir='ltr'><strong>quando</strong></span> <span class='ocrx_word' id='word_1_489' title='bbox 3606 3414 3673 3452; x_wconf 81' lang='lat' dir='ltr'><strong>co</strong></span> 
     </span>
    </p>
   </div>
   <div class='ocr_carea' id='block_1_72' title="bbox 2091 3492 3670 3566">
    <p class='ocr_par' dir='ltr' id='par_1_72' title="bbox 2091 3492 3670 3566">
     <span class='ocr_line' id='line_1_72' title="bbox 2091 3492 3670 3566; baseline -0.004 -16"><span class='ocrx_word' id='word_1_490' title='bbox 2091 3496 2214 3566; x_wconf 89' lang='lat' dir='ltr'><strong>ipso</strong></span> <span class='ocrx_word' id='word_1_491' title='bbox 2240 3511 2357 3550; x_wconf 68' lang='lat' dir='ltr'><strong>aevo</strong></span> <span class='ocrx_word' id='word_1_492' title='bbox 2390 3496 2553 3566; x_wconf 88' lang='lat' dir='ltr'><strong>cujus</strong></span> <span class='ocrx_word' id='word_1_493' title='bbox 2598 3495 2687 3548; x_wconf 89' lang='lat' dir='ltr'><strong>hic</strong></span> <span class='ocrx_word' id='word_1_494' title='bbox 2726 3494 2909 3547; x_wconf 71' lang='lat' dir='ltr'><strong>Varios</strong></span> <span class='ocrx_word' id='word_1_495' title='bbox 2954 3492 3258 3561; x_wconf 87' lang='lat' dir='ltr'><strong>scriptores</strong></span> <span class='ocrx_word' id='word_1_496' title='bbox 3297 3500 3670 3559; x_wconf 70' lang='lat' dir='ltr'><strong>repracsenta-</strong></span> 
     </span>
    </p>
   </div>
   <div class='ocr_carea' id='block_1_73' title="bbox 2094 3582 3670 3657">
    <p class='ocr_par' dir='ltr' id='par_1_73' title="bbox 2094 3582 3670 3657">
     <span class='ocr_line' id='line_1_73' title="bbox 2094 3582 3670 3657; baseline -0.004 -17"><span class='ocrx_word' id='word_1_497' title='bbox 2094 3600 2239 3649; x_wconf 90' lang='lat' dir='ltr'><strong>mus,</strong></span> <span class='ocrx_word' id='word_1_498' title='bbox 2284 3601 2347 3639; x_wconf 88' lang='lat' dir='ltr'><strong>ea</strong></span> <span class='ocrx_word' id='word_1_499' title='bbox 2398 3585 2681 3657; x_wconf 80' lang='lat' dir='ltr'><strong>Byzantini</strong></span> <span class='ocrx_word' id='word_1_500' title='bbox 2738 3582 2955 3653; x_wconf 88' lang='lat' dir='ltr'><strong>imperii</strong></span> <span class='ocrx_word' id='word_1_501' title='bbox 3003 3583 3221 3637; x_wconf 81' lang='lat' dir='ltr'><strong>eversio</strong></span> <span class='ocrx_word' id='word_1_502' title='bbox 3267 3582 3523 3651; x_wconf 84' lang='lat' dir='ltr'><strong>contigit,</strong></span> <span class='ocrx_word' id='word_1_503' title='bbox 3552 3591 3607 3635; x_wconf 88' lang='lat' dir='ltr'><strong>et</strong></span> <span class='ocrx_word' id='word_1_504' title='bbox 3638 3597 3670 3633; x_wconf 92' lang='lat' dir='ltr'><strong>a</strong></span> 
     </span>
    </p>
   </div>
   <div class='ocr_carea' id='block_1_74' title="bbox 2098 3675 3668 3746">
    <p class='ocr_par' dir='ltr' id='par_1_74' title="bbox 2098 3675 3668 3746">
     <span class='ocr_line' id='line_1_74' title="bbox 2098 3675 3668 3746; baseline -0.004 -12"><span class='ocrx_word' id='word_1_505' title='bbox 2098 3678 2286 3734; x_wconf 88' lang='lat' dir='ltr'><strong>multis</strong></span> <span class='ocrx_word' id='word_1_506' title='bbox 2334 3679 2555 3733; x_wconf 88' lang='lat' dir='ltr'><strong>illorum</strong></span> <span class='ocrx_word' id='word_1_507' title='bbox 2591 3675 2850 3733; x_wconf 82' lang='lat' dir='ltr'><strong>adnotata</strong></span> <span class='ocrx_word' id='word_1_508' title='bbox 2895 3676 3218 3746; x_wconf 87' lang='lat' dir='ltr'><strong>reperietur,</strong></span> <span class='ocrx_word' id='word_1_509' title='bbox 3270 3692 3377 3730; x_wconf 89' lang='lat' dir='ltr'><strong>non</strong></span> <span class='ocrx_word' id='word_1_510' title='bbox 3428 3676 3668 3730; x_wconf 83' lang='lat' dir='ltr'><strong>alienum</strong></span> 
     </span>
    </p>
   </div>
   <div class='ocr_carea' id='block_1_75' title="bbox 2099 3772 2431 3846">
    <p class='ocr_par' dir='ltr' id='par_1_75' title="bbox 2099 3772 2431 3846">
     <span class='ocr_line' id='line_1_75' title="bbox 2099 3772 2431 3846; baseline -0.009 -14"><span class='ocrx_word' id='word_1_511' title='bbox 2099 3772 2431 3846; x_wconf 83' lang='lat' dir='ltr'><strong>putavimus.</strong></span> 
     </span>
    </p>
   </div>
  </div>
