4212 6286
1349 370 3763 421 W

1793 605 2003 730 AN
2017 607 2528 741 NALES

655 886 1966 1051 SULTANORUM
2083 895 3650 1065 OTHMANIDARUM

1488 1223 1534 1280 A
1587 1218 1869 1280 TURCIS
1908 1219 2060 1280 SUA
2128 1220 2438 1282 LINGUA
2482 1223 2816 1284 SCRIPTI.

757 1403 1132 1482 Hieronymi
1166 1402 1329 1467 Beck
1352 1423 1393 1464 a
1421 1402 1889 1486 Leopoldstorf,
1915 1405 2124 1466 Marci
2148 1404 2241 1481 ﬁl.
2281 1403 2494 1466 studio
2527 1415 2582 1465 et
2613 1405 2950 1488 diligentia
2982 1408 3547 1490 Constantinopoli

993 1525 1243 1590 adnecti
1267 1526 1511 1603 HD”,
1541 1527 1693 1592 divo
1717 1527 2127 1620 Ferdinando
2159 1528 2313 1592 Cres.
2353 1527 2500 1608 Opt.
2548 1531 2734 1593 Max.
2762 1533 2839 1594 Β.
2873 1534 2948 1596 D.
2985 1534 3298 1615 jussuque

598 1658 752 1725 Cas.
811 1618 1167 1723 aJoanne
1237 1657 1522 1724 Gaudier
1591 1660 1765 1726 dicte
1839 1618 2108 1745 spiegel,
2205 1664 2550 1743 interprete
2615 1666 2883 1730 Turcico
2941 1669 3308 1732 Germanice
3379 1669 3698 1734 translati.

832 1854 1115 1918 Joannes
1174 1854 1619 1917 Lucumsz
1677 1853 1913 1918 nobilis
1987 1856 2419 1939 Angrivarios,
2483 1860 2709 1924 Latine
2772 1860 3060 1926 redditos
3121 1862 3459 1926 illustravit

1382 1988 1445 2046 et
1481 1984 1660 2049 auxit
1694 2001 1897 2068 usque
1925 1985 2004 2049 ad
2034 2003 2278 2050 annum
2305 1986 2532 2056 C1313
2563 1991 2905 2055 XXCVIII.

1134 2367 1940 2494 JOANNIS
2014 2373 3154 2494 LEUNCLAVII

1662 2644 1749 2689 an
1805 2642 2086 2692 [tantum
2114 2639 2191 2688 sc
2229 2636 2628 2690 IAGNII-‘tcuu

1318 2817 1946 2882 D.HIERONYMUM
1990 2818 2199 2882 BECK
2240 2821 2294 2883 Α
2327 2819 2956 2884 LEOPOLDSTORF

1465 3001 1596 3044 (288.
1650 3002 1869 3045 ιυεετ.
1915 3001 2143 3043 (ΞΔΙΕΙΕ
2177 3002 2385 3045 Δυιιοι
2432 3001 2838 3058 ωιωιιιιιιυιι,

1253 3189 1384 3281 ΙΝ
1458 3184 1695 3280 HOS
1764 3188 2310 3282 ANNALES
2366 3189 3060 3284 PREFATIO.

580 3581 741 3655 305
772 3581 1030 3654 Equidem
1059 3582 1247 3638 audire
1269 3598 1376 3639 non
1391 3582 1552 3640 semel
1576 3597 1642 3637 ex
1660 3591 1711 3638 te
1737 3584 1974 3650 memini,
2007 3585 2090 3639 uir
2116 3581 2415 3654 magniﬁce,
2451 3589 2503 3637 te
2538 3579 2958 3652 peregrinatione
2985 3577 3361 3651 tua'suscepta.
3389 3597 3510 3636 cum
3543 3581 3773 3640 Romam

509 3691 650 3727 mmo
678 3670 886 3726 Jubtleo
921 3671 1061 3726 1550
1083 3672 1330 3738 adiisses,
1372 3681 1425 3727 et
1455 3669 1625 3727 Roma
1673 3671 1917 3728 Venetias
1942 3674 2237 3742 profectus,
2271 3676 2506 3730 indidem
2541 3675 2849 3730 triremibus
2895 3673 3191 3744 majoribus
3214 3676 3284 3728 ad
3309 3674 3561 3742 Tripolim
3591 3676 3766 3747 Syriae

509 3760 802 3827 appulisses
827 3773 848 3814 :
876 3755 1164 3828 Halepum.
1186 3758 1532 3826 Damascum,
1557 3758 1848 3822 Nasareth,
1876 3759 1935 3816 S.
1963 3759 2547 3829 S.Christisepulcram
2574 3759 2954 3831 Hierosolymis
2971 3771 3020 3814 et
3048 3760 3102 3814 in
3133 3761 3334 3816 Arabia
3369 3770 3598 3816 montem
3627 3761 3766 3816 Oreb

508 3849 834 3913 accessisse;
870 3859 1258 3919 peragrataque
1291 3847 1532 3918 deinceps
1558 3847 1817 3919 Egypto,
1845 3847 1912 3901 ab
1942 3848 2068 3903 urbe
2087 3849 2236 3904 illius
2265 3850 2595 3905 Alexandria
2617 3850 2756 3905 mari
2795 3849 3039 3918 trajecta.
3067 3864 3159 3918 per
3195 3848 3460 3904 Attalium
3495 3848 3768 3922 Pamphy-

506 3937 614 3999 liae,
642 3935 926 4007 Cotgaium
947 3935 1218 4007 Phrygic,
1250 3934 1481 3992 Prusam
1522 3935 1806 4009 Bithynia’,
1864 3936 2076 3991 tandem
2100 3936 2426 4009 Byzantium
2455 3937 2692 3992 Thracia.-
2727 3937 3044 4009 peruenisse.
3108 3937 3357 4010 Byzantii
3388 3955 3527 4000 uero,
3564 3939 3620 3993 in
3641 3955 3762 3993 am-

507 4025 753 4091 plissima
775 4025 1118 4080 Turcicorum
1145 4024 1268 4079 sede
1293 4027 1460 4096 regia,
1493 4022 1687 4077 librum
1711 4020 1936 4078 Turcica
1957 4022 2140 4092 lingua
2193 4027 2469 4092 scriptum.
2522 4023 2800 4080 Otlnnante
2859 4023 3087 4094 familiae
3133 4026 3434 4094 principum
3465 4041 3545 4080 res
3583 4035 3760 4095 gestas

505 4113 883 4175 continentem,
909 4128 1102 4182 magno
1135 4111 1334 4176 studio,
1371 4127 1468 4166 nec
1499 4111 1648 4166 nullo
1675 4121 1893 4182 sumptu
1929 4111 2096 4181 fuisse
2122 4121 2458 4168 consecutum
2484 4127 2504 4170 :
2544 4127 2700 4183 quem
2748 4111 2874 4166 diso
2907 4109 3253 4167 Ferdinando
3274 4110 3575 4168 RomIas.
3615 4114 3762 4182 pien-

506 4201 734 4260 tissimo,
766 4215 907 4254 anno
941 4199 1147 4255 Christi
1165 4199 1297 4255 1551
1335 4199 1484 4270 {elici
1513 4199 1682 4253 tuoin
1706 4198 1985 4254 Austriam
2011 4196 2207 4264 reditu,
2234 4198 2374 4254 dono
2424 4198 2677 4253 obtuleris
2707 4199 3022 4254 :humiliter
3036 4209 3192 4253 orato
3252 4215 3394 4270 rege,
3438 4210 3496 4252 ut
3529 4198 3760 4268 publica:

504 4289 751 4342 utilitatis
772 4305 937 4345 causa
967 4291 1022 4344 in
1053 4288 1303 4344 Latinam
1326 4290 1405 4343 uel
1445 4287 1817 4344 Germanicam
1845 4289 2086 4359 linguam
2130 4285 2436 4341 uertendum
2463 4287 2697 4357 juberet.
2733 4284 2867 4341 Post
2896 4285 2994 4343 illa
3015 4297 3084 4350 te,
3108 4288 3287 4358 o'iciis
3309 4289 3638 4358 negotiisque
3662 4303 3762 4357 pu-

505 4377 654 4430 blicis
687 4379 956 4443 obrutum,
992 4380 1240 4449 exiguam
1268 4381 1428 4449 hujus
1465 4378 1542 4431 rei
1558 4393 1745 4433 curam
1774 4376 2058 4443 habuisse;
2085 4390 2246 4445 quam
2284 4383 2462 4430 tamen
2483 4376 2699 4444 penitus
2730 4373 2872 4427 haud
2907 4373 3182 4443 abjeceris.
3209 4372 3409 4443 Elapso
3433 4391 3536 4429 non
3572 4376 3760 4444 exiguo

504 4476 733 4530 tempore
755 4464 921 4537 306
946 4482 1064 4520 cum
1087 4466 1278 4520 nobilis
1308 4467 1385 4520 rir
1419 4463 1634 4520 Ulricus
1694 4461 2099 4520 llasrhutander
2124 4483 2159 4520 a
2204 4465 2579 4538 Cranigsperg,
2631 4466 2722 4536 qui
2753 4465 2937 4519 multis
2987 4465 3144 4519 annis
3161 4464 3285 4518 dico
3317 4463 3665 4520 Ferdinando
3701 4467 3758 4519 in

501 4553 742 4606 cubiculo
764 4553 1057 4619 inseroieit.
1073 4553 1202 4623 ﬁlite
1224 4571 1355 4618 suae,
1382 4553 1670 4624 Alphonsc
1701 4553 1767 4608 de
1802 4552 1995 4608 Games
2045 4556 2101 4608 in
2139 4555 2542 4608 matrimonium
2568 4552 2864 4616 collocatae,
2893 4551 3156 4606 solemnes
3199 4550 3412 4607 Viennae
3443 4555 3656 4623 nuptias
3672 4569 3761 4607 ce-

501 4641 726 4695 lebraret
752 4657 774 4694 :
801 4657 919 4696 eum
937 4642 1055 4704 tibi,
1077 4642 1144 4696 de
1173 4643 1265 4696 illo
1290 4642 1429 4696 libro
1455 4641 1768 4714 diligentius
1798 4641 2096 4697 sciscitanti
2139 4641 2491 4710 respondisse,
2517 4640 2773 4692 memoria
2824 4655 2880 4692 se
2942 4648 3135 4704 tenere,
3177 4635 3441 4693 Casorem
3479 4640 3756 4708 interpreti

499 4743 597 4780 suo
632 4726 852 4782 Turcico
874 4730 1104 4784 Annales
1133 4729 1389 4800 quosdam
1423 4729 1682 4794 uertendi,
1707 4730 2088 4800 exercendique
2121 4729 2238 4798 ejus
2273 4731 2478 4798 gratia,
2513 4728 2798 4782 tradidisse
2825 4741 2844 4780 :
2875 4727 3168 4798 habereque
3195 4744 3254 4782 se
3283 4726 3561 4782 Turcicam
3589 4728 3758 4782 histo-

501 4817 660 4879 riam,
683 4815 867 4884 lingua
895 4815 1236 4882 Germanica,
1269 4832 1433 4871 manu
1459 4817 1736 4886 scriptam.
1768 4815 1926 4870 Hanc
1961 4817 2128 4885 igitur
2156 4833 2299 4872 anno
2331 4817 2470 4872 £586
2516 4817 2584 4870 ab
2619 4817 2714 4870 illo
2745 4818 2843 4871 tibi
2900 4818 3141 4884 missam,
3181 4833 3301 4872 cum
3345 4833 3410 4873 es
3450 4819 3753 4886 interpretis

497 4901 723 4955 Joannis
751 4901 1013 4964 Gaudier.
1046 4903 1179 4958 dicti
1207 4904 1440 4972 Spiegel,
1472 4904 1700 4969 epistola
1723 4904 2065 4974 procmiaca.
2095 4907 2385 4960 versionem
2408 4922 2518 4960 esse
2550 4905 2678 4958 libri
2714 4908 2814 4965 tui.
2845 4921 3042 4974 magna
3069 4921 3189 4960 cum
3218 4907 3482 4967 voluptate
3507 4909 3754 4977 agnouis-

498 5005 579 5040 ses
600 5029 616 5049 ,
660 4993 844 5043 statim
867 4993 1098 5046 exscribi
1117 4993 1355 5061 jussisti.
1387 4990 1620 5046 Fuerant
1651 5008 1748 5064 ego
1780 4991 2096 5060 pracedenti
2119 5001 2245 5046 tunc
2271 5009 2410 5045 anno
2466 4992 2927 5060 Constantinopoli
2963 4993 3216 5048 Viennam
3244 5010 3500 5051 reuersus.
3527 4995 3614 5048 cui
3642 5011 3749 5048 non

497 5079 750 5132 indicasti
779 5081 1148 5134 tantummodo
1174 5080 1239 5134 de
1268 5082 1487 5150 repertis
1511 5079 1617 5134 illis
1647 5080 1944 5135 Annalibus
1983 5079 2117 5144 tuis,
2179 5097 2352 5135 verum
2378 5081 2538 5133 etiam
2563 5098 2665 5133 non
2698 5081 2914 5146 inuitus,
2947 5097 3065 5153 qua:
3120 5081 3411 5152 singularis
3466 5084 3518 5136 in
3542 5099 3625 5136 me
3653 5090 3746 5137 tua

492 5177 569 5222 at
593 5167 974 5234 benevolentia,
1007 5185 1209 5224 mecum
1231 5184 1320 5224 eos
1352 5171 1779 5225 communicasti.
1813 5167 2021 5224 Lubens
2055 5171 2152 5222 hoc
2183 5166 2424 5234 equidem
2445 5165 2663 5234 perlegi,
2691 5181 2914 5238 cumque
2965 5183 3069 5221 non
3133 5185 3344 5236 parum,
3383 5169 3623 5237 pluribus
3678 5170 3750 5225 de

494 5255 694 5317 causis,
720 5257 1010 5326 placerent,
1072 5258 1279 5312 eosdem
1302 5267 1490 5328 rogatu
1525 5269 1615 5311 tuo
1648 5256 1859 5320 Latine,
1891 5269 1948 5310 ut
1971 5259 2022 5309 in
2046 5255 2212 5308 lucem
2231 5253 2360 5307 editi
2391 5253 2695 5306 nationibus
2730 5254 2929 5308 exteris
2980 5255 3144 5308 etiam
3175 5257 3296 5309 usui
3359 5270 3549 5323 essent,
3591 5268 3744 5311 tran-

493 5345 703 5412 scripsi.
727 5343 960 5398 lledeunt
987 5345 1154 5416 igitur
1186 5348 1255 5398 ad
1279 5357 1327 5399 te
1351 5362 1488 5400 nunc
1515 5345 1650 5417 typis
1681 5346 1916 5414 expressi
1941 5343 2394 5412 cltalcographiris
2442 5339 2681 5394 Annales
2709 5339 2949 5406 Turcici,
2984 5352 3075 5396 tuo
3105 5344 3198 5414 qui
3224 5344 3484 5398 debentur
3537 5345 3740 5401 studio.

489 5427 629 5495 quod
658 5444 764 5482 non
795 5438 1004 5481 tantum
1034 5444 1119 5481 eos
1158 5444 1224 5481 ea:
1251 5428 1362 5482 illis
1393 5429 1522 5484 locis
1564 5439 1732 5483 tecum
1767 5426 1998 5479 attulisti
2025 5441 2044 5478 :
2071 5443 2249 5483 verum
2276 5430 2438 5483 etiam
2475 5444 2637 5496 prope
2667 5428 2905 5495 sepultos
2934 5429 3000 5483 ab
3061 5431 3218 5484 annis
3248 5430 3318 5483 57
3351 5442 3401 5485 et
3455 5433 3596 5502 ipsos
3643 5434 3746 5485 eri.

487 5515 652 5583 puisti
682 5532 868 5571 rursus
897 5532 927 5570 e
949 5517 1200 5580 tenebris,
1226 5526 1278 5572 et
1305 5517 1606 5571 latitantem
1635 5516 1768 5570 alibi
1791 5513 2154 5571 Germanicam
2182 5534 2384 5587 quoque
2413 5519 2697 5570 versionem
2735 5534 2768 5570 a
2799 5517 2978 5572 blattis
3009 5527 3060 5572 et
3085 5519 3241 5573 tineis
3285 5519 3585 5572 asseruisti.
3622 5519 3742 5583 οδω

486 5607 552 5656 de
573 5619 765 5669 causa,
795 5619 914 5656 cum
944 5604 1067 5656 libri
1088 5606 1157 5657 ad
1189 5621 1282 5658 nos
1310 5604 1610 5674 perferendi
1638 5604 1842 5671 primus
1874 5613 2082 5666 auctor,
2105 5603 2240 5657 idem
2271 5606 2495 5673 perituri
2535 5605 2723 5656 uindex
2755 5613 2806 5656 et
2830 5615 3170 5659 conservator
3196 5608 3458 5660 exstiteris
3491 5621 3511 5660 :
3544 5605 3740 5676 absque

487 5689 692 5756 iniuria
721 5701 833 5756 tua,
857 5691 1090 5758 cujusvis
1108 5693 1332 5747 alterius
1352 5695 1602 5763 prtcfcrrc
1629 5707 1816 5744 nomen
1839 5691 2067 5746 Annales
2093 5694 2194 5760 ipsi
2221 5704 2500 5762 nequeunt.
2535 5691 2709 5746 Meam
2737 5708 2856 5746 vero
2883 5691 3281 5759 infezpoliendis
3305 5696 3382 5747 bis
3415 5695 3734 5746 laboriosam

488 5792 701 5848 operam
727 5781 1073 5850 probaturum
1111 5793 1176 5848 te,
1213 5800 1328 5837 curn
1360 5783 1478 5837 aliis
1504 5784 1706 5838 sincere
1733 5781 2126 5851 jndicamibns,
2160 5798 2287 5836 sane
2322 5780 2548 5849 con/ida.
2577 5779 2714 5837 Cum
2745 5780 2881 5833 enim
2909 5781 2990 5832 vir
3020 5777 3229 5835 clariss.
3269 5779 3423 5848 [lngo
3447 5779 3649 5834 Blotius
3676 5773 3726 5834 .l.
