4212 6288
565 384 585 418 ΐ

562 381 665 444 581
1816 379 2166 440 ANNALES
2203 376 2535 444 TUllClCi.

3684 378 3792 442 58?.

559 506 704 547 eius.
738 491 1018 548 Moxdiinc
1051 502 1105 549 et
1149 493 1274 549 inde
1315 511 1429 550 rem
1467 494 1871 566 cogitabundus
1918 511 2127 566 expen-
2158 503 2202 560 Α
2233 494 2541 550 includunt.
2569 491 2718 558 Quos
2760 507 2790 548 a
2824 501 2973 563 tergo
3012 507 3138 549 cum
3172 492 3311 548 'sais
3357 492 3634 549 insecutus
3672 493 3790 548 Os—

562 586 718 648 dcns,
750 601 950 653 corpus
982 587 1173 651 abluit,
1214 602 1405 655 preces
1449 601 1578 640 suas
1623 589 1879 650 absolvit,
1917 587 2132 641 habitu-

564 695 670 741 que
715 685 921 730 mutato
949 677 1178 730 Cuniam
1224 681 1526 748 proli-ctus,
1571 679 1758 730 urbem
1807 677 2128 746 ingreditur.

564 768 770 838 Agebat
799 767 926 821 istic
958 770 1042 820 vir
1077 771 1422 823 auctoritatis
1451 786 1517 823 ex
1563 769 1814 824 doctrina
1845 769 2131 830 ,maxim:e,

563 862 648 916 cui
680 878 876 915 nomen
917 860 1205 924 Edebales,
1242 877 1468 931 operum
1501 862 1730 917 effector
1755 873 1813 917 et
1861 863 2132 930 prodigio-

565 969 684 1008 rum
733 953 1164 1018 admirabilium,
1216 953 1271 1007 in
1321 969 1480 1023 quem
1522 953 1759 1022 eonjrcti
1808 963 1966 1007 erant
2011 968 2132 1007 om-

566 1045 712 1099 nium
764 1045 932 1108 oculi,
966 1043 1116 1113 quod
1166 1059 1263 1098 eos
1302 1045 1356 1097 in
1404 1044 1520 1110 leue
1554 1043 1940 1098 Ilaliumetana
1976 1043 2134 1096 insti-

566 1146 763 1197 tueret,
799 1150 861 1187 ac
892 1133 1178 1189 facultates
1205 1137 1534 1206 calernqttin
1567 1136 1936 1205 amplissimas
1958 1136 2135 1205 possi-

565 1229 736 1280 deret.
769 1226 939 1280 Etiam
975 1228 1224 1285 sultauus
1253 1227 1390 1298 ipse,
1414 1244 1572 1296 quem
1598 1228 1857 1294 diximus,
1877 1229 2135 1282 Aladines

567 1319 862 1388 plurimum
908 1318 958 1373 ei
990 1321 1284 1374 tribuebat.
1319 1321 1478 1374 Hunc
1515 1321 1605 1373 ubi
1642 1323 1988 1376 convenisset
2036 1317 2138 1372 Er-

569 1411 807 1473 tucnles,
866 1419 922 1463 ut
956 1409 1231 1464 somnium
1262 1411 1337 1463 illi
1383 1425 1545 1468 suum
1580 1421 1878 1480 exponeret
1907 1429 1923 1469 :
1956 1408 2134 1467 Vene-

569 1502 738 1554 rande
762 1503 866 1566 vir,
894 1501 993 1567 ait,
1023 1517 1121 1571 per
1145 1501 1384 1574 quietem
1414 1505 1566 1558 visus
1590 1519 1714 1558 sum
1743 1503 1926 1557 videre
1955 1504 2135 1572 splen-

567 1593 753 1646 tlorem
780 1593 944 1655 luna,
980 1593 1336 1663 prodeuntem
1359 1610 1392 1648 e
1422 1594 1544 1650 sinu
1581 1604 1701 1657 tuo,
1734 1595 1830 1664 qui
1859 1609 2042 1649 meum
2082 1595 2137 1648 in

568 1685 752 1737 sinunt
785 1691 1119 1754 penetraret.
1155 1684 1228 1740 Eo
1271 1699 1396 1738 cum
1449 1685 1666 1739 delatus
1693 1695 1861 1748 esset,
1896 1698 1960 1738 ex
2014 1699 2136 1737 utn-

571 1777 733 1830 bilico
761 1791 884 1830 meo
917 1791 1042 1829 mox
1089 1785 1306 1830 enatam
1357 1774 1529 1831 luisse
1574 1776 1850 1838 arborem.
1884 1790 2007 1844 quat
2053 1791 2139 1830 re-

2234 602 2382 650 man,
2411 587 2466 643 iu
2491 587 2688 642 itinere
2710 586 2966 656 oppidum
3002 585 3302 643 Ulubadam
3329 586 3553 643 militari
3583 601 3788 643 corona

2233 677 2424 748 cingit,
2488 679 2645 746 cujus
2702 677 2940 750 Teggiur
2991 691 3118 732 mox
3171 675 3335 732 certis
3388 678 3792 733 conditionibus

2232 786 2356 822 eum
2381 785 2448 826 eo
2482 772 2767 830 transegit.
2809 770 2946 826 lliue
2974 769 3198 826 Prusam
3244 785 3367 825 cum
3401 772 3644 827 exercitu
3672 788 3796 841 pro.

2241 874 2462 930 perans,
2496 860 2651 915 urbis
2683 862 3026 916 obsidionem
3062 862 3304 916 molitur.
3342 860 3592 932 Cumque
3620 863 3670 917 vi
3698 864 3794 915 sil-

2237 960 2405 1016 tnuta,
2436 952 2570 1006 nihil
2601 951 2920 1006 effecturum
2965 969 3026 1007 se
3074 955 3281 1009 videret
3311 954 3379 1008 ad
3431 954 3794 1025 expugnatio-

2236 1058 2362 1097 nem
2399 1060 2413 1096 :
2449 1043 2683 1113 primum
2724 1044 2777 1097 in
2809 1045 3036 1098 adversa
3074 1044 3228 1099 urbis
3254 1053 3429 1115 parte,
3458 1045 3612 1114 juxta
3639 1048 3793 1101 tlter-

2236 1149 2379 1201 mas,
2428 1150 2554 1203 quae
2603 1135 2823 1204 (laplice
2873 1135 3066 1189 Turcis
3098 1138 3380 1198 dicuntur,
3429 1135 3571 1188 vallo
3609 1136 3796 1199 ducto,

2240 1225 2634 1278 muninwntuin
2672 1242 2766 1292 pro
2797 1227 2914 1281 suis
2942 1227 3120 1294 erigit,
3153 1227 3240 1279 cui
3287 1225 3470 1280 fratris
3492 1225 3800 1282 Gundosel-

2237 1319 2321 1388 pia
2354 1318 2522 1371 lilium
2557 1319 2918 1385 Agdemurem
2957 1318 3201 1388 praeﬁcit,
3243 1317 3514 1374 hominem
3560 1320 3634 1374 rei
3685 1321 3800 1374 bel—

2239 1411 2354 1465 Iic.r
2413 1409 2823 1477 peritissimum,
2891 1410 3167 1478 adjunctis
3428 1412 3478 1464 ei
3537 1410 3801 1466 militibus

2237 1498 2493 1568 egregiis.
2542 1498 2665 1551 Inde
2723 1501 3117 1552 munimentum
3163 1501 3310 1555 aliud
3359 1500 3564 1556 excitat
3614 1517 3802 1556 versus

2237 1608 2363 1646 eum
2401 1601 2658 1650 monti-ut,
2713 1607 2872 1660 quem
2916 1591 3340 1662 Gescliidsdage,
3376 1593 3479 1646 Itoc
3509 1603 3616 1656 cst,
3647 1609 3802 1648 mon-

2238 1692 2346 1736 tem
2375 1683 2768 1736 monachorum
2803 1681 3189 1738 vocantJllius
3212 1698 3396 1738 curam
3432 1683 3806 1740 Brdebanzuco

2239 1774 2454 1831 cuidam
2485 1791 2549 1831 ex
2584 1776 2720 1839 suis,
2752 1779 2869 1829 viro
2901 1786 3146 1841 stremm,
3184 1778 3498 1832 committit.
3534 1777 3650 1832 Hoc
3692 1793 3806 1834 mo-

569 1867 759 1934 giones
791 1867 1029 1936 aliquot,
1057 1881 1122 1920 ac
1152 1867 1408 1936 praealtus
1437 1877 1679 1931 montes,
1709 1868 1963 1938 latosque
1988 1882 2137 1922 cant~
2167 1861 2210 1918 Β
2237 1866 2309 1922 do
2351 1865 2568 1920 duobus
2599 1868 2748 1921 liisce
2793 1868 3146 1921 munimentis
3205 1870 3521 1932 exstructis,
3565 1859 3621 1926 et
3668 1869 3807 1925 actis

568 1969 668 2024 pos
711 1956 905 2010 umbra
956 1971 1057 2012 sua
1109 1967 1335 2028 tegeret.
1379 1957 1458 2012 Αιι
1511 1959 1657 2028 ipsas
1685 1971 1866 2014 autem
1921 1958 2138 2016 radices

568 2048 784 2102 arboris
832 2063 1099 2115 perennes
1142 2064 1315 2120 aquas
1352 2065 1666 2120 emanasse,
1715 2051 1917 2121 quibus
1968 2053 2138 2106 vineae

571 2139 773 2206 passim
815 2149 870 2192 et
917 2139 1060 2193 horti
1136 2137 1443 2210 rigarentnr
1479 2159 1493 2194 :
1537 2157 1602 2196 ac
1642 2143 1941 2197 secundum
1997 2143 2136 2210 haec,

567 2239 921 2297 experrectus
969 2229 1068 2285 lui.
1121 2227 1487 2300 Posteaquam
1534 2231 1628 2285 diu
1666 2231 2012 2301 multumque
2053 2248 2141 2287 se-

571 2329 680 2374 met
731 2319 1015 2383 Edebalea,
1051 2321 1207 2392 quia
1264 2324 1379 2377 suis
1417 2323 1500 2376 vir
1545 2333 1769 2379 sanctus
1816 2324 2138 2391 habebatur,

571 2417 640 2468 ob
708 2417 1218 2486 interpretationem
1276 2418 1478 2472 somnii
1533 2419 1784 2475 torsisset
1841 2417 2137 2485 :tandem,

571 2509 822 2561 oratione
870 2508 936 2560 ad
993 2507 1303 2562 Ertueulem
1357 2524 1647 2575 conversa,
1719 2508 1991 2564 Nascetur
2042 2508 2140 2562 tibi

572 2595 740 2660 lilius,
779 2597 979 2664 inqttit,
1013 2601 1097 2650 vir
1125 2597 1351 2666 optime,
1385 2598 1474 2652 cui
1519 2613 1716 2654 nomen
1762 2599 1869 2652 erit
1913 2594 2140 2651 Ostnan.

573 2685 620 2737 ια
661 2687 798 2739 bella
832 2689 1067 2758 plurima
1108 2699 1279 2759 geret,
1311 2705 1378 2746 ac
1406 2693 1609 2761 posteri
1652 2690 1728 2745 tui
1779 2690 2035 2759 deinceps
2059 2704 2147 2742 re-

570 2793 663 2846 ges
736 2789 1115 2851 terrarumque
1171 2780 1443 2852 principes
1519 2792 1702 2836 erunt.
1761 2782 1873 2836 lea
1927 2794 2146 2852 quoque

575 2873 682 2925 tilia
717 2881 956 2941 nuptura
999 2881 1088 2927 est
1137 2873 1384 2936 Osniani,
1425 2887 1491 2927 ex
1537 2887 1644 2942 qua
1696 2873 2007 2943 procreabit
2057 2872 2148 2927 ille

575 2964 801 3030 liberos,
854 2965 948 3033 qui
993 2967 1196 3034 regiam
1226 2965 1294 3016 ad
1326 2962 1646 3032 dignitatem
1690 2965 2031 3033 pervenient,
2083 2975 2147 3016 ac

578 3056 791 3126 populis
813 3071 934 3111 cum
971 3056 1203 3123 imperio
1254 3063 1546 3123 praeterunt.
1583 3052 1892 3110 Secundum
1930 3053 2020 3108 illa
2051 3067 2143 3106 na-

579 3160 667 3203 tus
716 3148 819 3203 luit
864 3151 1092 3208 Osman,
1146 3149 1240 3214 qui
1301 3165 1424 3202 cum
1465 3148 1816 3214 adolevisset,
1870 3145 2146 3200 “aliume-

2242 1957 2531 2029 aggeribus
2577 1973 2641 2014 ac
2675 1958 2860 2023 lassis,
2895 1959 3173 2014 civitatem
3210 1958 3493 2014 obsessam
3528 1972 3637 2013 tam
3687 1971 3807 2014 arte

2244 2050 2583 2112 clauserunt.
2642 2063 2698 2105 ut
2753 2051 2954 2104 netnini
3006 2052 3085 2104 vel
3137 2065 3390 2106 accessus
3442 2052 3511 2106 ad
3561 2066 3680 2106 eam
3724 2050 3808 2107 vel

2243 2144 2422 2198 exitus
2473 2154 2684 2213 pateret
2715 2162 2730 2199 :
2761 2155 2924 2213 atque
2972 2145 3190 2198 interim
3254 2160 3444 2214 agrum
3495 2158 3710 2202 omnem
3746 2143 3804 2202 in

2246 2242 2569 2302 potestatem
2631 2249 2787 2288 suam
2848 2233 3199 2302 redegerunt,
3252 2234 3387 2288 nihil
3433 2245 3493 2289 ut
3542 2234 3805 2296 obsessis.

2248 2335 2443 2393 printer
2516 2325 2689 2394 ipsam
2761 2327 2969 2387 urbem,
3057 2326 3252 2394 reliqui
3327 2326 3593 2382 lacerent.
3674 2324 3810 2381 Dum

2248 2417 2437 2470 istliaec
2481 2420 2642 2471 durat
2685 2419 2921 2479 obsidio,
2967 2433 3088 2471 cum
3113 2429 3264 2487 parte
3288 2419 3564 2474 exercitus
3607 2418 3812 2474 Osinan

2247 2507 2419 2564 Gases
2447 2510 2561 2578 ipse
2587 2507 2894 2578 Neapolim,
2926 2525 3044 2578 qua:
3070 2510 3443 2565 Ceniscbelter
3468 2512 3648 2579 lingua
3675 2510 3810 2563 'l‘ur-

2249 2598 2366 2650 cica
2420 2599 2640 2660 dicitur,
2699 2598 3001 2650 iuutvndit.
3063 2596 3194 2666 Ejus
3253 2596 3465 2652 viciniae
3512 2595 3813 2651 Christiani

2251 2703 2466 2749 omnes,
2517 2688 2724 2742 coactis
2752 2690 2928 2756 copiis
2980 2690 3118 2751 suis,
3173 2705 3295 2742 cum
3341 2689 3579 2746 Osntane
3616 2689 3812 2744 confli-

2251 2791 2384 2851 gunt
2421 2796 2435 2834 :
2483 2783 2577 2833 sed
2614 2779 2816 2834 Oalllall
2854 2783 3042 2851 proelio
3098 2782 3373 2850 superior,
3409 2783 3663 2836 universa
3721 2782 3812 2836 illa

2254 2876 2476 2939 regione
2506 2871 2732 2935 potitur.
2765 2870 2838 2924 Ea
2877 2886 3006 2922 γε·Ιύ
3029 2869 3383 2924 Turcicorum
3433 2871 3688 2935 militum,
3718 2875 3813 2941 qui

2254 2963 2320 3014 de
2371 2963 2558 3030 spoliis
2593 2963 2836 3027 opulenti
2875 2970 3188 3025 evaserant,
3220 2962 3532 3030 pnesidium
3580 2966 3813 3032 accepit,

2255 3052 2460 3120 absque
2491 3053 2906 3122 provincialium
2941 3059 3161 3107 dautuo.
3209 3051 3306 3110 llis
3339 3055 3503 3111 rebus
3530 3069 3597 3112 ex
3644 3058 3816 3112 animi

2257 3144 2523 3199 sententia
2583 3143 2872 3207 conlectis,
2936 3145 3246 3199 Urclianem
3303 3147 3474 3201 lilium
3528 3150 3596 3201 ad
3647 3163 3828 3219 expu-_

577 3241 688 3295 tani
717 3242 855 3294 vatis
889 3242 1038 3293 illius
1068 3241 1232 3292 tiliam
1275 3242 1431 3293 duxit
1475 3256 1722 3302 uxorem,
1769 3240 1838 3293 de
1883 3252 1990 3308 qua
2042 3251 2142 3292 na-
2176 3212 2219 3273 ε
2253 3237 2524 3307 gnantiatn
2563 3237 2795 3289 Pruaam
2841 3237 3071 3304 ablegat.
3113 3237 3315 3291 llorum
3345 3237 3578 3292 militum
3631 3254 3816 3296 seces.

576 3341 666 3388 tus
723 3342 811 3388 est
862 3334 912 3387 ei
951 3333 1092 3386 Illius
1137 3330 1377 3388 Urcban.
1415 3331 1665 3401 Cumque
1704 3330 1999 3399 provinciis
2049 3331 2146 3380 ali-

575 3432 714 3493 quot
766 3425 1072 3492 occupatis,
1121 3423 1488 3492 principatum
1541 3421 1646 3475 sibi
1701 3422 2082 3478 constituisset
2127 3437 2142 3472 :

576 3523 785 3582 partem
815 3512 1081 3569 ditionum
1111 3516 1252 3569 inter
1279 3520 1449 3568 duces
1497 3514 1781 3576 militares,
1832 3515 1926 3583 qui
1974 3526 2038 3567 ea
2091 3514 2146 3567 in

581 3610 698 3661 loca
743 3620 871 3660 cum
904 3605 1164 3659 Ertueule
1197 3615 1351 3674 pane
1395 3615 1680 3668 venerant,
1711 3605 2006 3660 liberaliter
2035 3605 2148 3660 dis-

579 3696 774 3755 tribuit
809 3713 824 3751 :
861 3713 894 3752 a
928 3697 1133 3766 quibus
1179 3697 1283 3751 illa:
1327 3696 1576 3766 regiones
1604 3696 1876 3765 hodieque
1927 3696 2146 3750 nomina

578 3804 676 3846 sua
713 3789 922 3845 sortite
957 3800 1109 3845 sunt.
1135 3787 1323 3843 Itident
1368 3785 1606 3842 Urcbani
1649 3787 2032 3853 dttiuneulam,
2059 3790 2147 3843 cui

581 3896 779 3937 nomen
806 3881 1004 3937 Cliisar
1042 3880 1302 3952 Sangagi,
1329 3890 1384 3935 et
1427 3894 1730 3950 cegnomeu
1761 3878 1980 3949 lntmge,
2017 3895 2151 3935 con-

581 3975 772 4031 cessit.
811 3972 1017 4031 Deinde
1057 3985 1220 4028 natus
1243 3982 1332 4028 est
1374 3972 1598 4027 Osmaui
1640 3973 1785 4026 tilius
1827 3971 1986 4034 alter,
2033 3971 2150 4026 Alis

583 4071 744 4126 bassa
784 4088 800 4124 :
833 4084 999 4138 quem
1028 4077 1296 4138 perpetuo
1321 4083 1508 4121 secum
1547 4081 1671 4120 esse
1725 4064 1916 4121 voluit.
1967 4061 2151 4120 Rebus

583 4171 687 4216 boc
731 4162 896 4214 modo
923 4169 1260 4224 constitutis,
1297 4168 1447 4226 pater
1469 4169 1525 4210 et
1557 4157 1703 4211 Illius
1731 4153 1973 4217 Urcltan.
2018 4170 2152 4211 cou-

577 4254 786 4323 junctis
815 4252 1010 4321 copiis,
1045 4266 1199 4306 arma
1236 4253 1290 4304 itt
1323 4250 1671 4304 Christianos
1693 4248 2012 4318 expediunt,
2035 4260 2154 4300 omo

584 4348 670 4399 nia
710 4349 816 4399 late
861 4345 1216 4414 populantur,
1254 4356 1417 4413 agros
1464 4356 1656 4396 eorqu
1691 4350 1988 4410 occupant,
2036 4354 2154 4395 nta-

584 4452 746 4506 gnam
777 4438 1062 4492 hominum
1095 4433 1499 4490 multitudinem
1533 4433 1818 4502 utriusque
1847 4445 2017 4486 sexus
2055 4445 2150 4485 ca-

2250 3331 2404 3384 siuue
2433 3330 2682 3383 adauctis
2729 3326 3036 3384 Turcorum
3072 3331 3291 3394 castris,
3342 3334 3560 3402 gravior
3591 3334 3822 3392 inclusis

2247 3435 2368 3473 esse
2412 3419 2576 3489 coepit
2631 3419 2864 3474 obsidio.
2900 3419 3268 3486 Quamobrem
3323 3421 3532 3480 viribus
3563 3423 3821 3483 obsesso-

2249 3527 2371 3564 rum
2422 3512 2726 3576 extiaustis,
2760 3526 2884 3564 cum
2931 3513 3113 3570 omnis
3157 3513 3272 3582 jam
3335 3527 3673 3573 commeatu.
3722 3519 3822 3577 ἀι-

2251 3604 2494 3666 lecisaet,
2545 3619 2610 3657 ac
2669 3604 3031 3659 nihilominus
3089 3605 3194 3674 ipsi
3249 3615 3358 3661 tam
3419 3620 3606 3678 noctu,
3655 3627 3817 3682 quam

2252 3695 2509 3761 interdiu,
2568 3698 2622 3748 in
2671 3696 2841 3750 armis
2893 3709 3039 3762 esse,
3101 3699 3511 3768 propugnandae
3580 3702 3826 3758 civitatis

2250 3800 2436 3847 causa,
2466 3793 2792 3853 cogerentur
2821 3799 2837 3839 :
2882 3785 3096 3839 tandem
3131 3786 3247 3855 ipse
3295 3787 3552 3858 Teggiur,
3581 3790 3672 3846 cui
3720 3808 3821 3846 no-

2254 3891 2374 3928 men
2419 3873 2750 3943 Jussnpltes,
2803 3875 2976 3945 pactis
3006 3876 3526 3941 intervenientibus,
3581 3877 3826 3935 Urcbani

2251 3962 2438 4018 Prusa:
2481 3965 2817 4018 deditionem
2875 3962 3026 4019 fecit.
3062 3964 3116 4019 Is
3169 3968 3308 4021 adeo
3362 3968 3609 4040 religiose
3652 3973 3830 4040 pactis

2251 4058 2534 4112 conventis
2565 4056 2736 4117 stetit.
2791 4066 2850 4111 ut
2881 4058 3028 4111 bosti
3061 4057 3268 4128 absque
3294 4059 3406 4114 ullo
3435 4060 3830 4130 impedimento

2251 4159 2306 4205 et
2349 4149 2575 4220 injuria,
2607 4165 2734 4204 cum
2792 4165 2984 4214 uxore,
3020 4150 3231 4215 liberis,
3291 4150 3644 4208 facultatibus
3700 4159 3824 4209 uui-

2253 4243 2452 4305 versis,
2481 4241 2715 4295 abeundi
2771 4249 3096 4310 potestatem
3153 4240 3381 4305 laceret,
3437 4258 3506 4299 ue
3556 4258 3823 4317 manguro

2251 4335 2470 4405 quidem
2508 4334 2686 4386 ablato
2726 4349 2740 4384 :
2771 4333 3070 4401 statimque
3103 4341 3336 4402 patrem,
3369 4334 3662 4392 Osmanem
3713 4337 3824 4394 Ga-

2253 4443 2393 4491 sem,
2431 4425 2500 4478 de
2555 4423 2731 4479 Prusa
2757 4425 2810 4477 in
2861 4425 3196 4480 deditionem
3251 4435 3490 4495 accepta,
3538 4430 3824 4484 certiorem

585 4529 787 4602 ptivam
850 4527 1151 4583 abducunt.
1195 4525 1274 4580 ’Ἣ
1334 4526 1497 4580 etiam
1557 4522 1820 4589 adhibita,
1872 4524 2146 4578 civitatem
2180 4517 2510 4604 Dreddidit.
2565 4518 2844 4589 Occupata
2899 4516 3002 4572 luit
3051 4522 3122 4573 ab
3174 4515 3430 4575 Urcltane
3480 4517 3610 4575 Gasi
3654 4520 3829 4576 Prusa

586 4619 843 4684 lsuicam,
896 4633 1023 4673 cum
1080 4617 1277 4672 vicinis
1327 4615 1542 4684 oppidis
1587 4623 1643 4667 et
1695 4615 1933 4675 arcibus,
1968 4617 2019 4665 in
2049 4629 2151 4682 po-

587 4719 838 4766 testatem
892 4709 1168 4780 redigunt,
1214 4709 1500 4776 diripiunt.
1551 4705 1655 4772 Qui
1719 4715 1832 4757 tuin
1897 4703 2154 4773 temporis

586 4802 824 4871 'I‘eggiur
879 4800 997 4855 sive
1051 4799 1406 4868 magistratus
1452 4807 1574 4850 erat
1621 4795 1832 4857 Prusz,
1884 4793 2157 4863 adjunctis

587 4893 692 4946 sini
735 4891 1112 4959 compluribus
1139 4893 1373 4944 aliorum
1404 4886 1648 4950 auxiliis,
1674 4899 1731 4941 et
1759 4896 1950 4942 coacto
1982 4886 2156 4938 milite

587 5001 708 5049 suo,
741 4986 807 5039 de
857 4983 1208 5055 proﬂigandis
1243 4979 1439 5035 Turcis
1469 4979 1712 5049 cogitare
1748 4976 1936 5046 erepit.
1987 4975 2158 5046 Igitur

589 5081 694 5136 boc
725 5081 935 5149 magnis
959 5095 1083 5134 cum
1126 5076 1302 5146 copiis
1341 5079 1392 5130 iit
1449 5075 1662 5130 Tui-cos
1708 5075 1966 5138 ducente,
1997 5071 2156 5126 titini-

595 5188 683 5228 me
711 5184 1094 5227 consternatus
1111 5168 1339 5236 Ostnan,
1372 5171 1560 5222 animo
1593 5167 1796 5221 invicto
1824 5165 2158 5222 Christianis

589 5263 808 5317 obviam
869 5262 1075 5333 prodit.
1119 5260 1204 5314 Ad
1252 5273 1449 5313 manus
1507 5257 1598 5311 ubi
1660 5267 1881 5310 ventum
1936 5255 2156 5317 luisset,

589 5367 812 5407 strenue
845 5353 1162 5406 dimicatum
1211 5351 1510 5418 utrimque.
1558 5350 1696 5402 Caesi
1729 5349 1935 5400 lratres
1961 5346 2159 5400 (Isma-

591 5443 678 5497 uia
710 5457 778 5496 eo
818 5443 1025 5511 prelio,
1056 5439 1432 5509 Gumluselpes
1470 5453 1527 5494 et
1558 5439 1839 5507 Aidogdis.
1867 5453 1933 5488 ae
1956 5451 2158 5491 secun-

590 5532 721 5585 dum
759 5534 902 5586 viam
949 5533 1225 5602 publicam
1261 5534 1328 5586 ad
1387 5532 1523 5585 lines
1580 5529 1874 5583 Dobniuris
1931 5526 2154 5597 sepulti.

592 5623 816 5689 Oatuan,
879 5624 1140 5679 fratribus
1193 5623 1321 5676 licet
1375 5621 1619 5683 amissis,
1689 5621 1909 5674 tandem
1976 5628 2156 5671 tamen

595 5714 816 5767 victoria
847 5714 1054 5782 potitus
1091 5725 1195 5769 est.
1240 5714 1498 5782 'l‘eggiur,
1547 5708 1889 5765 Edrenosius
1925 5718 1982 5762 et
2023 5707 2159 5761 l’i-u-

595 5818 756 5872 Stena,
797 5805 928 5860 inita
959 5804 1109 5876 luga,
1155 5806 1384 5859 Prusam
1435 5804 1618 5868 delati,
1654 5809 1829 5858 semet
1860 5800 1912 5854 itt
1969 5799 2158 5854 urbem

2253 4609 2624 4664 lla-bumetani
2683 4610 2880 4664 calculi
2934 4625 3078 4664 anno
3132 4610 3239 4663 716
3295 4611 3451 4678 (Chr.
3491 4611 3671 4679 I327).
3724 4615 3820 4669 0s-

2255 4717 2382 4755 man
2439 4701 2553 4770 ipse
2613 4711 2728 4754 tum
2790 4703 3050 4771 temporis
3109 4702 3420 4771 quiescens,
3479 4707 3834 4773 occupationi

2255 4790 2444 4848 Prusae
2485 4809 2593 4847 non
2631 4793 2875 4848 interluit
2915 4793 3155 4864 :partim
3206 4804 3420 4849 tumore
3464 4797 3835 4867 cruciatuque

2258 4885 2454 4952 pedum
2486 4884 2802 4954 impeditus,
2831 4887 3027 4954 partim
3063 4891 3208 4955 quod
3240 4901 3302 4940 se
3325 4891 3620 4954 superstite
3650 4889 3828 4943 lilium
3890 4898 3894 4903 ‘

2258 4973 2566 5030 Urcbanem
2595 4977 2803 5046 aliquid
2839 4979 3055 5032 lortiter
3081 4993 3248 5046 agt-re
3275 4989 3519 5045 cuperet,
3551 4980 3620 5034 ad
3670 4982 3822 5036 exci-

2259 5067 2452 5122 tandos
2506 5071 2561 5122 iit
2609 5083 2678 5122 eo
2741 5071 2991 5138 generosi
3047 5071 3220 5124 animi
3273 5070 3504 5140 spiritus
3535 5094 3549 5108 -
3581 5071 3828 5128 'I'andeut

2256 5161 2472 5214 exactis
2511 5161 2565 5214 in
2603 5163 2832 5230 imperio
2861 5161 3052 5228 viginti
3087 5173 3214 5216 octo
3254 5163 3438 5227 annis,
3463 5163 3668 5218 Osman
3716 5161 3830 5218 Ca-

2257 5266 2350 5306 ses
2402 5257 2566 5306 vitam
2615 5267 2740 5305 cum
2777 5263 2952 5307 morte
2983 5256 3366 5308 commutavit.
3409 5252 3544 5323 Ejus
3579 5256 3698 5309 loco
3735 5271 3824 5308 re-

2261 5355 2382 5394 rum
2447 5341 2982 5398 administrationem
3062 5356 3390 5399 consecutus
3459 5355 3543 5399 est
3605 5345 3834 5401 Urclian

2261 5432 2429 5496 lilius,
2478 5447 2628 5486 anno
2683 5431 3065 5490 Maliumetano
3103 5435 3204 5490 727
3261 5434 3415 5506 (Cltr.
3471 5436 3653 5506 1528).
3685 5439 3834 5491 Ante

2261 5532 2492 5577 mortem
2547 5525 2826 5594 praecepit,
2861 5533 2924 5580 ut
2981 5523 3167 5582 Prusze
3212 5525 3269 5580 in
3325 5539 3580 5596 argentea
3643 5529 3825 5585 tumba

2261 5629 2638 5670 concamerata
2680 5618 3052 5676 conderetur:
3105 5617 3202 5673 sed
3235 5618 3397 5691 vulgo
3433 5620 3504 5673 ad
3555 5621 3835 5689 Sagunti-

2263 5719 2406 5767 cam,
2433 5707 2527 5775 qui
2585 5709 2737 5764 locus
2769 5722 2800 5763 a
2853 5709 3018 5765 salice
3073 5724 3272 5766 nomen
3333 5710 3516 5778 liabet,
3575 5712 3835 5768 conditus

2264 5800 2634 5857 existimatur.
