4212 6286
410 313 514 367 δὸῗι

1685 306 2034 362 ANNALES
2077 305 2416 364 TURCICI.

3569 304 3670 358 53ὔί

408 418 660 485 Domine,
729 417 775 473 si
841 433 938 488 per
999 430 1052 473 te
1116 417 1325 483 licebit,
1363 419 1647 490 inquiunt,
1710 434 1810 473 nos
1886 419 1997 472 duo
2025 421 2071 480 Α
2103 419 2388 483 inanitate,
2430 433 2537 487 qua
2587 418 2640 469 in
2694 417 2817 469 illos
2869 418 3106 486 priores,
3179 418 3334 472 facile
3365 418 3476 470 duo
3522 418 3672 473 istaec

407 513 604 568 fretum
638 511 742 567 hoc
784 511 1228 582 trausjiciemus,
1264 512 1549 571 tentattn-i.
1587 528 1712 566 num
1783 511 1988 579 aliquid

406 619 433 660 ι
498 604 656 660 nobis
703 603 842 659 eiiici
877 605 1071 674 possit.
1120 603 1221 660 Ubi
1280 619 1435 666 vero,
1493 605 1729 673 subjecit
1800 602 1988 661 Solei-

405 711 615 761 ntanes,
654 696 1015 765 transjecturi
1065 696 1245 752 estis?
1279 697 1458 751 Locus
1489 699 1578 752 hic
1616 698 1841 766 quidam
1879 712 1985 769 est,

400 790 678 861 inquiunt,
708 789 798 842 ubi
843 789 1022 845 facilis
1070 799 1153 846 est
1194 788 1536 859 transjecdo,
1580 808 1644 846 ex
1697 792 1989 850 intervallo

402 881 603 938 littoris
644 880 938 948 utriusque
969 897 1076 936 non
1107 897 1328 954 magno.
1384 881 1524 936 Cum
1560 884 1613 938 id
1647 882 1989 943 Soleintaues

403 974 476 1030 eis
514 986 569 1028 ut
602 973 864 1034 facerent.
896 974 1262 1042 permisisset,
1307 975 1484 1030 locum
1536 976 1714 1043 ipsum
1761 979 1986 1045 adeunt,

404 1069 578 1122 trabes
637 1084 698 1123 ac
721 1068 866 1138 ligna
918 1069 1202 1135 colligant,
1235 1078 1406 1124 ratem
1465 1069 1794 1136 coniiciunt,
1835 1083 1988 1130 trans

403 1159 599 1214 fretum
640 1171 802 1214 noctu
866 1159 918 1213 in
971 1159 1261 1215 adversum
1330 1162 1483 1215 littus
1539 1163 1844 1232 appellunt,
1896 1182 1988 1233 per

404 1257 584 1307 vincas
622 1260 796 1308 semet
829 1252 1058 1317 abduttt,
1096 1252 1354 1307 idoneum
1379 1255 1673 1322 quemdam
1733 1256 1988 1313 instituto

403 1358 499 1397 suo
573 1341 950 1397 Christianum
1007 1344 1256 1412 capiunt.
1314 1341 1450 1396 Eum
1525 1360 1660 1399 vero
1736 1347 1990 1404 celeriter

402 1441 714 1506 abreptum,
771 1438 988 1506 ratique
1064 1437 1412 1507 impositum,
1465 1438 1600 1493 hero
1660 1454 1762 1494 suo
1824 1441 1993 1497 Solei-

400 1530 570 1592 mani,
615 1538 874 1599 superato
909 1544 1132 1584 rursum
1207 1528 1372 1596 freto,
1422 1533 1650 1588 sistunt.
1701 1533 1749 1589 ls
1808 1534 1991 1590 homi-

402 1635 522 1673 nem
574 1619 808 1689 benigne
836 1623 1111 1690 excipere,
1199 1623 1395 1677 vestitu
1426 1638 1570 1678 novo
1609 1623 1840 1689 donare,
1868 1642 1989 1680 ntu—

402 1711 624 1767 nerihus
689 1711 812 1766 aliis
880 1713 1166 1768 delinitum
1230 1713 1567 1785 interrogare
1608 1735 1620 1770 ε
1658 1715 1842 1786 Ecqua
1901 1720 1984 1772 via

2094 509 2319 564 Grecize
2368 522 2550 564 castra
2607 525 2765 564 suam
2817 510 2870 563 in
2931 520 3259 580 potestatem
3328 511 3672 580 redegerunt.

2097 600 2300 656 llarum
2366 618 2571 668 rerum,
2622 612 2728 656 taut
2797 601 3033 657 feliciter
3063 604 3115 656 in
3156 601 3421 655 Bouiania
3491 612 3674 671 gesta-

2095 711 2236 756 rum,
2299 693 2444 749 fama
2473 711 2598 748 cum
2652 694 2720 748 ad
2768 693 2982 750 Turcns
3045 695 3096 748 in
3131 695 3316 748 Asiam
3344 708 3495 747 trans
3526 709 3676 746 mare

2093 788 2300 859 perlata
2356 788 2590 852 fuisset,
2627 789 3020 858 quantpluritni
3057 799 3251 857 sponte
3285 805 3382 842 sua
3441 791 3668 858 trausje~

2092 888 2309 946 ceruut,
2363 891 2530 949 atque
2584 879 2687 933 hoc
2729 881 2893 934 modo
2957 881 3165 949 passim
3210 895 3305 949 per
3362 879 3671 932 universam

2093 973 2420 1028 itomaniam
2448 971 2653 1026 diditus
2676 984 2759 1028 (εει
2786 976 2852 1028 de
2883 973 3186 1027 Turcorum
3209 973 3442 1026 adventu
3465 987 3671 1026 rumor.

2093 1064 2279 1136 Neque
2313 1067 2484 1140 inuito
2513 1075 2636 1136 post
2667 1063 2936 1134 praemissi
2993 1063 3166 1132 fuere,
3213 1066 3305 1133 qui
3359 1063 3672 1132 Callipolim

2095 1169 2387 1216 tentarent.
2422 1162 2557 1230 Ejus
2585 1162 2686 1214 loci
2713 1157 2970 1232 Tcggiur,
2999 1161 3385 1216 animadverso
3422 1173 3668 1223 iamsuo,

2091 1269 2254 1321 quam
2317 1269 2546 1308 suorum
2618 1253 2882 1321 periculo,
2953 1254 3306 1322 collectisque
3364 1255 3672 1322 perexiguis

2091 1346 2534 1400 Christianorum
2592 1345 2788 1414 copiis,
2832 1346 3080 1398 animose
3123 1359 3245 1398 cum
3303 1343 3496 1398 Turcis
3532 1360 3674 1398 con-

2089 1437 2263 1494 flixit:
2298 1440 2390 1493 sed
2421 1437 2612 1508 przelio
2647 1438 2846 1502 vietus,
2874 1437 3012 1490 intra
3046 1437 3404 1491 munitionem
3435 1454 3493 1492 se
3518 1453 3672 1492 rece-

2091 1532 2187 1602 pit.
2243 1529 2406 1585 Turci
2466 1532 2676 1585 hostem
2702 1546 2755 1584 ta
2791 1543 2943 1600 tergo
3003 1531 3198 1595 secuti,
3231 1545 3421 1600 agrum
3448 1544 3665 1583 omnem

2090 1631 2385 1690 occupant,
2421 1631 2473 1675 et
2529 1622 2582 1676 in
2620 1619 2796 1676 reditu
2860 1621 3032 1688 ipsam
3089 1636 3308 1692 quoque
3358 1620 3669 1690 Callipolim

2089 1714 2193 1768 sibi
2253 1729 2376 1768 cum
2411 1728 2540 1768 arce
2593 1713 2913 1781 subjiciunt.
2972 1711 3199 1768 Factum
3245 1715 3350 1769 hoc
3383 1730 3529 1768 anno
3558 1714 3674 1767 Ma-

403 1801 470 1856 sit
521 1802 574 1856 in
601 1802 866 1873 oppidum
891 1804 1184 1858 adversum
1216 1806 1600 1874 perveniendi,
1641 1806 1976 1864 Christianis
2009 1795 2058 1856 Β
2088 1811 2385 1862 humetano
2415 1807 2514 1861 758
2546 1805 2696 1876 (Chr.
2725 1807 2911 1872 i357).

402 1896 591 1951 insciis
622 1905 680 1951 et
741 1895 1187 1968 imprudentibus
1220 1898 1244 1950 τ
1277 1897 1401 1952 Mox
1454 1900 1541 1955 ille
1570 1917 1584 1954 :
1619 1901 1824 1956 Ducam
1887 1917 1984 1957 vos

400 1989 676 2058 equidem,
715 1988 811 2052 ait,
869 2004 966 2060 per
1015 1991 1288 2060 ejusmodi
1348 1992 1512 2057 viam,
1565 2003 1624 2049 ιιι
1682 2010 1712 2047 a
1765 1996 1986 2050 nemine

400 2081 842 2152 conspiciantini.
909 2081 1032 2149 Quo
1057 2085 1363 2152 intellecto,
1423 2085 1676 2158 colligari
1737 2089 1984 2158 complu-

401 2189 489 2232 res
540 2173 764 2229 arbores
797 2173 1142 2231 Soleiutaues
1180 2178 1434 2247 imperat,
1486 2177 1725 2237 Dictum.
1751 2179 1977 2235 factum.

403 2267 460 2324 lu
529 2284 647 2325 eam
722 2280 916 2336 ratein,
1015 2288 1228 2326 summa
1300 2288 1431 2326 usus
1479 2274 1783 2334 celeritate,
1856 2289 1982 2328 cum

403 2367 749 2438 septuaginta
806 2366 889 2421 vel
942 2367 1224 2433 octoginta
1289 2364 1515 2420 selectis
1570 2366 1838 2420 militibus
1888 2365 1978 2420 in-

402 2457 537 2520 silit,
601 2473 666 2511 ac
710 2467 875 2510 noctu
927 2455 1218 2524 transjicit.
1270 2454 1463 2523 Hagua
1511 2454 1714 2510 deinde
1763 2457 1982 2510 solertia

404 2552 681 2605 ducuntur
732 2565 763 2604 a
818 2552 1036 2618 captivo
1072 2548 1391 2604 Christiano
1450 2549 1516 2600 ad
1568 2557 1810 2603 castrum
1877 2548 1984 2603 Ze-

405 2642 707 2708 utenicutn,
757 2643 811 2696 in
858 2642 1017 2711 cujus
1077 2641 1226 2696 aditu
1281 2641 1506 2710 quidam
1553 2657 1583 2696 e
1625 2641 1755 2695 ﬁmo
1825 2645 1983 2711 quasi

404 2737 647 2790 tumulus
703 2735 840 2791 situs
910 2741 1075 2798 erat,
1135 2734 1312 2804 ipsius
1380 2735 1549 2789 castri
1634 2737 1980 2792 altitudinem

405 2843 649 2895 aequatis.
683 2827 926 2881 Aberant
946 2835 1130 2882 castro
1170 2827 1384 2890 incolae,
1415 2827 1674 2880 nimirum
1707 2827 1798 2882 illo
1847 2838 1987 2883 tem-

410 2935 538 2990 pore
559 2919 709 2982 anui,
740 2933 852 2987 quo
892 2919 1212 2988 colligendis
1241 2935 1304 2972 ac
1337 2919 1664 2976 trituraudis
1698 2922 1981 2991 segetibus

409 3010 642 3081 quisque
702 3011 834 3065 foris
891 3013 1131 3068 intentus
1150 3020 1287 3067 erat.
1328 3011 1438 3066 ilac
1465 3013 1782 3072 solitudinis
1824 3029 1985 3071 ocea-

408 3108 562 3160 sione
612 3107 720 3167 usi,
749 3114 912 3159 noctu
942 3122 1037 3176 per
1068 3107 1220 3160 illum
1268 3108 1479 3172 limum,
1516 3123 1682 3178 quem
1711 3107 1981 3172 diximus,

409 3200 464 3254 in
521 3213 758 3253 casuum
788 3198 1052 3262 eradunt.
1074 3214 1246 3269 eoque
1273 3201 1582 3270 potiuntur.
1637 3200 1796 3258 Nulla
1827 3203 1985 3273 vulgo

406 3291 848 3349 Christianorum
910 3292 1058 3348 illata
1105 3294 1188 3348 vis
1243 3293 1365 3360 fuit,
1448 3304 1543 3350 aut
1603 3295 1986 3368 injuria:st

323 3388 327 3392 ’
405 3381 647 3440 exhibita
703 3384 889 3454 potius
912 3385 1320 3451 benevolentia,
1345 3387 1584 3458 dataque
1629 3389 1983 3444 munuscula.

407 3477 483 3532 De
534 3475 827 3550 praecipuis
885 3489 1070 3536 autem
1114 3479 1257 3548 capti
1290 3479 1540 3549 quidam,
1592 3489 1649 3536 et
1681 3482 1749 3536 ad
1772 3482 1986 3553 navigia

405 3569 655 3633 deducti,
719 3584 844 3638 quae
897 3569 1024 3626 istic
1074 3573 1313 3641 inportu
1381 3582 1768 3642 repertasnut,
1833 3584 1986 3628 trans

407 3662 630 3723 fretum,
678 3673 777 3730 pro
845 3657 1094 3716 victoriae
1150 3670 1501 3730 argumento,
1567 3663 1633 3718 ad
1711 3664 1985 3732 reliquum

409 3752 716 3807 exercitum
747 3751 900 3808 missi
929 3750 1174 3808 fuerunt.
1200 3751 1420 3809 Eisdem
1451 3754 1689 3825 navigiis
1720 3758 1777 3810 in
1808 3758 1985 3812 reditu

411 3841 532 3910 pius
574 3844 756 3896 minus
817 3841 1048 3897 ducenti
1118 3842 1320 3898 milites
1380 3842 1701 3910 transvecti,
1763 3861 1821 3900 se
1864 3860 1986 3900 cum

409 3934 744 3998 Soleimane,
779 3934 1105 4005 ceterisque
1149 3934 1361 3997 Turcis,
1397 3937 1452 3990 in
1513 3937 1714 4007 oppido
1749 3939 1988 4006 conjun-

413 4035 636 4081 xerunt.
712 4026 841 4082 inde
908 4043 1033 4083 cum
1103 4028 1330 4083 navibus
1406 4027 1654 4096 aliquot,
1711 4028 1989 4098 equitibus

409 4121 572 4175 etiam
627 4119 938 4184 instructis,
1007 4118 1103 4188 qui
1166 4129 1310 4173 terra
1343 4119 1449 4172 iter
1489 4118 1758 4184 facerent,
1812 4121 1992 4176 Bolai-

411 4229 526 4266 rem
572 4210 710 4267 Ezes
746 4213 916 4280 begus
957 4212 1136 4282 petiit.
1197 4211 1294 4266 Est
1338 4222 1524 4266 autem
1559 4224 1779 4281 propter
1812 4212 1992 4268 Bolai-

411 4321 522 4361 rem
550 4315 739 4376 portus
800 4306 991 4371 maris,
1028 4305 1121 4368 qui
1173 4302 1372 4359 Portus
1420 4305 1577 4360 albus
1625 4306 1849 4360 dicitur.
1912 4304 1990 4358 Eo

407 4402 462 4454 in
507 4411 666 4469 porto
723 4399 1012 4469 complura
1069 4397 1285 4468 navigia
1361 4407 1494 4453 tunc
1545 4409 1728 4464 erant,
1783 4399 1988 4469 quibus

2162 1901 2330 1971 Capta
2381 1897 2658 1970 Gallipoli,
2713 1916 2843 1956 suos
2903 1900 3246 1957 Soleimanes
3314 1904 3549 1975 ablegat,
3613 1914 3672 1958 ut

2092 2008 2255 2058 agros
2287 1991 2573 2061 Cherepoli
2622 2001 2677 2047 et
2719 1994 2879 2046 Zorlo
2909 1992 3121 2046 vicinos
3173 1994 3588 2062 popularentur,
3621 2005 3678 2049 et

2092 2084 2237 2138 ferro
2270 2097 2434 2154 atque
2478 2085 2588 2153 igni
2625 2095 2903 2138 vastarent
2935 2102 2948 2138 :
2988 2085 3084 2154 qtti
3118 2085 3278 2154 longe
3331 2084 3545 2156 lateque
3595 2088 3678 2138 di-

2093 2177 2259 2246 reptis
2292 2177 2565 2242 omnibus,
2626 2178 2835 2248 absque
2883 2193 3035 2233 mora
3099 2177 3407 2246 Callipolim
3475 2178 3675 2232 reversi

2091 2283 2241 2325 sunt.
2270 2269 2507 2327 Habebat
2536 2285 2726 2326 secum
2760 2271 2899 2326 duos
2928 2287 2993 2326 ex
3034 2271 3182 2326 omni
3215 2287 3445 2326 numero
3483 2286 3677 2340 proce-

2095 2378 2212 2417 rum
2240 2364 2406 2420 duces
2439 2364 2695 2427 eximios,
2731 2361 3069 2419 Eorenosem
3111 2363 3332 2434 hegum,
3370 2374 3424 2418 et
3449 2362 3672 2418 Chasim

2093 2454 2231 2511 Elim
2263 2457 2482 2528 begum.
2523 2455 2587 2509 Hi
2616 2455 2824 2510 nullum
2858 2455 3194 2511 Christianis
3236 2466 3452 2525 tempus
3485 2472 3514 2510 a
3545 2472 3673 2525 per-

2093 2548 2272 2619 petuis
2295 2547 2679 2604 vexationibus
2715 2564 2947 2604 vacuum
2982 2549 3311 2619 relinquere,
3351 2549 3442 2604 sed
3470 2550 3676 2617 absque

2094 2641 2503 2696 intermissione
2533 2639 2805 2696 Dimotuci
2838 2657 2903 2697 ac
2935 2639 3270 2712 Burgnsines
3295 2658 3456 2712 agros
3489 2659 3675 2710 ager»,

2093 2735 2262 2799 ferre,
2293 2748 2534 2802 moxque
2601 2748 2729 2788 cum
2788 2734 2905 2790 suis
2961 2733 3268 2799 Callipolim
3310 2751 3367 2790 se
3411 2735 3675 2804 recipere.

2093 2825 2230 2880 Dum
2286 2827 2355 2880 ab
2388 2825 2498 2881 illis
2538 2839 2602 2880 ea
2635 2833 2932 2894 geruntur,
2965 2824 3311 2882 Soleitnanes
3342 2828 3502 2881 bassa
3536 2844 3676 2894 quo-

2094 2918 2221 2973 dam
2255 2918 2345 2974 die
2403 2928 2659 2972 venatum
2691 2917 2744 2971 in
2789 2931 2935 2986 equo
2967 2918 3146 2986 prodit
3178 2956 3194 2982 ,
3229 2919 3559 2988 inventoque
3607 2920 3675 2971 Ir-

2094 3024 2247 3076 pore,
2282 3024 2406 3064 mox
2444 3010 2597 3064 illum
2657 3017 2718 3064 ut
2777 3020 3016 3077 caperet,
3074 3025 3276 3080 equum
3319 3010 3382 3063 :id
3448 3026 3671 3065 cursum

2094 3104 2266 3173 adigit
2303 3121 2316 3156 :
2354 3103 2449 3174 qui
2507 3101 2649 3157 forte
2682 3102 2905 3158 fortuna
2957 3105 3095 3172 pede
3157 3106 3328 3158 altero
3364 3104 3583 3158 delatus
3618 3105 3672 3157 in

2015 3171 2061 3231 θ
2092 3197 2346 3252 scrobem
2379 3197 2696 3266 quamdam,
2723 3212 2829 3252 una
2856 3213 2983 3252 cum
3022 3197 3248 3251 demitto
3273 3199 3504 3260 corruit,
3525 3213 3672 3251 eum-

2089 3304 2196 3357 que
2227 3287 2310 3344 sic
2368 3289 2524 3345 humi
2561 3287 2756 3344 afﬂixit
2785 3330 2800 3352 ,
2842 3301 2901 3343 ut
2937 3290 3136 3345 ibidem
3173 3289 3466 3343 confestim
3494 3291 3675 3360 exspi-

2091 3391 2254 3442 raret.
2288 3399 2432 3438 anno
2473 3380 2861 3436 Mabumrtaun
2896 3382 2998 3437 759
3029 3382 3184 3451 (Cbr.
3220 3382 3402 3450 1557).

2161 3472 2360 3529 Eodem
2409 3483 2648 3544 tempore
2706 3487 2956 3528 mortuus
2991 3484 3077 3529 est
3126 3475 3293 3527 etiaut
3329 3474 3670 3528 Soieimaues

2089 3567 2262 3623 bassze
2291 3576 2464 3637 pater,
2497 3566 2719 3624 Urchan
2754 3568 2949 3625 Casca.
2984 3569 3088 3624 Sed
3123 3569 3271 3626 (ilius
3307 3573 3522 3626 duobus
3551 3580 3677 3625 ante

2088 3671 2298 3732 patrem
2334 3663 2616 3719 mensibus
2635 3663 2944 3719 exstinctus
2977 3673 3082 3719 est.
3114 3662 3394 3720 Successit
3420 3665 3474 3720 itt
3507 3664 3678 3731 impu-

2090 3758 2170 3810 rio
2201 3766 2430 3826 paterno
2456 3756 2628 3816 Gasos
2665 3756 2908 3814 Murates
2954 3757 3128 3820 Chan,
3158 3759 3252 3828 qui
3284 3757 3512 3813 Prusam
3549 3774 3676 3828 pro-

2091 3847 2290 3912 fectus,
2357 3865 2617 3919 magnum
2673 3864 2741 3904 ex
2773 3850 3041 3906 Carasina
3085 3851 3326 3921 regione,
3355 3853 3679 3918 cat-terisque

2090 3938 2414 4004 provinciis,
2446 3939 2746 3995 exercitum
2774 3940 3014 4012 collegit.
3067 3943 3196 3996 Erat
3230 3943 3282 3995 in
3335 3943 3555 3995 civitate
3578 3941 3679 3994 8a:-

2091 4029 2279 4095 lezuga
2310 4027 2729 4085 Mahumetanus
2771 4031 3020 4100 quidam,
3055 4033 3342 4103 religiosus
3370 4044 3424 4087 et
3465 4049 3676 4102 magme

2092 4122 2176 4175 vir
2198 4124 2646 4188 existimationis,
2681 4126 2774 4181 cui
2811 4141 3012 4182 nomen
3048 4125 3380 4182 Zenderines
3406 4127 3672 4180 Clielilcs.

2093 4210 2232 4267 Eum
2256 4215 2318 4269 ad
2348 4231 2407 4270 sc
2431 4227 2684 4272 vocatum
2713 4217 3083 4274 Cadilcscheri
3104 4219 3284 4273 ollicin
3312 4221 3460 4287 fungi
3484 4220 3674 4289 jussit.

2094 4304 2234 4362 Hinc
2265 4323 2392 4362 cum
2416 4321 2706 4366 meonomo
2760 4315 2922 4384 regia:
2961 4329 3074 4367 sua:
3125 4313 3414 4376 Scaehine,
3453 4330 3516 4368 ae
3551 4320 3676 4366 nni-

2096 4398 2272 4454 versis
2302 4401 2499 4469 copiis,
2534 4401 2844 4474 Gallipolim
2907 4405 3210 4474 transjecit,
3243 4421 3308 4461 ac
3362 4419 3507 4461 recta
3537 4407 3674 4459 Zor-

409 4492 529 4558 igne
591 4491 798 4561 injecto
826 4491 1154 4561 absumptis,
1181 4489 1538 4546 Zemenicum
1590 4491 1940 4546 reversisunt
1969 4531 1984 4558 ,
2013 4516 2067 4577 ι)
2097 4488 2210 4543 lunt
2237 4491 2544 4548 contendit.
2579 4492 2713 4560 Ejus
2754 4495 2853 4552 loci
2887 4496 3213 4565 praesidiarii
3251 4507 3303 4552 et
3338 4499 3530 4552 incola:
3566 4498 3680 4552 for-

407 4593 460 4636 et
507 4583 780 4651 reliquum
838 4583 1165 4647 exercitum,
1215 4583 1450 4638 navibus
1513 4583 1853 4652 impositum,
1931 4586 1985 4638 in

411 4676 681 4746 Europam
711 4676 1293 4746 transportaruntJloc
1321 4677 1483 4731 modo
1539 4675 1704 4731 Turci
1747 4677 1984 4748 primum

413 4766 752 4820 iuGraeciaui
791 4768 984 4835 pedem
1013 4769 1343 4822 intulerunt.
1383 4767 1664 4836 Occupato
1688 4769 1982 4824 Zementco

414 4875 536 4911 trum
582 4875 812 4927 magnus
850 4859 963 4925 jam
989 4857 1296 4914 Turcorum
1325 4875 1588 4915 numerus
1632 4861 1687 4914 itt
1715 4862 1985 4917 Graeciam

411 4964 561 5006 trans
611 4968 762 5007 mare
819 4954 1182 5022 pervenisset,
1239 4953 1404 5009 nullis
1461 4956 1724 5010 oneribus
1785 4958 1986 5011 moles-

413 5047 569 5101 tiisve
604 5043 932 5108 Christiani,
986 5046 1052 5100 ad
1101 5047 1362 5116 oppidum
1430 5046 1560 5100 illud
1623 5047 1983 5115 pertinentes,

414 5141 480 5195 ab
527 5140 608 5193 eis
644 5137 852 5207 gravati
885 5151 1038 5199 sunt,
1083 5138 1178 5192 sed
1211 5148 1550 5192 transartunt
1588 5143 1728 5193 inter
1778 5151 1985 5194 utram-

412 5247 517 5299 que
547 5243 752 5299 partettt
810 5231 1220 5300 constitutaque
1247 5246 1375 5297 pax.
1401 5229 1517 5283 Non
1545 5247 1743 5283 uxores
1771 5247 1984 5296 eorum,

415 5339 525 5374 non
556 5323 711 5374 liberi
766 5322 976 5383 violati,
1012 5323 1103 5376 sed
1165 5338 1226 5373 ea
1271 5337 1392 5374 cum
1422 5321 1582 5390 315
1617 5321 1988 5376 moderatione

416 5417 600 5478 habiti,
659 5428 716 5468 ttt
755 5414 1050 5468 Zemeuico
1103 5414 1318 5468 ﬁnitimi
1359 5415 1659 5468 Christiani
1694 5417 1987 5483 perluben-

417 5516 496 5560 ter
516 5524 571 5563 se
599 5507 794 5560 Tutcis
821 5507 1223 5560 submitterent.
1253 5506 1295 5555 Α
1327 5505 1616 5558 Zemenico
1665 5521 1772 5559 noti
1830 5507 1990 5575 longe

415 5604 578 5654 distat
640 5602 786 5653 aliud
867 5601 1150 5667 oppidum,
1215 5599 1563 5666 Agaslevina,
1591 5614 1700 5667 quo
1757 5609 1813 5651 et
1869 5602 1988 5668 ipso

418 5696 564 5747 nullo
621 5697 834 5763 negotio
896 5693 1068 5760 potiti,
1125 5708 1250 5744 cum
1319 5691 1647 5744 Christianis
1699 5691 1819 5760 ejus
1875 5694 1987 5762 agri

418 5805 600 5856 parent
657 5796 1012 5852 componunt,
1081 5786 1380 5849 eademque
1442 5785 1496 5839 in
1565 5788 1662 5838 hos
1727 5787 1808 5837 usi
1888 5787 1990 5840 bu-

735 5880 980 5937 i‘a't‘nut.
1036 5882 1150 5938 (Pu.
1196 5878 1398 5936 (ZUX.

2094 4583 2303 4638 tissime
2351 4586 2570 4653 quidem
2608 4587 2686 4640 illi
2733 4603 2794 4642 se
2845 4588 3236 4654 defendebant,
3289 4590 3382 4644 sed
3410 4591 3672 4660 oppidum

2091 4686 2272 4732 tamen
2303 4690 2675 4749 expugnatum
2707 4682 2753 4734 vi
2789 4680 2914 4736 fuit.
2955 4681 3128 4752 Capta
3160 4682 3358 4737 deinde
3398 4683 3507 4746 Sis,
3535 4681 3676 4752 Teg-

2090 4772 2244 4839 giure
2273 4772 2603 4826 deditionem
2635 4772 2888 4830 faciente.
2922 4775 3041 4831 Mox
3068 4776 3204 4830 itum
3230 4791 3424 4832 versus
3458 4777 3670 4846 Burgo-

2091 4866 2271 4933 sinen,
2333 4883 2455 4936 qua
2526 4870 2743 4925 inventa
2828 4870 2926 4925 fuit
3005 4872 3404 4927 habitatoribus
3479 4889 3672 4940 vacua,

2089 4960 2418 5016 Christianis
2451 4963 2575 5033 fuga
2620 4965 2846 5032 dilapszs
2882 4981 2897 5017 :
2932 4966 3166 5036 ideoque
3215 4967 3412 5022 Turcis
3455 4967 3669 5034 ingres-

2091 5069 2189 5108 sus
2222 5070 2236 5116 ;
2273 5055 2395 5125 igne
2427 5055 2624 5110 deleta.
2656 5055 2732 5110 Ex
2766 5060 2933 5113 altera
2963 5071 3115 5128 parte
3149 5061 3390 5132 regionis
3423 5064 3669 5114 Eureno-

2091 5160 2180 5200 ses
2207 5157 2378 5215 begus
2433 5162 2582 5202 arma
2615 5164 2739 5204 cum
2778 5151 2944 5205 Chazi
3007 5153 3085 5206 Eli
3125 5153 3257 5220 begu
3281 5153 3620 5207 circumtulit
3656 5170 3669 5203 :

2091 5255 2121 5290 a
2155 5239 2356 5306 quibus
2387 5239 2692 5294 adamnem
2721 5241 2978 5296 Merizam
3010 5255 3332 5313 occupatum
3359 5244 3673 5299 fuitcastelo

2093 5329 2230 5395 ium,
2261 5332 2348 5383 cui
2380 5342 2436 5386 et
2470 5333 2571 5400 ipsi
2621 5349 2819 5388 nomen
2862 5336 3069 5406 Burgus
3108 5356 3120 5391 :
3169 5340 3414 5408 adeoque
3459 5345 3528 5393 ab
3572 5341 3676 5392 hoc

2093 5435 2293 5477 eventu
2355 5426 2408 5479 in
2470 5425 2796 5482 hodiernum
2844 5445 3018 5501 usque
3053 5430 3195 5484 diem
3237 5431 3348 5485 Elis
3383 5435 3500 5500 ιλεεὶ
3537 5432 3674 5483 Bur-

2095 5533 2192 5584 gos
2223 5517 2444 5571 dicitur.
2482 5517 2538 5572 Iit
2565 5534 2630 5572 eo
2661 5522 2888 5575 castello
2929 5522 3128 5578 Chazis
3168 5523 3402 5592 Elbegus
3436 5523 3674 5578 interdiu

2095 5609 2268 5676 quieti
2298 5625 2355 5663 se
2378 5612 2539 5662 dahat
2582 5627 2596 5662 :
2630 5613 2723 5665 sed
2758 5625 2944 5682 pestea
2991 5631 3151 5677 quam
3195 5631 3298 5668 nos
3339 5616 3674 5683 :ippetiisset.

2098 5703 2376 5767 perpetuis
2408 5703 2831 5757 estrursionibus
2865 5706 3104 5757 vicissim
3131 5707 3368 5773 quietem
3406 5704 3678 5756 Christia-

2099 5806 2294 5844 norunt
2338 5793 2612 5847 ttttbahat.
2657 5793 2802 5847 idem
2839 5798 3023 5850 missis
3057 5797 3520 5864 exploratoribus,
3577 5795 3677 5848 im-

3147 5890 3218 5947 19
