4212 6286
537 360 643 425 587

1801 354 2004 414 ANNA
2019 353 2154 411 LES
2194 353 2534 413 ’I‘URIIICI.
3705 358 3804 418 58?

528 474 850 544 prudentem
879 470 1147 527 Dimotuci
1182 469 1507 542 Teggiurem
1535 469 1813 539 Oppressit
1839 480 1892 523 et
1932 470 2106 523 inter-
2140 477 2180 528 Α
2217 468 2345 521 libet
2372 468 2607 521 aliarum
2651 482 2857 530 rerum,
2896 468 3086 537 quinta
3121 481 3353 537 quteque
3380 466 3804 536 portiojm-iPa-

526 568 691 636 cepit,
714 576 875 634 atque
911 566 1014 619 hoc
1042 562 1206 618 modo
1235 572 1460 634 captum
1487 562 1553 616 ad
1589 562 1773 631 Oppidi
1796 563 1996 615 mtenia
2016 563 2111 615 de-

525 656 700 709 duxit.
734 653 869 707 Cum
903 655 955 705 in
985 653 1162 708 hostis
1188 664 1456 722 potestate
1483 654 1845 706 constitutum
1874 650 2111 721 Teggiu-

524 762 642 802 rem
690 762 847 802 suum
883 757 993 800 tam
1034 746 1315 816 oppidani,
1373 761 1538 816 quam
1594 749 1736 801 arcis
1781 744 2107 817 prasidiarii

525 840 793 902 viderent,
829 841 992 894 certis
1021 839 1428 893 conditionibus
1480 853 1603 893 eum
1640 838 1811 892 Chazi
1848 838 1930 893 Eli
1972 837 2109 905 bcgo

524 931 856 1001 transigunt,
891 931 1051 999 eique
1081 932 1360 984 civitatem
1384 945 1509 985 cum
1546 946 1671 984 arce
1706 932 1932 985 dedunt.
1956 928 2111 983 Nihi—

523 1024 765 1079 lominus
796 1022 981 1089 Turci,
1015 1022 1296 1077 deditione
1327 1023 1494 1087 facta,
1523 1021 1845 1093 Teggiurem
1871 1022 2105 1077 liberum

519 1126 574 1167 o-t
603 1116 931 1170 incolumem
967 1116 1117 1170 abire
1164 1116 1512 1184 permittunt.
1548 1114 1833 1169 Dimotnco
1877 1116 2106 1185 potitus.

520 1206 779 1278 Ypsalam
833 1226 956 1263 cum
994 1210 1236 1264 exercitu
1275 1210 1472 1277 pergit,
1512 1218 1572 1263 ut
1611 1218 1661 1261 et
1697 1208 1827 1262 illud
1846 1209 2105 1278 Oppidum

510 1310 876 1369 expugnaret,
923 1316 986 1355 ac
1018 1303 1119 1353 sub
1150 1298 1343 1368 jugum
1383 1300 1649 1354 mitteret.
1685 1297 1895 1354 Interea
1931 1300 2106 1355 Gases

517 1393 680 1446 etiam
721 1392 963 1447 Murates
1007 1394 1057 1446 in
1091 1394 1260 1445 armis
1284 1402 1423 1453 erat,
1458 1390 1904 1459 Hadrianopolim
1943 1394 2106 1446 inva-

521 1496 708 1535 surus.
746 1480 1013 1535 Pi'aelnisit
1039 1496 1167 1535 vero
1198 1481 1547 1542 Scachiuem,
1569 1496 1917 1535 (ecetmmum
1944 1484 2107 1550 regia!

518 1551 653 1639 suae,
688 1588 812 1626 cum
847 1583 1002 1640 parte
1026 1573 1332 1643 copiarum,
1384 1574 1477 1643 qui
1538 1573 1603 1625 de
1630 1573 1963 1628 Christianis
2012 1589 2108 1643 pe—

516 1666 753 1721 riculum
790 1667 1018 1731 faceret,
1080 1668 1299 1723 bostine
1357 1666 1580 1721 ohviam
1613 1666 1763 1731 ituri,
1815 1683 1981 1735 seque
2011 1667 2107 1721 dc—

517 1759 721 1814 fensuri
772 1770 981 1814 essent.
1018 1758 1191 1830 Ilujus
1225 1761 1460 1815 adventu
1508 1760 1756 1829 cognito,
1798 1760 2101 1814 Christiani

516 1868 643 1907 mox
681 1854 735 1905 in
765 1852 937 1907 aciem
981 1856 1245 1908 adversus
1296 1868 1422 1907 cum
1473 1855 1768 1923 prodeunt.
1829 1851 2099 1925 Utiinque

512 1947 831 2001 dimicatum
858 1948 1152 2009 acerrime,
1198 1947 1383 1999 multis
1411 1944 1479 1998 ah
1521 1955 1756 2015 utraque
1794 1957 1949 2015 parte
1985 1962 2099 2001 cte-

513 2040 589 2094 sIs
616 2047 669 2094 et
700 2038 1059 2109 interemptis.
1100 2037 1347 2093 Tandem
1371 2038 1439 2091 de
1469 2040 1664 2094 ardore
1690 2048 1857 2108 atque
1889 2041 2096 2112 impetu

513 2147 615 2187 suo
653 2131 953 2187 Christiani
990 2130 1244 2188 nonnihil
1276 2130 1560 2198 remisere,
1584 2147 1753 2202 seque
1779 2133 1921 2186 intra
1969 2150 2097 2187 mu-

515 2239 606 2279 ros
641 2222 796 2280 urbis
828 2233 885 2279 et
923 2225 1338 2294 propugnacula
1386 2235 1735 2294 receperunt.
1772 2224 2094 2293 Scachines,

514 2316 682 2372 misso
710 2315 928 2378 mmtio.
966 2314 1236 2372 Muratem
1266 2314 1468 2372 Casem
1502 2317 1578 2372 rei
1612 2318 1749 2371 bene
1778 2331 1941 2390 gesta:
1976 2336 2096 2375 cer-

512 2408 707 2463 tiorem
735 2408 890 2473 facit,
927 2409 1089 2479 eique
1127 2409 1307 2478 capita
1356 2423 1626 2464 caesorum
1662 2410 1871 2479 aliquot
1917 2420 2096 2468 trans-

512 2500 698 2553 mittit.
725 2497 948 2555 Iuterlm
990 2502 1158 2570 begns
1195 2511 1452 2572 uterque,
1507 2500 1708 2556 Chazis
1745 2503 1805 2557 EI
1833 2514 1885 2557 et
1919 2502 2094 2558 Eure-

511 2607 675 2645 noses
705 2606 829 2645 cum
880 2590 1107 2645 luratis
1155 2592 1403 2646 exercitu
1434 2607 1564 2647 suas
1596 2593 1946 2663 conjungunt
1994 2611 2093 2651 co-

510 2685 628 2751 pias
658 2699 673 2737 :
701 2693 757 2738 et
804 2684 978 2738 aciem
1018 2684 1251 2754 primam
1295 2685 1650 2747 sortiti,ante
1682 2686 1951 2743 Mnratem
1985 2687 2093 2742 Ila-

507 2775 875 2842 drianomlim
938 2784 1090 2830 recta
1126 2777 1354 2831 ducunt.
1380 2777 1693 2833 Admodum
1728 2780 1779 2832 id
1828 2781 2091 2849 temporis

510 2865 705 2920 Μρτιτε
735 2866 1203 2931 ﬂuvius,aliarum
1233 2884 1500 2939 aquarum
1525 2874 2084 2939 accessioneauctus,

509 2963 861 3013 intumuerat.
894 2959 1263 3025 Quamobrem
1306 2962 1465 3018 urbis
1495 2961 1757 3031 Teggiur,
1806 2965 2088 3021 intellecto

509 3052 743 3104 adventu
777 3039 1043 3121 hostium,
1099 3054 1281 3107 navim
1314 3054 1598 3124 ingressus
1630 3053 1843 3126 anum
1901 3057 2090 3128 profu-

2218 560 2446 615 tiseacbi
2474 559 2651 615 cedat.
2712 559 2775 613 Et
2802 577 2899 614 cur
2936 561 3080 614 illam
3120 576 3217 615 vos
3244 576 3352 615 non
3390 561 3654 630 exigitis?
3690 560 3805 615 Mo-

2218 652 2367 705 nitus
2407 666 2537 722 ergo
2590 652 3036 718 Cadilescherus,
3068 653 3195 708 Gasi
3253 653 3449 707 blurati
3479 652 3649 707 Cbani
3692 669 3803 707 rem

2218 744 2475 811 exposuit
2505 762 2517 796 :
2556 758 2717 813 aquo
2753 760 3077 813 responsum
3105 746 3247 811 tnlit,
3282 754 3363 809 ut,
3400 746 3669 815 siquidem
3702 747 3806 799 hnc

2218 834 2309 889 Dei
2340 835 2665 889 mandatum
2706 836 2798 901 sit,
2836 837 3065 889 omnino
3098 838 3187 905 jus
3218 853 3377 891 suum
3411 847 3665 906 urgeant.
3699 838 3802 907 Igi-

2217 939 2304 983 tur
2356 931 2627 983 areessito
2659 928 2727 981 ad
2764 944 2823 982 se
2859 928 3001 983 Cara
3038 928 3304 983 Ru5teme
3336 945 3351 982 :
3383 926 3677 990 Volumus,
3723 930 3805 981 in-

2223 1022 2442 1088 quiunt,
2466 1036 2498 1071 ο
2520 1030 2710 1074 sancte
2736 1020 2837 1083 vir,
2860 1029 2918 1072 ut
2948 1020 3064 1089 ipse
3091 1019 3179 1073 Dei
3204 1020 3519 1074 mandatum
3540 1036 3806 1090 essequa-

2215 1116 2312 1167 ris.
2346 1114 2440 1166 Ille
2466 1112 2779 1180 Callipolim
2840 1112 3145 1181 prolectus,
3190 1114 3389 1167 ibidem
3440 1114 3543 1168 sibi
3576 1114 3807 1167 domici-

2218 1205 2348 1257 lium
2417 1205 2706 1260 COnstituit
2744 1223 2757 1258 :
2797 1220 2860 1259 ac
2897 1220 2994 1275 pro
3044 1206 3288 1275 quolibet
3341 1208 3618 1276 mancipio
3646 1208 3806 1260 Chr)-

2211 1297 2411 1359 stiano,
2448 1308 2599 1352 trans
2638 1311 2791 1350 mare
2832 1297 3101 1363 vehendo,
3128 1314 3319 1367 aspros
3344 1300 3529 1370 viginti
3556 1299 3801 1367 quinque

2211 1406 2240 1442 a
2266 1387 2462 1442 Turcis
2494 1389 2693 1458 exegit.
2728 1388 2794 1443 Et
2828 1401 3083 1445 auctores
3150 1392 3316 1463 hujus
3365 1393 3671 1447 cxaetionis
3725 1390 3799 1443 illi

2208 1483 2318 1536 duo
2358 1483 2530 1547 fuere,
2563 1499 2706 1553 quos
2734 1484 2976 1539 diximus
3004 1502 3016 1537 :
3049 1497 3105 1539 ut
3142 1485 3407 1539 nimirutn
3438 1487 3641 1555 quinta
3673 1484 3802 1539 Cal-

2210 1574 2357 1643 lipoli
2395 1591 2492 1644 pro
2533 1576 2750 1629 sultano
2780 1576 3091 1631 Turcorum
3123 1577 3418 1646 hodieque,
3444 1586 3555 1630 tam
3591 1578 3802 1631 mami-

2209 1668 2425 1735 piorum
2469 1667 2715 1733 nomine,
2766 1683 2933 1736 quam
2971 1668 3315 1738 reliquorum
3349 1669 3652 1738 spoliorum
3683 1672 3800 1723 exi-

2210 1766 2432 1829 gantur.
2475 1756 2600 1812 Fuit
2651 1768 2706 1812 et
2750 1760 2817 1813 ab
2857 1757 3146 1815 Eurenose
3179 1761 3315 1831 bego
3352 1762 3708 1831 postulatum,
3739 1772 3800 1816 ut

2211 1851 2267 1903 in
2316 1865 2476 1904 usum
2529 1850 2890 1920 magistratus
2935 1850 3181 1921 supremi
3238 1852 3494 1921 quintum
3535 1855 3796 1922 quodque

2205 1942 2536 2009 mancipium
2574 1938 2951 1997 Christianum
2994 1958 3023 1995 a
3055 1942 3173 1996 suis
3197 1951 3489 2010 repeteret,
3525 1958 3589 1997 ac
3622 1943 3798 2012 impr-

2204 2034 2373 2087 ratori
2406 2033 2667 2088 traderet.
2704 2032 2759 2087 Si
2781 2035 2909 2104 quis
2933 2049 3064 2091 vero
3094 2050 3201 2089 non
3241 2036 3506 2106 quinque,
3532 2036 3628 2091 sed
3654 2051 3793 2107 qua-

2204 2134 2329 2179 tuor
2358 2124 2630 2177 duntaxat
2678 2125 2947 2195 maneipia
2990 2128 3316 2196 possideret,
3356 2138 3415 2185 ut
3459 2127 3530 2185 ab
3568 2143 3634 2183 eo
3681 2130 3796 2183 sin-

2201 2219 2456 2286 gulorum
2485 2216 2713 2272 nomiue
2739 2219 2889 2287 aspri
2922 2219 3115 2285 viginti
3144 2220 3391 2290 quinque
3412 2223 3789 2289 exigerentur,

2200 2323 2374 2378 eaque
2402 2311 2631 2379 pecunia
2665 2311 2796 2363 fisco
2824 2311 3174 2380 imperatoris
3219 2313 3457 2368 cederet.
3488 2313 3599 2368 Ilae
3621 2314 3789 2368 nimi~

2202 2418 2320 2456 rum
2360 2404 2657 2458 occasione
2721 2404 2982 2474 deinceps
3027 2405 3119 2458 ille
3177 2422 3297 2461 mos
3343 2407 3587 2474 inolevit,
3630 2421 3690 2462 ut
3719 2424 3788 2463 ex

2199 2497 2349 2550 omni
2414 2497 2818 2567 mancipiorum
2876 2513 3154 2566 numero,
3190 2499 3524 2556 liberalioris
3595 2502 3788 2556 forma:

2198 2590 2372 2657 pueri,
2395 2605 2492 2658 pro
2514 2591 2728 2645 suitano
2750 2591 2966 2651 delecti.
2989 2593 3357 2649 retinerentur
3376 2611 3528 2666 :qua:
3556 2597 3779 2666 quidem

2196 2684 2249 2734 in
2283 2683 2431 2736 hunc
2458 2684 2682 2736 modum
2721 2692 2913 2737 exacta
2946 2687 3233 2741 tenerioris
3271 2690 3447 2742 aetatis
3490 2690 3784 2759 mancipia,

2196 2773 2394 2828 deinde
2418 2776 2483 2826 ad
2521 2776 2876 2845 imperatoris
2912 2776 3132 2833 Portam
3171 2779 3429 2846 ded-tcta,
3475 2781 3669 2837 Murali
3706 2786 3790 2839 of—

2196 2865 2535 2921 ferebantur.
2574 2866 2625 2923 Is
2660 2883 2793 2924 vero
2821 2885 3027 2939 pueros
3070 2872 3123 2924 in
3161 2873 3471 2927 Anatoliam
3504 2883 3790 2944 transpor-

2197 2970 2361 3026 tatos,
2395 2962 2539 3015 inter
2567 2959 2779 3016 Turcos
2813 2962 3075 3019 distribui
3105 2965 3337 3034 iubebat
3368 2985 3380 3019 :
3420 2978 3477 3022 ut
3517 2969 3658 3037 apud
3690 2985 3788 3024 eos

2194 3049 2500 3122 disciplinae
2542 3054 2756 3122 pariter
2809 3068 2874 3109 ac
2940 3055 3231 3111 laboribus
3288 3070 3694 3125 assuescerent,
3730 3073 3790 3116 et

510 3145 608 3213 git.
640 3144 938 3213 Oppidanis
986 3161 1016 3198 a
1069 3143 1341 3215 Teggiure
1392 3161 1495 3203 suo
1554 3147 1807 3213 desertis,
1839 3160 1893 3203 et
1948 3150 2097 3205 omni
2126 3164 2169 3219 ο
2208 3144 2439 3200 Turcice
2468 3148 2766 3202 discerent.
2801 3147 3022 3205 Exactis
3076 3160 3260 3205 autem
3301 3150 3520 3207 duobus
3548 3154 3689 3222 apud
3724 3154 3791 3209 il-

509 3234 837 3288 ausiliorum
857 3249 953 3303 spe
972 3235 1249 3290 destitutis
1276 3254 1290 3299 ;
1325 3234 1587 3303 Murates,
1619 3239 1711 3305 qui
1747 3254 1860 3293 rem
1882 3256 1979 3309 per
2002 3258 2100 3296 ex-

507 3327 814 3395 ploratores
868 3338 1222 3395 cegnoverat,
1270 3343 1393 3382 cum
1451 3330 1695 3385 exercitu
1752 3333 1926 3402 prima
1977 3333 2100 3389 luce

507 3420 709 3472 castris
768 3432 1047 3488 egressura,
1089 3423 1156 3472 ad
1187 3421 1378 3474 urbem
1441 3422 1669 3490 propius
1729 3425 1983 3479 accessit.
2037 3426 2097 3481 Ei

506 3509 675 3573 cives,
714 3508 918 3578 apertis
951 3509 1160 3577 absque
1205 3526 1357 3565 mora
1395 3515 1591 3580 portis,
1623 3514 1957 3569 deditionem
2010 3517 2091 3571 fe-

506 3614 628 3654 cere
666 3616 681 3654 :
714 3598 1090 3655 Mabutnetani
1139 3602 1333 3657 calculi
1389 3620 1531 3658 anno
1574 3604 1669 3659 76I
1721 3605 1873 3676 (Chr.
1902 3608 2094 3679 1560).

581 3689 969 3761 Iladrianopoli
1005 3704 1182 3760 capta,
1214 3695 1452 3750 Ilurates
1495 3696 1778 3761 Scachini,
1806 3702 2093 3767 copiarum

506 3792 661 3854 parte
692 3786 917 3850 tradita,
950 3787 1202 3856 permisit
1250 3800 1305 3840 ut
1334 3804 1554 3842 omnem
1587 3788 1809 3860 Zagorte
1842 3792 2095 3849 Pbilibae-

507 3890 613 3944 que
645 3875 900 3931 viciniam
926 3878 1373 3947 depopularetur,
1399 3894 1454 3934 et
1478 3883 1601 3950 igne
1634 3883 1863 3938 deleret.
1906 3883 2096 3955 Itaque

508 3964 798 4020 Scachinis
823 3966 1026 4021 milites
1056 3982 1123 4020 eo
1158 3968 1412 4037 profecti,
1458 3972 1737 4039 regionem
1774 3974 2091 4029 universam

506 4058 705 4126 praedis
750 4058 975 4126 agendis
1008 4069 1247 4127 vastant,
1291 4070 1346 4113 et
1374 4062 1586 4117 incolas
1616 4067 1867 4133 captivos
1906 4082 2094 4121 secum

506 4150 756 4219 abigunt.
785 4149 975 4204 Itidem
1010 4151 1249 4208 Murates
1289 4154 1554 4208 Eurenosi
1597 4157 1734 4227 bego
1768 4167 2094 4226 potestatem

505 4246 655 4309 fecit,
679 4258 841 4312 agros
869 4243 1083 4312 Ypsala:
1128 4246 1386 4300 vexandi.
1429 4245 1543 4300 Hoc
1606 4250 1772 4303 modo
1801 4251 1920 4307 suis
1955 4253 2094 4306 utri-

505 4351 611 4405 que
634 4337 885 4404 partibus
917 4338 1233 4407 assignatis,
1266 4338 1432 4410 316
1478 4342 1691 4410 imperii
1728 4342 1864 4397 lines
1907 4345 2096 4398 ambo.

509 4444 630 4482 rum
653 4442 816 4496 opera
849 4428 1002 4482 fuere
1020 4431 1300 4497 prolatati.
1327 4431 1489 4485 Gesta
1521 4443 1652 4486 sunt
1679 4434 1795 4489 haec
1814 4451 1960 4490 anno
1984 4438 2092 4491 762

2204 3238 2309 3304 los,
2349 3239 2429 3291 vel
2464 3238 2643 3292 tribus
2671 3239 2832 3295 annis
2863 3257 2877 3294 :
2906 3240 3022 3310 jam
3055 3241 3123 3296 ad
3154 3243 3367 3299 labores
3391 3244 3789 3308 condocefacti,

2201 3333 2510 3403 linguteque
2535 3330 2781 3388 Turcicae
2803 3333 2991 3403 periti,
3021 3338 3087 3389 ad
3116 3334 3336 3393 Portam
3366 3339 3789 3407 reducebantur,

2202 3421 2601 3476 Genizarorum
2657 3425 2950 3481 ordinibus
2990 3427 3325 3485 ascribendi.
3365 3429 3621 3487 Cenizari
3662 3449 3793 3488 vero

2200 3514 2404 3568 sultani
2440 3514 2749 3570 Turcorum
2784 3518 3100 3587 sclopetarii
3143 3530 3293 3586 sunt,
3327 3535 3381 3577 et
3415 3523 3541 3579 inde
3583 3526 3652 3580 ab
3683 3527 3794 3579 illis

2202 3621 2376 3675 usque
2403 3608 2743 3675 temporibus
2778 3626 2979 3665 nomen
3020 3612 3127 3666 hoc
3152 3612 3552 3669 Genizarorum
3607 3618 3791 3688 adepti

2203 3696 2462 3751 retinent.
2508 3698 2823 3754 Secundum
2864 3701 2979 3755 haec
3029 3701 3262 3758 Prusam
3314 3706 3490 3761 Cases
3554 3708 3793 3764 IIuratcs

2197 3788 2349 3842 Chan
2392 3804 2647 3845 reversus
2701 3799 2809 3854 est,
2853 3792 3154 3848 substituto
3182 3796 3285 3848 sibi
3341 3810 3631 3853 meonomo
3663 3818 3787 3865 suo,

2199 3879 2328 3933 Lala
2363 3879 2657 3950 Scachine,
2695 3885 2788 3953 qui
2847 3884 2997 3940 vices
3030 3888 3279 3943 absentis
3318 3889 3371 3942 in
3404 3890 3674 3946 Romania
3708 3893 3793 3948 vei

2198 3972 2402 4027 Cratcia
2436 3988 2649 4043 gereret
2693 3993 2707 4029 :
2741 3989 2971 4031 caeteras
3020 3994 3151 4033 vero
3181 3981 3518 4049 provincias,
3545 3984 3793 4053 imperii-

2198 4082 2304 4133 que
2333 4068 2560 4129 limites,
2599 4068 2866 4124 Eurenosi
2926 4071 3063 4141 begn
3118 4075 3546 4130 commendavit.
3597 4076 3790 4149 Neque

2200 4159 2370 4210 multo
2410 4168 2550 4227 post,
2576 4160 2889 4229 Gallipolim
2935 4163 3037 4216 den
3054 4179 3118 4218 .to
3168 4180 3293 4219 sese
3331 4170 3586 4234 cputulit,
3621 4177 3787 4241 atque

2200 4250 2270 4303 ibi
2307 4248 2666 4306 Zenderluem
2703 4253 2995 4321 Chelilem,
3028 4256 3302 4312 hactenus
3352 4259 3534 4314 officio
3570 4260 3791 4317 Cadile-

2196 4342 2375 4394 scheri
2409 4340 2679 4407 functum,
2702 4346 2770 4398 ad
2796 4345 2976 4399 bassae
2997 4360 3061 4399 ac
3094 4349 3293 4402 veziris
3312 4349 3632 4419 dignitatem
3667 4369 3789 4407 eve-

2198 4436 2292 4485 ait.
2327 4434 2375 4487 Is
2403 4445 2598 4489 auctus
2632 4438 2737 4492 hoc
2778 4437 3009 4501 bonore,
3040 4439 3386 4498 Cheradines
3413 4444 3577 4501 bassa
3630 4447 3789 4503 dein-

505 4536 616 4591 quo
656 4519 876 4589 quidem
910 4536 1055 4575 anno
1089 4522 1274 4575 lumen
1308 4524 1441 4577 solis
1480 4539 1657 4593 usque
1684 4526 1829 4581 adeo
1859 4529 2083 4596 defecit,
2122 4540 2165 4594 ι)
2193 4539 2321 4591 ccps
2354 4528 2661 4595 appellatus
2691 4528 2817 4583 fuit.
2856 4530 3098 4585 Murates
3123 4542 3340 4600 autem,
3375 4537 3565 4592 relicta
3620 4538 3791 4593 Calli-

503 4613 755 4666 utetiam
800 4611 1038 4665 interdiu
1082 4614 1255 4668 stellze
1286 4614 1409 4669 πίειί
1432 4616 1903 4683 conspicerentur.

577 4705 705 4756 Erat
734 4704 784 4755 id
817 4706 1079 4775 temporis
1140 4706 1361 4774 quidam
1411 4706 1767 4765 'I‘alismanus
1794 4712 2090 4774 'I'urcicus,

502 4794 641 4848 Cara
682 4794 996 4859 Rustemes,
1020 4798 1114 4863 qui
1140 4798 1205 4851 ad
1232 4799 1539 4851 exercitum
1578 4814 1607 4852 e
1631 4799 1961 4855 Caramania
1999 4819 2089 4859 ve-

504 4893 682 4940 uerat.
715 4885 764 4939 Is
790 4901 915 4941 cum
954 4896 1161 4940 tantam
1209 4899 1265 4941 et
1296 4889 1491 4957 pra-dte
1520 4891 1852 4947 Christianis
1889 4905 2089 4961 erepta:

502 4978 815 5047 copiam,et
840 4981 1187 5049 captivorum
1234 4981 1647 5034 multitudinem
1690 4984 1743 5036 in
1792 4998 1973 5039 castra
2010 4988 2088 5040 vi-

502 5071 656 5124 deret
683 5068 882 5123 adduci
915 5086 930 5123 :
964 5083 1239 5125 convento
1290 5072 1707 5137 Cadileschero,
1757 5090 1857 5129 cur
1916 5078 2083 5131 talem

502 5173 823 5230 tantumque
881 5164 1225 5229 thesaurum,
1263 5166 1608 5232 magistratui
1645 5182 1904 5236 supremo
1937 5171 2085 5225 debi-

504 5264 644 5319 tum,
668 5252 873 5307 auferri
910 5262 1115 5307 temere
1140 5254 1367 5318 sineret,
1393 5257 1611 5323 quaerit.
1637 5258 1728 5315 .Ad
1746 5274 1809 5314 ea
1844 5259 2084 5316 Zender-

502 5350 624 5403 Iucs
644 5345 880 5402 Cheliles
902 5346 1325 5403 Cad.|escherus
1363 5366 1376 5403 :
1411 5348 1548 5415 Quis
1575 5353 1793 5405 tandem
1829 5354 1918 5408 ille
1961 5355 2085 5410 the-

503 5453 701 5493 saurus
720 5449 830 5501 est,
864 5439 963 5507 alt,
1000 5454 1163 5506 quem
1218 5449 1276 5492 tn
1310 5442 1529 5509 quidem
1567 5444 1633 5495 ad
1700 5446 2083 5513 magistratum

504 5532 797 5599 pertinere,
828 5532 924 5586 sed
966 5531 1119 5585 nullo
1148 5547 1275 5587 cum
1300 5536 1484 5588 fructu
1516 5539 1720 5604 perire,
1755 5553 1823 5591 ac
1867 5542 2083 5609 prodigi

509 5623 723 5679 refers?
764 5622 858 5676 Dei
892 5621 1211 5676 mandatum
1235 5633 1342 5685 est,
1381 5624 1554 5693 inquit
1588 5625 1726 5679 Cara
1767 5625 2079 5697 Rustemes,

505 5724 566 5771 ut
582 5714 853 5777 omnium,
879 5728 1003 5782 qute
1023 5714 1090 5769 de
1120 5713 1448 5769 Christianis
1467 5727 1649 5785 capta,
1669 5727 1823 5787 rapta
1854 5713 2082 5789 fuerint,

504 5808 622 5863 sive
671 5806 1091 5876 mancipiorum,
1128 5809 1242 5863 sive
1294 5808 1641 5873 animalium,
1674 5812 1789 5865 sive
1810 5828 2077 5881 quarum-

2199 4618 2332 4682 poli,
2374 4635 2488 4687 quo
2514 4632 2740 4676 venerat
2801 4624 3017 4689 itinere,
3055 4626 3261 4695 Bugam
3315 4630 3631 4698 profectus;
3662 4632 3791 4688 inde

2196 4707 2422 4763 Prusam
2458 4712 2636 4777 rediit,
2700 4724 2861 4783 atque
2914 4717 2990 4770 ibi
3042 4733 3104 4772 se
3150 4720 3204 4773 in
3252 4721 3479 4776 hiberna
3530 4726 3786 4777 contulit.

2196 4798 2271 4852 Ex
2298 4802 2469 4855 altera
2500 4814 2657 4871 parte
2684 4805 2830 4872 freti,
2870 4810 3031 4877 regite
3060 4811 3289 4867 Muralis
3306 4828 3630 4872 recurremus
3649 4818 3787 4871 Sca-

2193 4894 2385 4948 chines
2428 4893 2696 4967 Zagorsm
2745 4910 2799 4955 et
2872 4901 3196 4959 Ischebolen
3250 4907 3586 4980 subjugavit,
3640 4928 3788 4966 anno

2196 4985 2298 5038 766
2323 4988 2476 5056 (tlhr.
2518 4989 2702 5060 I365).
2732 4994 2944 5058 Quibus
2976 4998 3281 5066 occupatis,
3329 5016 3519 5056 rumor
3568 5004 3637 5059 ad
3668 5005 3789 5058 Μυ-

2194 5090 2361 5131 ratem
2396 5081 2637 5148 perlatus
2666 5098 2773 5149 εει,
2819 5089 2983 5158 eique
3029 5091 3428 5161 significatum,
3485 5096 3540 5150 in
3593 5098 3786 5153 Serria

2192 5169 2630 5227 Christianorum
2661 5178 2727 5229 ad
2761 5179 3169 5251 quinquaginta
3226 5186 3396 5240 millia
3432 5188 3687 5255 collecta,
3715 5194 3784 5248 de

2193 5260 2582 5336 Iladrianopoli
2638 5269 2891 5324 adeunda
2937 5276 3209 5342 cogitare.
3257 5277 3431 5348 Cujus
3460 5283 3537 5335 rei
3580 5287 3779 5339 nuntio

2191 5367 2440 5426 accepto,
2478 5376 2676 5430 magna
2725 5366 3015 5420 celeritate
3064 5368 3130 5421 ad
3181 5369 3281 5425 iter
3311 5386 3371 5425 se
3397 5388 3703 5443 comparat,
3733 5390 3787 5433 et

2189 5449 2500 5519 Callipolim
2536 5458 2838 5511 contendit.
2878 5458 2980 5513 Vix
3017 5462 3081 5513 ad
3115 5463 3291 5531 littus,
3328 5465 3379 5519 in
3413 5466 3689 5539 EnrOpam
3717 5487 3785 5523 ex

2188 5543 2317 5597 Asia
2362 5547 2790 5615 transjeeturus,
2822 5566 3154 5619 accesserat,
3181 5572 3305 5611 cum
3333 5558 3508 5616 Servii
3535 5563 3647 5633 jam
3684 5562 3787 5618 Ila-

2188 5636 2497 5707 drianopoli
2524 5654 2589 5693 ex
2627 5644 2941 5711 propinquo
2975 5646 3349 5715 imminerent,
3377 5668 3444 5705 eo
3460 5664 3637 5707 eastra
3667 5658 3787 5709 loco

2188 5730 2402 5793 metati,
2438 5732 2531 5799 qui
2582 5732 2636 5783 in
2678 5734 2820 5787 hunc
2853 5750 3027 5805 usque
3084 5740 3226 5794 diem
3263 5757 3293 5795 a
3328 5741 3643 5800 Serviorum
3672 5747 3785 5801 sive

2192 5820 2513 5875 Rosciorum
2550 5823 2706 5879 clade
2770 5840 2972 5883 nomen
3015 5833 3249 5896 accepit.
3304 5834 3510 5892 Interea
3557 5837 3783 5892 Seuthi-
