  <div class='ocr_page' id='page_1' title='image "/cluster/home/n/w/nwhite01/storage/ocr_20150623/159/mdp.39015015350443/302.png"; bbox 0 0 4212 6288; ppageno 0'>
   <div class='ocr_carea' id='block_1_1' title="bbox 459 371 642 444">
    <p class='ocr_par' dir='ltr' id='par_1_1' title="bbox 459 371 642 444">
     <span class='ocr_line' id='line_1_1' title="bbox 459 371 642 444; baseline 0.016 -3"><span class='ocrx_word' id='word_1_1' title='bbox 459 379 566 444; x_wconf 79' lang='lat'><strong>539</strong></span> <span class='ocrx_word' id='word_1_2' title='bbox 638 371 642 374; x_wconf 51' lang='grc'><em>’</em></span> 
     </span>
    </p>
   </div>
   <div class='ocr_carea' id='block_1_2' title="bbox 1715 377 2447 441">
    <p class='ocr_par' dir='ltr' id='par_1_2' title="bbox 1715 377 2447 441">
     <span class='ocr_line' id='line_1_2' title="bbox 1715 377 2447 441; baseline -0.001 -2"><span class='ocrx_word' id='word_1_3' title='bbox 1715 379 2063 441; x_wconf 75' lang='lat' dir='ltr'><strong>ANNALES</strong></span> <span class='ocrx_word' id='word_1_4' title='bbox 2110 377 2447 439; x_wconf 73' lang='lat' dir='ltr'><strong>TURCICI.</strong></span> 
     </span>
    </p>
   </div>
   <div class='ocr_carea' id='block_1_3' title="bbox 3599 371 3704 432">
    <p class='ocr_par' dir='ltr' id='par_1_3' title="bbox 3599 371 3704 432">
     <span class='ocr_line' id='line_1_3' title="bbox 3599 371 3704 432; baseline 0.01 -1"><span class='ocrx_word' id='word_1_5' title='bbox 3599 371 3704 432; x_wconf 74' lang='lat'><strong>59&#39;)</strong></span> 
     </span>
    </p>
   </div>
   <div class='ocr_carea' id='block_1_4' title="bbox 463 484 3703 560">
    <p class='ocr_par' dir='ltr' id='par_1_4' title="bbox 463 484 3703 560">
     <span class='ocr_line' id='line_1_4' title="bbox 463 484 3703 560; baseline -0.002 -16"><span class='ocrx_word' id='word_1_6' title='bbox 463 507 579 556; x_wconf 86' lang='lat' dir='ltr'><strong>nes,</strong></span> <span class='ocrx_word' id='word_1_7' title='bbox 619 490 764 544; x_wconf 89' lang='lat' dir='ltr'><strong>nulla</strong></span> <span class='ocrx_word' id='word_1_8' title='bbox 795 491 958 544; x_wconf 83' lang='lat' dir='ltr'><strong>rebus</strong></span> <span class='ocrx_word' id='word_1_9' title='bbox 1003 489 1226 560; x_wconf 79' lang='lat' dir='ltr'><strong>agendis</strong></span> <span class='ocrx_word' id='word_1_10' title='bbox 1278 491 1596 560; x_wconf 79' lang='lat' dir='ltr'><strong>interposna</strong></span> <span class='ocrx_word' id='word_1_11' title='bbox 1651 505 1823 554; x_wconf 90' lang='lat' dir='ltr'><strong>mora,</strong></span> <span class='ocrx_word' id='word_1_12' title='bbox 1863 502 2023 542; x_wconf 79' lang='lat' dir='ltr'><strong>noctu</strong></span> <span class='ocrx_word' id='word_1_13' title='bbox 2059 493 2099 547; x_wconf 84' lang='grc' dir='ltr'><strong>Α</strong></span> <span class='ocrx_word' id='word_1_14' title='bbox 2129 493 2234 555; x_wconf 87' lang='lat' dir='ltr'><strong>tis,</strong></span> <span class='ocrx_word' id='word_1_15' title='bbox 2281 508 2404 546; x_wconf 87' lang='lat' dir='ltr'><strong>cum</strong></span> <span class='ocrx_word' id='word_1_16' title='bbox 2467 486 2749 556; x_wconf 79' lang='lat' dir='ltr'><strong>mancipiis</strong></span> <span class='ocrx_word' id='word_1_17' title='bbox 2803 484 3151 545; x_wconf 85' lang='lat' dir='ltr'><strong>Christianis,</strong></span> <span class='ocrx_word' id='word_1_18' title='bbox 3200 492 3252 536; x_wconf 93' lang='lat' dir='ltr'><strong>et</strong></span> <span class='ocrx_word' id='word_1_19' title='bbox 3306 484 3453 536; x_wconf 88' lang='lat' dir='ltr'><strong>omni</strong></span> <span class='ocrx_word' id='word_1_20' title='bbox 3501 489 3703 554; x_wconf 69' lang='lat' dir='ltr'><strong>praeda.</strong></span> 
     </span>
    </p>
   </div>
   <div class='ocr_carea' id='block_1_5' title="bbox 460 581 2028 652">
    <p class='ocr_par' dir='ltr' id='par_1_5' title="bbox 460 581 2028 652">
     <span class='ocr_line' id='line_1_5' title="bbox 460 581 2028 652; baseline -0.001 -17"><span class='ocrx_word' id='word_1_21' title='bbox 460 597 558 652; x_wconf 89' lang='lat' dir='ltr'><strong>per</strong></span> <span class='ocrx_word' id='word_1_22' title='bbox 595 582 827 636; x_wconf 79' lang='lat' dir='ltr'><strong>insidias</strong></span> <span class='ocrx_word' id='word_1_23' title='bbox 857 583 910 634; x_wconf 87' lang='lat' dir='ltr'><strong>in</strong></span> <span class='ocrx_word' id='word_1_24' title='bbox 962 583 1171 637; x_wconf 88' lang='lat' dir='ltr'><strong>hostem</strong></span> <span class='ocrx_word' id='word_1_25' title='bbox 1219 582 1481 650; x_wconf 90' lang='lat' dir='ltr'><strong>erumpit.</strong></span> <span class='ocrx_word' id='word_1_26' title='bbox 1537 581 1616 634; x_wconf 78' lang='lat' dir='ltr'><strong>Illi</strong></span> <span class='ocrx_word' id='word_1_27' title='bbox 1659 581 1830 636; x_wconf 83' lang='lat' dir='ltr'><strong>multo</strong></span> <span class='ocrx_word' id='word_1_28' title='bbox 1876 596 2028 634; x_wconf 80' lang='lat' dir='ltr'><strong>luero</strong></span> 
     </span>
    </p>
   </div>
   <div class='ocr_carea' id='block_1_6' title="bbox 461 673 2027 744">
    <p class='ocr_par' dir='ltr' id='par_1_6' title="bbox 461 673 2027 744">
     <span class='ocr_line' id='line_1_6' title="bbox 461 673 2027 744; baseline -0.004 -16"><span class='ocrx_word' id='word_1_29' title='bbox 461 673 690 736; x_wconf 79' lang='lat' dir='ltr'><strong>madidi,</strong></span> <span class='ocrx_word' id='word_1_30' title='bbox 738 673 940 742; x_wconf 87' lang='lat' dir='ltr'><strong>passim</strong></span> <span class='ocrx_word' id='word_1_31' title='bbox 983 688 1078 742; x_wconf 88' lang='lat' dir='ltr'><strong>per</strong></span> <span class='ocrx_word' id='word_1_32' title='bbox 1131 682 1332 738; x_wconf 83' lang='lat' dir='ltr'><strong>castra,</strong></span> <span class='ocrx_word' id='word_1_33' title='bbox 1367 687 1560 744; x_wconf 86' lang='lat' dir='ltr'><strong>magna</strong></span> <span class='ocrx_word' id='word_1_34' title='bbox 1591 689 1715 726; x_wconf 92' lang='lat' dir='ltr'><strong>cum</strong></span> <span class='ocrx_word' id='word_1_35' title='bbox 1764 673 2027 726; x_wconf 83' lang='lat' dir='ltr'><strong>vocifera-</strong></span> 
     </span>
    </p>
   </div>
   <div class='ocr_carea' id='block_1_7' title="bbox 459 759 2031 836">
    <p class='ocr_par' dir='ltr' id='par_1_7' title="bbox 459 759 2031 836">
     <span class='ocr_line' id='line_1_7' title="bbox 459 759 2031 836; baseline -0.001 -19"><span class='ocrx_word' id='word_1_36' title='bbox 459 767 626 830; x_wconf 89' lang='lat' dir='ltr'><strong>tione,</strong></span> <span class='ocrx_word' id='word_1_37' title='bbox 647 759 857 819; x_wconf 82' lang='lat' dir='ltr'><strong>Tureos</strong></span> <span class='ocrx_word' id='word_1_38' title='bbox 878 760 1413 828; x_wconf 50' lang='lat' dir='ltr'><strong>adesse&#39;eiamitant;</strong></span> <span class='ocrx_word' id='word_1_39' title='bbox 1439 780 1674 836; x_wconf 89' lang='lat' dir='ltr'><strong>cumque</strong></span> <span class='ocrx_word' id='word_1_40' title='bbox 1700 779 1810 832; x_wconf 79' lang='lat' dir='ltr'><strong>pra:</strong></span> <span class='ocrx_word' id='word_1_41' title='bbox 1855 775 2031 818; x_wconf 84' lang='lat' dir='ltr'><strong>temu-</strong></span> 
     </span>
    </p>
   </div>
   <div class='ocr_carea' id='block_1_8' title="bbox 460 855 2021 924">
    <p class='ocr_par' dir='ltr' id='par_1_8' title="bbox 460 855 2021 924">
     <span class='ocr_line' id='line_1_8' title="bbox 460 855 2021 924; baseline -0.001 -17"><span class='ocrx_word' id='word_1_42' title='bbox 460 856 648 918; x_wconf 83' lang='lat' dir='ltr'><strong>lentia,</strong></span> <span class='ocrx_word' id='word_1_43' title='bbox 679 865 786 909; x_wconf 90' lang='lat' dir='ltr'><strong>tam</strong></span> <span class='ocrx_word' id='word_1_44' title='bbox 824 856 1077 924; x_wconf 67' lang='lat' dir='ltr'><strong>praesenti</strong></span> <span class='ocrx_word' id='word_1_45' title='bbox 1129 871 1310 910; x_wconf 90' lang='lat' dir='ltr'><strong>rerum</strong></span> <span class='ocrx_word' id='word_1_46' title='bbox 1349 855 1696 921; x_wconf 82' lang='lat' dir='ltr'><strong>discrimine,</strong></span> <span class='ocrx_word' id='word_1_47' title='bbox 1730 857 1857 924; x_wconf 86' lang='lat' dir='ltr'><strong>quid</strong></span> <span class='ocrx_word' id='word_1_48' title='bbox 1897 871 2021 923; x_wconf 72' lang='lat' dir='ltr'><strong>age-</strong></span> 
     </span>
    </p>
   </div>
   <div class='ocr_carea' id='block_1_9' title="bbox 464 945 2027 1016">
    <p class='ocr_par' dir='ltr' id='par_1_9' title="bbox 464 945 2027 1016">
     <span class='ocr_line' id='line_1_9' title="bbox 464 945 2027 1016; baseline 0 -18"><span class='ocrx_word' id='word_1_49' title='bbox 464 956 606 1010; x_wconf 73' lang='lat' dir='ltr'><strong>rent,</strong></span> <span class='ocrx_word' id='word_1_50' title='bbox 630 949 942 1014; x_wconf 77' lang='lat' dir='ltr'><strong>ignorarent</strong></span> <span class='ocrx_word' id='word_1_51' title='bbox 973 965 988 1001; x_wconf 90' lang='lat'><strong>:</strong></span> <span class='ocrx_word' id='word_1_52' title='bbox 1013 963 1106 1015; x_wconf 89' lang='lat' dir='ltr'><strong>per</strong></span> <span class='ocrx_word' id='word_1_53' title='bbox 1129 946 1303 1002; x_wconf 89' lang='lat' dir='ltr'><strong>noctis</strong></span> <span class='ocrx_word' id='word_1_54' title='bbox 1330 945 1617 1016; x_wconf 85' lang='lat' dir='ltr'><strong>caliginem</strong></span> <span class='ocrx_word' id='word_1_55' title='bbox 1640 947 1773 1000; x_wconf 93' lang='lat' dir='ltr'><strong>alter</strong></span> <span class='ocrx_word' id='word_1_56' title='bbox 1795 947 2027 1000; x_wconf 88' lang='lat' dir='ltr'><strong>alterum</strong></span> 
     </span>
    </p>
   </div>
   <div class='ocr_carea' id='block_1_10' title="bbox 459 1029 2028 1103">
    <p class='ocr_par' dir='ltr' id='par_1_10' title="bbox 459 1029 2028 1103">
     <span class='ocr_line' id='line_1_10' title="bbox 459 1029 2028 1103; baseline -0.001 -15"><span class='ocrx_word' id='word_1_57' title='bbox 459 1036 524 1088; x_wconf 48' lang='lat' dir='ltr'><strong>aui</strong></span> <span class='ocrx_word' id='word_1_58' title='bbox 550 1035 724 1087; x_wconf 80' lang='lat' dir='ltr'><strong>lucrm</strong></span> <span class='ocrx_word' id='word_1_59' title='bbox 761 1050 934 1103; x_wconf 90' lang='lat' dir='ltr'><strong>usque</strong></span> <span class='ocrx_word' id='word_1_60' title='bbox 959 1042 1222 1086; x_wconf 91' lang='lat' dir='ltr'><strong>mactant.</strong></span> <span class='ocrx_word' id='word_1_61' title='bbox 1248 1029 1384 1102; x_wconf 83' lang='lat' dir='ltr'><strong>Equi</strong></span> <span class='ocrx_word' id='word_1_62' title='bbox 1421 1034 1580 1086; x_wconf 90' lang='lat' dir='ltr'><strong>etiam</strong></span> <span class='ocrx_word' id='word_1_63' title='bbox 1605 1033 1738 1086; x_wconf 88' lang='lat' dir='ltr'><strong>tanti</strong></span> <span class='ocrx_word' id='word_1_64' title='bbox 1760 1033 2028 1086; x_wconf 90' lang='lat' dir='ltr'><strong>tumultus</strong></span> 
     </span>
    </p>
   </div>
   <div class='ocr_carea' id='block_1_11' title="bbox 459 1123 2025 1195">
    <p class='ocr_par' dir='ltr' id='par_1_11' title="bbox 459 1123 2025 1195">
     <span class='ocr_line' id='line_1_11' title="bbox 459 1123 2025 1195; baseline -0.001 -16"><span class='ocrx_word' id='word_1_65' title='bbox 459 1142 621 1179; x_wconf 79' lang='lat' dir='ltr'><strong>causa</strong></span> <span class='ocrx_word' id='word_1_66' title='bbox 647 1142 847 1195; x_wconf 79' lang='lat' dir='ltr'><strong>pavore</strong></span> <span class='ocrx_word' id='word_1_67' title='bbox 865 1127 1221 1191; x_wconf 85' lang='lat' dir='ltr'><strong>consternati,</strong></span> <span class='ocrx_word' id='word_1_68' title='bbox 1243 1125 1487 1194; x_wconf 79' lang='lat' dir='ltr'><strong>abruptis</strong></span> <span class='ocrx_word' id='word_1_69' title='bbox 1529 1123 1661 1178; x_wconf 90' lang='lat' dir='ltr'><strong>loris</strong></span> <span class='ocrx_word' id='word_1_70' title='bbox 1683 1136 1735 1178; x_wconf 90' lang='lat' dir='ltr'><strong>et</strong></span> <span class='ocrx_word' id='word_1_71' title='bbox 1752 1126 2025 1193; x_wconf 78' lang='lat' dir='ltr'><strong>capistris.</strong></span> 
     </span>
    </p>
   </div>
   <div class='ocr_carea' id='block_1_12' title="bbox 460 1218 2026 1287">
    <p class='ocr_par' dir='ltr' id='par_1_12' title="bbox 460 1218 2026 1287">
     <span class='ocr_line' id='line_1_12' title="bbox 460 1218 2026 1287; baseline 0.001 -17"><span class='ocrx_word' id='word_1_72' title='bbox 460 1219 528 1270; x_wconf 84' lang='lat' dir='ltr'><strong>ad</strong></span> <span class='ocrx_word' id='word_1_73' title='bbox 556 1232 742 1271; x_wconf 89' lang='lat' dir='ltr'><strong>necem</strong></span> <span class='ocrx_word' id='word_1_74' title='bbox 781 1233 955 1285; x_wconf 90' lang='lat' dir='ltr'><strong>usque</strong></span> <span class='ocrx_word' id='word_1_75' title='bbox 984 1218 1085 1270; x_wconf 91' lang='lat' dir='ltr'><strong>sibi</strong></span> <span class='ocrx_word' id='word_1_76' title='bbox 1115 1228 1306 1272; x_wconf 91' lang='lat' dir='ltr'><strong>mutuo</strong></span> <span class='ocrx_word' id='word_1_77' title='bbox 1328 1218 1506 1271; x_wconf 80' lang='lat' dir='ltr'><strong>calces</strong></span> <span class='ocrx_word' id='word_1_78' title='bbox 1532 1220 1894 1287; x_wconf 84' lang='lat' dir='ltr'><strong>impegerunt.</strong></span> <span class='ocrx_word' id='word_1_79' title='bbox 1930 1218 2026 1272; x_wconf 83' lang='lat' dir='ltr'><strong>libi</strong></span> 
     </span>
    </p>
   </div>
   <div class='ocr_carea' id='block_1_13' title="bbox 458 1309 2032 1379">
    <p class='ocr_par' dir='ltr' id='par_1_13' title="bbox 458 1309 2032 1379">
     <span class='ocr_line' id='line_1_13' title="bbox 458 1309 2032 1379; baseline 0.002 -19"><span class='ocrx_word' id='word_1_80' title='bbox 458 1309 692 1376; x_wconf 89' lang='lat' dir='ltr'><strong>denique</strong></span> <span class='ocrx_word' id='word_1_81' title='bbox 722 1311 834 1377; x_wconf 87' lang='lat' dir='ltr'><strong>jatn</strong></span> <span class='ocrx_word' id='word_1_82' title='bbox 857 1310 1145 1373; x_wconf 68' lang='lat' dir='ltr'><strong>illuxisset,</strong></span> <span class='ocrx_word' id='word_1_83' title='bbox 1183 1310 1380 1364; x_wconf 76' lang='lat' dir='ltr'><strong>fmdam</strong></span> <span class='ocrx_word' id='word_1_84' title='bbox 1414 1312 1466 1363; x_wconf 93' lang='lat' dir='ltr'><strong>in</strong></span> <span class='ocrx_word' id='word_1_85' title='bbox 1501 1309 1680 1379; x_wconf 77' lang='lat' dir='ltr'><strong>fugam</strong></span> <span class='ocrx_word' id='word_1_86' title='bbox 1714 1311 1912 1372; x_wconf 57' lang='lat' dir='ltr'><strong>Servii,</strong></span> <span class='ocrx_word' id='word_1_87' title='bbox 1934 1325 2032 1364; x_wconf 84' lang='lat' dir='ltr'><strong>ne-</strong></span> 
     </span>
    </p>
   </div>
   <div class='ocr_carea' id='block_1_14' title="bbox 461 1398 2029 1468">
    <p class='ocr_par' dir='ltr' id='par_1_14' title="bbox 461 1398 2029 1468">
     <span class='ocr_line' id='line_1_14' title="bbox 461 1398 2029 1468; baseline 0 -16"><span class='ocrx_word' id='word_1_88' title='bbox 461 1401 606 1452; x_wconf 87' lang='lat' dir='ltr'><strong>mine</strong></span> <span class='ocrx_word' id='word_1_89' title='bbox 657 1410 1032 1468; x_wconf 79' lang='lat' dir='ltr'><strong>persequrnte,</strong></span> <span class='ocrx_word' id='word_1_90' title='bbox 1064 1416 1123 1453; x_wconf 88' lang='lat' dir='ltr'><strong>se</strong></span> <span class='ocrx_word' id='word_1_91' title='bbox 1147 1403 1517 1468; x_wconf 76' lang='lat' dir='ltr'><strong>coniecerunt.</strong></span> <span class='ocrx_word' id='word_1_92' title='bbox 1566 1398 1640 1453; x_wconf 79' lang='lat' dir='ltr'><strong>lbi</strong></span> <span class='ocrx_word' id='word_1_93' title='bbox 1677 1409 1792 1454; x_wconf 84' lang='lat' dir='ltr'><strong>tum</strong></span> <span class='ocrx_word' id='word_1_94' title='bbox 1845 1399 2029 1454; x_wconf 84' lang='lat' dir='ltr'><strong>hostili</strong></span> 
     </span>
    </p>
   </div>
   <div class='ocr_carea' id='block_1_15' title="bbox 460 1488 2033 1558">
    <p class='ocr_par' dir='ltr' id='par_1_15' title="bbox 460 1488 2033 1558">
     <span class='ocr_line' id='line_1_15' title="bbox 460 1488 2033 1558; baseline 0.001 -18"><span class='ocrx_word' id='word_1_95' title='bbox 460 1490 601 1542; x_wconf 87' lang='lat' dir='ltr'><strong>vallo</strong></span> <span class='ocrx_word' id='word_1_96' title='bbox 631 1499 909 1558; x_wconf 82' lang='lat' dir='ltr'><strong>superato,</strong></span> <span class='ocrx_word' id='word_1_97' title='bbox 943 1488 1110 1543; x_wconf 88' lang='lat' dir='ltr'><strong>Turci</strong></span> <span class='ocrx_word' id='word_1_98' title='bbox 1141 1500 1343 1555; x_wconf 88' lang='lat' dir='ltr'><strong>castra,</strong></span> <span class='ocrx_word' id='word_1_99' title='bbox 1367 1491 1583 1542; x_wconf 78' lang='lat' dir='ltr'><strong>nemine</strong></span> <span class='ocrx_word' id='word_1_100' title='bbox 1614 1490 1919 1552; x_wconf 87' lang='lat' dir='ltr'><strong>resistente,</strong></span> <span class='ocrx_word' id='word_1_101' title='bbox 1939 1505 2033 1542; x_wconf 85' lang='lat' dir='ltr'><strong>ca-</strong></span> 
     </span>
    </p>
   </div>
   <div class='ocr_carea' id='block_1_16' title="bbox 460 1575 2033 1650">
    <p class='ocr_par' dir='ltr' id='par_1_16' title="bbox 460 1575 2033 1650">
     <span class='ocr_line' id='line_1_16' title="bbox 460 1575 2033 1650; baseline -0.002 -15"><span class='ocrx_word' id='word_1_102' title='bbox 460 1585 618 1648; x_wconf 88' lang='lat' dir='ltr'><strong>piunt</strong></span> <span class='ocrx_word' id='word_1_103' title='bbox 641 1591 808 1649; x_wconf 90' lang='lat' dir='ltr'><strong>atque</strong></span> <span class='ocrx_word' id='word_1_104' title='bbox 857 1580 1140 1650; x_wconf 84' lang='lat' dir='ltr'><strong>diripiunt,</strong></span> <span class='ocrx_word' id='word_1_105' title='bbox 1174 1591 1228 1634; x_wconf 91' lang='lat' dir='ltr'><strong>et</strong></span> <span class='ocrx_word' id='word_1_106' title='bbox 1279 1581 1474 1650; x_wconf 81' lang='lat' dir='ltr'><strong>amplis</strong></span> <span class='ocrx_word' id='word_1_107' title='bbox 1508 1579 1661 1634; x_wconf 89' lang='lat' dir='ltr'><strong>ditati</strong></span> <span class='ocrx_word' id='word_1_108' title='bbox 1695 1581 1904 1649; x_wconf 86' lang='lat' dir='ltr'><strong>spoliis,</strong></span> <span class='ocrx_word' id='word_1_109' title='bbox 1926 1575 2033 1633; x_wconf 85' lang='lat' dir='ltr'><strong>Ha-</strong></span> 
     </span>
    </p>
   </div>
   <div class='ocr_carea' id='block_1_17' title="bbox 459 1654 2032 1737">
    <p class='ocr_par' dir='ltr' id='par_1_17' title="bbox 459 1654 2032 1737">
     <span class='ocr_line' id='line_1_17' title="bbox 459 1654 2032 1737; baseline -0.001 -16"><span class='ocrx_word' id='word_1_110' title='bbox 459 1669 820 1737; x_wconf 78' lang='lat' dir='ltr'><strong>tirianOpolim</strong></span> <span class='ocrx_word' id='word_1_111' title='bbox 888 1678 1260 1723; x_wconf 86' lang='lat' dir='ltr'><strong>revertuntur.</strong></span> <span class='ocrx_word' id='word_1_112' title='bbox 1331 1665 1626 1722; x_wconf 80' lang='lat' dir='ltr'><strong>Scacltines</strong></span> <span class='ocrx_word' id='word_1_113' title='bbox 1680 1654 1872 1720; x_wconf 78' lang='lat' dir='ltr'><strong>Mtirati</strong></span> <span class='ocrx_word' id='word_1_114' title='bbox 1915 1682 2032 1721; x_wconf 83' lang='lat' dir='ltr'><strong>ma-</strong></span> 
     </span>
    </p>
   </div>
   <div class='ocr_carea' id='block_1_18' title="bbox 463 1757 2031 1828">
    <p class='ocr_par' dir='ltr' id='par_1_18' title="bbox 463 1757 2031 1828">
     <span class='ocr_line' id='line_1_18' title="bbox 463 1757 2031 1828; baseline 0.001 -19"><span class='ocrx_word' id='word_1_115' title='bbox 463 1774 626 1828; x_wconf 82' lang='lat' dir='ltr'><strong>gnum</strong></span> <span class='ocrx_word' id='word_1_116' title='bbox 659 1757 1000 1828; x_wconf 80' lang='lat' dir='ltr'><strong>captivorum</strong></span> <span class='ocrx_word' id='word_1_117' title='bbox 1033 1769 1347 1818; x_wconf 87' lang='lat' dir='ltr'><strong>numerum,</strong></span> <span class='ocrx_word' id='word_1_118' title='bbox 1375 1771 1500 1810; x_wconf 91' lang='lat' dir='ltr'><strong>cum</strong></span> <span class='ocrx_word' id='word_1_119' title='bbox 1531 1771 1636 1809; x_wconf 90' lang='lat' dir='ltr'><strong>non</strong></span> <span class='ocrx_word' id='word_1_120' title='bbox 1672 1757 1860 1826; x_wconf 83' lang='lat' dir='ltr'><strong>paucis</strong></span> <span class='ocrx_word' id='word_1_121' title='bbox 1883 1760 2031 1826; x_wconf 88' lang='lat' dir='ltr'><strong>capi-</strong></span> 
     </span>
    </p>
   </div>
   <div class='ocr_carea' id='block_1_19' title="bbox 461 1848 2029 1919">
    <p class='ocr_par' dir='ltr' id='par_1_19' title="bbox 461 1848 2029 1919">
     <span class='ocr_line' id='line_1_19' title="bbox 461 1848 2029 1919; baseline 0.001 -17"><span class='ocrx_word' id='word_1_122' title='bbox 461 1851 606 1904; x_wconf 91' lang='lat' dir='ltr'><strong>tibus</strong></span> <span class='ocrx_word' id='word_1_123' title='bbox 653 1850 1130 1918; x_wconf 86' lang='lat' dir='ltr'><strong>interemptorum,</strong></span> <span class='ocrx_word' id='word_1_124' title='bbox 1186 1849 1383 1902; x_wconf 91' lang='lat' dir='ltr'><strong>misit:</strong></span> <span class='ocrx_word' id='word_1_125' title='bbox 1448 1848 1648 1916; x_wconf 91' lang='lat' dir='ltr'><strong>quibus</strong></span> <span class='ocrx_word' id='word_1_126' title='bbox 1698 1851 2029 1919; x_wconf 82' lang='lat' dir='ltr'><strong>conspectis,</strong></span> 
     </span>
    </p>
   </div>
   <div class='ocr_carea' id='block_1_20' title="bbox 460 1935 2037 2009">
    <p class='ocr_par' dir='ltr' id='par_1_20' title="bbox 460 1935 2037 2009">
     <span class='ocr_line' id='line_1_20' title="bbox 460 1935 2037 2009; baseline -0.001 -13"><span class='ocrx_word' id='word_1_127' title='bbox 460 1941 656 1996; x_wconf 84' lang='lat' dir='ltr'><strong>itinere</strong></span> <span class='ocrx_word' id='word_1_128' title='bbox 699 1954 967 1992; x_wconf 87' lang='lat' dir='ltr'><strong>converso</strong></span> <span class='ocrx_word' id='word_1_129' title='bbox 1021 1939 1249 1992; x_wconf 79' lang='lat' dir='ltr'><strong>Prusam</strong></span> <span class='ocrx_word' id='word_1_130' title='bbox 1284 1939 1520 2008; x_wconf 77' lang='lat' dir='ltr'><strong>repetiit.</strong></span> <span class='ocrx_word' id='word_1_131' title='bbox 1547 1935 1674 1992; x_wconf 66' lang='lat' dir='ltr'><strong>Ilaec</strong></span> <span class='ocrx_word' id='word_1_132' title='bbox 1728 1948 1880 2009; x_wconf 87' lang='lat' dir='ltr'><strong>gesta</strong></span> <span class='ocrx_word' id='word_1_133' title='bbox 1917 1939 2037 1994; x_wconf 88' lang='lat' dir='ltr'><strong>fue-</strong></span> 
     </span>
    </p>
   </div>
   <div class='ocr_carea' id='block_1_21' title="bbox 461 2028 2036 2097">
    <p class='ocr_par' dir='ltr' id='par_1_21' title="bbox 461 2028 2036 2097">
     <span class='ocr_line' id='line_1_21' title="bbox 461 2028 2036 2097; baseline -0.002 -12"><span class='ocrx_word' id='word_1_134' title='bbox 461 2039 590 2086; x_wconf 90' lang='lat' dir='ltr'><strong>runt</strong></span> <span class='ocrx_word' id='word_1_135' title='bbox 613 2045 760 2084; x_wconf 88' lang='lat' dir='ltr'><strong>anno</strong></span> <span class='ocrx_word' id='word_1_136' title='bbox 783 2029 1018 2086; x_wconf 83' lang='lat' dir='ltr'><strong>Turcico</strong></span> <span class='ocrx_word' id='word_1_137' title='bbox 1046 2029 1145 2083; x_wconf 86' lang='lat'><strong>767</strong></span> <span class='ocrx_word' id='word_1_138' title='bbox 1195 2029 1346 2097; x_wconf 81' lang='lat' dir='ltr'><strong>(Chr.</strong></span> <span class='ocrx_word' id='word_1_139' title='bbox 1381 2028 1564 2096; x_wconf 75' lang='lat' dir='ltr'><strong>i366).</strong></span> <span class='ocrx_word' id='word_1_140' title='bbox 1597 2031 1715 2093; x_wconf 88' lang='lat' dir='ltr'><strong>Quo</strong></span> <span class='ocrx_word' id='word_1_141' title='bbox 1741 2045 1884 2082; x_wconf 78' lang='lat' dir='ltr'><strong>antro</strong></span> <span class='ocrx_word' id='word_1_142' title='bbox 1914 2029 2036 2082; x_wconf 70' lang='lat' dir='ltr'><strong>Mu-</strong></span> 
     </span>
    </p>
   </div>
   <div class='ocr_carea' id='block_1_22' title="bbox 461 2117 2038 2188">
    <p class='ocr_par' dir='ltr' id='par_1_22' title="bbox 461 2117 2038 2188">
     <span class='ocr_line' id='line_1_22' title="bbox 461 2117 2038 2188; baseline -0.001 -13"><span class='ocrx_word' id='word_1_143' title='bbox 461 2132 604 2176; x_wconf 85' lang='lat' dir='ltr'><strong>rates</strong></span> <span class='ocrx_word' id='word_1_144' title='bbox 646 2122 797 2175; x_wconf 84' lang='lat' dir='ltr'><strong>Chan</strong></span> <span class='ocrx_word' id='word_1_145' title='bbox 831 2121 972 2174; x_wconf 93' lang='lat' dir='ltr'><strong>ﬁlios</strong></span> <span class='ocrx_word' id='word_1_146' title='bbox 1005 2135 1152 2180; x_wconf 86' lang='lat' dir='ltr'><strong>suos,</strong></span> <span class='ocrx_word' id='word_1_147' title='bbox 1193 2117 1620 2188; x_wconf 84' lang='lat' dir='ltr'><strong>Bajazitem,qui</strong></span> <span class='ocrx_word' id='word_1_148' title='bbox 1655 2118 1914 2175; x_wconf 86' lang='lat' dir='ltr'><strong>Gilderun</strong></span> <span class='ocrx_word' id='word_1_149' title='bbox 1947 2136 2038 2176; x_wconf 80' lang='lat' dir='ltr'><strong>co-</strong></span> 
     </span>
    </p>
   </div>
   <div class='ocr_carea' id='block_1_23' title="bbox 462 2208 2036 2281">
    <p class='ocr_par' dir='ltr' id='par_1_23' title="bbox 462 2208 2036 2281">
     <span class='ocr_line' id='line_1_23' title="bbox 462 2208 2036 2281; baseline 0.003 -18"><span class='ocrx_word' id='word_1_150' title='bbox 462 2211 809 2281; x_wconf 80' lang='lat' dir='ltr'><strong>gnouiinatus</strong></span> <span class='ocrx_word' id='word_1_151' title='bbox 853 2213 976 2273; x_wconf 83' lang='lat' dir='ltr'><strong>fuit,</strong></span> <span class='ocrx_word' id='word_1_152' title='bbox 997 2219 1052 2265; x_wconf 89' lang='lat' dir='ltr'><strong>et</strong></span> <span class='ocrx_word' id='word_1_153' title='bbox 1108 2209 1372 2279; x_wconf 80' lang='lat' dir='ltr'><strong>Jacupem</strong></span> <span class='ocrx_word' id='word_1_154' title='bbox 1420 2208 1684 2277; x_wconf 83' lang='lat' dir='ltr'><strong>Zelebim,</strong></span> <span class='ocrx_word' id='word_1_155' title='bbox 1717 2213 2036 2268; x_wconf 79' lang='lat' dir='ltr'><strong>circumcidi</strong></span> 
     </span>
    </p>
   </div>
   <div class='ocr_carea' id='block_1_24' title="bbox 463 2301 2038 2374">
    <p class='ocr_par' dir='ltr' id='par_1_24' title="bbox 463 2301 2038 2374">
     <span class='ocr_line' id='line_1_24' title="bbox 463 2301 2038 2374; baseline 0.005 -22"><span class='ocrx_word' id='word_1_156' title='bbox 463 2305 652 2368; x_wconf 77' lang='lat' dir='ltr'><strong>voluit,</strong></span> <span class='ocrx_word' id='word_1_157' title='bbox 677 2317 869 2372; x_wconf 84' lang='lat' dir='ltr'><strong>magna</strong></span> <span class='ocrx_word' id='word_1_158' title='bbox 900 2301 1246 2357; x_wconf 81' lang='lat' dir='ltr'><strong>solemnitate</strong></span> <span class='ocrx_word' id='word_1_159' title='bbox 1284 2301 1550 2358; x_wconf 89' lang='lat' dir='ltr'><strong>adhibita.</strong></span> <span class='ocrx_word' id='word_1_160' title='bbox 1595 2301 1869 2374; x_wconf 71' lang='lat' dir='ltr'><strong>Belezngae</strong></span> <span class='ocrx_word' id='word_1_161' title='bbox 1902 2321 2038 2374; x_wconf 82' lang='lat' dir='ltr'><strong>prue-</strong></span> 
     </span>
    </p>
   </div>
   <div class='ocr_carea' id='block_1_25' title="bbox 461 2393 2034 2464">
    <p class='ocr_par' dir='ltr' id='par_1_25' title="bbox 461 2393 2034 2464">
     <span class='ocr_line' id='line_1_25' title="bbox 461 2393 2034 2464; baseline 0.001 -16"><span class='ocrx_word' id='word_1_162' title='bbox 461 2405 632 2460; x_wconf 85' lang='lat' dir='ltr'><strong>terea,</strong></span> <span class='ocrx_word' id='word_1_163' title='bbox 683 2393 832 2463; x_wconf 77' lang='lat' dir='ltr'><strong>quod</strong></span> <span class='ocrx_word' id='word_1_164' title='bbox 886 2393 1144 2463; x_wconf 79' lang='lat' dir='ltr'><strong>Oppidum</strong></span> <span class='ocrx_word' id='word_1_165' title='bbox 1202 2403 1286 2449; x_wconf 89' lang='lat' dir='ltr'><strong>est</strong></span> <span class='ocrx_word' id='word_1_166' title='bbox 1341 2394 1622 2459; x_wconf 75' lang='lat' dir='ltr'><strong>Anatoiize,</strong></span> <span class='ocrx_word' id='word_1_167' title='bbox 1656 2408 2034 2464; x_wconf 87' lang='lat' dir='ltr'><strong>sumptuosum</strong></span> 
     </span>
    </p>
   </div>
   <div class='ocr_carea' id='block_1_26' title="bbox 462 2485 2032 2558">
    <p class='ocr_par' dir='ltr' id='par_1_26' title="bbox 462 2485 2032 2558">
     <span class='ocr_line' id='line_1_26' title="bbox 462 2485 2032 2558; baseline 0.003 -19"><span class='ocrx_word' id='word_1_168' title='bbox 462 2487 746 2558; x_wconf 79' lang='lat' dir='ltr'><strong>templum,</strong></span> <span class='ocrx_word' id='word_1_169' title='bbox 770 2486 1047 2541; x_wconf 88' lang='lat' dir='ltr'><strong>messitam</strong></span> <span class='ocrx_word' id='word_1_170' title='bbox 1073 2485 1234 2542; x_wconf 90' lang='lat' dir='ltr'><strong>Turci</strong></span> <span class='ocrx_word' id='word_1_171' title='bbox 1263 2487 1677 2550; x_wconf 86' lang='lat' dir='ltr'><strong>vocant,eodem</strong></span> <span class='ocrx_word' id='word_1_172' title='bbox 1707 2503 1876 2554; x_wconf 90' lang='lat' dir='ltr'><strong>anno,</strong></span> <span class='ocrx_word' id='word_1_173' title='bbox 1909 2505 2032 2544; x_wconf 87' lang='lat' dir='ltr'><strong>cum</strong></span> 
     </span>
    </p>
   </div>
   <div class='ocr_carea' id='block_1_27' title="bbox 463 2579 2038 2650">
    <p class='ocr_par' dir='ltr' id='par_1_27' title="bbox 463 2579 2038 2650">
     <span class='ocr_line' id='line_1_27' title="bbox 463 2579 2038 2650; baseline 0.001 -15"><span class='ocrx_word' id='word_1_174' title='bbox 463 2579 652 2635; x_wconf 80' lang='lat' dir='ltr'><strong>schola</strong></span> <span class='ocrx_word' id='word_1_175' title='bbox 691 2591 746 2634; x_wconf 91' lang='lat' dir='ltr'><strong>et</strong></span> <span class='ocrx_word' id='word_1_176' title='bbox 776 2595 1006 2643; x_wconf 83' lang='lat' dir='ltr'><strong>xenone,</strong></span> <span class='ocrx_word' id='word_1_177' title='bbox 1037 2581 1364 2634; x_wconf 73' lang='lat' dir='ltr'><strong>construxit.</strong></span> <span class='ocrx_word' id='word_1_178' title='bbox 1414 2579 1684 2650; x_wconf 86' lang='lat' dir='ltr'><strong>Principis</strong></span> <span class='ocrx_word' id='word_1_179' title='bbox 1708 2581 1874 2636; x_wconf 88' lang='lat' dir='ltr'><strong>etiam</strong></span> <span class='ocrx_word' id='word_1_180' title='bbox 1905 2580 2038 2636; x_wconf 87' lang='lat' dir='ltr'><strong>Ger-</strong></span> 
     </span>
    </p>
   </div>
   <div class='ocr_carea' id='block_1_28' title="bbox 463 2669 2038 2740">
    <p class='ocr_par' dir='ltr' id='par_1_28' title="bbox 463 2669 2038 2740">
     <span class='ocr_line' id='line_1_28' title="bbox 463 2669 2038 2740; baseline 0.001 -16"><span class='ocrx_word' id='word_1_181' title='bbox 463 2669 630 2724; x_wconf 91' lang='lat' dir='ltr'><strong>miani</strong></span> <span class='ocrx_word' id='word_1_182' title='bbox 664 2670 787 2724; x_wconf 72' lang='lat' dir='ltr'><strong>ﬁlia:</strong></span> <span class='ocrx_word' id='word_1_183' title='bbox 837 2673 1055 2740; x_wconf 80' lang='lat' dir='ltr'><strong>nuptias</strong></span> <span class='ocrx_word' id='word_1_184' title='bbox 1102 2669 1325 2738; x_wconf 81' lang='lat' dir='ltr'><strong>Bajaziti</strong></span> <span class='ocrx_word' id='word_1_185' title='bbox 1361 2670 1639 2726; x_wconf 83' lang='lat' dir='ltr'><strong>Gilderuni</strong></span> <span class='ocrx_word' id='word_1_186' title='bbox 1703 2673 1815 2728; x_wconf 91' lang='lat' dir='ltr'><strong>ﬁlio</strong></span> <span class='ocrx_word' id='word_1_187' title='bbox 1854 2673 2038 2727; x_wconf 84' lang='lat' dir='ltr'><strong>conci-</strong></span> 
     </span>
    </p>
   </div>
   <div class='ocr_carea' id='block_1_29' title="bbox 463 2761 2038 2832">
    <p class='ocr_par' dir='ltr' id='par_1_29' title="bbox 463 2761 2038 2832">
     <span class='ocr_line' id='line_1_29' title="bbox 463 2761 2038 2832; baseline 0.003 -18"><span class='ocrx_word' id='word_1_188' title='bbox 463 2763 638 2825; x_wconf 87' lang='lat' dir='ltr'><strong>liavit,</strong></span> <span class='ocrx_word' id='word_1_189' title='bbox 673 2761 978 2817; x_wconf 83' lang='lat' dir='ltr'><strong>celebratas</strong></span> <span class='ocrx_word' id='word_1_190' title='bbox 1004 2775 1201 2832; x_wconf 84' lang='lat' dir='ltr'><strong>pompa</strong></span> <span class='ocrx_word' id='word_1_191' title='bbox 1224 2762 1787 2832; x_wconf 83' lang='lat' dir='ltr'><strong>magniﬁcentissima.</strong></span> <span class='ocrx_word' id='word_1_192' title='bbox 1830 2765 2038 2818; x_wconf 65' lang='lat' dir='ltr'><strong>Secnno</strong></span> 
     </span>
    </p>
   </div>
   <div class='ocr_carea' id='block_1_30' title="bbox 465 2851 2036 2922">
    <p class='ocr_par' dir='ltr' id='par_1_30' title="bbox 465 2851 2036 2922">
     <span class='ocr_line' id='line_1_30' title="bbox 465 2851 2036 2922; baseline 0.001 -14"><span class='ocrx_word' id='word_1_193' title='bbox 465 2855 595 2908; x_wconf 90' lang='lat' dir='ltr'><strong>dum</strong></span> <span class='ocrx_word' id='word_1_194' title='bbox 633 2853 748 2909; x_wconf 71' lang='lat' dir='ltr'><strong>haec</strong></span> <span class='ocrx_word' id='word_1_195' title='bbox 773 2853 829 2907; x_wconf 92' lang='lat' dir='ltr'><strong>in</strong></span> <span class='ocrx_word' id='word_1_196' title='bbox 863 2852 1138 2920; x_wconf 84' lang='lat' dir='ltr'><strong>regionem</strong></span> <span class='ocrx_word' id='word_1_197' title='bbox 1166 2851 1445 2908; x_wconf 81' lang='lat' dir='ltr'><strong>Hemidam</strong></span> <span class='ocrx_word' id='word_1_198' title='bbox 1473 2870 1598 2909; x_wconf 89' lang='lat' dir='ltr'><strong>cum</strong></span> <span class='ocrx_word' id='word_1_199' title='bbox 1629 2856 1871 2910; x_wconf 89' lang='lat' dir='ltr'><strong>exercitu</strong></span> <span class='ocrx_word' id='word_1_200' title='bbox 1906 2872 2036 2922; x_wconf 82' lang='lat' dir='ltr'><strong>pro-</strong></span> 
     </span>
    </p>
   </div>
   <div class='ocr_carea' id='block_1_31' title="bbox 466 2942 2034 3016">
    <p class='ocr_par' dir='ltr' id='par_1_31' title="bbox 466 2942 2034 3016">
     <span class='ocr_line' id='line_1_31' title="bbox 466 2942 2034 3016; baseline 0.002 -18"><span class='ocrx_word' id='word_1_201' title='bbox 466 2942 786 3009; x_wconf 84' lang='lat' dir='ltr'><strong>fectus,eam</strong></span> <span class='ocrx_word' id='word_1_202' title='bbox 815 2943 1124 3013; x_wconf 81' lang='lat' dir='ltr'><strong>occupavit.</strong></span> <span class='ocrx_word' id='word_1_203' title='bbox 1153 2942 1284 2998; x_wconf 86' lang='lat' dir='ltr'><strong>Inde</strong></span> <span class='ocrx_word' id='word_1_204' title='bbox 1313 2959 1654 3015; x_wconf 86' lang='lat' dir='ltr'><strong>progressus,</strong></span> <span class='ocrx_word' id='word_1_205' title='bbox 1687 2946 2034 3016; x_wconf 81' lang='lat' dir='ltr'><strong>Aspropollm</strong></span> 
     </span>
    </p>
   </div>
   <div class='ocr_carea' id='block_1_32' title="bbox 466 3033 2034 3103">
    <p class='ocr_par' dir='ltr' id='par_1_32' title="bbox 466 3033 2034 3103">
     <span class='ocr_line' id='line_1_32' title="bbox 466 3033 2034 3103; baseline 0.003 -15"><span class='ocrx_word' id='word_1_206' title='bbox 466 3034 582 3088; x_wconf 79' lang='lat' dir='ltr'><strong>sive</strong></span> <span class='ocrx_word' id='word_1_207' title='bbox 632 3035 822 3089; x_wconf 80' lang='lat' dir='ltr'><strong>Albam</strong></span> <span class='ocrx_word' id='word_1_208' title='bbox 878 3033 1159 3098; x_wconf 72' lang='lat' dir='ltr'><strong>Anatoliae,</strong></span> <span class='ocrx_word' id='word_1_209' title='bbox 1218 3047 1384 3103; x_wconf 88' lang='lat' dir='ltr'><strong>quam</strong></span> <span class='ocrx_word' id='word_1_210' title='bbox 1452 3050 1598 3090; x_wconf 89' lang='lat' dir='ltr'><strong>nunc</strong></span> <span class='ocrx_word' id='word_1_211' title='bbox 1643 3037 2034 3093; x_wconf 78' lang='lat' dir='ltr'><strong>Acscheberim</strong></span> 
     </span>
    </p>
   </div>
   <div class='ocr_carea' id='block_1_33' title="bbox 471 3123 2107 3220">
    <p class='ocr_par' dir='ltr' id='par_1_33' title="bbox 471 3123 2107 3220">
     <span class='ocr_line' id='line_1_33' title="bbox 471 3123 2107 3220; baseline 0.006 -44"><span class='ocrx_word' id='word_1_212' title='bbox 471 3123 1078 3194; x_wconf 81' lang='lat' dir='ltr'><strong>voeant.etCutahigen</strong></span> <span class='ocrx_word' id='word_1_213' title='bbox 1123 3124 1464 3193; x_wconf 87' lang='lat' dir='ltr'><strong>metropoiim</strong></span> <span class='ocrx_word' id='word_1_214' title='bbox 1509 3127 1820 3194; x_wconf 71' lang='lat' dir='ltr'><strong>provinciae,</strong></span> <span class='ocrx_word' id='word_1_215' title='bbox 1839 3139 1896 3183; x_wconf 89' lang='lat' dir='ltr'><strong>et</strong></span> <span class='ocrx_word' id='word_1_216' title='bbox 1912 3129 2035 3185; x_wconf 82' lang='lat' dir='ltr'><strong>llie-</strong></span> <span class='ocrx_word' id='word_1_217' title='bbox 2063 3160 2107 3220; x_wconf 67' lang='grc' dir='ltr'>ο</span> 
     </span>
    </p>
   </div>
   <div class='ocr_carea' id='block_1_34' title="bbox 469 3217 2028 3289">
    <p class='ocr_par' dir='ltr' id='par_1_34' title="bbox 469 3217 2028 3289">
     <span class='ocr_line' id='line_1_34' title="bbox 469 3217 2028 3289; baseline 0.007 -18"><span class='ocrx_word' id='word_1_218' title='bbox 469 3218 716 3287; x_wconf 88' lang='lat' dir='ltr'><strong>rapolim,</strong></span> <span class='ocrx_word' id='word_1_219' title='bbox 739 3235 860 3289; x_wconf 71' lang='lat' dir='ltr'><strong>qua</strong></span> <span class='ocrx_word' id='word_1_220' title='bbox 883 3217 1314 3276; x_wconf 81' lang='lat' dir='ltr'><strong>Seldischeheris</strong></span> <span class='ocrx_word' id='word_1_221' title='bbox 1376 3219 1598 3288; x_wconf 87' lang='lat' dir='ltr'><strong>dicitur,</strong></span> <span class='ocrx_word' id='word_1_222' title='bbox 1636 3232 1690 3277; x_wconf 87' lang='lat' dir='ltr'><strong>et</strong></span> <span class='ocrx_word' id='word_1_223' title='bbox 1745 3221 2028 3282; x_wconf 81' lang='lat' dir='ltr'><strong>Geluazen</strong></span> 
     </span>
    </p>
   </div>
   <div class='ocr_carea' id='block_1_35' title="bbox 464 3309 2034 3389">
    <p class='ocr_par' dir='ltr' id='par_1_35' title="bbox 464 3309 2034 3389">
     <span class='ocr_line' id='line_1_35' title="bbox 464 3309 2034 3389; baseline 0.006 -23"><span class='ocrx_word' id='word_1_224' title='bbox 464 3309 991 3381; x_wconf 73' lang='lat' dir='ltr'><strong>817imperiosuo</strong></span> <span class='ocrx_word' id='word_1_225' title='bbox 1021 3312 1278 3382; x_wconf 79' lang='lat' dir='ltr'><strong>subjecit,</strong></span> <span class='ocrx_word' id='word_1_226' title='bbox 1334 3327 1476 3368; x_wconf 90' lang='lat' dir='ltr'><strong>anno</strong></span> <span class='ocrx_word' id='word_1_227' title='bbox 1521 3314 1796 3385; x_wconf 68' lang='lat' dir='ltr'><strong>784(Chr.</strong></span> <span class='ocrx_word' id='word_1_228' title='bbox 1851 3317 2034 3389; x_wconf 71' lang='grc'><strong>1383).</strong></span> 
     </span>
    </p>
   </div>
   <div class='ocr_carea' id='block_1_36' title="bbox 463 3404 2036 3476">
    <p class='ocr_par' dir='ltr' id='par_1_36' title="bbox 463 3404 2036 3476">
     <span class='ocr_line' id='line_1_36' title="bbox 463 3404 2036 3476; baseline 0.006 -21"><span class='ocrx_word' id='word_1_229' title='bbox 463 3405 644 3471; x_wconf 74' lang='lat' dir='ltr'><strong>Atque</strong></span> <span class='ocrx_word' id='word_1_230' title='bbox 704 3404 790 3458; x_wconf 88' lang='lat' dir='ltr'><strong>his</strong></span> <span class='ocrx_word' id='word_1_231' title='bbox 813 3405 978 3459; x_wconf 84' lang='lat' dir='ltr'><strong>rebus</strong></span> <span class='ocrx_word' id='word_1_232' title='bbox 1021 3405 1211 3474; x_wconf 78' lang='lat' dir='ltr'><strong>gestis,</strong></span> <span class='ocrx_word' id='word_1_233' title='bbox 1243 3404 1561 3476; x_wconf 83' lang='lat' dir='ltr'><strong>relictisque</strong></span> <span class='ocrx_word' id='word_1_234' title='bbox 1589 3407 1727 3462; x_wconf 88' lang='lat' dir='ltr'><strong>locis</strong></span> <span class='ocrx_word' id='word_1_235' title='bbox 1758 3409 1848 3474; x_wconf 90' lang='lat' dir='ltr'><strong>iis,</strong></span> <span class='ocrx_word' id='word_1_236' title='bbox 1881 3419 2036 3465; x_wconf 85' lang='lat' dir='ltr'><strong>trans</strong></span> 
     </span>
    </p>
   </div>
   <div class='ocr_carea' id='block_1_37' title="bbox 463 3493 2034 3569">
    <p class='ocr_par' dir='ltr' id='par_1_37' title="bbox 463 3493 2034 3569">
     <span class='ocr_line' id='line_1_37' title="bbox 463 3493 2034 3569; baseline 0.005 -22"><span class='ocrx_word' id='word_1_237' title='bbox 463 3497 663 3550; x_wconf 86' lang='lat' dir='ltr'><strong>lretum</strong></span> <span class='ocrx_word' id='word_1_238' title='bbox 684 3493 992 3565; x_wconf 79' lang='lat' dir='ltr'><strong>Callipolim</strong></span> <span class='ocrx_word' id='word_1_239' title='bbox 1017 3511 1075 3550; x_wconf 89' lang='lat' dir='ltr'><strong>se</strong></span> <span class='ocrx_word' id='word_1_240' title='bbox 1106 3497 1334 3550; x_wconf 89' lang='lat' dir='ltr'><strong>contulit</strong></span> <span class='ocrx_word' id='word_1_241' title='bbox 1359 3515 1374 3551; x_wconf 91' lang='lat'><strong>:</strong></span> <span class='ocrx_word' id='word_1_242' title='bbox 1409 3497 1805 3569; x_wconf 75' lang='lat' dir='ltr'><strong>ingressusque</strong></span> <span class='ocrx_word' id='word_1_243' title='bbox 1827 3498 2034 3555; x_wconf 75' lang='lat' dir='ltr'><strong>[toma-</strong></span> 
     </span>
    </p>
   </div>
   <div class='ocr_carea' id='block_1_38' title="bbox 465 3588 2032 3660">
    <p class='ocr_par' dir='ltr' id='par_1_38' title="bbox 465 3588 2032 3660">
     <span class='ocr_line' id='line_1_38' title="bbox 465 3588 2032 3660; baseline 0.004 -20"><span class='ocrx_word' id='word_1_244' title='bbox 465 3589 635 3652; x_wconf 91' lang='lat' dir='ltr'><strong>niam,</strong></span> <span class='ocrx_word' id='word_1_245' title='bbox 655 3588 942 3642; x_wconf 82' lang='lat' dir='ltr'><strong>obsidione</strong></span> <span class='ocrx_word' id='word_1_246' title='bbox 963 3588 1327 3658; x_wconf 82' lang='lat' dir='ltr'><strong>Magaigaram</strong></span> <span class='ocrx_word' id='word_1_247' title='bbox 1351 3589 1543 3654; x_wconf 80' lang='lat' dir='ltr'><strong>cinxit,</strong></span> <span class='ocrx_word' id='word_1_248' title='bbox 1563 3591 1687 3645; x_wconf 87' lang='lat' dir='ltr'><strong>etin</strong></span> <span class='ocrx_word' id='word_1_249' title='bbox 1706 3600 2032 3660; x_wconf 89' lang='lat' dir='ltr'><strong>potestatem</strong></span> 
     </span>
    </p>
   </div>
   <div class='ocr_carea' id='block_1_39' title="bbox 465 3677 2034 3749">
    <p class='ocr_par' dir='ltr' id='par_1_39' title="bbox 465 3677 2034 3749">
     <span class='ocr_line' id='line_1_39' title="bbox 465 3677 2034 3749; baseline 0.004 -18"><span class='ocrx_word' id='word_1_250' title='bbox 465 3678 614 3732; x_wconf 88' lang='lat' dir='ltr'><strong>brevi</strong></span> <span class='ocrx_word' id='word_1_251' title='bbox 665 3677 895 3749; x_wconf 86' lang='lat' dir='ltr'><strong>redegit.</strong></span> <span class='ocrx_word' id='word_1_252' title='bbox 951 3677 1030 3733; x_wconf 80' lang='lat' dir='ltr'><strong>Eo</strong></span> <span class='ocrx_word' id='word_1_253' title='bbox 1081 3679 1200 3733; x_wconf 91' lang='lat' dir='ltr'><strong>loco</strong></span> <span class='ocrx_word' id='word_1_254' title='bbox 1251 3681 1414 3748; x_wconf 74' lang='lat' dir='ltr'><strong>regia:</strong></span> <span class='ocrx_word' id='word_1_255' title='bbox 1462 3678 1690 3736; x_wconf 80' lang='lat' dir='ltr'><strong>Muratis</strong></span> <span class='ocrx_word' id='word_1_256' title='bbox 1715 3698 2034 3738; x_wconf 74' lang='lat' dir='ltr'><strong>teconomus</strong></span> 
     </span>
    </p>
   </div>
   <div class='ocr_carea' id='block_1_40' title="bbox 467 3767 2034 3841">
    <p class='ocr_par' dir='ltr' id='par_1_40' title="bbox 467 3767 2034 3841">
     <span class='ocr_line' id='line_1_40' title="bbox 467 3767 2034 3841; baseline 0.003 -18"><span class='ocrx_word' id='word_1_257' title='bbox 467 3767 596 3823; x_wconf 85' lang='lat' dir='ltr'><strong>Lala</strong></span> <span class='ocrx_word' id='word_1_258' title='bbox 632 3769 956 3833; x_wconf 79' lang='lat' dir='ltr'><strong>Scachines,</strong></span> <span class='ocrx_word' id='word_1_259' title='bbox 983 3778 1039 3824; x_wconf 90' lang='lat' dir='ltr'><strong>et</strong></span> <span class='ocrx_word' id='word_1_260' title='bbox 1061 3769 1371 3825; x_wconf 78' lang='lat' dir='ltr'><strong>Eureuoses</strong></span> <span class='ocrx_word' id='word_1_261' title='bbox 1397 3772 1589 3841; x_wconf 79' lang='lat' dir='ltr'><strong>begus,</strong></span> <span class='ocrx_word' id='word_1_262' title='bbox 1621 3775 1892 3828; x_wconf 87' lang='lat' dir='ltr'><strong>universis</strong></span> <span class='ocrx_word' id='word_1_263' title='bbox 1907 3790 2034 3827; x_wconf 89' lang='lat' dir='ltr'><strong>cum</strong></span> 
     </span>
    </p>
   </div>
   <div class='ocr_carea' id='block_1_41' title="bbox 467 3861 2033 3932">
    <p class='ocr_par' dir='ltr' id='par_1_41' title="bbox 467 3861 2033 3932">
     <span class='ocr_line' id='line_1_41' title="bbox 467 3861 2033 3932; baseline 0.002 -16"><span class='ocrx_word' id='word_1_264' title='bbox 467 3862 665 3931; x_wconf 82' lang='lat' dir='ltr'><strong>copiis,</strong></span> <span class='ocrx_word' id='word_1_265' title='bbox 699 3863 902 3932; x_wconf 88' lang='lat' dir='ltr'><strong>quibus</strong></span> <span class='ocrx_word' id='word_1_266' title='bbox 938 3865 992 3917; x_wconf 92' lang='lat' dir='ltr'><strong>in</strong></span> <span class='ocrx_word' id='word_1_267' title='bbox 1045 3861 1313 3917; x_wconf 78' lang='lat' dir='ltr'><strong>Romanis</strong></span> <span class='ocrx_word' id='word_1_268' title='bbox 1349 3873 1640 3932; x_wconf 60' lang='lat' dir='ltr'><strong>praeerant,</strong></span> <span class='ocrx_word' id='word_1_269' title='bbox 1678 3866 1744 3920; x_wconf 88' lang='lat' dir='ltr'><strong>ad</strong></span> <span class='ocrx_word' id='word_1_270' title='bbox 1769 3866 2033 3920; x_wconf 78' lang='lat' dir='ltr'><strong>Muratem</strong></span> 
     </span>
    </p>
   </div>
   <div class='ocr_carea' id='block_1_42' title="bbox 470 3955 2048 4023">
    <p class='ocr_par' dir='ltr' id='par_1_42' title="bbox 470 3955 2048 4023">
     <span class='ocr_line' id='line_1_42' title="bbox 470 3955 2048 4023; baseline 0.003 -17"><span class='ocrx_word' id='word_1_271' title='bbox 470 3962 860 4009; x_wconf 84' lang='lat' dir='ltr'><strong>accesserunt:</strong></span> <span class='ocrx_word' id='word_1_272' title='bbox 919 3962 974 4009; x_wconf 91' lang='lat' dir='ltr'><strong>et</strong></span> <span class='ocrx_word' id='word_1_273' title='bbox 1033 3955 1342 4023; x_wconf 86' lang='lat' dir='ltr'><strong>conjunctis</strong></span> <span class='ocrx_word' id='word_1_274' title='bbox 1396 3956 1750 4020; x_wconf 79' lang='lat' dir='ltr'><strong>exercitibus,</strong></span> <span class='ocrx_word' id='word_1_275' title='bbox 1786 3958 1850 4008; x_wconf 81' lang='lat' dir='ltr'><strong>ad</strong></span> <span class='ocrx_word' id='word_1_276' title='bbox 1888 3957 2048 4012; x_wconf 79' lang='lat' dir='ltr'><strong>obsi-</strong></span> 
     </span>
    </p>
   </div>
   <div class='ocr_carea' id='block_1_43' title="bbox 468 4042 2035 4114">
    <p class='ocr_par' dir='ltr' id='par_1_43' title="bbox 468 4042 2035 4114">
     <span class='ocr_line' id='line_1_43' title="bbox 468 4042 2035 4114; baseline 0.004 -20"><span class='ocrx_word' id='word_1_277' title='bbox 468 4045 698 4096; x_wconf 85' lang='lat' dir='ltr'><strong>dendam</strong></span> <span class='ocrx_word' id='word_1_278' title='bbox 756 4042 1028 4111; x_wconf 84' lang='lat' dir='ltr'><strong>Bolinam,</strong></span> <span class='ocrx_word' id='word_1_279' title='bbox 1060 4045 1238 4098; x_wconf 90' lang='lat' dir='ltr'><strong>locum</strong></span> <span class='ocrx_word' id='word_1_280' title='bbox 1297 4046 1593 4111; x_wconf 90' lang='lat' dir='ltr'><strong>munitum,</strong></span> <span class='ocrx_word' id='word_1_281' title='bbox 1626 4046 1854 4114; x_wconf 83' lang='lat' dir='ltr'><strong>profecti</strong></span> <span class='ocrx_word' id='word_1_282' title='bbox 1885 4058 2035 4100; x_wconf 88' lang='lat' dir='ltr'><strong>sunt.</strong></span> 
     </span>
    </p>
   </div>
   <div class='ocr_carea' id='block_1_44' title="bbox 467 4134 2037 4205">
    <p class='ocr_par' dir='ltr' id='par_1_44' title="bbox 467 4134 2037 4205">
     <span class='ocr_line' id='line_1_44' title="bbox 467 4134 2037 4205; baseline 0.004 -19"><span class='ocrx_word' id='word_1_283' title='bbox 467 4134 745 4202; x_wconf 84' lang='lat' dir='ltr'><strong>Quotquot</strong></span> <span class='ocrx_word' id='word_1_284' title='bbox 780 4142 940 4190; x_wconf 83' lang='lat' dir='ltr'><strong>erant</strong></span> <span class='ocrx_word' id='word_1_285' title='bbox 961 4150 1025 4189; x_wconf 90' lang='lat' dir='ltr'><strong>ea</strong></span> <span class='ocrx_word' id='word_1_286' title='bbox 1054 4134 1275 4205; x_wconf 77' lang='lat' dir='ltr'><strong>regione</strong></span> <span class='ocrx_word' id='word_1_287' title='bbox 1303 4135 1643 4202; x_wconf 81' lang='lat' dir='ltr'><strong>Christiani,</strong></span> <span class='ocrx_word' id='word_1_288' title='bbox 1675 4151 1864 4190; x_wconf 86' lang='lat' dir='ltr'><strong>omnes</strong></span> <span class='ocrx_word' id='word_1_289' title='bbox 1893 4137 1949 4190; x_wconf 88' lang='lat' dir='ltr'><strong>in</strong></span> <span class='ocrx_word' id='word_1_290' title='bbox 1972 4137 2037 4192; x_wconf 82' lang='lat' dir='ltr'><strong>il-</strong></span> 
     </span>
    </p>
   </div>
   <div class='ocr_carea' id='block_1_45' title="bbox 470 4225 2039 4295">
    <p class='ocr_par' dir='ltr' id='par_1_45' title="bbox 470 4225 2039 4295">
     <span class='ocr_line' id='line_1_45' title="bbox 470 4225 2039 4295; baseline 0.001 -16"><span class='ocrx_word' id='word_1_291' title='bbox 470 4226 578 4280; x_wconf 85' lang='lat' dir='ltr'><strong>iam</strong></span> <span class='ocrx_word' id='word_1_292' title='bbox 611 4228 758 4280; x_wconf 84' lang='lat' dir='ltr'><strong>velut</strong></span> <span class='ocrx_word' id='word_1_293' title='bbox 785 4241 963 4279; x_wconf 90' lang='lat' dir='ltr'><strong>arcem</strong></span> <span class='ocrx_word' id='word_1_294' title='bbox 994 4239 1116 4279; x_wconf 90' lang='lat' dir='ltr'><strong>sese</strong></span> <span class='ocrx_word' id='word_1_295' title='bbox 1176 4235 1518 4295; x_wconf 88' lang='lat' dir='ltr'><strong>receperant.</strong></span> <span class='ocrx_word' id='word_1_296' title='bbox 1544 4225 1730 4295; x_wconf 85' lang='lat' dir='ltr'><strong>itaque</strong></span> <span class='ocrx_word' id='word_1_297' title='bbox 1765 4242 1886 4280; x_wconf 88' lang='lat' dir='ltr'><strong>cum</strong></span> <span class='ocrx_word' id='word_1_298' title='bbox 1921 4226 2039 4280; x_wconf 79' lang='lat' dir='ltr'><strong>Mu-</strong></span> 
     </span>
    </p>
   </div>
   <div class='ocr_carea' id='block_1_46' title="bbox 473 4317 2037 4388">
    <p class='ocr_par' dir='ltr' id='par_1_46' title="bbox 473 4317 2037 4388">
     <span class='ocr_line' id='line_1_46' title="bbox 473 4317 2037 4388; baseline 0.001 -17"><span class='ocrx_word' id='word_1_299' title='bbox 473 4327 619 4373; x_wconf 86' lang='lat' dir='ltr'><strong>rates</strong></span> <span class='ocrx_word' id='word_1_300' title='bbox 674 4317 840 4372; x_wconf 80' lang='lat' dir='ltr'><strong>tantis</strong></span> <span class='ocrx_word' id='word_1_301' title='bbox 870 4332 998 4373; x_wconf 87' lang='lat' dir='ltr'><strong>cum</strong></span> <span class='ocrx_word' id='word_1_302' title='bbox 1027 4318 1202 4386; x_wconf 84' lang='lat' dir='ltr'><strong>copiis</strong></span> <span class='ocrx_word' id='word_1_303' title='bbox 1236 4330 1289 4372; x_wconf 88' lang='lat' dir='ltr'><strong>et</strong></span> <span class='ocrx_word' id='word_1_304' title='bbox 1335 4327 1602 4388; x_wconf 87' lang='lat' dir='ltr'><strong>apparatu</strong></span> <span class='ocrx_word' id='word_1_305' title='bbox 1631 4318 1919 4373; x_wconf 84' lang='lat' dir='ltr'><strong>obsidione</strong></span> <span class='ocrx_word' id='word_1_306' title='bbox 1951 4321 2037 4373; x_wconf 85' lang='lat' dir='ltr'><strong>in-</strong></span> 
     </span>
    </p>
   </div>
   <div class='ocr_carea' id='block_1_47' title="bbox 477 4408 2040 4480">
    <p class='ocr_par' dir='ltr' id='par_1_47' title="bbox 477 4408 2040 4480">
     <span class='ocr_line' id='line_1_47' title="bbox 477 4408 2040 4480; baseline 0.001 -16"><span class='ocrx_word' id='word_1_307' title='bbox 477 4409 696 4474; x_wconf 87' lang='lat' dir='ltr'><strong>choata,</strong></span> <span class='ocrx_word' id='word_1_308' title='bbox 724 4411 1043 4480; x_wconf 86' lang='lat' dir='ltr'><strong>magnisque</strong></span> <span class='ocrx_word' id='word_1_309' title='bbox 1061 4408 1340 4464; x_wconf 87' lang='lat' dir='ltr'><strong>laboribus</strong></span> <span class='ocrx_word' id='word_1_310' title='bbox 1367 4421 1422 4464; x_wconf 90' lang='lat' dir='ltr'><strong>et</strong></span> <span class='ocrx_word' id='word_1_311' title='bbox 1468 4410 1733 4466; x_wconf 86' lang='lat' dir='ltr'><strong>molestiis</strong></span> <span class='ocrx_word' id='word_1_312' title='bbox 1794 4413 2040 4465; x_wconf 87' lang='lat' dir='ltr'><strong>exantla-</strong></span> 
     </span>
    </p>
   </div>
   <div class='ocr_carea' id='block_1_48' title="bbox 2132 574 3704 646">
    <p class='ocr_par' dir='ltr' id='par_1_48' title="bbox 2132 574 3704 646">
     <span class='ocr_line' id='line_1_48' title="bbox 2132 574 3704 646; baseline -0.006 -11"><span class='ocrx_word' id='word_1_313' title='bbox 2132 596 2313 636; x_wconf 90' lang='lat' dir='ltr'><strong>coram</strong></span> <span class='ocrx_word' id='word_1_314' title='bbox 2343 581 2550 634; x_wconf 82' lang='lat' dir='ltr'><strong>Murate</strong></span> <span class='ocrx_word' id='word_1_315' title='bbox 2577 587 3021 646; x_wconf 75' lang='lat' dir='ltr'><strong>comparuerant.</strong></span> <span class='ocrx_word' id='word_1_316' title='bbox 3049 576 3116 630; x_wconf 83' lang='lat' dir='ltr'><strong>Et</strong></span> <span class='ocrx_word' id='word_1_317' title='bbox 3147 574 3370 643; x_wconf 82' lang='lat' dir='ltr'><strong>quidem</strong></span> <span class='ocrx_word' id='word_1_318' title='bbox 3407 574 3460 628; x_wconf 87' lang='lat' dir='ltr'><strong>id</strong></span> <span class='ocrx_word' id='word_1_319' title='bbox 3490 584 3704 646; x_wconf 83' lang='lat' dir='ltr'><strong>tetnpo-</strong></span> 
     </span>
    </p>
   </div>
   <div class='ocr_carea' id='block_1_49' title="bbox 2133 665 3706 741">
    <p class='ocr_par' dir='ltr' id='par_1_49' title="bbox 2133 665 3706 741">
     <span class='ocr_line' id='line_1_49' title="bbox 2133 665 3706 741; baseline -0.003 -15"><span class='ocrx_word' id='word_1_320' title='bbox 2133 674 2208 726; x_wconf 90' lang='lat' dir='ltr'><strong>ris</strong></span> <span class='ocrx_word' id='word_1_321' title='bbox 2259 673 2402 741; x_wconf 83' lang='lat' dir='ltr'><strong>apud</strong></span> <span class='ocrx_word' id='word_1_322' title='bbox 2460 670 2668 724; x_wconf 82' lang='lat' dir='ltr'><strong>Turcos</strong></span> <span class='ocrx_word' id='word_1_323' title='bbox 2741 669 2882 736; x_wconf 84' lang='lat' dir='ltr'><strong>cepit</strong></span> <span class='ocrx_word' id='word_1_324' title='bbox 2932 667 3022 720; x_wconf 89' lang='lat' dir='ltr'><strong>ille</strong></span> <span class='ocrx_word' id='word_1_325' title='bbox 3072 680 3192 719; x_wconf 88' lang='lat' dir='ltr'><strong>mos</strong></span> <span class='ocrx_word' id='word_1_326' title='bbox 3222 665 3466 735; x_wconf 84' lang='lat' dir='ltr'><strong>gestandi</strong></span> <span class='ocrx_word' id='word_1_327' title='bbox 3505 680 3706 721; x_wconf 86' lang='lat' dir='ltr'><strong>aureos</strong></span> 
     </span>
    </p>
   </div>
   <div class='ocr_carea' id='block_1_50' title="bbox 2131 755 3700 832">
    <p class='ocr_par' dir='ltr' id='par_1_50' title="bbox 2131 755 3700 832">
     <span class='ocr_line' id='line_1_50' title="bbox 2131 755 3700 832; baseline -0.001 -18"><span class='ocrx_word' id='word_1_328' title='bbox 2131 764 2394 830; x_wconf 77' lang='lat' dir='ltr'><strong>ejusmodi</strong></span> <span class='ocrx_word' id='word_1_329' title='bbox 2449 764 2643 832; x_wconf 85' lang='lat' dir='ltr'><strong>pileos,</strong></span> <span class='ocrx_word' id='word_1_330' title='bbox 2680 761 2774 830; x_wconf 90' lang='lat' dir='ltr'><strong>qui</strong></span> <span class='ocrx_word' id='word_1_331' title='bbox 2803 761 2943 828; x_wconf 87' lang='lat' dir='ltr'><strong>apud</strong></span> <span class='ocrx_word' id='word_1_332' title='bbox 2991 758 3114 813; x_wconf 88' lang='lat' dir='ltr'><strong>illos</strong></span> <span class='ocrx_word' id='word_1_333' title='bbox 3141 755 3377 812; x_wconf 73' lang='lat' dir='ltr'><strong>Uscuﬁa:</strong></span> <span class='ocrx_word' id='word_1_334' title='bbox 3426 757 3700 812; x_wconf 83' lang='lat' dir='ltr'><strong>dicuntur.</strong></span> 
     </span>
    </p>
   </div>
   <div class='ocr_carea' id='block_1_51' title="bbox 2133 849 3705 910">
    <p class='ocr_par' dir='ltr' id='par_1_51' title="bbox 2133 849 3705 910">
     <span class='ocr_line' id='line_1_51' title="bbox 2133 849 3705 910; baseline -0.004 -2"><span class='ocrx_word' id='word_1_335' title='bbox 2133 855 2328 910; x_wconf 78' lang='lat' dir='ltr'><strong>Murali</strong></span> <span class='ocrx_word' id='word_1_336' title='bbox 2402 870 2528 908; x_wconf 86' lang='lat' dir='ltr'><strong>vero</strong></span> <span class='ocrx_word' id='word_1_337' title='bbox 2578 854 2750 908; x_wconf 87' lang='lat' dir='ltr'><strong>Chaui</strong></span> <span class='ocrx_word' id='word_1_338' title='bbox 2813 853 3058 905; x_wconf 75' lang='lat' dir='ltr'><strong>coiiibuit</strong></span> <span class='ocrx_word' id='word_1_339' title='bbox 3097 865 3217 904; x_wconf 82' lang='lat' dir='ltr'><strong>eam</strong></span> <span class='ocrx_word' id='word_1_340' title='bbox 3269 850 3442 902; x_wconf 88' lang='lat' dir='ltr'><strong>tiliam</strong></span> <span class='ocrx_word' id='word_1_341' title='bbox 3497 849 3705 902; x_wconf 78' lang='lat' dir='ltr'><strong>honore</strong></span> 
     </span>
    </p>
   </div>
   <div class='ocr_carea' id='block_1_52' title="bbox 2133 938 3708 1014">
    <p class='ocr_par' dir='ltr' id='par_1_52' title="bbox 2133 938 3708 1014">
     <span class='ocr_line' id='line_1_52' title="bbox 2133 938 3708 1014; baseline -0.001 -15"><span class='ocrx_word' id='word_1_342' title='bbox 2133 946 2371 1013; x_wconf 90' lang='lat' dir='ltr'><strong>quodam</strong></span> <span class='ocrx_word' id='word_1_343' title='bbox 2407 947 2642 1008; x_wconf 75' lang='lat' dir='ltr'><strong>allicere,</strong></span> <span class='ocrx_word' id='word_1_344' title='bbox 2671 955 2836 1014; x_wconf 86' lang='lat' dir='ltr'><strong>atque</strong></span> <span class='ocrx_word' id='word_1_345' title='bbox 2859 945 3004 997; x_wconf 88' lang='lat' dir='ltr'><strong>illam</strong></span> <span class='ocrx_word' id='word_1_346' title='bbox 3035 944 3106 998; x_wconf 91' lang='lat' dir='ltr'><strong>ob</strong></span> <span class='ocrx_word' id='word_1_347' title='bbox 3153 958 3375 998; x_wconf 88' lang='lat' dir='ltr'><strong>causam</strong></span> <span class='ocrx_word' id='word_1_348' title='bbox 3419 953 3574 997; x_wconf 88' lang='lat' dir='ltr'><strong>vetus</strong></span> <span class='ocrx_word' id='word_1_349' title='bbox 3603 938 3708 997; x_wconf 86' lang='lat' dir='ltr'><strong>Fe-</strong></span> 
     </span>
    </p>
   </div>
   <div class='ocr_carea' id='block_1_53' title="bbox 2135 1034 3764 1105">
    <p class='ocr_par' dir='ltr' id='par_1_53' title="bbox 2135 1034 3764 1105">
     <span class='ocr_line' id='line_1_53' title="bbox 2135 1034 3764 1105; baseline -0.001 -17"><span class='ocrx_word' id='word_1_350' title='bbox 2135 1037 2256 1091; x_wconf 82' lang='lat' dir='ltr'><strong>liris</strong></span> <span class='ocrx_word' id='word_1_351' title='bbox 2287 1036 2417 1092; x_wconf 70' lang='lat' dir='ltr'><strong>tiliae</strong></span> <span class='ocrx_word' id='word_1_352' title='bbox 2445 1053 2643 1091; x_wconf 77' lang='lat' dir='ltr'><strong>nomen</strong></span> <span class='ocrx_word' id='word_1_353' title='bbox 2694 1035 3037 1105; x_wconf 82' lang='lat' dir='ltr'><strong>approbavit,</strong></span> <span class='ocrx_word' id='word_1_354' title='bbox 3067 1045 3119 1089; x_wconf 89' lang='lat' dir='ltr'><strong>et</strong></span> <span class='ocrx_word' id='word_1_355' title='bbox 3141 1034 3208 1087; x_wconf 90' lang='lat' dir='ltr'><strong>ad</strong></span> <span class='ocrx_word' id='word_1_356' title='bbox 3243 1041 3496 1102; x_wconf 87' lang='lat' dir='ltr'><strong>posteros</strong></span> <span class='ocrx_word' id='word_1_357' title='bbox 3522 1043 3704 1089; x_wconf 88' lang='lat' dir='ltr'><strong>ratum</strong></span> <span class='ocrx_word' id='word_1_358' title='bbox 3754 1078 3764 1086; x_wconf 96' lang='lat'><strong>.</strong></span> 
     </span>
    </p>
   </div>
   <div class='ocr_carea' id='block_1_54' title="bbox 2135 1124 3699 1191">
    <p class='ocr_par' dir='ltr' id='par_1_54' title="bbox 2135 1124 3699 1191">
     <span class='ocr_line' id='line_1_54' title="bbox 2135 1124 3699 1191; baseline -0.003 -10"><span class='ocrx_word' id='word_1_359' title='bbox 2135 1141 2254 1181; x_wconf 86' lang='lat' dir='ltr'><strong>esse</strong></span> <span class='ocrx_word' id='word_1_360' title='bbox 2280 1128 2470 1179; x_wconf 91' lang='lat' dir='ltr'><strong>voluit.</strong></span> <span class='ocrx_word' id='word_1_361' title='bbox 2503 1125 2632 1180; x_wconf 86' lang='lat' dir='ltr'><strong>Inde</strong></span> <span class='ocrx_word' id='word_1_362' title='bbox 2656 1124 2999 1180; x_wconf 87' lang='lat' dir='ltr'><strong>Christianos</strong></span> <span class='ocrx_word' id='word_1_363' title='bbox 3030 1124 3240 1178; x_wconf 78' lang='lat' dir='ltr'><strong>incolas</strong></span> <span class='ocrx_word' id='word_1_364' title='bbox 3262 1124 3574 1185; x_wconf 85' lang='lat' dir='ltr'><strong>universos.</strong></span> <span class='ocrx_word' id='word_1_365' title='bbox 3605 1125 3699 1191; x_wconf 92' lang='lat' dir='ltr'><strong>qui</strong></span> 
     </span>
    </p>
   </div>
   <div class='ocr_carea' id='block_1_55' title="bbox 2136 1215 3705 1286">
    <p class='ocr_par' dir='ltr' id='par_1_55' title="bbox 2136 1215 3705 1286">
     <span class='ocr_line' id='line_1_55' title="bbox 2136 1215 3705 1286; baseline -0.003 -14"><span class='ocrx_word' id='word_1_366' title='bbox 2136 1220 2275 1286; x_wconf 88' lang='lat' dir='ltr'><strong>capti</strong></span> <span class='ocrx_word' id='word_1_367' title='bbox 2311 1217 2556 1279; x_wconf 77' lang='lat' dir='ltr'><strong>fuerant,</strong></span> <span class='ocrx_word' id='word_1_368' title='bbox 2584 1218 2965 1286; x_wconf 84' lang='lat' dir='ltr'><strong>cujuscunque</strong></span> <span class='ocrx_word' id='word_1_369' title='bbox 3001 1215 3254 1278; x_wconf 64' lang='lat' dir='ltr'><strong>fortuna,</strong></span> <span class='ocrx_word' id='word_1_370' title='bbox 3299 1223 3705 1269; x_wconf 87' lang='lat' dir='ltr'><strong>sacramentum</strong></span> 
     </span>
    </p>
   </div>
   <div class='ocr_carea' id='block_1_56' title="bbox 2137 1305 3706 1376">
    <p class='ocr_par' dir='ltr' id='par_1_56' title="bbox 2137 1305 3706 1376">
     <span class='ocr_line' id='line_1_56' title="bbox 2137 1305 3706 1376; baseline -0.002 -13"><span class='ocrx_word' id='word_1_371' title='bbox 2137 1309 2246 1363; x_wconf 88' lang='lat' dir='ltr'><strong>sibi</strong></span> <span class='ocrx_word' id='word_1_372' title='bbox 2279 1309 2460 1362; x_wconf 83' lang='lat' dir='ltr'><strong>dicere</strong></span> <span class='ocrx_word' id='word_1_373' title='bbox 2492 1309 2660 1375; x_wconf 88' lang='lat' dir='ltr'><strong>jussit</strong></span> <span class='ocrx_word' id='word_1_374' title='bbox 2681 1327 2692 1362; x_wconf 90' lang='lat'><strong>:</strong></span> <span class='ocrx_word' id='word_1_375' title='bbox 2715 1319 2770 1361; x_wconf 91' lang='lat' dir='ltr'><strong>et</strong></span> <span class='ocrx_word' id='word_1_376' title='bbox 2802 1323 2923 1361; x_wconf 85' lang='lat' dir='ltr'><strong>cum</strong></span> <span class='ocrx_word' id='word_1_377' title='bbox 2956 1307 3144 1363; x_wconf 79' lang='lat' dir='ltr'><strong>liberis</strong></span> <span class='ocrx_word' id='word_1_378' title='bbox 3183 1319 3347 1374; x_wconf 87' lang='lat' dir='ltr'><strong>atque</strong></span> <span class='ocrx_word' id='word_1_379' title='bbox 3379 1305 3706 1376; x_wconf 81' lang='lat' dir='ltr'><strong>conjugihus</strong></span> 
     </span>
    </p>
   </div>
   <div class='ocr_carea' id='block_1_57' title="bbox 2137 1397 3706 1467">
    <p class='ocr_par' dir='ltr' id='par_1_57' title="bbox 2137 1397 3706 1467">
     <span class='ocr_line' id='line_1_57' title="bbox 2137 1397 3706 1467; baseline -0.006 -10"><span class='ocrx_word' id='word_1_380' title='bbox 2137 1404 2355 1457; x_wconf 86' lang='lat' dir='ltr'><strong>domum</strong></span> <span class='ocrx_word' id='word_1_381' title='bbox 2392 1401 2624 1455; x_wconf 86' lang='lat' dir='ltr'><strong>remisit.</strong></span> <span class='ocrx_word' id='word_1_382' title='bbox 2657 1400 2854 1453; x_wconf 90' lang='lat' dir='ltr'><strong>Castro</strong></span> <span class='ocrx_word' id='word_1_383' title='bbox 2902 1397 3120 1466; x_wconf 85' lang='lat' dir='ltr'><strong>quidem</strong></span> <span class='ocrx_word' id='word_1_384' title='bbox 3159 1397 3258 1467; x_wconf 87' lang='lat' dir='ltr'><strong>ipsi</strong></span> <span class='ocrx_word' id='word_1_385' title='bbox 3292 1412 3489 1450; x_wconf 89' lang='lat' dir='ltr'><strong>nomen</strong></span> <span class='ocrx_word' id='word_1_386' title='bbox 3517 1397 3571 1449; x_wconf 91' lang='lat' dir='ltr'><strong>in</strong></span> <span class='ocrx_word' id='word_1_387' title='bbox 3605 1397 3706 1449; x_wconf 87' lang='lat' dir='ltr'><strong>ho—</strong></span> 
     </span>
    </p>
   </div>
   <div class='ocr_carea' id='block_1_58' title="bbox 2136 1487 3702 1558">
    <p class='ocr_par' dir='ltr' id='par_1_58' title="bbox 2136 1487 3702 1558">
     <span class='ocr_line' id='line_1_58' title="bbox 2136 1487 3702 1558; baseline -0.004 -14"><span class='ocrx_word' id='word_1_388' title='bbox 2136 1491 2386 1546; x_wconf 89' lang='lat' dir='ltr'><strong>diernum</strong></span> <span class='ocrx_word' id='word_1_389' title='bbox 2447 1506 2616 1558; x_wconf 90' lang='lat' dir='ltr'><strong>usque</strong></span> <span class='ocrx_word' id='word_1_390' title='bbox 2652 1489 2793 1542; x_wconf 89' lang='lat' dir='ltr'><strong>diem</strong></span> <span class='ocrx_word' id='word_1_391' title='bbox 2849 1489 3030 1550; x_wconf 87' lang='lat' dir='ltr'><strong>durat,</strong></span> <span class='ocrx_word' id='word_1_392' title='bbox 3073 1487 3140 1540; x_wconf 85' lang='lat' dir='ltr'><strong>ab</strong></span> <span class='ocrx_word' id='word_1_393' title='bbox 3193 1487 3479 1541; x_wconf 81' lang='lat' dir='ltr'><strong>eversione</strong></span> <span class='ocrx_word' id='word_1_394' title='bbox 3503 1487 3702 1539; x_wconf 88' lang='lat' dir='ltr'><strong>divina.</strong></span> 
     </span>
    </p>
   </div>
   <div class='ocr_carea' id='block_1_59' title="bbox 2137 1575 3707 1648">
    <p class='ocr_par' dir='ltr' id='par_1_59' title="bbox 2137 1575 3707 1648">
     <span class='ocr_line' id='line_1_59' title="bbox 2137 1575 3707 1648; baseline -0.004 -11"><span class='ocrx_word' id='word_1_395' title='bbox 2137 1581 2372 1637; x_wconf 75' lang='lat' dir='ltr'><strong>Huratt-s</strong></span> <span class='ocrx_word' id='word_1_396' title='bbox 2395 1581 2520 1635; x_wconf 79' lang='lat' dir='ltr'><strong>hinc</strong></span> <span class='ocrx_word' id='word_1_397' title='bbox 2538 1582 2867 1648; x_wconf 72' lang='lat' dir='ltr'><strong>repetiturus</strong></span> <span class='ocrx_word' id='word_1_398' title='bbox 2893 1575 3366 1646; x_wconf 83' lang='lat' dir='ltr'><strong>Hadrianopolim,</strong></span> <span class='ocrx_word' id='word_1_399' title='bbox 3389 1576 3707 1632; x_wconf 87' lang='lat' dir='ltr'><strong>Chairedini</strong></span> 
     </span>
    </p>
   </div>
   <div class='ocr_carea' id='block_1_60' title="bbox 2135 1666 3710 1739">
    <p class='ocr_par' dir='ltr' id='par_1_60' title="bbox 2135 1666 3710 1739">
     <span class='ocr_line' id='line_1_60' title="bbox 2135 1666 3710 1739; baseline -0.005 -11"><span class='ocrx_word' id='word_1_400' title='bbox 2135 1675 2330 1735; x_wconf 83' lang='lat' dir='ltr'><strong>bassae.</strong></span> <span class='ocrx_word' id='word_1_401' title='bbox 2363 1689 2428 1727; x_wconf 87' lang='lat' dir='ltr'><strong>ac</strong></span> <span class='ocrx_word' id='word_1_402' title='bbox 2461 1671 2730 1728; x_wconf 85' lang='lat' dir='ltr'><strong>Eurenosi</strong></span> <span class='ocrx_word' id='word_1_403' title='bbox 2787 1669 2924 1739; x_wconf 86' lang='lat' dir='ltr'><strong>bego</strong></span> <span class='ocrx_word' id='word_1_404' title='bbox 2954 1669 3007 1722; x_wconf 88' lang='lat' dir='ltr'><strong>id</strong></span> <span class='ocrx_word' id='word_1_405' title='bbox 3037 1666 3238 1737; x_wconf 78' lang='lat' dir='ltr'><strong>negotii</strong></span> <span class='ocrx_word' id='word_1_406' title='bbox 3264 1668 3434 1731; x_wconf 83' lang='lat' dir='ltr'><strong>dedit,</strong></span> <span class='ocrx_word' id='word_1_407' title='bbox 3466 1678 3549 1733; x_wconf 92' lang='lat' dir='ltr'><strong>ut,</strong></span> <span class='ocrx_word' id='word_1_408' title='bbox 3576 1681 3710 1736; x_wconf 51' lang='lat' dir='ltr'><strong>pro.</strong></span> 
     </span>
    </p>
   </div>
   <div class='ocr_carea' id='block_1_61' title="bbox 2137 1757 3708 1835">
    <p class='ocr_par' dir='ltr' id='par_1_61' title="bbox 2137 1757 3708 1835">
     <span class='ocr_line' id='line_1_61' title="bbox 2137 1757 3708 1835; baseline -0.004 -16"><span class='ocrx_word' id='word_1_409' title='bbox 2137 1765 2316 1835; x_wconf 80' lang='lat' dir='ltr'><strong>gressi</strong></span> <span class='ocrx_word' id='word_1_410' title='bbox 2350 1764 2604 1825; x_wconf 88' lang='lat' dir='ltr'><strong>ulterius,</strong></span> <span class='ocrx_word' id='word_1_411' title='bbox 2637 1777 2853 1816; x_wconf 87' lang='lat' dir='ltr'><strong>omnem</strong></span> <span class='ocrx_word' id='word_1_412' title='bbox 2890 1761 3038 1814; x_wconf 90' lang='lat' dir='ltr'><strong>illam</strong></span> <span class='ocrx_word' id='word_1_413' title='bbox 3064 1759 3399 1829; x_wconf 79' lang='lat' dir='ltr'><strong>provinciam</strong></span> <span class='ocrx_word' id='word_1_414' title='bbox 3430 1758 3536 1812; x_wconf 88' lang='lat' dir='ltr'><strong>sibi</strong></span> <span class='ocrx_word' id='word_1_415' title='bbox 3572 1757 3708 1813; x_wconf 88' lang='lat' dir='ltr'><strong>sub-</strong></span> 
     </span>
    </p>
   </div>
   <div class='ocr_carea' id='block_1_62' title="bbox 2140 1850 3710 1921">
    <p class='ocr_par' dir='ltr' id='par_1_62' title="bbox 2140 1850 3710 1921">
     <span class='ocr_line' id='line_1_62' title="bbox 2140 1850 3710 1921; baseline -0.003 -12"><span class='ocrx_word' id='word_1_416' title='bbox 2140 1857 2350 1911; x_wconf 89' lang='lat' dir='ltr'><strong>derent.</strong></span> <span class='ocrx_word' id='word_1_417' title='bbox 2418 1855 2484 1909; x_wconf 88' lang='lat' dir='ltr'><strong>Et</strong></span> <span class='ocrx_word' id='word_1_418' title='bbox 2525 1854 2833 1908; x_wconf 86' lang='lat' dir='ltr'><strong>Eurenoses</strong></span> <span class='ocrx_word' id='word_1_419' title='bbox 2875 1851 3097 1921; x_wconf 86' lang='lat' dir='ltr'><strong>quidem</strong></span> <span class='ocrx_word' id='word_1_420' title='bbox 3144 1851 3315 1921; x_wconf 82' lang='lat' dir='ltr'><strong>begus</strong></span> <span class='ocrx_word' id='word_1_421' title='bbox 3359 1852 3603 1905; x_wconf 89' lang='lat' dir='ltr'><strong>animum</strong></span> <span class='ocrx_word' id='word_1_422' title='bbox 3640 1850 3710 1905; x_wconf 87' lang='lat' dir='ltr'><strong>ad</strong></span> 
     </span>
    </p>
   </div>
   <div class='ocr_carea' id='block_1_63' title="bbox 2140 1941 3710 2014">
    <p class='ocr_par' dir='ltr' id='par_1_63' title="bbox 2140 1941 3710 2014">
     <span class='ocr_line' id='line_1_63' title="bbox 2140 1941 3710 2014; baseline -0.001 -14"><span class='ocrx_word' id='word_1_423' title='bbox 2140 1948 2503 2000; x_wconf 82' lang='lat' dir='ltr'><strong>invadendum</strong></span> <span class='ocrx_word' id='word_1_424' title='bbox 2545 1944 2887 2000; x_wconf 77' lang='lat' dir='ltr'><strong>Gumulzina:</strong></span> <span class='ocrx_word' id='word_1_425' title='bbox 2945 1959 3134 2014; x_wconf 87' lang='lat' dir='ltr'><strong>agrum</strong></span> <span class='ocrx_word' id='word_1_426' title='bbox 3199 1943 3414 2014; x_wconf 83' lang='lat' dir='ltr'><strong>adjecit.</strong></span> <span class='ocrx_word' id='word_1_427' title='bbox 3482 1941 3710 1998; x_wconf 74' lang='lat' dir='ltr'><strong>Marulla</strong></span> 
     </span>
    </p>
   </div>
   <div class='ocr_carea' id='block_1_64' title="bbox 2137 2035 3712 2095">
    <p class='ocr_par' dir='ltr' id='par_1_64' title="bbox 2137 2035 3712 2095">
     <span class='ocr_line' id='line_1_64' title="bbox 2137 2035 3712 2095; baseline -0.003 0"><span class='ocrx_word' id='word_1_428' title='bbox 2137 2040 2421 2095; x_wconf 82' lang='lat' dir='ltr'><strong>confestim</strong></span> <span class='ocrx_word' id='word_1_429' title='bbox 2452 2041 2498 2094; x_wconf 90' lang='lat' dir='ltr'><strong>ei</strong></span> <span class='ocrx_word' id='word_1_430' title='bbox 2531 2057 2590 2094; x_wconf 85' lang='lat' dir='ltr'><strong>se</strong></span> <span class='ocrx_word' id='word_1_431' title='bbox 2623 2039 2854 2094; x_wconf 89' lang='lat' dir='ltr'><strong>dedidit.</strong></span> <span class='ocrx_word' id='word_1_432' title='bbox 2885 2035 3020 2091; x_wconf 85' lang='lat' dir='ltr'><strong>Erat</strong></span> <span class='ocrx_word' id='word_1_433' title='bbox 3052 2040 3193 2092; x_wconf 90' lang='lat' dir='ltr'><strong>inter</strong></span> <span class='ocrx_word' id='word_1_434' title='bbox 3213 2037 3348 2093; x_wconf 88' lang='lat' dir='ltr'><strong>alios</strong></span> <span class='ocrx_word' id='word_1_435' title='bbox 3378 2036 3608 2092; x_wconf 67' lang='lat' dir='ltr'><strong>Muralis</strong></span> <span class='ocrx_word' id='word_1_436' title='bbox 3632 2035 3712 2091; x_wconf 83' lang='lat' dir='ltr'><strong>fa-</strong></span> 
     </span>
    </p>
   </div>
   <div class='ocr_carea' id='block_1_65' title="bbox 2141 2127 3704 2200">
    <p class='ocr_par' dir='ltr' id='par_1_65' title="bbox 2141 2127 3704 2200">
     <span class='ocr_line' id='line_1_65' title="bbox 2141 2127 3704 2200; baseline -0.003 -14"><span class='ocrx_word' id='word_1_437' title='bbox 2141 2134 2303 2187; x_wconf 73' lang='lat' dir='ltr'><strong>milia:</strong></span> <span class='ocrx_word' id='word_1_438' title='bbox 2327 2133 2611 2188; x_wconf 91' lang='lat' dir='ltr'><strong>ministros</strong></span> <span class='ocrx_word' id='word_1_439' title='bbox 2637 2130 2988 2200; x_wconf 80' lang='lat' dir='ltr'><strong>quidam,cui</strong></span> <span class='ocrx_word' id='word_1_440' title='bbox 3017 2145 3213 2184; x_wconf 86' lang='lat' dir='ltr'><strong>nomen</strong></span> <span class='ocrx_word' id='word_1_441' title='bbox 3245 2130 3407 2184; x_wconf 87' lang='lat' dir='ltr'><strong>Delus</strong></span> <span class='ocrx_word' id='word_1_442' title='bbox 3435 2127 3704 2184; x_wconf 83' lang='lat' dir='ltr'><strong>Belnban.</strong></span> 
     </span>
    </p>
   </div>
   <div class='ocr_carea' id='block_1_66' title="bbox 2139 2220 3712 2296">
    <p class='ocr_par' dir='ltr' id='par_1_66' title="bbox 2139 2220 3712 2296">
     <span class='ocr_line' id='line_1_66' title="bbox 2139 2220 3712 2296; baseline -0.003 -18"><span class='ocrx_word' id='word_1_443' title='bbox 2139 2225 2199 2280; x_wconf 82' lang='lat' dir='ltr'><strong>Ei</strong></span> <span class='ocrx_word' id='word_1_444' title='bbox 2225 2224 2598 2296; x_wconf 88' lang='lat' dir='ltr'><strong>sangiacatum</strong></span> <span class='ocrx_word' id='word_1_445' title='bbox 2628 2224 2682 2278; x_wconf 91' lang='lat' dir='ltr'><strong>in</strong></span> <span class='ocrx_word' id='word_1_446' title='bbox 2704 2222 2968 2277; x_wconf 86' lang='lat' dir='ltr'><strong>limitibus</strong></span> <span class='ocrx_word' id='word_1_447' title='bbox 3001 2222 3296 2286; x_wconf 90' lang='lat' dir='ltr'><strong>commisit,</strong></span> <span class='ocrx_word' id='word_1_448' title='bbox 3323 2220 3594 2276; x_wconf 87' lang='lat' dir='ltr'><strong>utSerras</strong></span> <span class='ocrx_word' id='word_1_449' title='bbox 3611 2235 3712 2290; x_wconf 80' lang='lat' dir='ltr'><strong>op-</strong></span> 
     </span>
    </p>
   </div>
   <div class='ocr_carea' id='block_1_67' title="bbox 2140 2311 3710 2386">
    <p class='ocr_par' dir='ltr' id='par_1_67' title="bbox 2140 2311 3710 2386">
     <span class='ocr_line' id='line_1_67' title="bbox 2140 2311 3710 2386; baseline -0.003 -16"><span class='ocrx_word' id='word_1_450' title='bbox 2140 2317 2324 2386; x_wconf 90' lang='lat' dir='ltr'><strong>pidum</strong></span> <span class='ocrx_word' id='word_1_451' title='bbox 2378 2315 2523 2370; x_wconf 88' lang='lat' dir='ltr'><strong>bello</strong></span> <span class='ocrx_word' id='word_1_452' title='bbox 2572 2325 2813 2371; x_wconf 78' lang='lat' dir='ltr'><strong>vexaret.</strong></span> <span class='ocrx_word' id='word_1_453' title='bbox 2865 2311 3000 2368; x_wconf 86' lang='lat' dir='ltr'><strong>Cum</strong></span> <span class='ocrx_word' id='word_1_454' title='bbox 3041 2323 3222 2367; x_wconf 89' lang='lat' dir='ltr'><strong>autem</strong></span> <span class='ocrx_word' id='word_1_455' title='bbox 3249 2328 3383 2368; x_wconf 87' lang='lat' dir='ltr'><strong>snas</strong></span> <span class='ocrx_word' id='word_1_456' title='bbox 3404 2313 3494 2367; x_wconf 89' lang='lat' dir='ltr'><strong>ille</strong></span> <span class='ocrx_word' id='word_1_457' title='bbox 3521 2314 3710 2381; x_wconf 87' lang='lat' dir='ltr'><strong>copias</strong></span> 
     </span>
    </p>
   </div>
   <div class='ocr_carea' id='block_1_68' title="bbox 2141 2403 3714 2470">
    <p class='ocr_par' dir='ltr' id='par_1_68' title="bbox 2141 2403 3714 2470">
     <span class='ocr_line' id='line_1_68' title="bbox 2141 2403 3714 2470; baseline -0.003 -8"><span class='ocrx_word' id='word_1_458' title='bbox 2141 2409 2282 2464; x_wconf 87' lang='lat' dir='ltr'><strong>istuc</strong></span> <span class='ocrx_word' id='word_1_459' title='bbox 2343 2407 2682 2466; x_wconf 82' lang='lat' dir='ltr'><strong>adduxisset,</strong></span> <span class='ocrx_word' id='word_1_460' title='bbox 2723 2405 3042 2466; x_wconf 80' lang='lat' dir='ltr'><strong>Christiani,</strong></span> <span class='ocrx_word' id='word_1_461' title='bbox 3074 2405 3243 2470; x_wconf 84' lang='lat' dir='ltr'><strong>portis</strong></span> <span class='ocrx_word' id='word_1_462' title='bbox 3267 2404 3528 2469; x_wconf 86' lang='lat' dir='ltr'><strong>occlusis,</strong></span> <span class='ocrx_word' id='word_1_463' title='bbox 3558 2403 3714 2458; x_wconf 89' lang='lat' dir='ltr'><strong>dedi-</strong></span> 
     </span>
    </p>
   </div>
   <div class='ocr_carea' id='block_1_69' title="bbox 2142 2493 3708 2555">
    <p class='ocr_par' dir='ltr' id='par_1_69' title="bbox 2142 2493 3708 2555">
     <span class='ocr_line' id='line_1_69' title="bbox 2142 2493 3708 2555; baseline -0.005 -1"><span class='ocrx_word' id='word_1_464' title='bbox 2142 2500 2348 2554; x_wconf 88' lang='lat' dir='ltr'><strong>tionem</strong></span> <span class='ocrx_word' id='word_1_465' title='bbox 2410 2498 2589 2552; x_wconf 87' lang='lat' dir='ltr'><strong>facere</strong></span> <span class='ocrx_word' id='word_1_466' title='bbox 2639 2504 2989 2551; x_wconf 89' lang='lat' dir='ltr'><strong>recusarunt.</strong></span> <span class='ocrx_word' id='word_1_467' title='bbox 3025 2495 3235 2550; x_wconf 82' lang='lat' dir='ltr'><strong>interea</strong></span> <span class='ocrx_word' id='word_1_468' title='bbox 3266 2509 3421 2555; x_wconf 88' lang='lat' dir='ltr'><strong>vero,</strong></span> <span class='ocrx_word' id='word_1_469' title='bbox 3455 2493 3584 2547; x_wconf 90' lang='lat' dir='ltr'><strong>dum</strong></span> <span class='ocrx_word' id='word_1_470' title='bbox 3621 2494 3708 2546; x_wconf 87' lang='lat' dir='ltr'><strong>his</strong></span> 
     </span>
    </p>
   </div>
   <div class='ocr_carea' id='block_1_70' title="bbox 2138 2581 3712 2661">
    <p class='ocr_par' dir='ltr' id='par_1_70' title="bbox 2138 2581 3712 2661">
     <span class='ocr_line' id='line_1_70' title="bbox 2138 2581 3712 2661; baseline -0.007 -15"><span class='ocrx_word' id='word_1_471' title='bbox 2138 2589 2519 2661; x_wconf 85' lang='lat' dir='ltr'><strong>oppugnandis</strong></span> <span class='ocrx_word' id='word_1_472' title='bbox 2546 2597 2690 2642; x_wconf 92' lang='lat' dir='ltr'><strong>totus</strong></span> <span class='ocrx_word' id='word_1_473' title='bbox 2709 2595 3040 2655; x_wconf 80' lang='lat' dir='ltr'><strong>occupatur:</strong></span> <span class='ocrx_word' id='word_1_474' title='bbox 3062 2581 3191 2640; x_wconf 84' lang='lat' dir='ltr'><strong>Lala</strong></span> <span class='ocrx_word' id='word_1_475' title='bbox 3219 2583 3520 2640; x_wconf 89' lang='lat' dir='ltr'><strong>Scachines</strong></span> <span class='ocrx_word' id='word_1_476' title='bbox 3550 2584 3712 2653; x_wconf 80' lang='lat' dir='ltr'><strong>Oppi-</strong></span> 
     </span>
    </p>
   </div>
   <div class='ocr_carea' id='block_1_71' title="bbox 2138 2672 3712 2750">
    <p class='ocr_par' dir='ltr' id='par_1_71' title="bbox 2138 2672 3712 2750">
     <span class='ocr_line' id='line_1_71' title="bbox 2138 2672 3712 2750; baseline -0.005 -14"><span class='ocrx_word' id='word_1_477' title='bbox 2138 2681 2208 2736; x_wconf 86' lang='lat' dir='ltr'><strong>da</strong></span> <span class='ocrx_word' id='word_1_478' title='bbox 2225 2680 2527 2750; x_wconf 87' lang='lat' dir='ltr'><strong>complura.</strong></span> <span class='ocrx_word' id='word_1_479' title='bbox 2543 2675 2821 2742; x_wconf 89' lang='lat' dir='ltr'><strong>Cavalam,</strong></span> <span class='ocrx_word' id='word_1_480' title='bbox 2838 2677 2897 2730; x_wconf 88' lang='lat' dir='ltr'><strong>Di</strong></span> <span class='ocrx_word' id='word_1_481' title='bbox 2907 2691 3020 2741; x_wconf 90' lang='lat' dir='ltr'><strong>ren,</strong></span> <span class='ocrx_word' id='word_1_482' title='bbox 3040 2676 3216 2730; x_wconf 90' lang='lat' dir='ltr'><strong>Sirum</strong></span> <span class='ocrx_word' id='word_1_483' title='bbox 3237 2676 3466 2744; x_wconf 89' lang='lat' dir='ltr'><strong>imperio</strong></span> <span class='ocrx_word' id='word_1_484' title='bbox 3481 2672 3712 2728; x_wconf 79' lang='lat' dir='ltr'><strong>Muratis</strong></span> 
     </span>
    </p>
   </div>
   <div class='ocr_carea' id='block_1_72' title="bbox 2139 2765 3709 2844">
    <p class='ocr_par' dir='ltr' id='par_1_72' title="bbox 2139 2765 3709 2844">
     <span class='ocr_line' id='line_1_72' title="bbox 2139 2765 3709 2844; baseline -0.006 -16"><span class='ocrx_word' id='word_1_485' title='bbox 2139 2774 2412 2844; x_wconf 82' lang='lat' dir='ltr'><strong>adjungit:</strong></span> <span class='ocrx_word' id='word_1_486' title='bbox 2456 2773 2688 2840; x_wconf 82' lang='lat' dir='ltr'><strong>indeque</strong></span> <span class='ocrx_word' id='word_1_487' title='bbox 2739 2767 3003 2839; x_wconf 87' lang='lat' dir='ltr'><strong>promotis</strong></span> <span class='ocrx_word' id='word_1_488' title='bbox 3031 2769 3251 2830; x_wconf 86' lang='lat' dir='ltr'><strong>castris,</strong></span> <span class='ocrx_word' id='word_1_489' title='bbox 3279 2765 3630 2819; x_wconf 77' lang='lat' dir='ltr'><strong>Mouastiruiu</strong></span> <span class='ocrx_word' id='word_1_490' title='bbox 3654 2775 3709 2818; x_wconf 89' lang='lat' dir='ltr'><strong>et</strong></span> 
     </span>
    </p>
   </div>
   <div class='ocr_carea' id='block_1_73' title="bbox 2138 2859 3706 2928">
    <p class='ocr_par' dir='ltr' id='par_1_73' title="bbox 2138 2859 3706 2928">
     <span class='ocr_line' id='line_1_73' title="bbox 2138 2859 3706 2928; baseline -0.006 -6"><span class='ocrx_word' id='word_1_491' title='bbox 2138 2865 2475 2928; x_wconf 85' lang='lat' dir='ltr'><strong>Selerucam,</strong></span> <span class='ocrx_word' id='word_1_492' title='bbox 2495 2859 2844 2916; x_wconf 82' lang='lat' dir='ltr'><strong>circumfusis</strong></span> <span class='ocrx_word' id='word_1_493' title='bbox 2869 2860 3153 2923; x_wconf 86' lang='lat' dir='ltr'><strong>militibus,</strong></span> <span class='ocrx_word' id='word_1_494' title='bbox 3171 2868 3342 2912; x_wconf 92' lang='lat' dir='ltr'><strong>tentat</strong></span> <span class='ocrx_word' id='word_1_495' title='bbox 3361 2899 3376 2921; x_wconf 92' lang='lat'><strong>,</strong></span> <span class='ocrx_word' id='word_1_496' title='bbox 3410 2868 3462 2911; x_wconf 82' lang='lat' dir='ltr'><strong>et</strong></span> <span class='ocrx_word' id='word_1_497' title='bbox 3490 2873 3706 2912; x_wconf 90' lang='lat' dir='ltr'><strong>omnem</strong></span> 
     </span>
    </p>
   </div>
   <div class='ocr_carea' id='block_1_74' title="bbox 2141 2949 3705 3029">
    <p class='ocr_par' dir='ltr' id='par_1_74' title="bbox 2141 2949 3705 3029">
     <span class='ocr_line' id='line_1_74' title="bbox 2141 2949 3705 3029; baseline -0.009 -16"><span class='ocrx_word' id='word_1_498' title='bbox 2141 2969 2332 3029; x_wconf 83' lang='lat' dir='ltr'><strong>agrum</strong></span> <span class='ocrx_word' id='word_1_499' title='bbox 2387 2955 2471 3010; x_wconf 90' lang='lat' dir='ltr'><strong>his</strong></span> <span class='ocrx_word' id='word_1_500' title='bbox 2534 2954 2824 3007; x_wconf 87' lang='lat' dir='ltr'><strong>ﬁnitimum</strong></span> <span class='ocrx_word' id='word_1_501' title='bbox 2887 2949 3098 3021; x_wconf 87' lang='lat' dir='ltr'><strong>rapinis</strong></span> <span class='ocrx_word' id='word_1_502' title='bbox 3123 2961 3178 3004; x_wconf 89' lang='lat' dir='ltr'><strong>et</strong></span> <span class='ocrx_word' id='word_1_503' title='bbox 3209 2950 3476 3004; x_wconf 87' lang='lat' dir='ltr'><strong>incendiis</strong></span> <span class='ocrx_word' id='word_1_504' title='bbox 3504 2959 3705 3004; x_wconf 71' lang='lat' dir='ltr'><strong>vastat.</strong></span> 
     </span>
    </p>
   </div>
   <div class='ocr_carea' id='block_1_75' title="bbox 2138 3036 3357 3109">
    <p class='ocr_par' dir='ltr' id='par_1_75' title="bbox 2138 3036 3357 3109">
     <span class='ocr_line' id='line_1_75' title="bbox 2138 3036 3357 3109; baseline -0.004 -9"><span class='ocrx_word' id='word_1_505' title='bbox 2138 3045 2470 3103; x_wconf 70' lang='lat' dir='ltr'><strong>Acciderunt</strong></span> <span class='ocrx_word' id='word_1_506' title='bbox 2505 3043 2618 3096; x_wconf 60' lang='lat' dir='ltr'><strong>haec</strong></span> <span class='ocrx_word' id='word_1_507' title='bbox 2645 3057 2791 3096; x_wconf 87' lang='lat' dir='ltr'><strong>anno</strong></span> <span class='ocrx_word' id='word_1_508' title='bbox 2831 3039 2932 3094; x_wconf 77' lang='lat'><strong>737</strong></span> <span class='ocrx_word' id='word_1_509' title='bbox 2990 3040 3143 3106; x_wconf 87' lang='lat' dir='ltr'><strong>(Chr.</strong></span> <span class='ocrx_word' id='word_1_510' title='bbox 3169 3036 3357 3109; x_wconf 78' lang='grc'><strong>1586).</strong></span> 
     </span>
    </p>
   </div>
   <div class='ocr_carea' id='block_1_76' title="bbox 2217 3128 3706 3208">
    <p class='ocr_par' dir='ltr' id='par_1_76' title="bbox 2217 3128 3706 3208">
     <span class='ocr_line' id='line_1_76' title="bbox 2217 3128 3706 3208; baseline -0.005 -16"><span class='ocrx_word' id='word_1_511' title='bbox 2217 3141 2276 3194; x_wconf 86' lang='lat' dir='ltr'><strong>Id</strong></span> <span class='ocrx_word' id='word_1_512' title='bbox 2310 3138 2577 3208; x_wconf 85' lang='lat' dir='ltr'><strong>temporis</strong></span> <span class='ocrx_word' id='word_1_513' title='bbox 2605 3135 2922 3204; x_wconf 70' lang='lat' dir='ltr'><strong>Bagadatim</strong></span> <span class='ocrx_word' id='word_1_514' title='bbox 2953 3133 3332 3187; x_wconf 86' lang='lat' dir='ltr'><strong>Temirlancus</strong></span> <span class='ocrx_word' id='word_1_515' title='bbox 3359 3131 3586 3198; x_wconf 85' lang='lat' dir='ltr'><strong>invasit,</strong></span> <span class='ocrx_word' id='word_1_516' title='bbox 3613 3128 3706 3185; x_wconf 86' lang='lat' dir='ltr'><strong>cui</strong></span> 
     </span>
    </p>
   </div>
   <div class='ocr_carea' id='block_1_77' title="bbox 2136 3219 3709 3292">
    <p class='ocr_par' dir='ltr' id='par_1_77' title="bbox 2136 3219 3709 3292">
     <span class='ocr_line' id='line_1_77' title="bbox 2136 3219 3709 3292; baseline -0.006 -6"><span class='ocrx_word' id='word_1_517' title='bbox 2136 3239 2252 3286; x_wconf 90' lang='lat' dir='ltr'><strong>tum</strong></span> <span class='ocrx_word' id='word_1_518' title='bbox 2283 3227 2547 3284; x_wconf 87' lang='lat' dir='ltr'><strong>Sultanus</strong></span> <span class='ocrx_word' id='word_1_519' title='bbox 2605 3225 2899 3280; x_wconf 82' lang='lat' dir='ltr'><strong>Achmetes</strong></span> <span class='ocrx_word' id='word_1_520' title='bbox 2946 3239 3072 3277; x_wconf 89' lang='lat' dir='ltr'><strong>cum</strong></span> <span class='ocrx_word' id='word_1_521' title='bbox 3107 3223 3341 3292; x_wconf 76' lang='lat' dir='ltr'><strong>imperio</strong></span> <span class='ocrx_word' id='word_1_522' title='bbox 3367 3230 3622 3292; x_wconf 71' lang='lat' dir='ltr'><strong>praeerat.</strong></span> <span class='ocrx_word' id='word_1_523' title='bbox 3659 3219 3709 3277; x_wconf 90' lang='lat' dir='ltr'><strong>Is</strong></span> 
     </span>
    </p>
   </div>
   <div class='ocr_carea' id='block_1_78' title="bbox 2137 3313 3708 3394">
    <p class='ocr_par' dir='ltr' id='par_1_78' title="bbox 2137 3313 3708 3394">
     <span class='ocr_line' id='line_1_78' title="bbox 2137 3313 3708 3394; baseline -0.006 -16"><span class='ocrx_word' id='word_1_524' title='bbox 2137 3337 2249 3394; x_wconf 74' lang='lat' dir='ltr'><strong>pra:</strong></span> <span class='ocrx_word' id='word_1_525' title='bbox 2305 3319 2603 3376; x_wconf 85' lang='lat' dir='ltr'><strong>formidine</strong></span> <span class='ocrx_word' id='word_1_526' title='bbox 2654 3319 2955 3384; x_wconf 78' lang='lat' dir='ltr'><strong>Alcairum,</strong></span> <span class='ocrx_word' id='word_1_527' title='bbox 2980 3316 3047 3370; x_wconf 89' lang='lat' dir='ltr'><strong>ad</strong></span> <span class='ocrx_word' id='word_1_528' title='bbox 3079 3317 3354 3370; x_wconf 68' lang='lat' dir='ltr'><strong>suit-anum</strong></span> <span class='ocrx_word' id='word_1_529' title='bbox 3387 3313 3708 3382; x_wconf 84' lang='lat' dir='ltr'><strong>Borcucem,</strong></span> 
     </span>
    </p>
   </div>
   <div class='ocr_carea' id='block_1_79' title="bbox 2136 3407 3104 3485">
    <p class='ocr_par' dir='ltr' id='par_1_79' title="bbox 2136 3407 3104 3485">
     <span class='ocr_line' id='line_1_79' title="bbox 2136 3407 3104 3485; baseline -0.007 -14"><span class='ocrx_word' id='word_1_530' title='bbox 2136 3413 2396 3485; x_wconf 82' lang='lat' dir='ltr'><strong>profugit,</strong></span> <span class='ocrx_word' id='word_1_531' title='bbox 2437 3427 2582 3466; x_wconf 90' lang='lat' dir='ltr'><strong>anno</strong></span> <span class='ocrx_word' id='word_1_532' title='bbox 2606 3410 2709 3464; x_wconf 84' lang='lat'><strong>788</strong></span> <span class='ocrx_word' id='word_1_533' title='bbox 2741 3409 2893 3481; x_wconf 85' lang='lat' dir='ltr'><strong>(Chr.</strong></span> <span class='ocrx_word' id='word_1_534' title='bbox 2920 3407 3104 3474; x_wconf 76' lang='grc'><strong>1587).</strong></span> 
     </span>
    </p>
   </div>
   <div class='ocr_carea' id='block_1_80' title="bbox 2208 3497 3710 3577">
    <p class='ocr_par' dir='ltr' id='par_1_80' title="bbox 2208 3497 3710 3577">
     <span class='ocr_line' id='line_1_80' title="bbox 2208 3497 3710 3577; baseline -0.006 -18"><span class='ocrx_word' id='word_1_535' title='bbox 2208 3505 2481 3577; x_wconf 85' lang='lat' dir='ltr'><strong>Babylone</strong></span> <span class='ocrx_word' id='word_1_536' title='bbox 2505 3502 2693 3557; x_wconf 84' lang='lat' dir='ltr'><strong>Temir</strong></span> <span class='ocrx_word' id='word_1_537' title='bbox 2720 3501 2872 3556; x_wconf 82' lang='lat' dir='ltr'><strong>Cltan</strong></span> <span class='ocrx_word' id='word_1_538' title='bbox 2907 3499 3072 3554; x_wconf 88' lang='lat' dir='ltr'><strong>movit</strong></span> <span class='ocrx_word' id='word_1_539' title='bbox 3097 3500 3148 3552; x_wconf 88' lang='lat' dir='ltr'><strong>in</strong></span> <span class='ocrx_word' id='word_1_540' title='bbox 3178 3499 3451 3568; x_wconf 87' lang='lat' dir='ltr'><strong>regionem</strong></span> <span class='ocrx_word' id='word_1_541' title='bbox 3478 3497 3710 3552; x_wconf 71' lang='lat' dir='ltr'><strong>Desten-</strong></span> 
     </span>
    </p>
   </div>
   <div class='ocr_carea' id='block_1_81' title="bbox 2137 3587 3708 3664">
    <p class='ocr_par' dir='ltr' id='par_1_81' title="bbox 2137 3587 3708 3664">
     <span class='ocr_line' id='line_1_81' title="bbox 2137 3587 3708 3664; baseline -0.007 -10"><span class='ocrx_word' id='word_1_542' title='bbox 2137 3613 2280 3664; x_wconf 88' lang='lat' dir='ltr'><strong>sem,</strong></span> <span class='ocrx_word' id='word_1_543' title='bbox 2315 3597 2407 3650; x_wconf 91' lang='lat' dir='ltr'><strong>ubi</strong></span> <span class='ocrx_word' id='word_1_544' title='bbox 2456 3611 2578 3651; x_wconf 92' lang='lat' dir='ltr'><strong>cum</strong></span> <span class='ocrx_word' id='word_1_545' title='bbox 2626 3591 2917 3648; x_wconf 85' lang='lat' dir='ltr'><strong>Techmico</strong></span> <span class='ocrx_word' id='word_1_546' title='bbox 2966 3591 3152 3645; x_wconf 88' lang='lat' dir='ltr'><strong>Chane</strong></span> <span class='ocrx_word' id='word_1_547' title='bbox 3185 3591 3372 3660; x_wconf 78' lang='lat' dir='ltr'><strong>prazlio</strong></span> <span class='ocrx_word' id='word_1_548' title='bbox 3419 3587 3708 3643; x_wconf 88' lang='lat' dir='ltr'><strong>conﬁixit:</strong></span> 
     </span>
    </p>
   </div>
   <div class='ocr_carea' id='block_1_82' title="bbox 2134 3680 3710 3754">
    <p class='ocr_par' dir='ltr' id='par_1_82' title="bbox 2134 3680 3710 3754">
     <span class='ocr_line' id='line_1_82' title="bbox 2134 3680 3710 3754; baseline -0.006 -12"><span class='ocrx_word' id='word_1_549' title='bbox 2134 3704 2200 3742; x_wconf 87' lang='lat' dir='ltr'><strong>ac</strong></span> <span class='ocrx_word' id='word_1_550' title='bbox 2228 3687 2455 3740; x_wconf 89' lang='lat' dir='ltr'><strong>victoria</strong></span> <span class='ocrx_word' id='word_1_551' title='bbox 2484 3685 2707 3754; x_wconf 90' lang='lat' dir='ltr'><strong>potitus,</strong></span> <span class='ocrx_word' id='word_1_552' title='bbox 2737 3683 2882 3736; x_wconf 90' lang='lat' dir='ltr'><strong>ferro</strong></span> <span class='ocrx_word' id='word_1_553' title='bbox 2907 3691 2964 3736; x_wconf 89' lang='lat' dir='ltr'><strong>et</strong></span> <span class='ocrx_word' id='word_1_554' title='bbox 2998 3682 3105 3748; x_wconf 89' lang='lat' dir='ltr'><strong>igni</strong></span> <span class='ocrx_word' id='word_1_555' title='bbox 3127 3682 3398 3745; x_wconf 83' lang='lat' dir='ltr'><strong>regionem</strong></span> <span class='ocrx_word' id='word_1_556' title='bbox 3421 3680 3566 3733; x_wconf 85' lang='lat' dir='ltr'><strong>illam</strong></span> <span class='ocrx_word' id='word_1_557' title='bbox 3590 3694 3710 3733; x_wconf 78' lang='lat' dir='ltr'><strong>om~</strong></span> 
     </span>
    </p>
   </div>
   <div class='ocr_carea' id='block_1_83' title="bbox 2141 3771 3566 3849">
    <p class='ocr_par' dir='ltr' id='par_1_83' title="bbox 2141 3771 3566 3849">
     <span class='ocr_line' id='line_1_83' title="bbox 2141 3771 3566 3849; baseline -0.006 -15"><span class='ocrx_word' id='word_1_558' title='bbox 2141 3797 2260 3834; x_wconf 89' lang='lat' dir='ltr'><strong>nem</strong></span> <span class='ocrx_word' id='word_1_559' title='bbox 2292 3778 2653 3849; x_wconf 87' lang='lat' dir='ltr'><strong>depopulatus</strong></span> <span class='ocrx_word' id='word_1_560' title='bbox 2711 3785 2812 3839; x_wconf 85' lang='lat' dir='ltr'><strong>est,</strong></span> <span class='ocrx_word' id='word_1_561' title='bbox 2846 3789 2992 3828; x_wconf 89' lang='lat' dir='ltr'><strong>anno</strong></span> <span class='ocrx_word' id='word_1_562' title='bbox 3051 3773 3147 3826; x_wconf 76' lang='lat'><strong>79!</strong></span> <span class='ocrx_word' id='word_1_563' title='bbox 3185 3772 3335 3839; x_wconf 88' lang='lat' dir='ltr'><strong>(Chr.</strong></span> <span class='ocrx_word' id='word_1_564' title='bbox 3387 3771 3566 3841; x_wconf 76' lang='lat' dir='ltr'><strong>l390).</strong></span> 
     </span>
    </p>
   </div>
   <div class='ocr_carea' id='block_1_84' title="bbox 2209 3863 3707 3941">
    <p class='ocr_par' dir='ltr' id='par_1_84' title="bbox 2209 3863 3707 3941">
     <span class='ocr_line' id='line_1_84' title="bbox 2209 3863 3707 3941; baseline -0.006 -14"><span class='ocrx_word' id='word_1_565' title='bbox 2209 3873 2674 3941; x_wconf 83' lang='lat' dir='ltr'><strong>Eodcmtempore</strong></span> <span class='ocrx_word' id='word_1_566' title='bbox 2695 3869 2839 3938; x_wconf 89' lang='lat' dir='ltr'><strong>cepit</strong></span> <span class='ocrx_word' id='word_1_567' title='bbox 2862 3867 3030 3923; x_wconf 86' lang='lat' dir='ltr'><strong>Cases</strong></span> <span class='ocrx_word' id='word_1_568' title='bbox 3061 3864 3297 3920; x_wconf 77' lang='lat' dir='ltr'><strong>Murates</strong></span> <span class='ocrx_word' id='word_1_569' title='bbox 3325 3863 3476 3918; x_wconf 82' lang='lat' dir='ltr'><strong>Clian</strong></span> <span class='ocrx_word' id='word_1_570' title='bbox 3505 3864 3707 3918; x_wconf 83' lang='lat' dir='ltr'><strong>bellum</strong></span> 
     </span>
    </p>
   </div>
   <div class='ocr_carea' id='block_1_85' title="bbox 2138 3956 3704 4031">
    <p class='ocr_par' dir='ltr' id='par_1_85' title="bbox 2138 3956 3704 4031">
     <span class='ocr_line' id='line_1_85' title="bbox 2138 3956 3704 4031; baseline -0.008 -9"><span class='ocrx_word' id='word_1_571' title='bbox 2138 3984 2259 4022; x_wconf 86' lang='lat' dir='ltr'><strong>eum</strong></span> <span class='ocrx_word' id='word_1_572' title='bbox 2311 3963 2516 4018; x_wconf 80' lang='lat' dir='ltr'><strong>Lazaro</strong></span> <span class='ocrx_word' id='word_1_573' title='bbox 2566 3975 2772 4031; x_wconf 88' lang='lat' dir='ltr'><strong>gerere.</strong></span> <span class='ocrx_word' id='word_1_574' title='bbox 2832 3957 3042 4027; x_wconf 84' lang='lat' dir='ltr'><strong>Quippe</strong></span> <span class='ocrx_word' id='word_1_575' title='bbox 3078 3957 3344 4020; x_wconf 84' lang='lat' dir='ltr'><strong>Lazarus,</strong></span> <span class='ocrx_word' id='word_1_576' title='bbox 3387 3956 3704 4023; x_wconf 62' lang='lat' dir='ltr'><strong>prapotenti</strong></span> 
     </span>
    </p>
   </div>
   <div class='ocr_carea' id='block_1_86' title="bbox 2137 4043 3706 4118">
    <p class='ocr_par' dir='ltr' id='par_1_86' title="bbox 2137 4043 3706 4118">
     <span class='ocr_line' id='line_1_86' title="bbox 2137 4043 3706 4118; baseline -0.011 -6"><span class='ocrx_word' id='word_1_577' title='bbox 2137 4065 2326 4112; x_wconf 88' lang='lat' dir='ltr'><strong>coacto</strong></span> <span class='ocrx_word' id='word_1_578' title='bbox 2347 4053 2609 4112; x_wconf 81' lang='lat' dir='ltr'><strong>exercitu,</strong></span> <span class='ocrx_word' id='word_1_579' title='bbox 2639 4058 2693 4102; x_wconf 90' lang='lat' dir='ltr'><strong>et</strong></span> <span class='ocrx_word' id='word_1_580' title='bbox 2715 4048 2829 4118; x_wconf 90' lang='lat' dir='ltr'><strong>jam</strong></span> <span class='ocrx_word' id='word_1_581' title='bbox 2860 4049 2913 4100; x_wconf 91' lang='lat' dir='ltr'><strong>iu</strong></span> <span class='ocrx_word' id='word_1_582' title='bbox 2951 4045 3176 4099; x_wconf 71' lang='lat' dir='ltr'><strong>Cosovze</strong></span> <span class='ocrx_word' id='word_1_583' title='bbox 3203 4056 3425 4113; x_wconf 91' lang='lat' dir='ltr'><strong>campos</strong></span> <span class='ocrx_word' id='word_1_584' title='bbox 3443 4057 3564 4095; x_wconf 91' lang='lat' dir='ltr'><strong>cum</strong></span> <span class='ocrx_word' id='word_1_585' title='bbox 3589 4043 3706 4095; x_wconf 81' lang='lat' dir='ltr'><strong>suis</strong></span> 
     </span>
    </p>
   </div>
   <div class='ocr_carea' id='block_1_87' title="bbox 2139 4131 3705 4212">
    <p class='ocr_par' dir='ltr' id='par_1_87' title="bbox 2139 4131 3705 4212">
     <span class='ocr_line' id='line_1_87' title="bbox 2139 4131 3705 4212; baseline -0.007 -18"><span class='ocrx_word' id='word_1_586' title='bbox 2139 4155 2458 4212; x_wconf 82' lang='lat' dir='ltr'><strong>progressus</strong></span> <span class='ocrx_word' id='word_1_587' title='bbox 2484 4177 2500 4202; x_wconf 93' lang='lat'><strong>,</strong></span> <span class='ocrx_word' id='word_1_588' title='bbox 2550 4137 2746 4192; x_wconf 75' lang='lat' dir='ltr'><strong>Murati</strong></span> <span class='ocrx_word' id='word_1_589' title='bbox 2786 4133 3290 4204; x_wconf 88' lang='lat' dir='ltr'><strong>perinternuntium</strong></span> <span class='ocrx_word' id='word_1_590' title='bbox 3332 4131 3705 4201; x_wconf 84' lang='lat' dir='ltr'><strong>dieijussit,iu</strong></span> 
     </span>
    </p>
   </div>
   <div class='ocr_carea' id='block_1_88' title="bbox 2139 4223 3708 4298">
    <p class='ocr_par' dir='ltr' id='par_1_88' title="bbox 2139 4223 3708 4298">
     <span class='ocr_line' id='line_1_88' title="bbox 2139 4223 3708 4298; baseline -0.005 -12"><span class='ocrx_word' id='word_1_591' title='bbox 2139 4235 2313 4287; x_wconf 89' lang='lat' dir='ltr'><strong>aciem</strong></span> <span class='ocrx_word' id='word_1_592' title='bbox 2349 4233 2508 4284; x_wconf 90' lang='lat' dir='ltr'><strong>modo</strong></span> <span class='ocrx_word' id='word_1_593' title='bbox 2532 4229 2774 4298; x_wconf 85' lang='lat' dir='ltr'><strong>prodiret</strong></span> <span class='ocrx_word' id='word_1_594' title='bbox 2802 4245 2816 4280; x_wconf 94' lang='lat'><strong>:</strong></span> <span class='ocrx_word' id='word_1_595' title='bbox 2857 4227 3234 4296; x_wconf 86' lang='lat' dir='ltr'><strong>appariturum</strong></span> <span class='ocrx_word' id='word_1_596' title='bbox 3269 4223 3445 4287; x_wconf 85' lang='lat' dir='ltr'><strong>facile,</strong></span> <span class='ocrx_word' id='word_1_597' title='bbox 3473 4225 3560 4278; x_wconf 92' lang='lat' dir='ltr'><strong>cui</strong></span> <span class='ocrx_word' id='word_1_598' title='bbox 3590 4239 3708 4278; x_wconf 87' lang='lat' dir='ltr'><strong>ces-</strong></span> 
     </span>
    </p>
   </div>
   <div class='ocr_carea' id='block_1_89' title="bbox 2141 4317 3708 4384">
    <p class='ocr_par' dir='ltr' id='par_1_89' title="bbox 2141 4317 3708 4384">
     <span class='ocr_line' id='line_1_89' title="bbox 2141 4317 3708 4384; baseline -0.006 -7"><span class='ocrx_word' id='word_1_599' title='bbox 2141 4338 2272 4377; x_wconf 89' lang='lat' dir='ltr'><strong>sura</strong></span> <span class='ocrx_word' id='word_1_600' title='bbox 2295 4324 2368 4376; x_wconf 91' lang='lat' dir='ltr'><strong>sit</strong></span> <span class='ocrx_word' id='word_1_601' title='bbox 2397 4321 2644 4375; x_wconf 85' lang='lat' dir='ltr'><strong>victoria.</strong></span> <span class='ocrx_word' id='word_1_602' title='bbox 2695 4319 2938 4372; x_wconf 80' lang='lat' dir='ltr'><strong>Murates</strong></span> <span class='ocrx_word' id='word_1_603' title='bbox 2980 4333 3045 4370; x_wconf 92' lang='lat' dir='ltr'><strong>ex</strong></span> <span class='ocrx_word' id='word_1_604' title='bbox 3082 4317 3250 4370; x_wconf 87' lang='lat' dir='ltr'><strong>altera</strong></span> <span class='ocrx_word' id='word_1_605' title='bbox 3285 4324 3463 4384; x_wconf 87' lang='lat' dir='ltr'><strong>parte,</strong></span> <span class='ocrx_word' id='word_1_606' title='bbox 3493 4330 3708 4368; x_wconf 88' lang='lat' dir='ltr'><strong>summa</strong></span> 
     </span>
    </p>
   </div>
   <div class='ocr_carea' id='block_1_90' title="bbox 2141 4403 3709 4479">
    <p class='ocr_par' dir='ltr' id='par_1_90' title="bbox 2141 4403 3709 4479">
     <span class='ocr_line' id='line_1_90' title="bbox 2141 4403 3709 4479; baseline -0.006 -11"><span class='ocrx_word' id='word_1_607' title='bbox 2141 4413 2420 4479; x_wconf 73' lang='lat' dir='ltr'><strong>diligentia</strong></span> <span class='ocrx_word' id='word_1_608' title='bbox 2446 4413 2755 4478; x_wconf 80' lang='lat' dir='ltr'><strong>coascripto</strong></span> <span class='ocrx_word' id='word_1_609' title='bbox 2787 4409 2979 4472; x_wconf 89' lang='lat' dir='ltr'><strong>milite,</strong></span> <span class='ocrx_word' id='word_1_610' title='bbox 3010 4407 3203 4460; x_wconf 89' lang='lat' dir='ltr'><strong>ambos</strong></span> <span class='ocrx_word' id='word_1_611' title='bbox 3231 4408 3391 4460; x_wconf 84' lang='lat' dir='ltr'><strong>etiam</strong></span> <span class='ocrx_word' id='word_1_612' title='bbox 3427 4403 3709 4470; x_wconf 87' lang='lat' dir='ltr'><strong>lilios,Ba-</strong></span> 
     </span>
    </p>
   </div>
   <div class='ocr_carea' id='block_1_91' title="bbox 477 4495 3710 4592">
    <p class='ocr_par' dir='ltr' id='par_1_91' title="bbox 477 4495 3710 4592">
     <span class='ocr_line' id='line_1_91' title="bbox 477 4495 3710 4592; baseline -0.001 -37"><span class='ocrx_word' id='word_1_613' title='bbox 477 4502 568 4568; x_wconf 90' lang='lat' dir='ltr'><strong>tis,</strong></span> <span class='ocrx_word' id='word_1_614' title='bbox 600 4516 707 4556; x_wconf 89' lang='lat' dir='ltr'><strong>non</strong></span> <span class='ocrx_word' id='word_1_615' title='bbox 737 4502 902 4572; x_wconf 89' lang='lat' dir='ltr'><strong>potiri</strong></span> <span class='ocrx_word' id='word_1_616' title='bbox 928 4517 989 4555; x_wconf 88' lang='lat' dir='ltr'><strong>se</strong></span> <span class='ocrx_word' id='word_1_617' title='bbox 1019 4503 1218 4571; x_wconf 85' lang='lat' dir='ltr'><strong>oppido</strong></span> <span class='ocrx_word' id='word_1_618' title='bbox 1252 4516 1415 4570; x_wconf 80' lang='lat' dir='ltr'><strong>posse</strong></span> <span class='ocrx_word' id='word_1_619' title='bbox 1443 4502 1691 4555; x_wconf 87' lang='lat' dir='ltr'><strong>videret:</strong></span> <span class='ocrx_word' id='word_1_620' title='bbox 1721 4503 1914 4558; x_wconf 90' lang='lat' dir='ltr'><strong>intimo</strong></span> <span class='ocrx_word' id='word_1_621' title='bbox 1938 4505 2040 4556; x_wconf 86' lang='lat' dir='ltr'><strong>do-</strong></span> <span class='ocrx_word' id='word_1_622' title='bbox 2073 4538 2116 4592; x_wconf 74' lang='lat' dir='ltr'><strong>D</strong></span> <span class='ocrx_word' id='word_1_623' title='bbox 2138 4506 2358 4574; x_wconf 81' lang='lat' dir='ltr'><strong>jazitem</strong></span> <span class='ocrx_word' id='word_1_624' title='bbox 2400 4503 2722 4572; x_wconf 84' lang='lat' dir='ltr'><strong>cognomine</strong></span> <span class='ocrx_word' id='word_1_625' title='bbox 2766 4499 3134 4564; x_wconf 86' lang='lat' dir='ltr'><strong>Gilderunem,</strong></span> <span class='ocrx_word' id='word_1_626' title='bbox 3163 4507 3219 4552; x_wconf 90' lang='lat' dir='ltr'><strong>et</strong></span> <span class='ocrx_word' id='word_1_627' title='bbox 3263 4495 3520 4567; x_wconf 82' lang='lat' dir='ltr'><strong>Jacupem</strong></span> <span class='ocrx_word' id='word_1_628' title='bbox 3551 4496 3710 4552; x_wconf 81' lang='lat' dir='ltr'><strong>Zelo-</strong></span> 
     </span>
    </p>
   </div>
   <div class='ocr_carea' id='block_1_92' title="bbox 474 4593 2035 4662">
    <p class='ocr_par' dir='ltr' id='par_1_92' title="bbox 474 4593 2035 4662">
     <span class='ocr_line' id='line_1_92' title="bbox 474 4593 2035 4662; baseline -0.001 -13"><span class='ocrx_word' id='word_1_629' title='bbox 474 4598 594 4650; x_wconf 90' lang='lat' dir='ltr'><strong>iore</strong></span> <span class='ocrx_word' id='word_1_630' title='bbox 615 4595 784 4649; x_wconf 88' lang='lat' dir='ltr'><strong>animi</strong></span> <span class='ocrx_word' id='word_1_631' title='bbox 809 4604 1136 4654; x_wconf 83' lang='lat' dir='ltr'><strong>commotus.</strong></span> <span class='ocrx_word' id='word_1_632' title='bbox 1164 4593 1446 4662; x_wconf 88' lang='lat' dir='ltr'><strong>ingemuit,</strong></span> <span class='ocrx_word' id='word_1_633' title='bbox 1482 4603 1535 4646; x_wconf 88' lang='lat' dir='ltr'><strong>et</strong></span> <span class='ocrx_word' id='word_1_634' title='bbox 1557 4593 1841 4648; x_wconf 87' lang='lat' dir='ltr'><strong>obsidione</strong></span> <span class='ocrx_word' id='word_1_635' title='bbox 1856 4596 2035 4648; x_wconf 83' lang='lat' dir='ltr'><strong>soluta</strong></span> 
     </span>
    </p>
   </div>
   <div class='ocr_carea' id='block_1_93' title="bbox 474 4684 2021 4759">
    <p class='ocr_par' dir='ltr' id='par_1_93' title="bbox 474 4684 2021 4759">
     <span class='ocr_line' id='line_1_93' title="bbox 474 4684 2021 4759; baseline 0.001 -17"><span class='ocrx_word' id='word_1_636' title='bbox 474 4688 764 4743; x_wconf 87' lang='lat' dir='ltr'><strong>discedens</strong></span> <span class='ocrx_word' id='word_1_637' title='bbox 794 4701 812 4740; x_wconf 90' lang='lat'><strong>:</strong></span> <span class='ocrx_word' id='word_1_638' title='bbox 841 4686 1058 4741; x_wconf 78' lang='lat' dir='ltr'><strong>Evertat</strong></span> <span class='ocrx_word' id='word_1_639' title='bbox 1082 4697 1138 4740; x_wconf 88' lang='lat' dir='ltr'><strong>te</strong></span> <span class='ocrx_word' id='word_1_640' title='bbox 1155 4684 1316 4750; x_wconf 85' lang='lat' dir='ltr'><strong>Deus,</strong></span> <span class='ocrx_word' id='word_1_641' title='bbox 1343 4686 1536 4754; x_wconf 89' lang='lat' dir='ltr'><strong>inquit.</strong></span> <span class='ocrx_word' id='word_1_642' title='bbox 1570 4687 1701 4742; x_wconf 85' lang='lat' dir='ltr'><strong>Erat</strong></span> <span class='ocrx_word' id='word_1_643' title='bbox 1730 4691 1871 4743; x_wconf 88' lang='lat' dir='ltr'><strong>haud</strong></span> <span class='ocrx_word' id='word_1_644' title='bbox 1899 4705 2021 4759; x_wconf 82' lang='lat' dir='ltr'><strong>pro-</strong></span> 
     </span>
    </p>
   </div>
   <div class='ocr_carea' id='block_1_94' title="bbox 473 4775 2031 4845">
    <p class='ocr_par' dir='ltr' id='par_1_94' title="bbox 473 4775 2031 4845">
     <span class='ocr_line' id='line_1_94' title="bbox 473 4775 2031 4845; baseline -0.002 -12"><span class='ocrx_word' id='word_1_645' title='bbox 473 4779 564 4833; x_wconf 90' lang='lat' dir='ltr'><strong>cul</strong></span> <span class='ocrx_word' id='word_1_646' title='bbox 602 4776 728 4831; x_wconf 85' lang='lat' dir='ltr'><strong>inde</strong></span> <span class='ocrx_word' id='word_1_647' title='bbox 759 4775 872 4830; x_wconf 84' lang='lat' dir='ltr'><strong>tilia</strong></span> <span class='ocrx_word' id='word_1_648' title='bbox 900 4777 1149 4844; x_wconf 70' lang='lat' dir='ltr'><strong>quantam</strong></span> <span class='ocrx_word' id='word_1_649' title='bbox 1180 4775 1570 4845; x_wconf 79' lang='lat' dir='ltr'><strong>pulcherrima,</strong></span> <span class='ocrx_word' id='word_1_650' title='bbox 1606 4792 1767 4845; x_wconf 82' lang='lat' dir='ltr'><strong>quam</strong></span> <span class='ocrx_word' id='word_1_651' title='bbox 1800 4777 2031 4830; x_wconf 84' lang='lat' dir='ltr'><strong>Felicem</strong></span> 
     </span>
    </p>
   </div>
   <div class='ocr_carea' id='block_1_95' title="bbox 476 4863 2032 4933">
    <p class='ocr_par' dir='ltr' id='par_1_95' title="bbox 476 4863 2032 4933">
     <span class='ocr_line' id='line_1_95' title="bbox 476 4863 2032 4933; baseline 0 -15"><span class='ocrx_word' id='word_1_652' title='bbox 476 4867 634 4933; x_wconf 79' lang='lat' dir='ltr'><strong>vulgo</strong></span> <span class='ocrx_word' id='word_1_653' title='bbox 692 4864 980 4930; x_wconf 83' lang='lat' dir='ltr'><strong>vocabant,</strong></span> <span class='ocrx_word' id='word_1_654' title='bbox 1036 4863 1306 4933; x_wconf 89' lang='lat' dir='ltr'><strong>hodieque</strong></span> <span class='ocrx_word' id='word_1_655' title='bbox 1357 4866 1702 4918; x_wconf 87' lang='lat' dir='ltr'><strong>sermonibus</strong></span> <span class='ocrx_word' id='word_1_656' title='bbox 1753 4867 2032 4918; x_wconf 85' lang='lat' dir='ltr'><strong>hominum</strong></span> 
     </span>
    </p>
   </div>
   <div class='ocr_carea' id='block_1_96' title="bbox 474 4955 2037 5023">
    <p class='ocr_par' dir='ltr' id='par_1_96' title="bbox 474 4955 2037 5023">
     <span class='ocr_line' id='line_1_96' title="bbox 474 4955 2037 5023; baseline -0.002 -12"><span class='ocrx_word' id='word_1_657' title='bbox 474 4955 725 5013; x_wconf 80' lang='lat' dir='ltr'><strong>celebris.</strong></span> <span class='ocrx_word' id='word_1_658' title='bbox 743 4955 824 5008; x_wconf 78' lang='lat' dir='ltr'><strong>Ad</strong></span> <span class='ocrx_word' id='word_1_659' title='bbox 852 4969 971 5010; x_wconf 86' lang='lat' dir='ltr'><strong>eam</strong></span> <span class='ocrx_word' id='word_1_660' title='bbox 990 4969 1114 5009; x_wconf 88' lang='lat' dir='ltr'><strong>cum</strong></span> <span class='ocrx_word' id='word_1_661' title='bbox 1140 4955 1492 5023; x_wconf 80' lang='lat' dir='ltr'><strong>pervenisset,</strong></span> <span class='ocrx_word' id='word_1_662' title='bbox 1512 4958 1709 5010; x_wconf 83' lang='lat' dir='ltr'><strong>castris</strong></span> <span class='ocrx_word' id='word_1_663' title='bbox 1737 4958 1912 5010; x_wconf 90' lang='lat' dir='ltr'><strong>locum</strong></span> <span class='ocrx_word' id='word_1_664' title='bbox 1943 4958 2037 5009; x_wconf 86' lang='lat' dir='ltr'><strong>dc-</strong></span> 
     </span>
    </p>
   </div>
   <div class='ocr_carea' id='block_1_97' title="bbox 476 5045 2035 5118">
    <p class='ocr_par' dir='ltr' id='par_1_97' title="bbox 476 5045 2035 5118">
     <span class='ocr_line' id='line_1_97' title="bbox 476 5045 2035 5118; baseline -0.002 -16"><span class='ocrx_word' id='word_1_665' title='bbox 476 5048 624 5118; x_wconf 87' lang='lat' dir='ltr'><strong>legit.</strong></span> <span class='ocrx_word' id='word_1_666' title='bbox 665 5046 884 5100; x_wconf 83' lang='lat' dir='ltr'><strong>Interim</strong></span> <span class='ocrx_word' id='word_1_667' title='bbox 908 5047 1024 5114; x_wconf 84' lang='lat' dir='ltr'><strong>ipse</strong></span> <span class='ocrx_word' id='word_1_668' title='bbox 1040 5045 1327 5114; x_wconf 86' lang='lat' dir='ltr'><strong>quemdam</strong></span> <span class='ocrx_word' id='word_1_669' title='bbox 1367 5051 1436 5099; x_wconf 82' lang='lat' dir='ltr'><strong>ad</strong></span> <span class='ocrx_word' id='word_1_670' title='bbox 1468 5045 1672 5101; x_wconf 89' lang='lat' dir='ltr'><strong>fontem</strong></span> <span class='ocrx_word' id='word_1_671' title='bbox 1715 5061 1838 5102; x_wconf 73' lang='lat' dir='ltr'><strong>sese</strong></span> <span class='ocrx_word' id='word_1_672' title='bbox 1875 5049 2035 5101; x_wconf 88' lang='lat' dir='ltr'><strong>recli-</strong></span> 
     </span>
    </p>
   </div>
   <div class='ocr_carea' id='block_1_98' title="bbox 473 5137 2039 5210">
    <p class='ocr_par' dir='ltr' id='par_1_98' title="bbox 473 5137 2039 5210">
     <span class='ocr_line' id='line_1_98' title="bbox 473 5137 2039 5210; baseline -0.002 -14"><span class='ocrx_word' id='word_1_673' title='bbox 473 5157 637 5206; x_wconf 74' lang='lat' dir='ltr'><strong>natis,</strong></span> <span class='ocrx_word' id='word_1_674' title='bbox 653 5149 883 5196; x_wconf 63' lang='lat' dir='ltr'><strong>mestus</strong></span> <span class='ocrx_word' id='word_1_675' title='bbox 899 5138 1165 5194; x_wconf 85' lang='lat' dir='ltr'><strong>consedit.</strong></span> <span class='ocrx_word' id='word_1_676' title='bbox 1217 5137 1331 5192; x_wconf 75' lang='lat' dir='ltr'><strong>Non</strong></span> <span class='ocrx_word' id='word_1_677' title='bbox 1371 5153 1567 5208; x_wconf 83' lang='lat' dir='ltr'><strong>magno</strong></span> <span class='ocrx_word' id='word_1_678' title='bbox 1585 5141 1844 5208; x_wconf 86' lang='lat' dir='ltr'><strong>temporis</strong></span> <span class='ocrx_word' id='word_1_679' title='bbox 1856 5141 2039 5210; x_wconf 90' lang='lat' dir='ltr'><strong>elapso</strong></span> 
     </span>
    </p>
   </div>
   <div class='ocr_carea' id='block_1_99' title="bbox 476 5229 2034 5301">
    <p class='ocr_par' dir='ltr' id='par_1_99' title="bbox 476 5229 2034 5301">
     <span class='ocr_line' id='line_1_99' title="bbox 476 5229 2034 5301; baseline -0.001 -16"><span class='ocrx_word' id='word_1_680' title='bbox 476 5235 676 5301; x_wconf 89' lang='lat' dir='ltr'><strong>spatio,</strong></span> <span class='ocrx_word' id='word_1_681' title='bbox 705 5229 958 5285; x_wconf 87' lang='lat' dir='ltr'><strong>nuntium</strong></span> <span class='ocrx_word' id='word_1_682' title='bbox 983 5229 1218 5296; x_wconf 86' lang='lat' dir='ltr'><strong>accepit,</strong></span> <span class='ocrx_word' id='word_1_683' title='bbox 1249 5229 1394 5283; x_wconf 92' lang='lat' dir='ltr'><strong>latus</strong></span> <span class='ocrx_word' id='word_1_684' title='bbox 1425 5234 1657 5283; x_wconf 89' lang='lat' dir='ltr'><strong>alterum</strong></span> <span class='ocrx_word' id='word_1_685' title='bbox 1687 5230 2034 5295; x_wconf 88' lang='lat' dir='ltr'><strong>munitionis,</strong></span> 
     </span>
    </p>
   </div>
   <div class='ocr_carea' id='block_1_100' title="bbox 477 5321 2036 5389">
    <p class='ocr_par' dir='ltr' id='par_1_100' title="bbox 477 5321 2036 5389">
     <span class='ocr_line' id='line_1_100' title="bbox 477 5321 2036 5389; baseline -0.002 -12"><span class='ocrx_word' id='word_1_686' title='bbox 477 5325 620 5378; x_wconf 83' lang='lat' dir='ltr'><strong>mole</strong></span> <span class='ocrx_word' id='word_1_687' title='bbox 672 5337 772 5376; x_wconf 83' lang='lat' dir='ltr'><strong>sua</strong></span> <span class='ocrx_word' id='word_1_688' title='bbox 827 5327 1130 5389; x_wconf 84' lang='lat' dir='ltr'><strong>gravatum,</strong></span> <span class='ocrx_word' id='word_1_689' title='bbox 1179 5321 1471 5373; x_wconf 69' lang='lat' dir='ltr'><strong>corruisse.</strong></span> <span class='ocrx_word' id='word_1_690' title='bbox 1504 5321 1621 5384; x_wconf 81' lang='lat' dir='ltr'><strong>Qua</strong></span> <span class='ocrx_word' id='word_1_691' title='bbox 1652 5335 1710 5374; x_wconf 90' lang='lat' dir='ltr'><strong>re</strong></span> <span class='ocrx_word' id='word_1_692' title='bbox 1740 5322 2036 5384; x_wconf 88' lang='lat' dir='ltr'><strong>intellecta,</strong></span> 
     </span>
    </p>
   </div>
   <div class='ocr_carea' id='block_1_101' title="bbox 478 5411 2042 5480">
    <p class='ocr_par' dir='ltr' id='par_1_101' title="bbox 478 5411 2042 5480">
     <span class='ocr_line' id='line_1_101' title="bbox 478 5411 2042 5480; baseline -0.002 -11"><span class='ocrx_word' id='word_1_693' title='bbox 478 5429 603 5469; x_wconf 87' lang='lat' dir='ltr'><strong>mox</strong></span> <span class='ocrx_word' id='word_1_694' title='bbox 631 5413 819 5467; x_wconf 83' lang='lat' dir='ltr'><strong>Lalam</strong></span> <span class='ocrx_word' id='word_1_695' title='bbox 846 5412 1165 5466; x_wconf 83' lang='lat' dir='ltr'><strong>Scachinetn</strong></span> <span class='ocrx_word' id='word_1_696' title='bbox 1194 5411 1446 5478; x_wconf 84' lang='lat' dir='ltr'><strong>ablegat:</strong></span> <span class='ocrx_word' id='word_1_697' title='bbox 1475 5413 1565 5480; x_wconf 90' lang='lat' dir='ltr'><strong>qui</strong></span> <span class='ocrx_word' id='word_1_698' title='bbox 1592 5413 1850 5480; x_wconf 82' lang='lat' dir='ltr'><strong>opinioae</strong></span> <span class='ocrx_word' id='word_1_699' title='bbox 1878 5412 2042 5466; x_wconf 88' lang='lat' dir='ltr'><strong>citius</strong></span> 
     </span>
    </p>
   </div>
   <div class='ocr_carea' id='block_1_102' title="bbox 477 5502 2042 5574">
    <p class='ocr_par' dir='ltr' id='par_1_102' title="bbox 477 5502 2042 5574">
     <span class='ocr_line' id='line_1_102' title="bbox 477 5502 2042 5574; baseline -0.002 -14"><span class='ocrx_word' id='word_1_700' title='bbox 477 5506 544 5560; x_wconf 89' lang='lat' dir='ltr'><strong>ad</strong></span> <span class='ocrx_word' id='word_1_701' title='bbox 603 5506 861 5574; x_wconf 84' lang='lat' dir='ltr'><strong>oppidum</strong></span> <span class='ocrx_word' id='word_1_702' title='bbox 915 5502 1237 5564; x_wconf 83' lang='lat' dir='ltr'><strong>convolans,</strong></span> <span class='ocrx_word' id='word_1_703' title='bbox 1299 5517 1364 5554; x_wconf 86' lang='lat' dir='ltr'><strong>eo</strong></span> <span class='ocrx_word' id='word_1_704' title='bbox 1417 5504 1660 5569; x_wconf 82' lang='lat' dir='ltr'><strong>potitur,</strong></span> <span class='ocrx_word' id='word_1_705' title='bbox 1710 5503 2042 5557; x_wconf 82' lang='lat' dir='ltr'><strong>Christianis</strong></span> 
     </span>
    </p>
   </div>
   <div class='ocr_carea' id='block_1_103' title="bbox 477 5591 2044 5662">
    <p class='ocr_par' dir='ltr' id='par_1_103' title="bbox 477 5591 2044 5662">
     <span class='ocr_line' id='line_1_103' title="bbox 477 5591 2044 5662; baseline -0.002 -12"><span class='ocrx_word' id='word_1_706' title='bbox 477 5596 736 5650; x_wconf 89' lang='lat' dir='ltr'><strong>omnibus</strong></span> <span class='ocrx_word' id='word_1_707' title='bbox 791 5594 986 5662; x_wconf 82' lang='lat' dir='ltr'><strong>captis,</strong></span> <span class='ocrx_word' id='word_1_708' title='bbox 1017 5602 1072 5645; x_wconf 85' lang='lat' dir='ltr'><strong>et</strong></span> <span class='ocrx_word' id='word_1_709' title='bbox 1127 5593 1336 5660; x_wconf 86' lang='lat' dir='ltr'><strong>magnis</strong></span> <span class='ocrx_word' id='word_1_710' title='bbox 1384 5591 1616 5647; x_wconf 83' lang='lat' dir='ltr'><strong>inventis</strong></span> <span class='ocrx_word' id='word_1_711' title='bbox 1646 5594 1862 5661; x_wconf 89' lang='lat' dir='ltr'><strong>opibus.</strong></span> <span class='ocrx_word' id='word_1_712' title='bbox 1899 5593 2044 5647; x_wconf 84' lang='lat' dir='ltr'><strong>Inter</strong></span> 
     </span>
    </p>
   </div>
   <div class='ocr_carea' id='block_1_104' title="bbox 481 5684 2038 5758">
    <p class='ocr_par' dir='ltr' id='par_1_104' title="bbox 481 5684 2038 5758">
     <span class='ocr_line' id='line_1_104' title="bbox 481 5684 2038 5758; baseline -0.001 -16"><span class='ocrx_word' id='word_1_713' title='bbox 481 5691 587 5742; x_wconf 79' lang='lat' dir='ltr'><strong>alia</strong></span> <span class='ocrx_word' id='word_1_714' title='bbox 617 5687 813 5758; x_wconf 80' lang='lat' dir='ltr'><strong>reperti</strong></span> <span class='ocrx_word' id='word_1_715' title='bbox 849 5702 878 5738; x_wconf 89' lang='lat' dir='ltr'><strong>a</strong></span> <span class='ocrx_word' id='word_1_716' title='bbox 902 5684 1099 5742; x_wconf 87' lang='lat' dir='ltr'><strong>Turcis</strong></span> <span class='ocrx_word' id='word_1_717' title='bbox 1123 5685 1276 5738; x_wconf 83' lang='lat' dir='ltr'><strong>aurei</strong></span> <span class='ocrx_word' id='word_1_718' title='bbox 1307 5684 1478 5738; x_wconf 82' lang='lat' dir='ltr'><strong>catini</strong></span> <span class='ocrx_word' id='word_1_719' title='bbox 1509 5697 1673 5753; x_wconf 86' lang='lat' dir='ltr'><strong>atque</strong></span> <span class='ocrx_word' id='word_1_720' title='bbox 1704 5686 1924 5750; x_wconf 89' lang='lat' dir='ltr'><strong>calices,</strong></span> <span class='ocrx_word' id='word_1_721' title='bbox 1945 5687 2038 5753; x_wconf 83' lang='lat' dir='ltr'><strong>qui</strong></span> 
     </span>
    </p>
   </div>
   <div class='ocr_carea' id='block_1_105' title="bbox 483 5778 2044 5849">
    <p class='ocr_par' dir='ltr' id='par_1_105' title="bbox 483 5778 2044 5849">
     <span class='ocr_line' id='line_1_105' title="bbox 483 5778 2044 5849; baseline -0.003 -11"><span class='ocrx_word' id='word_1_722' title='bbox 483 5784 762 5838; x_wconf 79' lang='lat' dir='ltr'><strong>cassidum</strong></span> <span class='ocrx_word' id='word_1_723' title='bbox 796 5783 1022 5835; x_wconf 88' lang='lat' dir='ltr'><strong>formatn</strong></span> <span class='ocrx_word' id='word_1_724' title='bbox 1059 5778 1388 5835; x_wconf 87' lang='lat' dir='ltr'><strong>referebant.</strong></span> <span class='ocrx_word' id='word_1_725' title='bbox 1417 5778 1488 5834; x_wconf 78' lang='lat' dir='ltr'><strong>lis</strong></span> <span class='ocrx_word' id='word_1_726' title='bbox 1514 5779 1567 5831; x_wconf 93' lang='lat' dir='ltr'><strong>in</strong></span> <span class='ocrx_word' id='word_1_727' title='bbox 1601 5781 1777 5849; x_wconf 82' lang='lat' dir='ltr'><strong>capita</strong></span> <span class='ocrx_word' id='word_1_728' title='bbox 1822 5781 2044 5849; x_wconf 87' lang='lat' dir='ltr'><strong>imposi-</strong></span> 
     </span>
    </p>
   </div>
   <div class='ocr_carea' id='block_1_106' title="bbox 2145 4589 3706 4660">
    <p class='ocr_par' dir='ltr' id='par_1_106' title="bbox 2145 4589 3706 4660">
     <span class='ocr_line' id='line_1_106' title="bbox 2145 4589 3706 4660; baseline -0.004 -10"><span class='ocrx_word' id='word_1_729' title='bbox 2145 4600 2278 4660; x_wconf 91' lang='lat' dir='ltr'><strong>bim,</strong></span> <span class='ocrx_word' id='word_1_730' title='bbox 2310 4610 2374 4648; x_wconf 85' lang='lat' dir='ltr'><strong>ea</strong></span> <span class='ocrx_word' id='word_1_731' title='bbox 2430 4593 2534 4647; x_wconf 89' lang='lat' dir='ltr'><strong>sibi</strong></span> <span class='ocrx_word' id='word_1_732' title='bbox 2560 4591 2901 4657; x_wconf 87' lang='lat' dir='ltr'><strong>expeditione</strong></span> <span class='ocrx_word' id='word_1_733' title='bbox 2949 4590 3221 4658; x_wconf 85' lang='lat' dir='ltr'><strong>adjunxit.</strong></span> <span class='ocrx_word' id='word_1_734' title='bbox 3255 4589 3620 4658; x_wconf 82' lang='lat' dir='ltr'><strong>Posteaquam</strong></span> <span class='ocrx_word' id='word_1_735' title='bbox 3651 4591 3706 4643; x_wconf 91' lang='lat' dir='ltr'><strong>in</strong></span> 
     </span>
    </p>
   </div>
   <div class='ocr_carea' id='block_1_107' title="bbox 2141 4681 3704 4752">
    <p class='ocr_par' dir='ltr' id='par_1_107' title="bbox 2141 4681 3704 4752">
     <span class='ocr_line' id='line_1_107' title="bbox 2141 4681 3704 4752; baseline -0.004 -11"><span class='ocrx_word' id='word_1_736' title='bbox 2141 4687 2370 4741; x_wconf 69' lang='lat' dir='ltr'><strong>Cosovae</strong></span> <span class='ocrx_word' id='word_1_737' title='bbox 2435 4698 2658 4752; x_wconf 89' lang='lat' dir='ltr'><strong>campos</strong></span> <span class='ocrx_word' id='word_1_738' title='bbox 2727 4691 2954 4750; x_wconf 88' lang='lat' dir='ltr'><strong>uterque</strong></span> <span class='ocrx_word' id='word_1_739' title='bbox 3014 4681 3362 4735; x_wconf 86' lang='lat' dir='ltr'><strong>convenisset</strong></span> <span class='ocrx_word' id='word_1_740' title='bbox 3407 4681 3704 4747; x_wconf 86' lang='lat' dir='ltr'><strong>exercitus,</strong></span> 
     </span>
    </p>
   </div>
   <div class='ocr_carea' id='block_1_108' title="bbox 2143 4771 3708 4840">
    <p class='ocr_par' dir='ltr' id='par_1_108' title="bbox 2143 4771 3708 4840">
     <span class='ocr_line' id='line_1_108' title="bbox 2143 4771 3708 4840; baseline -0.005 -7"><span class='ocrx_word' id='word_1_741' title='bbox 2143 4781 2254 4833; x_wconf 85' lang='lat' dir='ltr'><strong>acri</strong></span> <span class='ocrx_word' id='word_1_742' title='bbox 2293 4776 2610 4830; x_wconf 87' lang='lat' dir='ltr'><strong>dimicatum</strong></span> <span class='ocrx_word' id='word_1_743' title='bbox 2645 4775 2916 4840; x_wconf 88' lang='lat' dir='ltr'><strong>utrimque</strong></span> <span class='ocrx_word' id='word_1_744' title='bbox 2955 4773 3161 4840; x_wconf 67' lang='lat' dir='ltr'><strong>praelia.</strong></span> <span class='ocrx_word' id='word_1_745' title='bbox 3195 4771 3401 4825; x_wconf 87' lang='lat' dir='ltr'><strong>lbitttm</strong></span> <span class='ocrx_word' id='word_1_746' title='bbox 3439 4772 3708 4828; x_wconf 80' lang='lat' dir='ltr'><strong>Christia-</strong></span> 
     </span>
    </p>
   </div>
   <div class='ocr_carea' id='block_1_109' title="bbox 2141 4862 3704 4936">
    <p class='ocr_par' dir='ltr' id='par_1_109' title="bbox 2141 4862 3704 4936">
     <span class='ocr_line' id='line_1_109' title="bbox 2141 4862 3704 4936; baseline -0.002 -13"><span class='ocrx_word' id='word_1_747' title='bbox 2141 4885 2247 4924; x_wconf 91' lang='lat' dir='ltr'><strong>nus</strong></span> <span class='ocrx_word' id='word_1_748' title='bbox 2300 4869 2519 4936; x_wconf 89' lang='lat' dir='ltr'><strong>quidam</strong></span> <span class='ocrx_word' id='word_1_749' title='bbox 2552 4864 2619 4918; x_wconf 91' lang='lat' dir='ltr'><strong>ad</strong></span> <span class='ocrx_word' id='word_1_750' title='bbox 2639 4863 2903 4918; x_wconf 78' lang='lat' dir='ltr'><strong>Muratem</strong></span> <span class='ocrx_word' id='word_1_751' title='bbox 2928 4862 3242 4932; x_wconf 85' lang='lat' dir='ltr'><strong>transfugit,</strong></span> <span class='ocrx_word' id='word_1_752' title='bbox 3270 4879 3393 4916; x_wconf 88' lang='lat' dir='ltr'><strong>cum</strong></span> <span class='ocrx_word' id='word_1_753' title='bbox 3425 4865 3704 4932; x_wconf 77' lang='lat' dir='ltr'><strong>signiﬁca-</strong></span> 
     </span>
    </p>
   </div>
   <div class='ocr_carea' id='block_1_110' title="bbox 2143 4954 3707 5024">
    <p class='ocr_par' dir='ltr' id='par_1_110' title="bbox 2143 4954 3707 5024">
     <span class='ocr_line' id='line_1_110' title="bbox 2143 4954 3707 5024; baseline -0.001 -10"><span class='ocrx_word' id='word_1_754' title='bbox 2143 4963 2290 5015; x_wconf 90' lang='lat' dir='ltr'><strong>tione</strong></span> <span class='ocrx_word' id='word_1_755' title='bbox 2312 4958 2603 5013; x_wconf 84' lang='lat' dir='ltr'><strong>voluntatis</strong></span> <span class='ocrx_word' id='word_1_756' title='bbox 2623 4970 2756 5018; x_wconf 70' lang='lat' dir='ltr'><strong>suze,</strong></span> <span class='ocrx_word' id='word_1_757' title='bbox 2776 4954 2930 5023; x_wconf 84' lang='lat' dir='ltr'><strong>quasi</strong></span> <span class='ocrx_word' id='word_1_758' title='bbox 2957 4955 3001 5007; x_wconf 94' lang='lat' dir='ltr'><strong>si</strong></span> <span class='ocrx_word' id='word_1_759' title='bbox 3025 4954 3259 5006; x_wconf 82' lang='lat' dir='ltr'><strong>militare</strong></span> <span class='ocrx_word' id='word_1_760' title='bbox 3271 4955 3529 5024; x_wconf 89' lang='lat' dir='ltr'><strong>deinceps</strong></span> <span class='ocrx_word' id='word_1_761' title='bbox 3543 4957 3592 5011; x_wconf 82' lang='lat' dir='ltr'><strong>ei</strong></span> <span class='ocrx_word' id='word_1_762' title='bbox 3611 4973 3680 5013; x_wconf 89' lang='lat' dir='ltr'><strong>cu</strong></span> <span class='ocrx_word' id='word_1_763' title='bbox 3695 4987 3707 4996; x_wconf 90' lang='lat'><strong>-</strong></span> 
     </span>
    </p>
   </div>
   <div class='ocr_carea' id='block_1_111' title="bbox 2142 5044 3708 5121">
    <p class='ocr_par' dir='ltr' id='par_1_111' title="bbox 2142 5044 3708 5121">
     <span class='ocr_line' id='line_1_111' title="bbox 2142 5044 3708 5121; baseline -0.003 -15"><span class='ocrx_word' id='word_1_764' title='bbox 2142 5059 2316 5121; x_wconf 89' lang='lat' dir='ltr'><strong>peret.</strong></span> <span class='ocrx_word' id='word_1_765' title='bbox 2369 5048 2624 5119; x_wconf 85' lang='lat' dir='ltr'><strong>lgiturad</strong></span> <span class='ocrx_word' id='word_1_766' title='bbox 2651 5045 2910 5099; x_wconf 70' lang='lat' dir='ltr'><strong>Muratem</strong></span> <span class='ocrx_word' id='word_1_767' title='bbox 2971 5044 3259 5108; x_wconf 89' lang='lat' dir='ltr'><strong>deductus,</strong></span> <span class='ocrx_word' id='word_1_768' title='bbox 3310 5046 3388 5099; x_wconf 90' lang='lat' dir='ltr'><strong>uti</strong></span> <span class='ocrx_word' id='word_1_769' title='bbox 3425 5060 3524 5114; x_wconf 90' lang='lat' dir='ltr'><strong>pro</strong></span> <span class='ocrx_word' id='word_1_770' title='bbox 3553 5062 3708 5102; x_wconf 91' lang='lat' dir='ltr'><strong>more</strong></span> 
     </span>
    </p>
   </div>
   <div class='ocr_carea' id='block_1_112' title="bbox 2145 5138 3707 5214">
    <p class='ocr_par' dir='ltr' id='par_1_112' title="bbox 2145 5138 3707 5214">
     <span class='ocr_line' id='line_1_112' title="bbox 2145 5138 3707 5214; baseline -0.004 -15"><span class='ocrx_word' id='word_1_771' title='bbox 2145 5144 2311 5214; x_wconf 87' lang='lat' dir='ltr'><strong>pedes</strong></span> <span class='ocrx_word' id='word_1_772' title='bbox 2345 5143 2461 5212; x_wconf 83' lang='lat' dir='ltr'><strong>ejus</strong></span> <span class='ocrx_word' id='word_1_773' title='bbox 2506 5139 2878 5204; x_wconf 77' lang='lat' dir='ltr'><strong>oscularetur,</strong></span> <span class='ocrx_word' id='word_1_774' title='bbox 2925 5153 3092 5206; x_wconf 84' lang='lat' dir='ltr'><strong>quam</strong></span> <span class='ocrx_word' id='word_1_775' title='bbox 3134 5139 3235 5191; x_wconf 84' lang='lat' dir='ltr'><strong>sub</strong></span> <span class='ocrx_word' id='word_1_776' title='bbox 3279 5146 3430 5192; x_wconf 88' lang='lat' dir='ltr'><strong>veste</strong></span> <span class='ocrx_word' id='word_1_777' title='bbox 3469 5138 3707 5194; x_wconf 84' lang='lat' dir='ltr'><strong>abditam</strong></span> 
     </span>
    </p>
   </div>
   <div class='ocr_carea' id='block_1_113' title="bbox 2146 5224 3705 5302">
    <p class='ocr_par' dir='ltr' id='par_1_113' title="bbox 2146 5224 3705 5302">
     <span class='ocr_line' id='line_1_113' title="bbox 2146 5224 3705 5302; baseline -0.004 -15"><span class='ocrx_word' id='word_1_778' title='bbox 2146 5233 2395 5302; x_wconf 86' lang='lat' dir='ltr'><strong>gestabat</strong></span> <span class='ocrx_word' id='word_1_779' title='bbox 2445 5230 2639 5294; x_wconf 84' lang='lat' dir='ltr'><strong>sicam,</strong></span> <span class='ocrx_word' id='word_1_780' title='bbox 2667 5243 2729 5280; x_wconf 89' lang='lat' dir='ltr'><strong>ea</strong></span> <span class='ocrx_word' id='word_1_781' title='bbox 2768 5227 2817 5280; x_wconf 90' lang='lat' dir='ltr'><strong>vi</strong></span> <span class='ocrx_word' id='word_1_782' title='bbox 2850 5224 3077 5279; x_wconf 82' lang='lat' dir='ltr'><strong>Muratis</strong></span> <span class='ocrx_word' id='word_1_783' title='bbox 3120 5226 3172 5279; x_wconf 89' lang='lat' dir='ltr'><strong>in</strong></span> <span class='ocrx_word' id='word_1_784' title='bbox 3207 5233 3455 5279; x_wconf 88' lang='lat' dir='ltr'><strong>ventrem</strong></span> <span class='ocrx_word' id='word_1_785' title='bbox 3505 5228 3705 5297; x_wconf 81' lang='lat' dir='ltr'><strong>adegit,</strong></span> 
     </span>
    </p>
   </div>
   <div class='ocr_carea' id='block_1_114' title="bbox 2147 5314 3706 5382">
    <p class='ocr_par' dir='ltr' id='par_1_114' title="bbox 2147 5314 3706 5382">
     <span class='ocr_line' id='line_1_114' title="bbox 2147 5314 3706 5382; baseline -0.001 -7"><span class='ocrx_word' id='word_1_786' title='bbox 2147 5333 2205 5376; x_wconf 91' lang='lat' dir='ltr'><strong>ut</strong></span> <span class='ocrx_word' id='word_1_787' title='bbox 2233 5323 2278 5375; x_wconf 87' lang='lat' dir='ltr'><strong>is</strong></span> <span class='ocrx_word' id='word_1_788' title='bbox 2299 5328 2407 5373; x_wconf 90' lang='lat' dir='ltr'><strong>tam</strong></span> <span class='ocrx_word' id='word_1_789' title='bbox 2433 5319 2548 5372; x_wconf 87' lang='lat' dir='ltr'><strong>diro</strong></span> <span class='ocrx_word' id='word_1_790' title='bbox 2572 5317 2794 5370; x_wconf 81' lang='lat' dir='ltr'><strong>vulnere</strong></span> <span class='ocrx_word' id='word_1_791' title='bbox 2815 5315 3116 5379; x_wconf 90' lang='lat' dir='ltr'><strong>confectus,</strong></span> <span class='ocrx_word' id='word_1_792' title='bbox 3148 5315 3470 5382; x_wconf 84' lang='lat' dir='ltr'><strong>exspiraret.</strong></span> <span class='ocrx_word' id='word_1_793' title='bbox 3487 5314 3706 5373; x_wconf 85' lang='lat' dir='ltr'><strong>Turcici</strong></span> 
     </span>
    </p>
   </div>
   <div class='ocr_carea' id='block_1_115' title="bbox 2148 5407 3705 5479">
    <p class='ocr_par' dir='ltr' id='par_1_115' title="bbox 2148 5407 3705 5479">
     <span class='ocr_line' id='line_1_115' title="bbox 2148 5407 3705 5479; baseline 0.002 -16"><span class='ocrx_word' id='word_1_794' title='bbox 2148 5425 2276 5466; x_wconf 87' lang='lat' dir='ltr'><strong>vero</strong></span> <span class='ocrx_word' id='word_1_795' title='bbox 2333 5424 2608 5477; x_wconf 88' lang='lat' dir='ltr'><strong>proceres.</strong></span> <span class='ocrx_word' id='word_1_796' title='bbox 2665 5408 2766 5460; x_wconf 91' lang='lat' dir='ltr'><strong>hac</strong></span> <span class='ocrx_word' id='word_1_797' title='bbox 2831 5408 3031 5461; x_wconf 85' lang='lat' dir='ltr'><strong>sultaui</strong></span> <span class='ocrx_word' id='word_1_798' title='bbox 3098 5407 3185 5461; x_wconf 83' lang='lat' dir='ltr'><strong>sui</strong></span> <span class='ocrx_word' id='word_1_799' title='bbox 3218 5409 3364 5461; x_wconf 70' lang='lat' dir='ltr'><strong>caede</strong></span> <span class='ocrx_word' id='word_1_800' title='bbox 3391 5422 3705 5479; x_wconf 85' lang='lat' dir='ltr'><strong>conspecta,</strong></span> 
     </span>
    </p>
   </div>
   <div class='ocr_carea' id='block_1_116' title="bbox 2149 5498 3711 5566">
    <p class='ocr_par' dir='ltr' id='par_1_116' title="bbox 2149 5498 3711 5566">
     <span class='ocr_line' id='line_1_116' title="bbox 2149 5498 3711 5566; baseline 0.001 -11"><span class='ocrx_word' id='word_1_801' title='bbox 2149 5518 2272 5557; x_wconf 80' lang='lat' dir='ltr'><strong>mox</strong></span> <span class='ocrx_word' id='word_1_802' title='bbox 2333 5498 2793 5553; x_wconf 87' lang='lat' dir='ltr'><strong>consultationem</strong></span> <span class='ocrx_word' id='word_1_803' title='bbox 2847 5498 3163 5563; x_wconf 88' lang='lat' dir='ltr'><strong>instituunt,</strong></span> <span class='ocrx_word' id='word_1_804' title='bbox 3200 5499 3411 5566; x_wconf 88' lang='lat' dir='ltr'><strong>etquid</strong></span> <span class='ocrx_word' id='word_1_805' title='bbox 3443 5502 3546 5554; x_wconf 90' lang='lat' dir='ltr'><strong>hoc</strong></span> <span class='ocrx_word' id='word_1_806' title='bbox 3576 5518 3711 5560; x_wconf 83' lang='lat' dir='ltr'><strong>casu</strong></span> 
     </span>
    </p>
   </div>
   <div class='ocr_carea' id='block_1_117' title="bbox 2150 5588 3711 5660">
    <p class='ocr_par' dir='ltr' id='par_1_117' title="bbox 2150 5588 3711 5660">
     <span class='ocr_line' id='line_1_117' title="bbox 2150 5588 3711 5660; baseline 0 -14"><span class='ocrx_word' id='word_1_807' title='bbox 2150 5605 2258 5646; x_wconf 88' lang='lat' dir='ltr'><strong>tam</strong></span> <span class='ocrx_word' id='word_1_808' title='bbox 2285 5591 2569 5660; x_wconf 86' lang='lat' dir='ltr'><strong>repentino</strong></span> <span class='ocrx_word' id='word_1_809' title='bbox 2601 5588 2920 5643; x_wconf 85' lang='lat' dir='ltr'><strong>faciundum</strong></span> <span class='ocrx_word' id='word_1_810' title='bbox 2954 5589 3332 5650; x_wconf 71' lang='lat' dir='ltr'><strong>deliberantes,</strong></span> <span class='ocrx_word' id='word_1_811' title='bbox 3363 5591 3415 5641; x_wconf 90' lang='lat' dir='ltr'><strong>in</strong></span> <span class='ocrx_word' id='word_1_812' title='bbox 3431 5605 3551 5644; x_wconf 88' lang='lat' dir='ltr'><strong>eam</strong></span> <span class='ocrx_word' id='word_1_813' title='bbox 3576 5608 3711 5646; x_wconf 76' lang='lat' dir='ltr'><strong>eon-</strong></span> 
     </span>
    </p>
   </div>
   <div class='ocr_carea' id='block_1_118' title="bbox 2150 5679 3711 5749">
    <p class='ocr_par' dir='ltr' id='par_1_118' title="bbox 2150 5679 3711 5749">
     <span class='ocr_line' id='line_1_118' title="bbox 2150 5679 3711 5749; baseline -0.001 -9"><span class='ocrx_word' id='word_1_814' title='bbox 2150 5700 2347 5742; x_wconf 88' lang='lat' dir='ltr'><strong>venere</strong></span> <span class='ocrx_word' id='word_1_815' title='bbox 2376 5682 2722 5745; x_wconf 75' lang='lat' dir='ltr'><strong>Sententiam,</strong></span> <span class='ocrx_word' id='word_1_816' title='bbox 2764 5689 2819 5732; x_wconf 92' lang='lat' dir='ltr'><strong>ut</strong></span> <span class='ocrx_word' id='word_1_817' title='bbox 2846 5681 2910 5734; x_wconf 93' lang='lat' dir='ltr'><strong>ad</strong></span> <span class='ocrx_word' id='word_1_818' title='bbox 2955 5697 3013 5736; x_wconf 88' lang='lat' dir='ltr'><strong>se</strong></span> <span class='ocrx_word' id='word_1_819' title='bbox 3040 5679 3301 5749; x_wconf 80' lang='lat' dir='ltr'><strong>.iacupem</strong></span> <span class='ocrx_word' id='word_1_820' title='bbox 3337 5679 3576 5737; x_wconf 79' lang='lat' dir='ltr'><strong>Zelebim</strong></span> <span class='ocrx_word' id='word_1_821' title='bbox 3608 5699 3711 5739; x_wconf 88' lang='lat' dir='ltr'><strong>ar-</strong></span> 
     </span>
    </p>
   </div>
   <div class='ocr_carea' id='block_1_119' title="bbox 2151 5774 3712 5844">
    <p class='ocr_par' dir='ltr' id='par_1_119' title="bbox 2151 5774 3712 5844">
     <span class='ocr_line' id='line_1_119' title="bbox 2151 5774 3712 5844; baseline -0.006 -10"><span class='ocrx_word' id='word_1_822' title='bbox 2151 5787 2448 5834; x_wconf 63' lang='lat' dir='ltr'><strong>cesserent.</strong></span> <span class='ocrx_word' id='word_1_823' title='bbox 2509 5776 2558 5829; x_wconf 85' lang='lat' dir='ltr'><strong>Is</strong></span> <span class='ocrx_word' id='word_1_824' title='bbox 2623 5774 2711 5828; x_wconf 87' lang='lat' dir='ltr'><strong>ubi</strong></span> <span class='ocrx_word' id='word_1_825' title='bbox 2740 5782 2964 5828; x_wconf 88' lang='lat' dir='ltr'><strong>vocatus</strong></span> <span class='ocrx_word' id='word_1_826' title='bbox 2995 5775 3426 5842; x_wconf 83' lang='lat' dir='ltr'><strong>comparuisset:</strong></span> <span class='ocrx_word' id='word_1_827' title='bbox 3460 5775 3595 5844; x_wconf 78' lang='lat' dir='ltr'><strong>Age,</strong></span> <span class='ocrx_word' id='word_1_828' title='bbox 3625 5776 3712 5832; x_wconf 69' lang='lat' dir='ltr'><strong>in~</strong></span> 
     </span>
    </p>
   </div>
  </div>
