4212 6288
477 311 572 374 591

1732 313 2084 374 ANNALES
2114 311 2446 372 TUllClCl.

3636 301 3740 361 59‘}

476 434 690 500 quinnt,
749 429 1041 484 tentorium
1093 438 1378 500 paternum
1440 429 1745 500 ingredere.
1801 431 1934 485 Nam
1967 443 2052 486 cst
2081 435 2130 490 Λ
2160 430 2389 500 quievit.
2422 426 2653 482 Aistatis
2682 424 2836 479 initio
2867 437 3064 479 rursus
3095 420 3444 490 expeditione
3467 420 3739 484 instituta,

477 525 620 593 quod
653 533 702 577 te
730 522 840 575 vult
873 532 1044 590 pater.
1065 521 1159 576 Ille
1185 521 1320 575 nihil
1351 522 1476 576 mali
1511 523 1845 591 suspicatus,
1877 523 2058 592 ingre-

477 619 657 670 ditur:
693 628 742 671 et
774 622 1061 680 correptus
1100 611 1168 666 ab
1196 613 1278 666 eis
1297 623 1545 669 necatur.
1577 612 1704 665 Inde
1737 614 1888 682 regio
1919 613 2056 666 solio

478 708 738 760 Cilderun
789 706 1057 776 Bajazitcs
1112 703 1431 774 impositus,
1465 705 1709 758 omnium
1782 703 2058 772 suffragiis

481 805 778 869 imperator
798 800 1080 854 salutatur.
1098 799 1308 865 Quibus
1325 797 1582 869 peractis,
1604 797 1783 852 denuo
1813 809 2052 867 emptum

481 893 712 963 pugnari
746 890 999 946 fortiter:
1029 892 1166 946 adeo
1192 893 1436 961 quidem,
1472 891 1726 945 utvictus
1755 908 1819 945 eo
1847 892 2054 960 prailzu,

477 996 775 1056 captusque
804 984 1044 1040 Lazarus
1073 1027 1086 1050 ,
1123 986 1176 1038 in
1214 993 1514 1052 conspectu
1561 983 1817 1051 Bajazitis
1851 984 2060 1038 frustu-

480 1080 629 1133 latim
646 1081 902 1132 concisus
921 1073 1106 1130 fuerit.
1133 1073 1228 1131 His
1245 1076 1406 1129 rebus
1424 1075 1608 1143 gestis.
1629 1091 1694 1128 ex
1713 1090 1778 1128 eo
1799 1078 1924 1130 loco
1944 1077 2056 1130 dis-

481 1185 712 1232 cessum,
737 1168 1254 1236 etlladrianOpolim
1276 1182 1471 1221 versus
1492 1167 1739 1221 instituta
1775 1168 2059 1237 profectio,

478 1262 608 1314 Erat
633 1261 675 1313 is
696 1275 872 1313 annus
892 1258 991 1314 79l
1023 1260 1176 1329 (Chr.
1203 1259 1394 1329 1590).
1451 1258 1715 1314 Sultanus
1738 1259 1915 1315 Gazes
1940 1261 2059 1315 Mu—

481 1363 627 1408 rates
643 1351 795 1408 Chan
824 1353 1056 1424 imperio
1080 1350 1299 1421 praefuit
1343 1354 1501 1406 annis
1518 1353 1609 1407 32.
1669 1353 1919 1408 Cadaver
1939 1355 2059 1423 ejus

478 1443 708 1499 Prusam
733 1443 1105 1512 deportatum,
1127 1456 1348 1514 prepter
1369 1443 1625 1514 Caplizen
1679 1446 1782 1517 (sic
1817 1447 2061 1502 thermas

482 1537 642 1593 Turci
673 1539 917 1607 vocant),
946 1549 1306 1592 monumento
1376 1554 1475 1608 pro
1521 1553 1672 1594 more
1691 1539 1792 1593 fuit
1825 1540 2058 1595 illatum.

550 1628 836 1685 Exstincto
869 1629 1096 1695 Hurate,
1128 1629 1393 1685 Gilderun
1436 1631 1593 1686 Chan
1632 1633 1789 1701 plene
1815 1634 1927 1702 jam
1963 1651 2063 1701 po-

479 1723 614 1776 titus
674 1722 929 1790 imperio,
994 1721 1287 1776 confestim
1360 1726 1708 1794 expeditione
1775 1739 2057 1796 suscepta,

2160 522 2449 586 doctisque
2480 519 2531 568 in
2553 516 2865 569 Armeniam
2900 513 3096 583 copiis,
3122 510 3409 578 Erzingatu
3429 513 3739 579 occupavit.

2162 612 2294 665 Novi
2323 620 2436 665 tum
2461 622 2642 664 motus
2661 617 2819 662 erant
2839 606 3076 660 'l'eniiris
3096 605 3302 659 Chanis
3321 605 3461 672 apud
3483 606 3742 669 Parthos,

2161 719 2300 773 quos
2322 701 2578 757 Gilderun
2601 702 2757 754 Chau
2780 716 2888 754 non
2913 699 3093 768 magni
3113 698 3344 764 faciens,
3367 697 3597 768 Erziuga
3619 700 3743 751 reli-

2160 808 2270 859 cta,
2291 807 2344 849 et
2373 795 2510 849 freto
2529 794 2593 848 ad
2613 793 2923 863 Callipolim
2952 791 3299 854 transmisso.
3321 791 3376 846 itt
3412 789 3744 846 Romaniam

2162 891 2330 954 venit,
2361 888 2545 958 ibique
2593 887 2885 943 Silistriam
2909 884 3364 954 etltlmpolimsuo
3383 884 3746 951 subjecitim-

2162 994 2313 1046 perm
2342 984 2521 1048 :quoil
2552 978 2774 1048 quidem
2803 975 3004 1032 accidit
3027 990 3175 1030 anno
3206 975 3312 1030 795
3363 974 3515 1046 (Chr.
3555 975 3744 1038 1394).

2236 1067 2375 1124 llinc
2394 1071 2446 1122 in
2469 1068 2703 1122 Mor-eam
2728 1068 2892 1132 abiit,
2915 1075 2968 1123 et
3000 1065 3199 1122 castris
3228 1068 3298 1122 ad
3317 1065 3576 1135 oppidum
3600 1063 3750 1119 Feri-

2162 1178 2266 1231 gen
2284 1163 2584 1228 collocatis,
2600 1162 2652 1216 in
2674 1164 2725 1215 di
2737 1177 2920 1216 versas
2935 1170 3172 1232 quatuor
3191 1169 3377 1230 partes
3391 1174 3530 1215 suos
3547 1159 3751 1215 milites

2163 1256 2230 1307 ad
2279 1252 2622 1322 diripiendos
2687 1252 2928 1321 regionis
3000 1266 3162 1322 agros
3203 1252 3434 1316 emisit;
3484 1267 3512 1306 a
3541 1251 3749 1321 quibus

2164 1346 2357 1414 ingens
2405 1347 2586 1415 praeda
2637 1345 2864 1400 collecta
2906 1345 3034 1400 fuit.
3081 1346 3204 1415 Ipso
3235 1345 3288 1398 in
3329 1346 3529 1415 oppido
3558 1343 3753 1414 Ferige

2163 1438 2424 1508 templum
2485 1453 2609 1493 cum
2662 1452 2878 1493 xenone
2939 1437 3187 1494 construi
3218 1438 3288 1493 de
3339 1453 3482 1493 novo
3506 1440 3750 1496 curavit.

2166 1538 2331 1598 atque
2363 1531 2434 1583 ita
2475 1544 2734 1585 reversus
2771 1528 3248 1600 Hadrianopolim,
3278 1529 3346 1583 ad
3371 1530 3591 1599 aliquod
3617 1539 3753 1585 tein-

2167 1635 2268 1688 pus
2326 1622 2452 1676 istic
2511 1623 2563 1675 in
2592 1622 2705 1675 otio
2737 1621 2893 1675 vixit.
2921 1620 2997 1675 lbi
3034 1632 3147 1675 tum
3183 1621 3392 1677 Bulcus
3424 1621 3650 1691 despota
3687 1619 3753 1674 fi-

2167 1712 2295 1766 liam
2321 1727 2478 1766 suam
2506 1712 2789 1767 Gilderuni
2842 1712 2993 1767 dedit
3033 1727 3286 1779 uxorem,
3327 1727 3438 1782 quo
3473 1713 3753 1768 afﬁnitatis

480 1813 802 1869 Κίηιονυιη
821 1814 1102 1883 oppidum,
1129 1825 1185 1869 ει
1210 1816 1495 1872 universas
1527 1819 1647 1873 in“
1676 1822 1887 1889 nam,"
1917 1821 2059 1874 τοδε,
2095 1826 2137 1881 Β
2169 1805 2386 1859 vinculo
2409 1807 2619 1860 sancita
2657 1805 2763 1859 fuit
2792 1806 2936 1860 inter
2964 1807 3115 1876 ipsos
3137 1809 3374 1862 societas
3398 1815 3455 1861 et
3485 1805 3750 1861 amicitia.

480 1921 577 1962 nas
614 1906 927 1976 occupavit.
965 1906 1102 1962 Erat
1164 1907 1305 1962 inter
1340 1907 1642 1965 familiares
1695 1911 1868 1980 ipsius
1902 1913 2062 1966 mini-

479 2010 624 2053 stros
643 1997 868 2067 quidam
890 1995 1047 2052 Feris
1075 1997 1269 2067 begus,
1299 2000 1381 2052 vir
1405 2001 1702 2054 admodum
1741 2003 2057 2057 bellicosus.

484 2089 618 2144 Eum
652 2088 820 2160 318
857 2103 982 2143 cum
1029 2090 1201 2154 copiis
1253 2091 1318 2144 ad
1351 2090 1528 2159 ipsum
1558 2108 1730 2162 usque
1755 2091 2060 2148 Danubium

482 2182 650 2248 misit,
677 2183 767 2235 ubi
798 2183 1022 2236 redacto
1047 2181 1466 2249 inpotestatem
1495 2185 1693 2254 oppido
1729 2181 1918 2239 Vidiua
1952 2185 2062 2237 lla—

481 2257 846 2345 dt'iianopolim
896 2288 1149 2329 reversus
1179 2284 1280 2328 est.
1335 2273 1607 2345 Bajazites
1631 2286 1810 2331 autem
1874 2294 2064 2333 rursus

482 2369 619 2437 bego
642 2365 1044 2434 expeditionem
1078 2365 1339 2434 injunxit,
1403 2381 1507 2434 qua
1535 2364 1772 2420 Tanabit
1792 2377 1846 2420 et
1879 2366 2064 2422 Citros

483 2462 638 2515 luere
655 2457 894 2513 domitae.
910 2456 1139 2511 Interim
1163 2455 1202 2510 F
1208 2458 1316 2512 eris
1337 2461 1502 2511 etiam
1527 2458 1696 2528 begus
1714 2460 1767 2513 in
1793 2456 2065 2514 Valachos

483 2553 792 2621 irejussus,
827 2551 1109 2619 inopinato
1140 2552 1422 2619 regionem
1445 2551 1670 2616 invasit,
1703 2567 2067 2620 magnamque

485 2646 722 2717 praadam
741 2643 971 2714 adeptus
993 2652 1096 2698 est.
1124 2642 1329 2698 Eodem
1356 2653 1598 2713 tempore
1619 2645 1786 2700 Bassa
1817 2645 2062 2713 quidam,

484 2739 692 2809 Iagides
724 2738 918 2807 begus.
949 2736 1001 2790 in
1030 2735 1288 2790 Bozinam
1320 2735 1626 2807 profectus,
1658 2751 1875 2791 omnem
1907 2739 2056 2792 illam

484 2832 762 2903 regionem
815 2829 1021 2899 rapinis
1081 2828 1360 2884 exhausit.
1411 2829 1532 2898 Ipse
1583 2828 1849 2886 Gilderun
1908 2831 2063 2885 Chan

483 2925 710 2979 l'rusam
745 2939 804 2978 se
829 2921 1080 2985 contulit,
1122 2920 1310 2990 ibique
1343 2923 1576 2976 messim
1608 2923 1888 2979 struenda:
1916 2924 2068 2992 prin-

484 3017 688 3087 eipiurn
721 3015 866 3072 fecit.
892 3013 1021 3069 lmle
1052 3013 1244 3069 relicta
1281 3013 1478 3079 Prusa,
1514 3015 1901 3070 Caramaniam
1938 3032 2063 3071 cum

485 3112 734 3167 exercitu
776 3106 951 3162 adiit:
989 3108 1080 3161 ubi
1117 3108 1320 3178 oppido
1352 3109 1710 3164 Alaseheheri
1745 3110 2066 3179 subjugato.

2166 1900 2380 1966 Quippe
2447 1897 2714 1953 Gilderun
2770 1899 2923 1953 Chan
2978 1900 3319 1968 professione
3349 1899 3753 1962 Musulmauus.

2168 1992 2319 2045 Bulci
2355 1990 2625 2061 despotic,
2659 1993 2754 2061 qui
2786 1993 3054 2062 religione
3089 1991 3446 2048 Christianus
3479 2002 3615 2057 erat,
3652 2007 3747 2061 ge-

2167 2101 2264 2140 ner
2313 2087 2492 2140 factus
2534 2084 2655 2139 fuit.
2716 2087 2856 2140 Ante
2903 2096 3083 2140 tamen
3115 2129 3130 2151 ,
3191 2102 3358 2157 quam
3391 2086 3542 2142 Bulei
3579 2087 3744 2142 filiam

2167 2178 2439 2247 llajazitcs
2499 2178 2608 2233 sibi
2661 2179 3022 2234 matrimonio
3074 2177 3356 2248 iungeret,
3419 2180 3532 2235 vini
3592 2197 3750 2235 usuin

2166 2284 2393 2339 prorsus
2427 2271 2740 2338 ignorabat.
2778 2269 3011 2341 Majores
3033 2271 3176 2325 enim
3207 2272 3378 2341 ipsius
3409 2287 3440 2326 a
3467 2273 3596 2328 vino
3624 2276 3754 2329 abs-

2168 2365 2466 2426 tinuerant,
2495 2363 2564 2417 de
2615 2364 2853 2418 Osmane
2911 2363 3129 2433 loquor,
3167 2376 3222 2419 et
3263 2363 3536 2434 Urchane,
3573 2368 3753 2422 Mura—

2167 2463 2351 2524 teque.
2387 2451 2523 2506 Nam
2555 2454 2770 2523 quoties
2821 2456 3084 2507 convivas
3148 2455 3428 2508 invitaturi
3452 2466 3628 2519 erant,
3660 2471 3757 2508 va-

2167 2547 2282 2601 rios
2345 2545 2500 2599 cibos
2558 2545 2810 2616 apparari
2850 2547 3160 2614 jusserunt,
3217 2557 3385 2615 atque
3449 2547 3534 2603 his
3558 2547 3756 2602 deinde

2172 2640 2315 2694 resci
2379 2638 2525 2693 soliti
2581 2649 2735 2702 sunt,
2781 2639 3050 2693 adhibitis
3107 2638 3477 2696 Talismanis:
3515 2657 3751 2710 quorum

2169 2734 2456 2804 przeceptis
2481 2744 2532 2786 et
2555 2731 3032 2788 admonitionibus
3052 2735 3196 2787 inter
3222 2736 3624 2788 convivandutn
3649 2749 3753 2789 au-

2171 2843 2258 2881 res
2276 2827 2609 2896 prabebant,
2633 2836 2688 2877 et
2703 2823 3037 2880 Alcoranum
3055 2827 3156 2895 legi
3180 2828 3752 2898 curabant.Quidquid

2169 2923 2408 2987 denique
2435 2917 2736 2973 Talismaui
2788 2919 3167 2986 consulerent,
3194 2919 3268 2974 illi
3307 2936 3413 2976 non
3456 2921 3627 2976 invite
3649 2923 3751 2976 ob-

2171 3014 2572 3083 temperabant.
2618 3011 2739 3077 Quo
2800 3010 3031 3077 factum,
3090 3022 3148 3068 ut
3182 3028 3374 3070 eorum
3410 3016 3635 3070 monitis
3661 3031 3756 3085 pa-

2174 3108 2370 3170 rcndo,
2399 3121 2746 3175 nequaquam
2780 3120 3009 3175 peccare
3036 3117 3281 3176 possent.
3309 3107 3365 3161 ln
3397 3109 3589 3178 primis
3612 3107 3756 3163 Cara

486 3222 610 3262 mox
641 3220 768 3275 ager
832 3174 1274 3255 Aidinensis—s—ua
1307 3212 1506 3268 sponte
1537 3174 1876 3256 deditionem
1910 3174 2061 3256 fecit.
2095 3174 2136 3228 (ί
2172 3174 2502 3263 Rnstcmes,
2528 3208 2583 3251 et
2613 3174 2949 3252 Zenderlues
2979 3174 3234 3264 Cheliles,
3270 3174 3466 3272 magno
3487 3202 3628 3271 apud
3659 3215 3757 3256 eos

485 3303 623 3357 Hinc
655 3297 984 3353 Sarchania:
1026 3297 1162 3350 lines
1189 3299 1490 3364 ingressus,
1545 3297 1634 3349 illa
1669 3311 1889 3366 quoque
1919 3296 2067 3350 nullo

483 3395 702 3465 negotio
729 3395 936 3463 potitus
960 3401 1063 3448 est.
1099 3393 1160 3446 Et
1178 3407 1242 3445 eo
1274 3389 1496 3459 quidem
1518 3390 1735 3443 facilius
1765 3397 2065 3459 utrumque

486 3488 770 3542 Cilderuui
823 3486 1134 3545 successit,
1200 3482 1349 3550 quod
1414 3483 1578 3550 paulo
1643 3492 1771 3535 ante
1841 3483 2068 3536 ditionis

490 3582 779 3647 utriusque
805 3577 1010 3631 domini
1037 3575 1204 3628 rebus
1230 3572 1486 3627 humanis
1517 3574 1900 3628 excessissent.
1933 3574 2068 3627 Acta

489 3672 877 3726 lllahumetano
936 3684 1080 3722 anno
1126 3666 1232 3722 792
1263 3666 1419 3737 (Chr.
1461 3667 1640 3732 l39l).

559 3764 870 3819 Secundum
896 3760 1014 3816 hac
1043 3758 1464 3820 Constantinum
1495 3757 1633 3812 bello
1651 3774 1940 3828 aggressus
1964 3771 2067 3828 est,

489 3857 578 3914 cui
602 3856 729 3909 dum
762 3853 879 3924 ipse
911 3862 1059 3906 totus
1087 3852 1376 3915 incumbit,
1412 3866 1504 3903 rex
1560 3847 1904 3918 Ungarorum
1941 3866 2068 3904 cum

489 3946 734 4003 exercitu
791 3945 858 3999 ad
905 3940 1212 4012 Nigebolim
1271 3940 1528 3995 accessit.
1565 3939 1643 3994 Eo
1677 3939 1945 4011 Uajazites
1974 3957 2073 3996 co-

494 4041 667 4112 gnito,
699 4036 877 4093 soluta
915 4033 1424 4104 Constantinopolis
1455 4033 1768 4097 obsidione,
1796 4045 1939 4089 recta
1973 4033 2069 4088 Ni-

493 4132 725 4203 geholim
759 4144 890 4185 suos
916 4128 1092 4183 duxit.
1118 4126 1198 4181 Ad
1219 4127 1431 4182 hostem
1463 4128 1552 4180 ubi
1590 4138 1910 4197 perventum
1938 4126 2072 4182 fuis-

491 4236 594 4292 set,
644 4223 921 4278 multories
974 4222 1184 4275 levibus
1238 4219 1464 4289 praeliis,
1523 4232 1687 4289 atque
1739 4220 1902 4273 etiam
1956 4221 2073 4274 acie

493 4328 887 4385 nonnunquam
925 4314 1072 4383 iusta
1097 4311 1419 4367 dimicatum
1447 4311 1588 4365 inter
1613 4323 1893 4380 utrosque.
1921 4311 2073 4366 Tan-

492 4410 617 4464 dem
669 4417 944 4462 nocturna
1004 4405 1365 4473 impressione
1420 4403 1768 4458 Christianos
1824 4404 2071 4467 adortus,

496 4505 632 4559 adeo
677 4499 957 4572 repentino
987 4509 1039 4553 et
1100 4500 1382 4567 inopinato
1423 4498 1624 4565 impetu
1657 4501 1968 4561 exterruit,
2014 4508 2073 4551 ut

496 4610 684 4647 eorum
733 4591 975 4661 plerique
1015 4590 1066 4642 in
1104 4590 1409 4641 Danubium
1469 4589 1810 4657 praecipitare
1833 4603 1892 4643 se
1912 4602 2074 4658 coge-

501 4695 708 4744 rentur,
745 4692 798 4735 cl.
830 4686 882 4734 itt
910 4683 1027 4749 ipSu
1062 4679 1288 4740 ﬂumine
1318 4694 1513 4747 magno
1538 4694 1769 4733 nurnero
1800 4679 2074 4733 submersi

500 4778 774 4844 perirent:
799 4772 993 4841 reliqui
1021 4772 1216 4824 laedant
1244 4771 1484 4825 semetin
1511 4769 1692 4840 fugam
1717 4772 2073 4842 eoujiccrent.

496 4868 722 4923 Factum
760 4867 862 4919 hoc
889 4879 1033 4917 anno
1063 4862 1162 4918 794
1215 4862 1367 4934 (Chr.
1399 4863 1579 4933 1593).

571 4961 688 5013 lloc
721 4958 859 5012 bello
895 4960 1166 5014 conlecto.
1230 4971 1423 5010 rursus
1455 4957 1508 5010 in
1541 4955 1963 5010 Constantinum
1991 4971 2080 5010 ar-

500 5069 585 5105 ma
639 5049 926 5103 convertit.
997 5049 1102 5103 Sed
1138 5050 1438 5118 composita
1497 5065 1599 5119 pax
1628 5050 1758 5114 fuit,
1788 5065 1852 5104 ea
1885 5051 2076 5104 condi-

503 5159 648 5198 tione
670 5186 682 5207 ,
718 5153 774 5196 ut
805 5144 944 5195 intra
995 5141 1502 5211 Constantinopolis
1533 5143 1733 5196 mantia
1757 5141 2075 5197 Gildcruuis

507 5237 712 5290 Chauis
774 5234 976 5288 subditi
1009 5235 1096 5302 jus
1133 5233 1398 5286 haberent
1424 5233 1602 5286 vicum
1643 5249 1811 5286 unum
1845 5235 2069 5288 inhabi-

505 5329 680 5382 tandi.
719 5325 843 5380 Fuit
876 5328 922 5381 is
961 5341 1140 5379 annus
1171 5326 1299 5380 79L

572 5419 647 5472 Eo
681 5421 797 5488 ipso
855 5429 1100 5486 tempore
1160 5427 1410 5471 mortuus
1469 5428 1551 5472 cst
1580 5417 1833 5473 sultanus
1864 5418 2074 5474 Aleairi

502 5513 792 5573 Burcuces,
845 5517 965 5579 post
1017 5511 1171 5575 cujus
1228 5508 1437 5562 obitum
1465 5509 1725 5564 Gildcrun
1759 5510 1908 5564 Chan
1948 5527 2076 5580 pro—

505 5606 708 5657 vithi'JS
739 5604 910 5672 ipsius
944 5601 1166 5664 invasit,
1202 5611 1254 5653 et
1284 5599 1570 5671 Melatigsn
1604 5619 1717 5656 sua:
1749 5604 1941 5656 ditioni
1980 5604 2076 5657 ad-

494 5697 698 5765 jumit.
732 5695 836 5748 Sed
879 5695 1290 5748 imminentibus
1329 5695 1442 5763 jam
1475 5694 1774 5764 frigoribus
1807 5699 2071 5763 hibernis,

500 5790 726 5844 l‘iusam
785 5804 1037 5843 reversus
1081 5787 1418 5857 cst,ihique
1476 5801 1573 5856 per
1631 5790 1774 5840 illam
1840 5791 2066 5843 hiemem

2171 3292 2386 3346 honore
2446 3291 2642 3354 habiti,
2696 3300 2752 3343 et
2803 3297 2984 3349 sancti
3018 3296 3277 3352 homines
3298 3297 3553 3368 appellati
3580 3297 3754 3353 fuere.

2177 3383 2371 3440 Verum
2405 3397 2515 3441 tam
2545 3390 2671 3458 ipsi,
2703 3404 2868 3459 quam
2900 3388 3202 3445 Talismani
3231 3392 3414 3446 caeteri
3466 3392 3569 3446 hac
3595 3390 3756 3446 exhi-

2170 3480 2372 3534 bi-tioue
2426 3483 2650 3536 honoris
2695 3484 3107 3553 arrogantiores
3155 3483 3304 3552 facti,
3359 3486 3530 3539 multa
3577 3483 3759 3540 fecere

2171 3573 2420 3642 nequiter
2455 3583 2507 3630 et
2535 3575 2830 3645 ﬂatigiose.
2860 3575 3102 3631 Tandem
3128 3593 3252 3632 cum
3296 3589 3479 3633 essent
3501 3578 3757 3633 exstincti

2173 3663 2504 3720 Zenderlucs
2539 3668 2800 3733 Cheliles,
2833 3678 2888 3723 et
2917 3668 3057 3723 Cara
3085 3668 3375 3724 Rusteines
3400 3689 3414 3723 :
3441 3671 3554 3724 Alis
3575 3671 3756 3732 liassa,

2171 3757 2496 3812 Zendcrluis
2515 3757 2739 3812 Chelilis
2762 3759 2928 3822 filius,
2949 3775 2978 3812 a
2999 3759 3299 3815 Gilderune
3333 3759 3523 3814 Chane
3552 3757 3758 3813 Veziris

2172 3849 2494 3917 dignitatern
2522 3853 2752 3921 adeptus
2772 3861 2876 3907 est.
2903 3851 3042 3906 Tum
3074 3870 3200 3908 vero
3227 3869 3477 3911 crescere
3495 3852 3764 3907 Talisma-

2173 3955 2370 3996 norum
2416 3942 2764 4011 improbitas,
2812 3942 2977 3998 multa
3022 3959 3081 3999 se
3139 3946 3358 4016 indigna
3405 3945 3757 4002 committen-

2175 4031 2336 4100 tium,
2365 4044 2419 4087 et
2451 4034 2666 4106 rejectis
2696 4038 2944 4090 moribus
2983 4046 3146 4107 atque
3176 4036 3442 4093 institutis
3490 4037 3757 4105 pristinis,

2174 4139 2314 4178 nova
2360 4126 2608 4193 quaedam
2658 4127 3144 4182 introduccntium.
3178 4127 3311 4183 Erat
3349 4129 3494 4182 enim
3527 4129 3760 4198 populus

2174 4215 2506 4273 Osuianicus
2565 4234 2700 4273 sane
2735 4235 2899 4289 quam
2929 4221 3162 4290 simplex
3178 4231 3233 4276 et
3262 4223 3414 4278 rudis
3433 4263 3448 4287 ,
3476 4223 3567 4291 qui
3597 4223 3758 4277 facile

2178 4310 2283 4364 sibi
2339 4310 2558 4378 quidvis
2608 4311 2927 4381 persuaderi
2967 4311 3195 4368 sineret.
3228 4313 3348 4380 Quo
3377 4312 3544 4370 fiebat
3573 4324 3632 4368 ut
3676 4315 3758 4369 eis

2179 4403 2463 4468 insidiose,
2526 4420 2590 4458 ac
2621 4404 2908 4473 multiplici
2950 4404 3164 4461 vafritie
3211 4407 3573 4475 imponerent.
3613 4407 3761 4461 Ιυιιτ

2105 4517 2149 4572 D
2184 4492 2289 4546 alia
2363 4493 2730 4563 prohibebant
2771 4496 2822 4549 in
2879 4497 3224 4552 commerciis
3268 4507 3322 4552 et
3384 4501 3760 4555 contractibus

2182 4599 2338 4638 usuin
2400 4586 2640 4654 antiqua:
2699 4597 2952 4652 monetae,
3007 4603 3410 4661 asprorumque
3468 4601 3763 4650 veterum:

2181 4688 2234 4731 et
2252 4677 2609 4732 emolumenti
2624 4680 2829 4750 proprii
2862 4695 3050 4748 causa,
3075 4685 3565 4740 nummulariorum
3586 4703 3764 4754 more,

2181 4782 2456 4826 monetam
2493 4772 2561 4825 ad
2591 4788 2650 4825 se
2676 4783 2907 4828 veterem
2941 4783 3122 4829 astute
3167 4775 3589 4840 transferebant,
3621 4782 3738 4848 ejus

2180 4877 2287 4932 que
2311 4863 2431 4917 loco
2462 4878 2656 4916 novam
2676 4864 2982 4934 signabant.
3013 4867 3129 4921 Alis
3159 4868 3276 4938 ipse
3295 4869 3475 4934 bassa,
3519 4875 3603 4924 vir
3631 4873 3764 4927 sim-

2184 4957 2329 5024 plex,
2354 4970 2417 5011 ac
2449 4956 2613 5011 rebus
2647 4957 2848 5014 divinis
2867 4959 3096 5014 devotus
3131 4971 3250 5015 erat
3289 4979 3304 5015 :
3332 4967 3489 5035 cujus
3510 4973 3764 5036 exemplo

2183 5068 2305 5107 cum
2347 5054 2580 5123 p0pulus
2615 5055 2666 5108 id
2709 5059 2974 5125 temporis
3003 5059 3168 5112 etiam
3219 5059 3481 5129 singulari
3553 5080 3764 5121 morum

2185 5145 2521 5213 integritate,
2556 5150 2931 5219 religioneque
2961 5150 3221 5220 praeditus
3268 5167 3437 5223 esset,
3469 5157 3766 5215 Talis-mani

2186 5245 2336 5290 tanto
2376 5240 2546 5307 magis
2579 5239 2774 5292 horum
2815 5241 3054 5295 bonitate
3100 5244 3358 5312 simplici,
3415 5262 3514 5317 pro
3567 5251 3766 5314 iuhitu,

2185 5330 2571 5384 abutebantur.
2605 5330 2739 5383 Cum
2770 5341 2951 5385 autem
3015 5333 3272 5389 Gilderun
3335 5338 3488 5392 Chan
3545 5341 3768 5397 fraudes

2184 5425 2427 5492 ipsorum
2471 5435 2525 5477 et
2566 5426 2898 5494 imposturas
2933 5427 3386 5501 deprehenderet,
3421 5447 3581 5506 atque
3600 5438 3764 5494 etiam

2183 5516 2386 5569 Vitil'lel
2445 5533 2539 5567 eos
2585 5516 2878 5570 belluinam
2899 5527 2952 5570 ct
3006 5521 3274 5590 impuram
3335 5527 3499 5580 vitam
3555 5543 3767 5602 agere:

2182 5608 2364 5661 edicto
2418 5607 2691 5673 publicato
2757 5615 3037 5680 praiccpit,
3061 5625 3119 5667 ut
3179 5631 3372 5672 omnes
3445 5621 3766 5692 'l'alismani,

2186 5714 2483 5764 (minusque
2515 5699 2690 5758 (ludii,
2747 5715 2855 5766 quo
2925 5707 3146 5757 nomine
3190 5706 3410 5774 jtttiitzes
3461 5712 3767 5771 'l'urcurum

2186 5789 2427 5852 veniunt,
2470 5787 2770 5856 Neapo'im,
2800 5808 2958 5860 quam
2990 5791 3150 5848 Turci
3191 5799 3635 5861 Genischchcrim
3660 5809 3768 5864 lin-
