4212 6288
528 302 636 368 595

1788 313 2147 375 ANNALES
2176 315 2518 377 TURCICI.

3668 324 3768 385 5936

521 433 642 476 erat
700 422 980 482 doiuiuus,
1055 439 1162 481 non
1216 423 1287 479 ita
1315 428 1522 497 pridem
1546 438 1806 497 ereptam,
1836 431 2454 500 restitnit:,t(2lialepo
2512 438 2778 497 evocatis,
2840 434 2979 486 haud
3052 436 3236 503 procul
3297 435 3536 505 Clialvpo
3567 436 3763 490 Temiii

523 517 717 573 liberis
768 524 976 579 tamen,
1013 524 1122 571 tam
1147 519 1389 573 maribus
1408 533 1570 589 quam
1596 518 1834 583 feminis,
1854 522 2102 575 obsidum

525 609 646 664 loco
670 607 919 668 retentis,
944 618 997 660 et
1023 605 1247 662 Prusam
1283 611 1486 665 missis.
1520 610 1646 665 Post
1678 612 1793 665 haec
1819 612 2099 681 Melatigeu

523 702 709 769 cupias
722 697 968 752 duxitdis
987 700 1039 753 in
1056 700 1186 753 locis
1202 702 1416 769 oppida.
1435 701 1743 773 Diorrygem
1763 713 1815 756 et
1830 702 2099 768 Guxinen,

521 794 606 849 sui
641 806 762 846 cum
798 790 939 859 iuris
986 790 1204 846 fecisset
1244 794 1467 848 Prusam
1490 811 1760 859 reversus,
1788 796 2101 863 aliquandiu

524 885 694 954 quieti
720 899 785 942 se
817 886 986 940 dedit.
1018 885 1144 939 Erat
1183 885 1267 938 hic
1288 903 1465 941 annus
1486 887 1588 941 798
1625 887 1956 954 (01.1397).
1982 886 2102 953 Quo

524 989 767 1050 tempore
792 978 975 1034 Temir
1000 979 1153 1035 Clian
1182 977 1525 1046 expeditione
1565 994 1756 1034 rnrsus
1829 979 2098 1042 instituta,

517 1086 613 1139 per
644 1072 920 1140 regionem
966 1069 1288 1124 Parthorum
1352 1084 1504 1123 arma
1552 1070 1912 1123 circumtulit.
1948 1071 2098 1125 Tan-

514 1165 638 1218 dem
680 1178 994 1232 progressus
1039 1163 1285 1222 ulterius,
1316 1170 1369 1215 ct
1420 1162 1716 1231 Cbalepum
1749 1161 2102 1215 Damascum-

521 1271 629 1317 que
681 1256 848 1317 ducto
874 1257 1140 1321 exercitu,
1198 1256 1494 1324 Clialcpum
1550 1256 1801 1309 universa
1837 1271 1958 1307 eum
2018 1272 2099 1308 re-

517 1347 675 1410 ;ione
724 1348 952 1403 finitima
988 1351 1321 1417 occupavit:
1395 1349 1716 1401 Damascum
1771 1345 1911 1401 foede
1960 1347 2100 1400 dire-

518 1447 664 1510 ptam
696 1442 981 1510 populatus
1011 1453 1115 1502 est,
1135 1457 1278 1495 anno
1307 1440 1410 1495 800
1432 1439 1583 1509 (Chr.
1607 1439 1769 1508 i599)

591 1531 892 1588 indicatum
924 1533 1026 1588 fuit
1047 1550 1073 1588 a
1096 1535 1254 1589 nobis
1283 1536 1539 1593 antehac.
1590 1534 1936 1587 Gilderu-oem
1957 1534 2096 1587 Cha-

520 1641 639 1680 rem
674 1641 866 1681 versus
891 1641 1082 1681 omnes
1108 1628 1325 1696 imperii
1353 1628 1434 1681 sui
1464 1626 1596 1681 fines
1654 1637 1985 1693 graSsatum,
2012 1628 2096 1678 di-

517 1721 696 1774 tiones
722 1720 927 1774 alienas
949 1720 1248 1776 invasisse:
1276 1736 1511 1789 cumque
1535 1737 1599 1775 ne
1620 1736 1733 1775 suae
1755 1722 1968 1786 quidem
2004 1737 2089 1773 re-

519 1811 707 1881 ligioni
734 1810 939 1868 deditis
967 1822 1231 1880 parceret,
1260 1811 1567 1883 Melatigen.
1587 1813 1896 1882 Diorrygeui
1916 1812 2085 1866 Guxi-

520 1918 738 1973 nenque
772 1902 1128 1958 Turcomanis
1185 1904 1451 1973 eripuisse
1502 1922 1517 1957 :
1575 1918 1803 1971 prorsus
1863 1906 2093 1972 denique

519 1994 640 2050 suis
673 2010 770 2049 eos
800 1995 1104 2052 ditionibus
1134 2010 1228 2065 per
1253 2012 1521 2050 summam
1555 1995 1806 2065 injuriam
1837 1997 2092 2063 expulsos

519 2084 859 2157 profligasse.

591 2178 916 2248 Quanquam
972 2194 1039 2233 ne
1056 2178 1159 2233 hoc
1175 2178 1391 2247 quidem
1444 2176 1922 2241 dissimulandum,
1955 2176 2095 2229 Tur-

521 2285 782 2327 comanos
806 2286 902 2327 eas
919 2272 1187 2341 regiones,
1219 2286 1341 2327 cum
1366 2272 1576 2341 oppidis
1596 2286 1700 2325 non
1731 2285 1923 2340 magno
1946 2271 2093 2324 labo-

522 2377 583 2417 re
611 2377 712 2417 auo
742 2376 965 2431 parasse
990 2377 1005 2413 :
1026 2377 1150 2423 nec.
1192 2363 1268 2416 uti
1295 2362 1450 2416 bonae
1469 2362 1588 2416 ﬁdei
1616 2377 1977 2431 possessores,
2002 2362 2093 2431 jus

522 2466 687 2507 suum
710 2452 1010 2522 longissimi
1042 2453 1299 2522 temporis
1353 2453 1759 2523 praescriptione
1791 2454 1954 2507 tutari
1994 2469 2091 2522 po-

523 2544 714 2599 tuisse.
745 2542 1124 2599 Nihilominus
1175 2545 1297 2608 hoe.
1360 2560 1469 2615 quo
1521 2545 1747 2608 dictum,
1787 2545 1945 2598 modo
1977 2546 2091 2598 suis

523 2633 688 2700 eiecti
731 2634 951 2697 ﬁnibus,
984 2637 1049 2688 ad
1081 2634 1414 2691 Alcairensis
1475 2636 1674 2691 sultani
1729 2636 2090 2705 patrocinium

523 2735 585 2775 se
619 2721 917 2784 contulere,
949 2724 1052 2777 sub
1076 2724 1195 2790 ejus
1218 2724 1447 2795 imperio
1487 2725 1615 2779 sede
1636 2726 1737 2779 sibi
1768 2726 2089 2779 constituta.

524 2809 712 2866 Potuit
742 2814 788 2866 is
806 2821 1015 2867 tantum
1042 2814 1273 2881 edicere,
1305 2816 1433 2869 dum
1488 2815 1748 2871 Gilderun
1784 2815 1936 2871 Chan
1960 2831 2091 2870 eon-

517 2899 682 2970 jectis
711 2903 766 2957 in
798 2902 1070 2959 Temirem
1100 2903 1554 2971 Clianemoculis,
1587 2907 1817 2961 sollicite
1841 2918 2091 2976 pregres-

524 3007 623 3047 sus
657 2992 829 3063 ipsius
859 2994 1196 3061 observaret;
1261 3006 1503 3067 utopcra
1561 3013 1657 3054 sua
1717 2997 2088 3053 Turconianos

525 3086 818 3139 exsulesin
862 3086 1131 3157 integrum
1169 3089 1498 3143 restitueret.
1549 3088 1631 3143 illi
1671 3100 1850 3146 tamen
1905 3089 2088 3153 facile.

525 3178 698 3231 certis
764 3179 982 3234 adducti
1051 3195 1229 3234 rerum
1286 3183 1640 3251 argumentis,
1698 3182 2095 3252 perspiciebant

526 3268 817 3333 Bajutitem
844 3285 951 3324 non
987 3273 1158 3325 multo
1179 3284 1297 3341 post
1326 3276 1504 3335 {haud
1563 3276 1726 3330 dubie
1785 3292 1871 3329 res
1924 3292 2093 3331 novas

528 3360 867 3416 moliturum.
894 3363 1079 3431 Itaque
1132 3381 1257 3418 cum
1326 3366 1665 3437 principibus
1713 3369 1948 3435 ueteris,
2000 3369 2093 3438 qui

524 3454 718 3521 partim
756 3468 785 3506 a
822 3452 1115 3510 Giiderune
1135 3457 1279 3511 bello
1329 3458 1500 3526 petiti,
1526 3459 1719 3529 partim
1745 3462 1858 3515 suis
1879 3460 2093 3530 spoliati

527 3543 760 3601 fortunis
792 3558 974 3612 erant,
1008 3564 1133 3603 cum
1159 3548 1428 3604 Teeiirine
1472 3552 1742 3613 videlicet,
1794 3569 1918 3607 cum
1958 3553 2096 3608 Ger-

517 3639 731 3703 .miano,
766 3655 889 3692 cum
922 3642 1194 3697 Duainone
1239 3645 1513 3700 Aidinensi
1567 3645 1721 3714 liego,
1750 3660 1871 3699 cum
1892 3646 2096 3699 Mente-

527 3733 611 3789 sio
636 3732 893 3803 denique,
919 3734 1095 3791 fmdus
1119 3744 1283 3807 atque
1328 3739 1637 3792 societatem
1668 3740 1925 3792 inierunt.
1965 3738 2093 3792 0m-

525 3840 625 3881 nes
660 3824 809 3880 enim
848 3827 923 3893 bi,
955 3842 1187 3898 quorum
1230 3842 1545 3884 enumerata
1601 3831 1841 3895 nomina,
1865 3846 1971 3885 non
1997 3831 2094 3883 mi-

526 3931 723 3970 norum
760 3920 914 3986 quasi
948 3917 1187 3986 gentium
1250 3920 1457 3975 domini
1508 3922 1772 3976 duntaxat
1824 3923 1878 3976 in
1908 3922 2094 3976 iistrr—

525 4006 626 4072 ris,
662 4021 854 4062 verum
884 4010 1046 4063 etiam
1094 4010 1369 4080 principes
1427 4020 1605 4066 erant.
1682 4014 1762 4068 Ab
1820 4014 1904 4067 his
1964 4028 2095 4080 ergo

524 4101 798 4154 communi
822 4100 1040 4155 nomine
1098 4100 1261 4156 missa
1312 4103 1499 4159 fuitad
1566 4104 1833 4158 Temirem
1876 4106 2093 4174 legatio,

524 4209 648 4263 qure
671 4208 794 4249 cum
826 4193 897 4248 ad
929 4196 1106 4265 ipsum
1155 4197 1509 4264 pervenisset,
1552 4197 1845 4265 deploratis
1874 4198 2091 4253 illorum

523 4286 831 4354 principum
858 4286 1117 4339 aerumnis
1144 4295 1307 4355 atque
1358 4289 1616 4353 miseriis,
1678 4298 1883 4343 tantum
1952 4293 2094 4360 apud

523 4388 651 4429 eum
681 4375 927 4430 oratione
952 4389 1051 4430 sua
1110 4375 1373 4445 perfecit,
1423 4390 1481 4432 ut
1503 4379 1700 4435 bellum
1731 4396 1789 4435 se
1818 4382 2090 4436 facturum

2114 1764 2164 1824 Β

2206 524 2378 579 Cbaui
2411 527 2638 580 occurit.
2687 525 2986 595 Pugnatum
3041 527 3185 579 inter
3247 539 3503 595 utrosque
3528 538 3768 588 strenue.

2207 617 2300 667 sed
2327 618 2507 671 victus
2533 614 2735 670 Alcairi
2770 615 3021 671 sultanus
3072 618 3126 669 in
3189 615 3481 694 Aigyptum
3514 618 3767 685 profugit.

2211 709 2311 761 Illo
2327 709 2428 763 sibi
2452 710 2633 779 fugam
2665 710 3007 775 consulente,
3036 709 3334 779 Chaltpum
3357 719 3410 764 et
3447 709 3769 764 Chemesam

2205 800 2258 852 vi
2288 800 2472 854 Temir
2495 812 2798 871 expugnat.
2818 800 2954 855 Cum
2980 801 3261 855 Cliemesaz
3315 800 3591 868 complura
3617 813 3773 867 pcre-

2206 893 2446 959 leganter
2473 902 2746 947 exstructa
2808 901 3148 946 mortuorum
3202 902 3551 945 monumenta
3586 905 3774 943 eerne-

2209 993 2314 1043 ret,
2346 981 2569 1049 quinam
2609 984 2663 1036 in
2693 984 2772 1036 eis
2829 983 3027 1050 sepulti
3075 982 3447 1035 conderentur
3473 983 3772 1048 interroga-

2203 1071 2300 1123 vit.
2337 1071 2680 1139 ilcsponsum
2732 1073 2799 1125 ab
2849 1071 3065 1133 incolis,
3106 1087 3229 1125 esse
3274 1071 3365 1125 illa
3418 1072 3663 1139 sepulcra
3695 1070 3774 1123 fa-

2205 1162 2478 1215 mulorum
2542 1164 2925 1231 sociorumque
2960 1162 3098 1215 vatis
3135 1160 3490 1225 Mahumctis,
3525 1162 3773 1216 videlicet

2202 1254 2466 1312 Clialidis.
2500 1256 2590 1322 qui
2627 1255 2827 1308 Velidis
2857 1254 3021 1308 fuerit
3053 1255 3218 1318 illius,
3280 1264 3335 1308 et
3365 1253 3763 1308 Kiabelecliba-

2202 1345 2713 1407 ris.et0meris,et
2769 1347 3016 1414 Mueigaa,
3066 1350 3161 1417 qui
3223 1347 3546 1402 Halmmetis
3610 1344 3774 1399 fuerit

2200 1452 2413 1492 cursor.
2452 1439 2562 1490 iloc
2589 1440 2891 1500 intellecto.
2922 1454 3152 1510 corpora
3209 1440 3429 1509 quidem
3468 1438 3764 1491 incolarum

2200 1528 2505 1582 esselibera
2530 1528 2711 1595 jussit,
2745 1528 2839 1582 sed
2872 1528 3158 1582 facultates
3197 1542 3387 1582 omnes
3435 1527 3515 1579 eis
3546 1524 3770 1579 ademit.

2202 1620 2461 1673 Clieiuesa
2490 1621 2792 1680 discedens,
2830 1633 2881 1672 et
2901 1621 3225 1674 Beallecum
3269 1618 3556 1689 profectus,
3595 1618 3646 1672 id
3674 1632 3771 1683 op-

2200 1713 2382 1782 pidum
2417 1714 2566 1780 prius
2591 1712 2858 1778 direptum
2894 1712 3092 1766 vastari
3125 1726 3317 1780 passos
3347 1720 3449 1764 est.
3507 1710 3771 1763 Boalbeco

2204 1806 2523 1858 Damascum
2552 1805 2737 1866 rediit,
2768 1818 2953 1856 arcem
2996 1804 3147 1857 urbis
3199 1803 3318 1871 ejus
3348 1812 3714 1871 occupaturus
3750 1814 3783 1851 ει

2200 1913 2387 1950 verum
2425 1896 2827 1965 oppugnatione
2852 1897 3024 1963 prima
3064 1892 3197 1950 nihil
3232 1894 3427 1949 effecit.
3455 1893 3625 1963 Igitur
3645 1908 3766 1945 eam

2197 1991 2376 2041 denuo
2400 1988 2796 2041 vehementiori
2825 1989 3059 2041 militum
3114 2001 3403 2057 aggressus
3428 1988 3652 2056 impetu,
3716 1985 3769 2037 vi

2202 2083 2363 2151 cepit.
2403 2082 2665 2135 Damasco
2710 2085 2761 2135 in
2790 2090 3110 2149 potestatem
3140 2082 3378 2140 redacta,
3408 2093 3657 2133 reversus
3686 2085 3773 2131 est

2197 2177 2249 2229 in
2281 2174 2575 2235 Parthiam,
2608 2186 2662 2229 et
2692 2175 2759 2228 ad
2787 2176 2978 2228 urbem
3003 2174 3342 2241 Carabagum
3362 2172 3560 2226 castris
3592 2172 3765 2224 locum

2197 2270 2413 2340 delegit,
2442 2285 2617 2338 eoque
2675 2284 2798 2323 rum
2852 2270 2967 2323 suis
2998 2268 3051 2321 in
3121 2267 3346 2321 hiberna
3407 2280 3468 2320 se
3518 2264 3767 2319 contulit.

2200 2363 2559 2431 Posteaquam
2587 2362 2732 2416 veris
2772 2369 2986 2430 tempus
3016 2359 3352 2429 appetiisset,
3383 2358 3657 2412 Aniasiam
3690 2356 3771 2410 sic

2197 2452 2349 2506 duxit
2379 2452 2701 2518 exercitum,
2745 2461 2805 2506 ut
2833 2451 3118 2522 Erzingam
3167 2450 3316 2518 prius
3334 2448 3613 2503 accederet
3645 2488 3657 2508 ,
3683 2445 3769 2499 in-

2196 2546 2263 2598 de
2298 2559 2482 2596 rvrsus
2507 2542 2767 2612 Eugurim
2804 2551 3074 2613 pergeret.
3151 2542 3233 2596 Ab
3262 2542 3431 2595 altera
3490 2548 3643 2607 parte.
3699 2553 3769 2591 no

2195 2636 2454 2690 Gilderun
2494 2635 2713 2703 quidem
2742 2635 2893 2690 Clian
2924 2632 3135 2688 otiosus
3190 2641 3327 2697 erat,
3386 2631 3482 2686 sed
3505 2631 3643 2684 bello
3672 2644 3768 2695 ge-

2194 2726 2365 2779 rendo
2397 2725 2659 2787 intentus,
2689 2723 2955 2778 maximas
3002 2721 3227 2793 cogebat
3251 2722 3456 2790 copias.
3496 2719 3549 2773 in
3576 2718 3767 2786 primis

2195 2831 2323 2869 vero
2360 2814 2682 2869 Taturorum
2715 2832 2781 2869 ex
2806 2814 3028 2883 regione
3076 2814 3317 2869 Destensi
3360 2812 3761 2866 multitudinem

2193 2920 2362 2977 prope
2393 2906 2661 2959 infinitam
2700 2905 2803 2960 sibi
2834 2903 3083 2971 adiunxit
3111 2922 3127 2962 :
3160 2919 3299 2966 quos
3328 2920 3420 2971 per
3442 2901 3761 2956 Moldaviam

2192 2998 2487 3068 profectos,
2519 3006 2569 3051 et
2606 2998 2657 3049 in
2683 2996 3032 3057 :liomauiam
3065 2995 3291 3057 effusos,
3316 2994 3440 3046 inde
3498 3008 3680 3048 secum
3707 2990 3762 3044 in

2115 3103 2165 3166 ο
2194 3091 2466 3147 Natoliam
2503 3087 2747 3143 abduxit.
2782 3089 2861 3142 Ad
2887 3103 3178 3148 summam.
3220 3072 3390 3140 talem
3411 3098 3476 3139 ac
3496 3094 3704 3138 tantum
3729 3098 3760 3136 e

2199 3183 2461 3237 Romania
2521 3181 2884 3250 Aoatoliaque
2907 3180 3459 3249 collegitexercitum.
3490 3187 3549 3231 ut
3573 3179 3763 3230 adver-

2198 3277 2358 3330 sariis
2392 3275 2480 3328 ille
2517 3276 2689 3343 copiis
2741 3275 2896 3328 facile
2926 3274 3225 3344 comparari
3252 3281 3454 3342 posset.
3492 3270 3628 3325 Cum
3678 3269 3766 3323 bis

2198 3382 2327 3436 ergo
2347 3366 2730 3437 profectionem
2759 3380 2947 3420 versus
2974 3365 3227 3434 Engurim
3255 3363 3510 3421 instituit.
3535 3360 3767 3429 sumptis

2199 3474 2379 3513 secum
2405 3458 2457 3511 in
2485 3459 2562 3512 eis
2589 3457 2947 3525 expeditionis
2974 3458 3285 3510 societatem
3312 3457 3434 3509 filiis
3490 3455 3625 3512 suis.
3666 3451 3765 3508 Ubi

2194 3551 2305 3621 jam
2338 3550 3132 3615 cumexereitibusimperator
3167 3549 3301 3601 alter
3322 3547 3389 3601 ab
3437 3548 3610 3601 altero
3656 3562 3764 3600 non

2198 3641 2384 3710 procul
2424 3641 2632 3699 aberat.
2682 3638 3543 3705 forte'l‘euiieraudiequodam
3593 3639 3763 3698 iovis,

2198 3733 2372 3803 prima
2397 3731 2552 3801 321
2582 3731 2721 3795 luce,
2751 3729 3010 3798 processit
3032 3731 3097 3783 ad
3121 3732 3351 3797 spatium
3374 3728 3608 3783 medium
3627 3730 3770 3782 inter

2197 3826 2477 3879 amborum
2502 3825 2797 3886 exercitus,
2831 3832 2991 3891 atque
3019 3823 3087 3874 ibi
3116 3822 3305 3875 castris
3343 3824 3519 3875 locum
3549 3822 3766 3887 delegit.

2199 3931 2371 3980 caque
2406 3915 2549 3969 fossa
2583 3915 2949 3968 circumducta
3008 3914 3257 3967 munivit.
3315 3913 3518 3966 Eodem
3552 3923 3605 3966 et
3652 3912 3763 3968 Gil-

2197 4008 2367 4061 derun
2401 4006 2551 4059 Clian
2598 4020 2719 4058 cum
2765 4020 2884 4059 sese
2937 4004 3040 4060 sub
3079 4022 3355 4074 vesperam
3422 4007 3761 4069 contulisset,

2198 4108 2374 4151 castra
2409 4112 2504 4163 pro
2538 4094 2651 4149 suis
2704 4094 2888 4148 itidem
2919 4095 3094 4162 copiis
3129 4105 3359 4147 metatus
3390 4102 3493 4147 est.
3526 4091 3765 4145 Tandem

2198 4190 2282 4241 die
2326 4190 2559 4255 quodam
2593 4184 2845 4250 Veneris,
2900 4202 3115 4241 summo
3164 4202 3343 4250 mane,
3393 4186 3672 4240 instructis
3698 4183 3768 4239 ab

2199 4290 2429 4347 utraque
2484 4290 2638 4348 parte
2692 4280 2935 4344 aciebus,
3000 4295 3031 4334 e
3103 4278 3307 4334 fossato
3372 4280 3604 4348 quisque
3666 4294 3769 4333 suo

2196 4382 2385 4427 contra
2413 4387 2473 4425 se
2521 4372 2748 4425 invicem
2802 4369 3245 4441 progrediuntur.
3280 4370 3343 4425 Et
3399 4371 3654 4425 Gilderun
3690 4372 3764 4424 ita

524 4463 831 4528 Gilderuni,
860 4482 965 4535 quo
1002 4466 1180 4520 illatas
1211 4467 1344 4535 ipsis
1369 4468 1662 4524 vindicaret
1689 4471 1942 4539 injurias,
1969 4476 2087 4540 pol-
2128 4454 2168 4509 ί)
2198 4480 2331 4518 suos
2363 4465 2663 4530 ordinarat,
2722 4473 2782 4517 ut
2826 4465 3140 4519 adversario
3191 4480 3248 4518 se
3302 4480 3408 4518 non
3455 4465 3761 4518 inferiorem

526 4557 806 4612 liceretur.
838 4560 977 4611 Ante
1000 4568 1203 4621 tamen.
1232 4575 1396 4628 quam
1427 4559 1627 4615 bellum
1681 4562 1785 4616 hoc
1817 4562 2095 4617 Gilderuni

526 4648 714 4703 Temir
744 4649 993 4712 inferret.
1019 4651 1268 4705 exsulum
1292 4666 1453 4706 causa
1483 4668 1613 4707 suos
1644 4653 1711 4707 ad
1776 4670 1897 4708 eum
1954 4655 2101 4708 misit

531 4740 916 4804 internuntios,
936 4756 1152 4794 omnem
1179 4743 1340 4811 (quod
1388 4744 1557 4813 aiunt)
1579 4742 1806 4812 lapidem
1833 4755 2098 4806 moturos,

535 4842 593 4884 ut
625 4831 767 4885 inter
796 4840 1085 4901 utramque
1114 4844 1323 4901 partem
1351 4836 1736 4904 transigerent,
1765 4836 1926 4903 idque
1960 4838 2099 4890 dun-

539 4929 689 4975 taxat
717 4936 887 4975 unum
929 4922 1296 4991 impetrarent.
1329 4940 1439 4993 quo
1477 4924 1559 4977 fas
1604 4924 1869 4979 restitutis
1898 4926 2101 4979 exsuli.

537 5013 642 5067 bus
693 5021 858 5075 esset,
907 5015 1197 5083 tranquille
1226 5016 1526 5071 ditionibus
1569 5019 1685 5069 suis
1732 5020 1937 5087 alisque
1962 5018 2103 5087 inju-

534 5101 615 5154 ria
644 5099 979 5168 Gilderunis,
1010 5104 1220 5166 utendi,
1253 5103 1493 5159 fruendi.
1521 5105 1715 5159 Verum
1750 5109 1851 5160 hac
1879 5109 2101 5178 legatio-

538 5202 602 5244 ne
633 5188 908 5246 incassum
938 5192 1127 5254 missa,
1165 5207 1288 5246 cum
1314 5192 1500 5245 Temir
1522 5208 1550 5244 a
1584 5191 1875 5246 Gildcrune
1894 5193 2098 5261 despici

536 5298 594 5334 se
626 5282 1011 5351 contemnique
1044 5282 1286 5338 videret.
1324 5292 1706 5352 praepotentem
1739 5284 1919 5353 coegit
1949 5298 2104 5336 exer-

536 5374 730 5437 citum,
762 5388 873 5443 quo
912 5375 978 5430 ad
1027 5374 1211 5428 urbem
1243 5389 1365 5442 quae
1398 5373 1612 5427 Sivaste
1650 5374 1855 5427 dicitur
1880 5415 1895 5441 ,
1925 5374 2102 5428 addu-

535 5475 650 5531 cto,
680 5481 877 5535 magna
908 5465 1054 5519 illam
1074 5464 1345 5520 celeritate
1370 5478 1465 5533 per
1521 5464 1629 5516 vim
1667 5468 1989 5534 expugnavit
2050 5476 2105 5521 et

538 5558 753 5621 evertit,
787 5559 903 5628 ipsa
934 5557 1100 5612 etiam
1163 5554 1290 5611 arc'e
1346 5557 1551 5610 diruta.
1604 5555 1911 5611 Secundum
1984 5560 2101 5615 haec

540 5650 786 5717 ingentes
819 5648 939 5703 illas
968 5647 1153 5715 copias
1172 5645 1495 5699 Damascum
1521 5645 1696 5699 duxit.
1725 5645 1944 5701 interim
1969 5666 2099 5705 vero

543 5740 792 5798 sultanus
822 5742 1044 5806 Alcairi,
1078 5725 1342 5795 n'ii‘liu‘bus
1364 5737 1479 5791 suis
1530 5736 1777 5801 ..Μαίη-ο,
1812 5739 2096 5809 Damasco,

2203 4553 2447 4610 futurum
2481 4555 2839 4610 existimaret.
2874 4556 3053 4609 liebus
3098 4556 3369 4609 universis
3400 4565 3544 4610 rei-te
3587 4558 3768 4620 dispo-

2202 4647 2344 4711 sitis,
2379 4663 2502 4699 cum
2535 4648 2687 4715 signa
2724 4646 2852 4699 hinc
2882 4646 3005 4700 inde
3045 4647 3255 4701 sublata
3281 4647 3587 4712 volitarent,
3627 4649 3767 4700 tuba:

2202 4738 2540 4808 clangereut,
2574 4750 2823 4808 tympana
2870 4738 3168 4791 castrensia
3203 4738 3546 4805 pulsareutur
3572 4747 3625 4791 et
3656 4739 3765 4804 jam

2200 4828 2425 4897 jamque
2443 4844 2793 4882 concor-sura:
2818 4827 3290 4882 viderenturacies
3313 4845 3328 4882 :
3352 4838 3464 4881 tum
3485 4844 3613 4881 vero
3634 4826 3765 4881 Des.

2204 4928 2386 4973 tenses
2410 4918 2617 4981 Tatari,
2646 4919 2843 4973 violata
2863 4917 2969 4971 fide
2995 4919 3238 4981 militari,
3266 4934 3387 4972 mox
3412 4920 3478 4972 ad
3498 4916 3769 4972 Temirem

2206 5010 2566 5072 transierunt,
2590 5010 2884 5076 itidemque
2903 5009 3144 5063 militese
3170 5009 3477 5077 regionibus
3495 5007 3773 5063 Germiani

2205 5108 2260 5152 et
2285 5098 2552 5159 Mentesii,
2572 5099 2717 5165 quod
2752 5100 2991 5167 ipsorum
3019 5100 3287 5169 principes
3310 5117 3338 5153 a
3366 5099 3596 5153 Temiris
3624 5099 3773 5152 Cha-

2209 5192 2293 5245 nis
2318 5192 2561 5258 partibus
2590 5202 2817 5252 starent,
2843 5191 2908 5244 ad
2940 5193 3157 5246 eosdem
3195 5207 3253 5246 se
3285 5202 3625 5260 receperunt.
3652 5190 3773 5257 Quo

2209 5284 2437 5345 factum,
2462 5293 2521 5337 ut
2544 5284 2823 5351 potissima
2847 5299 2993 5352 pars,
3011 5294 3065 5338 et
3086 5284 3262 5353 ipsum
3282 5286 3415 5338 adeo
3439 5287 3603 5337 robur
3620 5299 3772 5337 exer-

2207 5376 2369 5439 citus,
2404 5375 2490 5429 cui
2526 5377 2759 5429 maxime
2792 5376 3013 5443 fidebat,
3042 5379 3109 5430 ab
3132 5391 3199 5432 eo
3237 5378 3506 5439 deﬁceret,
3527 5392 3589 5430 ac
3614 5377 3779 5447 perite

2208 5468 2308 5525 (iis:
2335 5469 2543 5520 macula
2572 5482 2629 5521 se
2652 5470 3069 5525 contaminaret.
3098 5470 3238 5535 Quin
3270 5470 3430 5524 etiam
3458 5473 3571 5523 suis
3603 5485 3632 5521 a
3671 5468 3771 5520 mi.

2210 5561 2395 5614 litibus
2415 5555 2682 5622 Turcicis,
2702 5559 2794 5627 qui
2825 5560 3020 5615 animis
3038 5561 3093 5615 in
3125 5577 3251 5617 eum
3289 5561 3773 5615 nouniliiloﬂeusls

2208 5649 2641 5712 crant,desertus
2659 5648 2778 5704 fuit.
2800 5647 3645 5707 UnustantummodoBulciillius
3662 5655 3779 5707 suis

2210 5756 2328 5795 eum
2363 5739 2533 5811 copiis
2562 5752 2865 5797 constanter
2906 5745 3167 5800 adversus
3192 5748 3395 5801 hostem
3440 5747 3698 5807 substitit,
3721 5755 3780 5806 et.
