4212 6288
421 313 523 374 59⁵7

1681 332 2038 394 ΑΝΝΑιΕς
2077 335 2421 396 TURCICI.

3581 338 3690 403 598

422 431 664 523 animose
687 433 968 500 pugnavit.
988 434 1106 501 Quo
1126 434 1622 509 Teniirconspecto
1643 463 1655 495 :
1679 445 2002 518 Prohquam
2030 450 2079 507 Α
2110 451 2423 514 occasione.
2481 449 2753 504 Tcmircm
2805 449 3088 523 alloquens
3122 469 3137 507 :
3170 449 3434 522 Equidem
3487 449 3695 518 fateor,

421 520 631 575 feroces
657 531 710 574 et
742 524 1034 578 truculenti
1055 535 1184 580 sunt
1210 529 1300 583 isti
1325 529 1576 595 Dervisii,
1599 535 1773 602 dixit;
1801 549 2006 608 quanto

420 626 544 663 cum
572 610 765 667 ardore
786 613 1084 668 dimicanti
1118 617 1196 670 Ad
1228 633 1345 688 qua:
1376 620 1443 676 de
1475 628 1825 683 senatoribus
1856 629 2006 696 quis-

421 702 611 770 piant:
646 701 763 757 Non
810 705 863 758 hi
902 704 1127 763 dervisii
1187 721 1339 778 sunt,
1394 715 1490 779 ait,
1539 717 1632 770 sed
1679 718 2000 775 Christiani.

419 793 661 850 Tandem
687 806 742 852 et
771 796 922 851 Bulci
979 799 1123 856 filius
1175 804 1585 874 animadvertit,
1634 815 1909 866 incassum
1945 828 2007 864 se

421 897 528 939 tam
557 889 758 943 acriter
787 890 1088 958 praeliando
1131 893 1407 953 laborare.
1452 897 1588 954 Nam
1625 912 1678 955 et
1703 903 1806 973 ipsi
1840 905 2004 960 Turci

417 980 526 1048 jam
559 983 612 1036 in
643 985 959 1040 universum
984 985 1125 1057 fugae
1147 1004 1206 1042 se
1233 987 1520 1046 dederant.
1551 993 1740 1061 Itaque
1764 996 2005 1052 collectis

421 1073 557 1129 suis.
589 1076 835 1130 nonnihil
878 1079 944 1132 ad
990 1080 1228 1133 alterum
1283 1082 1427 1137 latus
1482 1098 1550 1140 ex
1598 1086 1715 1141 acie
1765 1087 2001 1144 deflexit.

421 1163 568 1220 Idem
620 1183 742 1224 cum
773 1169 887 1224 suis
920 1177 977 1226 et.
1002 1170 1317 1228 Gilderuuis
1347 1175 1493 1231 illius
1542 1175 1857 1245 Mustaphas
1905 1180 2007 1236 Ze-

422 1259 558 1314 lcbis
594 1256 739 1325 fecit,
776 1262 866 1330 qui
900 1263 1066 1316 etiam
1110 1263 1216 1320 hoc
1249 1267 1436 1334 praelia
1486 1269 1668 1336 periit.
1719 1271 1842 1326 Hac
1878 1288 2002 1327 cum

421 1352 524 1418 ipsi
592 1353 768 1407 bassae
807 1353 1094 1419 vidissent,
1153 1357 1390 1411 abducto
1450 1372 1636 1414 secum
1687 1362 1858 1416 emire
1905 1362 2005 1415 So-

421 1442 676 1508 leimaue,
710 1443 891 1515 fugam
925 1445 1302 1515 arripuerunt.
1341 1447 1607 1506 Sultanus
1639 1450 2006 1508 Muehemetes

421 1552 546 1592 cum
581 1537 698 1594 suis
729 1540 1004 1594 Amasiam
1037 1541 1272 1609 repetiit.
1317 1541 1477 1597 Solus
1502 1543 1682 1598 adhuc
1713 1560 1837 1598 cum
1868 1562 2007 1615 pra:-

422 1631 638 1685 toriano
669 1632 929 1686 comitatu
982 1631 1242 1686 Gilderuu
1295 1635 1448 1689 (Elian
1489 1637 1754 1693 immotus
1801 1637 2006 1696 stabat.

422 1720 525 1773 Sed
556 1721 773 1774 tandem
803 1721 857 1774 in
889 1720 1062 1774 hostis
1087 1730 1408 1786 potestatem
1439 1728 1604 1786 venit.
1636 1735 1692 1781 et
1715 1727 1782 1782 ad
1824 1727 2006 1782 Temi-

2108 542 2205 606 ait,
2232 557 2266 597 ο
2288 540 2464 604 Chan,
2496 543 2575 598 sic
2605 542 2658 596 in
2687 541 2814 597 fatis
2849 541 3045 597 fuisse.
3082 540 3206 597 Tibi
3238 541 3497 597 divinitus
3522 543 3691 599 desti-

2111 643 2232 689 nata
2266 634 2368 690 fuit
2409 634 2664 690 victoria.
2725 633 2830 690 Sed
2869 643 2975 701 est,
3007 635 3157 706 quod
3203 635 3303 692 abs
3353 645 3406 690 te
3457 645 3636 706 petam
3671 652 3687 689 :

2108 724 2271 780 modo
2310 735 2361 780 et
2414 726 2605 780 audire
2637 742 2744 790 me,
2772 736 2827 780 et
2861 726 3106 782 adnuere
3139 725 3389 796 petitioni
3423 725 3689 782 volueris.

2109 815 2188 869 Ad
2227 832 2349 885 qua:
2388 814 2624 872 Temlr:
2673 815 2975 886 Quidquid,
3025 817 3122 876 ait.
3169 831 3201 868 a
3234 830 3320 870 me
3361 815 3604 886 petieris.
3657 834 3693 866 ι»

2106 906 2283 970 Chau,
2309 921 2657 977 nequaquam
2683 906 2780 961 tibl
2813 909 3196 979 denegabitur.
3220 908 3359 962 Tum
3390 905 3689 976 Bajaaitcs:

2107 998 2245 1064 Hoc,
2275 1015 2466 1063 unum,
2510 1001 2708 1068 inquit,
2730 1000 2829 1056 abs
2860 1010 2912 1054 te
2937 1011 3084 1070 peto,
3120 1016 3188 1056 ue
3221 998 3484 1055 familiam
3513 1015 3692 1054 meam

2107 1093 2351 1158 aboleas,
2387 1101 2441 1146 et
2465 1090 2700 1147 Tataros
2744 1093 2820 1147 uti
2860 1103 3037 1149 tecum
3069 1093 3336 1149 abducas.
3367 1091 3498 1149 Mihi
3544 1093 3692 1161 quod

2107 1183 2328 1248 accidit,
2391 1185 2555 1238 etiam
2615 1184 2717 1240 tibi
2775 1193 2954 1254 potest
2993 1185 3261 1240 accidere.
3325 1183 3444 1240 Non
3486 1183 3691 1239 bonum

2107 1286 2213 1344 est,
2248 1276 2321 1330 ita
2356 1278 2549 1332 srevire
2581 1277 2737 1340 velle.
2778 1285 2840 1331 ut
2873 1291 3100 1345 prorsus
3133 1277 3374 1333 abolcas.
3406 1274 3503 1331 llis
3537 1277 3698 1331 audi-

2110 1366 2199 1430 tis,
2262 1364 2538 1418 facturum
2598 1381 2656 1420 se
2699 1363 2887 1420 Tcmir
2947 1367 3173 1436 recepit,
3231 1369 3375 1434 quod
3430 1366 3697 1436 Bajazites

2107 1455 2460 1525 postulasset.
2519 1457 2782 1527 Adeoque
2842 1456 3050 1510 coactis
3104 1459 3159 1510 in
3213 1473 3383 1510 unum
3458 1456 3697 1521 Tataris,

2107 1562 2292 1601 secum
2325 1563 2420 1600 eos
2450 1547 2698 1601 abduxit.
2730 1546 3055 1616 Speraverat
3087 1548 3176 1602 ille
3196 1549 3414 1617 quidem
3443 1548 3693 1602 futurum

2108 1649 2165 1692 ut
2189 1640 2463 1711 quispiam
2498 1640 2734 1695 filiorum
2793 1639 3112 1695 Gilderunis
3146 1641 3323 1710 ipsum
3351 1641 3696 1707 conveniret,

2110 1732 2204 1789 scd
2237 1731 2364 1799 quia
2395 1731 2500 1786 sibi
2530 1734 2874 1797 metuebant,
2907 1731 3138 1787 accessit
3162 1748 3344 1786 nemo.
3376 1733 3693 1787 Secundum

422 1829 535 1867 rem
563 1814 862 1884 perductus
904 1815 1022 1870 fuit.
1058 1816 1117 1872 Ei
1149 1817 1338 1872 Temir
1383 1818 1536 1872 Chan
1569 1821 1736 1888 pedes
1783 1820 2000 1874 obviam
2035 1819 2075 1872 Β
2104 1830 2222 1882 tunc,
2254 1828 2341 1881 die
2373 1825 2613 1897 quodam
2650 1825 2871 1890 accidit,
2912 1837 2968 1880 ιιι
3005 1826 3193 1880 Teum-
3230 1825 3555 1892 compenaio
3582 1825 3701 1881 ait-

421 1908 708 1974 processit,
759 1919 1158 1979 exceptumque
1185 1926 1376 1980 magna
1422 1927 1546 1966 cum
1602 1911 1826 1968 honoris
1858 1913 2006 1968 dela-

423 2003 585 2062 tione,
622 2015 780 2054 suum
814 2000 868 2054 in
898 2002 1192 2056 tentorium
1216 2003 1460 2058 deduxit.
1487 2005 1561 2059 lbi
1590 2021 1714 2059 cum
1738 2020 1802 2061 es
1834 2019 2002 2075 equo,

420 2091 860 2147 Temirianorum
905 2094 1123 2162 adjutus
1148 2109 1335 2166 opera,
1369 2097 1764 2164 descendisset,
1828 2097 2003 2164 humi,

425 2202 522 2252 pro
544 2203 697 2242 more
719 2186 914 2258 gentis,
940 2187 994 2242 in
1015 2188 1202 2242 eodem
1223 2189 1386 2243 ambo
1409 2198 1588 2258 tapete
1608 2190 2002 2246 consederunt.

423 2283 582 2338 Prior
608 2284 795 2338 Teniir
832 2284 985 2340 Cltan
1039 2285 1106 2338 de
1165 2286 1284 2340 suis
1322 2286 1488 2339 rebus
1545 2300 1669 2339 cum
1711 2285 2005 2341 Gilderune

422 2377 658 2447 colloqui
694 2377 878 2446 ('mpit.
908 2375 1036 2432 Inde
1062 2391 1188 2432 cum
1208 2377 1387 2432 cibum
1417 2392 1522 2431 una
1548 2388 1848 2443 sumerent,
1883 2394 2007 2432 rur-

423 2485 544 2525 sum
581 2470 765 2525 Temir
793 2471 1129 2541 colloquium
1170 2488 1400 2528 exorsus
1429 2490 1442 2527 :
1473 2476 1514 2526 Ο
1542 2472 1718 2536 Chau,
1754 2474 1852 2537 ait,
1887 2474 2008 2527 inti-

422 2564 568 2618 nitas
619 2563 938 2632 praepotenti
976 2562 1085 2619 Deo
1116 2564 1320 2635 gratias
1363 2574 1418 2619 et
1464 2566 1697 2637 hymnos
1744 2565 2006 2621 debemus

420 2665 675 2724 uterque,
709 2666 824 2711 tum
886 2659 1030 2727 quod
1086 2659 1220 2712 mihi
1278 2658 1478 2714 misere
1523 2659 1884 2728 claudicanti,
1937 2661 2006 2714 ab

422 2750 556 2817 ipsis
605 2751 774 2804 ludia:
807 2751 1028 2814 liuibus.
1061 2750 1126 2804 ad
1158 2760 1344 2820 portas
1380 2766 1555 2822 usque
1587 2750 1820 2806 Sivasta:
1855 2755 2006 2808 urbis

424 2848 712 2914 imperium
745 2847 976 2918 largitus
1028 2849 1121 2912 sit,
1155 2857 1268 2903 tum
1321 2849 1468 2916 quod
1520 2865 1588 2902 cx
1637 2849 1806 2904 altera
1853 2857 2006 2919 parte

425 2940 590 2995 tibia
636 2940 861 2996 Sivastze
925 2940 1228 3003 orantibus.
1283 2941 1352 2996 ad
1402 2943 1554 3012 ipsos
1578 2958 1752 3011 usque
1805 2943 2005 2999 limites

425 3029 704 3099 ngaria.
745 3032 1080 3087 dominatum
1132 3033 1493 3089 concesserit.
1528 3031 1584 3089 Si
1632 3033 1742 3089 Deo
1796 3034 2006 3088 luberet

427 3123 742 3178 universum
797 3126 986 3180 orbem
1047 3134 1314 3179 terrarum
1364 3127 1579 3196 partiri,
1635 3127 1764 3197 quid
1826 3127 2082 3222 majusc

422 3215 623 3269 claudo
643 3215 774 3271 dare
813 3216 1037 3286 posset?
1065 3217 1273 3272 idcirco
1301 3231 1407 3272 non
1435 3218 1533 3272 abs
1562 3234 1621 3273 re
1644 3220 1854 3290 magnis
1902 3220 2005 3290 ipsi

422 3307 612 3378 gratiis
640 3309 864 3378 agendis
897 3308 1118 3364 obnoxii
1151 3325 1366 3366 sumus.
1398 3310 1477 3364 Tu
1511 3326 1642 3367 vero
1674 3328 1870 3379 parum
1899 3313 2009 3367 for~

423 3409 571 3454 tasse
602 3399 710 3455 Deo
732 3410 920 3470 gratus
956 3398 1131 3465 fuisti,
1177 3416 1241 3456 ac.
1271 3411 1560 3473 propterea
1593 3403 1720 3458 talis
1770 3419 1834 3458 ac
1859 3411 2009 3458 tanta

425 3491 524 3546 tibi
561 3491 845 3547 calamitas
905 3492 1124 3549 accidit.
1178 3492 1313 3559 Quae
1359 3509 1485 3548 cum
1539 3494 1789 3558 dixisset,
1827 3495 2009 3549 denuo

425 3585 718 3655 Bajazitcm
745 3585 1090 3654 interrogans
1123 3601 1138 3639 :
1171 3583 1242 3638 Mi
1270 3583 1449 3648 Chan.
1495 3586 1593 3649 ait.
1623 3588 1667 3641 si
1722 3595 1816 3640 tua
1842 3586 2006 3641 situm

425 3689 570 3733 esset
604 3678 658 3731 in
686 3686 978 3748 potestate,
1003 3692 1216 3733 mecum
1248 3688 1309 3733 ut
1332 3693 1520 3750 ageres
1549 3694 1649 3750 pro
1689 3680 1848 3735 libitu
1881 3688 2006 3735 tuo:

423 3771 554 3838 quid
585 3769 814 3827 obsecro
847 3771 913 3826 de
942 3784 1031 3825 me
1063 3769 1273 3827 faceres
1299 3771 1324 3825 ἲ
1354 3786 1474 3841 age,
1501 3771 1785 3826 veritatem
1815 3770 2007 3826 dicito.

425 3861 567 3918 Tum
588 3861 850 3918 Gilderun
878 3863 1055 3929 Chan,
1089 3879 1252 3934 quem
1293 3864 1496 3920 ferocis
1531 3865 1699 3920 animi
1729 3865 2007 3920 hominem

426 3947 601 4004 fuisse
629 3951 968 4019 accepimus,
1001 3967 1108 4006 non
1133 3953 1254 4008 sine
1279 3952 1390 4008 bile
1417 3955 1770 4024 respondisse
1797 3955 2006 4010 fertur:

427 4040 694 4111 Equidem
729 4053 801 4107 te,
847 4042 896 4098 si
926 4042 1145 4099 fortuna
1187 4046 1422 4116 prapitia
1455 4062 1631 4102 meam
1681 4048 1736 4102 in
1769 4056 2009 4118 potesta-

425 4149 536 4188 tem
566 4135 831 4198 venisses,
866 4134 1042 4190 ferrea
1068 4138 1392 4192 conclusum
1422 4153 1587 4194 cavea
1631 4154 1848 4194 mecum
1882 4139 2009 4194 hinc

428 4225 553 4283 inde
590 4226 1109 4282 circumduxissem.
1165 4226 1285 4293 Quo
1334 4226 1521 4282 Temir
1554 4228 1764 4291 audito,
1819 4241 1944 4282 mox
1980 4243 2011 4282 e

427 4319 574 4374 ferro
595 4335 815 4376 caveam
858 4320 1039 4388 parari
1070 4319 1236 4388 jussit
1269 4335 1283 4373 :
1319 4330 1375 4375 et
1405 4321 1459 4374 in
1487 4335 1608 4375 eam
1630 4321 1868 4375 carceris
1889 4320 2011 4374 loco

427 4413 725 4480 Bajazitem
757 4414 1007 4470 inclusit.
1037 4413 1353 4469 Secundum
1386 4414 1520 4484 haec,
1551 4413 1818 4482 permissa
1852 4413 2007 4468 militi

2105 1921 2338 1982 deruue.
2380 1921 2586 1974 diceret
2618 1934 2633 1970 :
2674 1919 2938 1990 Equidem
2995 1928 3047 1974 te
3101 1935 3339 1980 mecum.
3368 1935 3401 1972 ο
3429 1919 3606 1984 (than,
3641 1920 3696 1972 in

2113 2028 2339 2082 regnum
2367 2027 2548 2068 mcum
2574 2012 2865 2074 abducam,
2898 2011 2965 2065 ad
3004 2011 3194 2066 urbem
3228 2009 3690 2066 Semercandaui:

2111 2115 2277 2174 atque
2307 2106 2432 2160 inde
2463 2117 2516 2158 to
2548 2104 2824 2158 remittam
2850 2104 2903 2158 in
2933 2118 3160 2176 regnum
3190 2112 3366 2159 tuum.
3401 2101 3475 2157 Ea
3505 2103 3690 2156 Temi-

2107 2199 2185 2252 ris
2209 2200 2387 2253 oratio
2437 2196 2757 2254 Gihlerunis
2794 2199 3040 2253 animum
3081 2207 3190 2250 tam
3259 2197 3408 2267 gravi
3440 2199 3691 2253 mmrnris

2109 2290 2336 2342 vulnere
2369 2289 2667 2358 percussit.
2698 2289 2778 2342 uti
2815 2290 2931 2358 ipse
2966 2287 3070 2345 sibi
3107 2297 3336 2364 mortem
3382 2290 3689 2344 conscisce-

2107 2391 2213 2437 ret.
2230 2381 2419 2436 Temir
2437 2397 2566 2436 vero
2595 2396 2719 2436 cum
2739 2382 2803 2435 ad
2837 2382 2938 2435 iter
2965 2397 3025 2436 se
3041 2391 3408 2450 compararet.
3431 2380 3698 2436 Carama-

2108 2472 2214 2527 ui:e
2235 2475 2367 2543 bego
2398 2473 2712 2544 complures
2743 2487 2900 2527 arces
2931 2483 2986 2528 et
3012 2473 3174 2544 322
3208 2472 3406 2542 oppida
3431 2474 3651 2528 donavit
3679 2490 3698 2526 :

2107 2575 2167 2619 et,
2188 2563 2484 2620 lsvendiari
2506 2565 2918 2630 Castunionam,
2949 2563 3264 2634 Congerim,
3299 2574 3352 2618 ct
3384 2564 3693 2633 Calazugcu

2108 2657 2403 2712 concessit.
2433 2658 2610 2727 Atque
2644 2659 2729 2711 his
2763 2658 2929 2713 rebus
2968 2657 3161 2728 gestis,
3201 2657 3256 2710 in
3283 2672 3509 2726 regnum
3534 2673 3694 2711 suum

2110 2765 2362 2806 reversus
2419 2760 2524 2806 est.
2559 2749 2893 2806 Acciderunt
2948 2759 3130 2804 autem
3182 2749 3298 2803 hunc
3327 2751 3535 2812 omnia,
3567 2767 3691 2818 qua:

2109 2857 2138 2896 a
2169 2842 2328 2898 nobis
2361 2843 2606 2913 exposita
2639 2853 2770 2897 sunt
2830 2847 3112 2907 hactenus,
3149 2842 3215 2893 ab
3249 2857 3390 2894 anno
3421 2841 3545 2906 800,
3609 2852 3703 2895 us'

2107 2949 2214 3003 que
2254 2934 2321 2990 ad
2348 2950 2551 2990 annum
2595 2937 2699 2991 8M
2739 2935 2901 3007 (Chr.
2942 2935 3133 3004 H03).
3163 2933 3351 2990 Tetnir
3371 2935 3524 2990 Chao
3553 2936 3697 3003 apud

2107 3025 2341 3083 Parthos
2359 3029 2517 3083 anuis
2549 3029 2618 3084 40
2641 3044 2821 3084 rerum
2851 3030 3055 3098 potitus
3090 3028 3229 3083 fuit:
3260 3027 3519 3083 Gilderun
3547 3044 3697 3088 vero,

2109 3122 2268 3193 cujus
2297 3131 2525 3177 mortem
2557 3121 2948 3188 indicavimus,
2979 3121 3142 3178 annis
3175 3126 3439 3176 duntaxat
3472 3120 3538 3175 η
3577 3135 3699 3190 τθεο

2111 3211 2279 3265 navit.

2188 3302 2355 3359 Filios
2383 3304 2646 3361 Cilderun
2680 3304 2834 3360 Chan
2862 3321 2958 3361 ses
2989 3303 3185 3360 habuit
3215 3322 3229 3360 :
3264 3319 3501 3372 quarunt
3534 3320 3697 3370 unus,

2110 3395 2429 3467 Mustaphas
2446 3398 2683 3460 Zelebis.
2707 3397 2945 3453 amissus
2977 3398 3083 3452 fuit
3109 3397 3164 3451 in
3192 3396 3512 3454 Temiriano
3555 3414 3700 3467 pne-

2114 3489 2232 3542 lio:
2265 3491 2512 3559 quinque
2553 3506 2870 3546 remansere
2914 3489 3112 3559 reliqui
3164 3491 3512 3558 superstites.
3550 3487 3703 3544 Euiir

2113 3580 2470 3646 Soleimanes.
2534 3583 2618 3640 lsa
2667 3584 2901 3647 Zelebis,
2958 3581 3112 3639 Musa
3162 3582 3396 3646 Zelebis,
3447 3582 3702 3636 sultauus

2114 3675 2510 3740 Mucbemetes.
2532 3684 2587 3732 et
2615 3675 2792 3734 Casan
2832 3675 3068 3740 Zelebls.
3100 3676 3196 3746 qui
3231 3687 3475 3746 tempore
3528 3675 3701 3747 praelii

2112 3769 2293 3825 adhuc
2325 3780 2442 3825 erat
2464 3781 2620 3825 atate
2651 3780 2858 3825 tenera.

2187 3864 2468 3920 Exstincto
2520 3863 2783 3935 Bajazite.
2835 3872 3214 3922 convenerunt
3265 3862 3322 3919 in
3377 3877 3549 3920 unum
3583 3861 3702 3917 Alis

2113 3956 2300 4019 bassa.
2358 3956 2523 4013 Eines
2581 3957 2772 4025 begus,
2836 3965 2892 4014 et
2943 3955 3129 4012 Hazan
3178 3971 3280 4030 aga
3315 3974 3330 4012 :
3366 3955 3700 4026 decretoque

2113 4047 2357 4103 unanimi
2386 4061 2454 4102 ex
2491 4047 2743 4102 Anatolia
2799 4047 2852 4102 in
2893 4045 3224 4102 Romaniam
3263 4044 3459 4100 reverti
3491 4051 3702 4100 statue-

2112 4150 2257 4196 ruul.
3068 4148 3070 4151 '

2182 4235 2446 4290 Sultanus
2469 4232 2838 4289 bluchemetes
2864 4228 3142 4284 Amasiam
3159 4227 3487 4299 ’profectus,
3522 4227 3694 4298 quieti

2114 4341 2174 4383 se
2200 4326 2368 4390 dedit,
2401 4339 2594 4394 parum
2640 4323 2710 4377 de
2749 4323 2915 4377 rebus
2974 4321 3206 4376 aliorum
3266 4320 3556 4375 sollicitus.
3609 4318 3696 4373 lsa

2112 4434 2267 4480 vero.
2301 4427 2358 4472 et
2389 4417 2561 4481 Musa,
2609 4415 2758 4470 varie.
2811 4428 2872 4469 se
2908 4421 3102 4466 mutuo
3145 4411 3416 4481 persecuti
3456 4419 3586 4465 sunt
3641 4411 3696 4462 in

429 4506 646 4560 liccntia
681 4522 776 4573 per
808 4507 1119 4561 universam
1152 4507 1432 4575 regionem
1464 4503 1594 4559 hinc
1640 4506 1763 4560 inde
1789 4520 1848 4559 se
1897 4503 2006 4558 dif—
2041 4506 2084 4561 Β
2113 4512 2336 4580 regione
2395 4507 2681 4572 Carasina,
2720 4508 2893 4562 donec
2917 4504 3068 4559 Musa
3111 4505 3329 4558 tandem
3360 4502 3500 4557 Isam
3543 4518 3694 4557 com.

415 4597 711 4662 .fumlendi,
785 4605 951 4666 atque
1020 4597 1207 4651 omnia
1273 4595 1478 4665 rapinis
1519 4595 2009 4649 vastamli.Tcmir

429 4694 544 4761 ipse
565 4691 791 4746 Prusam
819 4691 973 4754 abiit,
1001 4691 1184 4759 ibique
1205 4693 1495 4745 thesauros
1525 4689 1776 4758 Bajazitis
1821 4689 2010 4742 inven-

427 4796 512 4841 tus
564 4784 666 4838 sibi
733 4783 1053 4838 vindicavit.
1114 4781 1180 4836 Et.
1238 4782 1461 4852 quando
1513 4781 1623 4851 jam
1690 4781 2010 4835 imminebat

430 4879 625 4940 luimus.
658 4875 821 4933 simul
853 4889 906 4933 et
933 4877 1243 4931 hibernavit
1273 4876 1327 4929 in
1364 4875 1637 4935 Anatolia.
1665 4884 1719 4927 et
1752 4888 2008 4943 proceres

429 4980 524 5019 eos
606 4965 700 5031 qui
783 4963 851 5018 ad
933 4964 1102 5031 ipsius
1180 4963 1544 5032 patrocinium
1631 4961 2006 5034 confugerant,

432 5066 547 5112 tum
619 5057 854 5112 fortunis
919 5057 1036 5111 suis
1116 5055 1400 5120 restituit,
1481 5065 1598 5110 tum
1681 5055 2006 5111 muneribus

430 5151 787 5220 amplissimis
859 5149 1059 5205 affecit.
1139 5150 1315 5220 Atque
1382 5150 1485 5204 hoc
1560 5149 1722 5203 modo
1807 5149 2008 5222 singuli

431 5259 559 5297 suas
629 5243 695 5296 ad
759 5242 994 5296 ditiones
1062 5242 1269 5297 reversi
1331 5251 1476 5295 sunt.
1554 5239 1811 5296 Osmnnis
1876 5256 2009 5296 vero

432 5334 796 5402 provinciam,
849 5332 936 5387 cui
972 5346 1170 5387 nomen
1222 5332 1507 5398 Osmania,
1544 5332 1763 5387 Tataris
1822 5329 2010 5386 Temir

433 5425 706 5479 attribuit.
740 5423 898 5488 Quod
927 5438 1054 5479 cunt
1090 5422 1358 5493 Bajazites
1387 5424 1714 5489 inaudisset,
1751 5439 2007 5493 maguum

429 5533 614 5571 autmo
635 5517 877 5573 dolorem
892 5518 1054 5588 cepit.
1077 5515 1275 5572 Eratiu
1298 5533 1448 5572 more
1492 5517 1717 5582 Temiri,
1744 5526 1800 5572 ut
1829 5528 2008 5572 caStra

435 5612 610 5664 locum
646 5622 900 5667 maturus
950 5625 1339 5680 nonnunquam
1373 5609 1439 5664 ad
1463 5609 1810 5666 Gildetunem
1853 5624 2011 5663 acce-

436 5707 591 5758 deret
619 5717 794 5773 e0que
825 5704 1242 5774 perhumaniter
1269 5703 1523 5763 salutato,
1558 5711 1780 5756 rectene
1807 5702 2011 5756 valeret

433 5811 502 5852 an
541 5809 723 5862 secus,
748 5803 1034 5866 quareret.
1055 5795 1300 5862 Quodam
1327 5809 1454 5865 ergo
1479 5795 1565 5849 die
1590 5793 1874 5860 Gilderun,
1909 5794 2010 5850 hac

2115 4603 2444 4671 prehensum
2472 4600 2688 4655 occidit.
2727 4598 2847 4665 Quo
2905 4597 3148 4652 facinore
3202 4607 3434 4666 patrato,
3464 4595 3695 4650 Prusam

2114 4696 2415 4766 profectus,
2441 4693 2496 4746 in
2521 4692 2634 4746 otio
2655 4691 2865 4750 vivens.
2891 4705 2921 4744 a
2945 4691 3109 4744 rebus
3132 4689 3381 4759 gerendis
3403 4690 3696 4746 abstinuit.

2117 4785 2237 4842 Non
2272 4785 2445 4840 multo
2479 4793 2604 4854 post
2660 4799 2813 4838 arma
2842 4789 3035 4838 contra
3073 4781 3286 4836 Musam
3323 4782 3696 4851 quiescentem

2117 4877 2350 4949 sumpsit
2397 4878 2537 4932 emir
2594 4874 2954 4931 Soleimanes.
2993 4873 3105 4930 Iloc
3154 4874 3243 4928 ille
3280 4875 3518 4942 cognito,
3572 4889 3698 4927 mox

2119 4972 2174 5026 in
2237 4968 2618 5025 Caramaniam
2690 4978 2906 5037 arrepta
2970 4966 3095 5038 fuga
3155 4981 3218 5021 se
3265 4965 3496 5034 recepit.
3547 4965 3701 5019 Emir

2118 5056 2480 5118 Soleimanes.
2549 5065 2609 5109 ut
2664 5070 2752 5110 res
2803 5070 2934 5110 suas
2997 5054 3401 5118 constabiliret,
3452 5067 3699 5108 sororem

2117 5164 2447 5214 suam,cum
2513 5147 2682 5202 fratre
2739 5158 2869 5203 natu
2920 5147 3170 5214 minimo,
3221 5146 3433 5203 Casaae
3488 5145 3700 5208 Zelebi,

2117 5241 2647 5313 Constantinopolim
2681 5241 2851 5306 misit,
2914 5256 3124 5312 eosque
3156 5240 3516 5298 Constantino
3548 5238 3700 5294 dedit

2117 5335 2339 5389 obsides
2372 5349 2390 5387 :
2420 5349 2486 5388 ne
2528 5334 2675 5404 quod
2706 5334 2918 5390 scilicet
2943 5334 3236 5390 dissidium
3271 5334 3416 5389 inter
3442 5347 3539 5388 eos
3569 5346 3698 5386 cso—

2117 5430 2339 5487 rirctur,
2395 5425 2490 5480 sed
2562 5439 2750 5496 pacem
2806 5426 2989 5497 potius
3018 5425 3166 5482 inter
3203 5438 3266 5482 se
3317 5433 3509 5480 mutuo
3550 5423 3699 5480 cole-

2119 5529 2260 5573 rent.

2191 5614 2332 5666 llinc
2363 5612 2414 5664 in
2444 5611 2766 5666 Romaniam
2798 5619 3139 5665 transvectus
3161 5609 3304 5664 emir
3328 5609 3698 5674 Soleimanes.

2120 5703 2508 5772 lladrianOpoli
2539 5705 2863 5759 carcinoma
2909 5701 3102 5757 Turcis
3130 5701 3386 5758 familiari
3417 5701 3708 5760 factum

2119 5796 2440 5864 imperator,
2473 5811 2618 5851 anno
2651 5795 2757 5850 803
2783 5794 2954 5860 (Chr.
2993 5795 3184 5856 HO“.
