4212 6288
538 314 643 379 599

1796 334 2147 395 ANNALES
2187 339 2518 404 TUllClCi.

3684 348 3791 411 600

612 437 853 533 Ejus-rei
878 444 1071 497 nuntio
1103 458 1346 515 accepto,
1382 447 1617 515 ligatum
1677 452 1931 509 sultanus
1997 454 2112 507 Μιια
2141 461 2184 516 Α
2218 474 2399 514 tncnta
2428 468 2536 531 jam
2595 468 2658 519 ad
2690 482 2808 518 cam
2869 464 3204 518 altitudini-nt
3238 464 3493 533 perducta
3536 462 3787 531 fuerant,

536 528 798 587 ciu-motis
827 531 1041 588 Amasia
1070 538 1215 589 misit
1238 539 1304 591 ad
1329 541 1550 593 emirem
1578 542 1966 605 Soleimancm.
2002 548 2108 599 fra-

540 632 678 679 trem
710 636 839 679 natu
893 630 1216 694 maximum,
1268 634 1359 701 qui
1398 635 1444 686 ci
1492 642 1606 687 tum
1662 654 1887 693 munera
1922 640 2109 701 ferret.

539 726 652 769 tum
682 717 798 771 suis
827 720 1006 775 verbis
1037 722 1151 776 haec
1187 728 1523 781 renuntiaret
1554 747 1567 779 .-
1598 727 1822 794 Quando
1870 732 1949 787 sic
2002 733 2110 787 Deo

541 810 715 865 visum
747 811 871 873 fttit,
922 814 1141 869 domine
1170 830 1234 869 ac
1278 816 1443 871 frater
1477 830 1605 875 natu
1638 828 1890 884 maxime,
1926 836 1983 879 ut
2012 843 2109 894 pa-

535 913 744 956 rentem
772 906 1057 975 utriusque
1085 919 1329 962 nostrum
1360 911 1518 965 rebus
1550 913 1804 968 humanis
1822 917 2110 973 eximeret:

538 1006 868 1063 magnopere
922 998 1055 1051 mihi
1128 1002 1394 1066 gratulor,
1478 1013 1530 1056 te
1576 1005 1729 1059 nobis
1792 1010 2000 1061 salvum
2058 1018 2117 1063 et

539 1082 869 1140 incolumem
909 1089 1180 1143 relictum.
1248 1092 1346 1147 Cui
1403 1110 1523 1148 cum
1576 1098 1717 1151 cmir
1776 1099 2112 1153 Soleimanes

536 1176 779 1231 \ieissitn
808 1193 1052 1237 venustae
1087 1187 1275 1237 fortuna
1314 1204 1532 1254 pueros,
1570 1190 1797 1256 puellas,
1834 1202 2115 1262 vestesque

536 1269 765 1332 sericas,
804 1285 858 1325 et
906 1276 1040 1330 alias
1079 1294 1166 1333 res
1216 1280 1397 1334 varias
1448 1298 1510 1335 ac
1536 1283 1809 1353 elegantes
1842 1287 2110 1339 misisset:

538 1364 750 1417 sancito
798 1364 1004 1425 fcedere
1047 1380 1253 1439 mutuo,
1310 1389 1496 1441 pacem
1537 1377 1677 1429 inter
1714 1392 1773 1432 se
1804 1381 2111 1433 coluerunt.

537 1451 667 1506 Post
690 1456 804 1510 haec
843 1460 1103 1531 ablegatis
1136 1464 1193 1516 iu
1221 1463 1598 1521 Caratnauiam
1628 1469 1745 1524 suis
1780 1470 2115 1539 hominibus,

535 1548 658 1613 ejus
692 1553 987 1617 provinciae
1038 1554 1262 1612 domino
1315 1559 1608 1630 significari
1661 1564 1828 1631 jussit
1856 1563 1994 1618 emir
2016 1564 2119 1618 So-

535 1636 800 1697 ieitnanes
835 1644 993 1699 daret
1041 1661 1285 1715 operam,
1341 1650 1419 1706 sic
1450 1653 1527 1705 uti
1570 1654 1937 1709 custodiretur
1962 1655 2115 1709 Musa

542 1733 729 1798 frater,
785 1752 850 1792 ne
883 1755 991 1808 qua
1041 1754 1223 1810 posset
1284 1745 1446 1801 elabi.
1510 1745 1767 1818 Adeoque
1820 1747 2112 1803 Garamum

540 1830 797 1884 obtestari
848 1848 906 1888 se
953 1834 1241 1907 diligenter
1281 1835 1333 1890 itl
1387 1850 1628 1905 curaret,
1664 1841 1828 1895 modo
1856 1842 1905 1895 ei
1959 1852 2109 1909 grata

546 1919 874 1978 Solcimanis
922 1936 1066 1981 esset
1113 1928 1376 1983 amicitia.
1440 1930 1718 2000 Siquidem
1757 1934 1857 1987 hoc
1893 1936 1961 1988 ab
2000 1938 2114 2002 ipso

538 2018 901 2086 impetrasset,
934 2020 1166 2074 vicissim
1197 2022 1245 2075 ei
1278 2038 1335 2077 se
1365 2025 1547 2079 omnia
1595 2025 1876 2082 charitatis
1929 2036 1985 2081 et
2022 2029 2116 2081 be-

539 2110 864 2164 nevolentia:
894 2112 1066 2167 oliicia
1095 2115 1485 2171 exhibiturum.

614 2201 759 2257 Musa
794 2219 916 2259 cum
972 2208 1377 2274 suboltecissct,
1429 2213 1771 2267 Garamanta}
1810 2213 2115 2284 principem

543 2311 667 2349 cum
700 2298 871 2352 entire
896 2298 1207 2357 Soleimane
1240 2314 1485 2359 mutuam
1512 2306 1563 2358 in
1599 2308 1828 2375 gratiam
1864 2308 2111 2364 rediisse:

548 2390 673 2455 fuga
705 2391 805 2445 sibi
839 2392 1149 2457 consulens,
1196 2397 1263 2449 ad
1323 2396 1683 2452 isvendiarem
1724 2415 1950 2467 propere
1983 2415 2118 2455 con-

542 2484 730 2538 cessit.
753 2483 881 2553 Ejus
910 2486 983 2540 rei
1015 2486 1155 2541 fama
1181 2488 1245 2541 ad
1279 2489 1502 2547 emirem
1526 2489 1889 2547 Soleimauem
1915 2493 2117 2560 delata,

547 2592 673 2630 mox
698 2593 844 2629 artua
870 2576 923 2630 in
950 2577 1313 2633 lsvendiarem
1338 2580 1610 2651 expedivit
1636 2600 1648 2634 :
1680 2584 1836 2653 cujus
1857 2585 2116 2641 ditionem

545 2669 849 2739 ingressus,
880 2682 1101 2742 propter
1128 2671 1322 2728 Gerieu
1356 2675 1421 2727 ad
1452 2677 1617 2745 ripam
1654 2674 1894 2731 fluminis
1940 2686 2116 2731 castra

548 2763 769 2827 locavit,
794 2775 847 2818 et
879 2765 1101 2820 militem
1136 2766 1259 2822 istic
1294 2768 1345 2822 itt
1377 2768 1617 2823 hibernis
1650 2770 1861 2825 habuit.
1906 2770 2032 2824 Erat
2063 2772 2118 2825 in

550 2856 615 2906 iis
652 2855 785 2908 locis
816 2856 969 2923 nigra
1009 2857 1241 2925 populus
1272 2860 1483 2927 ingens,
1525 2859 1627 2914 sub
1659 2876 1763 2928 qua
1792 2861 1951 2931 genio
1979 2875 2119 2931 quo-

546 2949 676 3002 tiilie
710 2948 1043 3018 indulgebat,
1074 2959 1128 3004 et
1154 2951 1516 3007 belluabatur.
1545 2951 1787 3008 Tandem
1822 2954 2122 3025 composito

545 3056 670 3094 eum
702 3041 1011 3095 Isveudiare
1045 3042 1285 3111 negotio,
1335 3046 1630 3115 relictaqtte
1672 3048 1847 3115 ipsius
1880 3048 2120 3118 regione,

2214 565 2272 605 ut
2302 555 2421 623 cjus
2452 556 2576 621 loci,
2607 574 2715 628 quo
2755 558 3011 626 templum
3059 556 3396 610 condcliatur
3446 558 3788 627 superﬁciem

2214 660 2513 717 aequarent.

2285 743 2421 795 (ium
2464 754 2643 795 autem
2680 741 2931 796 suitanus
2962 740 3349 803 Sincltemetcs,
3381 740 3536 807 cujus
3558 740 3791 795 Atnasiat

2215 833 2372 887 sedcs
2392 847 2527 896 erat,
2556 834 2623 887 de
2658 836 2806 888 hisce
2829 836 2989 888 rebus
3028 834 3308 899 omnibus,
3341 843 3397 885 ttt
3419 841 3575 885 erant
3603 841 3790 901 gestzr,

2217 930 2419 981 certior
2451 925 2623 981 factus
2657 928 2885 990 fuisset;
2923 928 3182 981 nimirum
3218 924 3450 988 Musam,
3481 926 3792 980 Soleimane

2216 1020 2284 1072 de
2325 1018 2500 1071 medio
2561 1020 2804 1079 sublato,
2841 1020 3120 1073 Romaniut
3159 1019 3274 1074 sive
3298 1018 3519 1073 Graeciaa
3562 1018 3794 1088 imperio

2220 1110 2496 1178 potitum:
2529 1112 2670 1166 bello
2731 1112 2942 1166 Musam
2996 1112 3431 1182 persequendqu
3488 1111 3701 1173 statuit,
3743 1119 3797 1163 et

2218 1203 2567 1271 expeditione
2632 1216 2905 1272 suscepta,
2950 1204 3176 1258 l'l‘tiSMtl
3248 1204 3407 1258 duxit
3443 1219 3458 1256 '.
3498 1216 3797 1270 omnesque

2218 1295 2483 1351 Auatoliae
2546 1298 2886 1363 provincias,
2919 1298 3077 1350 cmiri
3129 1296 3426 1353 Solcimani
3475 1294 3627 1353 fratri
3690 1309 3795 1347 non

2220 1391 2396 1443 multo
2452 1400 2577 1444 ante
2606 1390 2855 1443 subditas
2906 1391 2956 1442 in
2992 1398 3313 1458 potestatem
3347 1388 3574 1456 redegit.
3606 1385 3795 1443 Itidem

2219 1482 2276 1540 in
2308 1484 2578 1542 Romania
2619 1498 2718 1537 nec
2748 1483 2863 1552 ipse
2895 1481 3039 1537 Musa
3079 1497 3259 1537 rerum
3292 1496 3514 1539 Suarum
3544 1493 3673 1534 cura
3706 1478 3799 1531 de-

2222 1578 2413 1643 posita,
2456 1572 2590 1643 quid
2619 1574 2884 1644 agendum
2918 1573 3018 1629 sibi
3071 1572 3231 1635 foret.
3303 1569 3798 1636 circumsnicichat.

2220 1670 2382 1740 323
2416 1671 2555 1725 Ante
2581 1666 2767 1727 omnia
2812 1666 3080 1722 Scachum
3115 1667 3386 1730 Melicum,
3420 1669 3504 1723 cui
3539 1666 3801 1717 duntaxat

2225 1777 2365 1813 unus
2430 1772 2548 1813 crat
2626 1760 2844 1825 oculus,
2873 1757 3121 1813 Vesirem
3174 1760 3425 1814 creavit:
3473 1756 3800 1812 Samobuna‘.

2222 1852 2411 1915 tilium,
2454 1854 2901 1908 Cadilcsehcrum
2955 1868 3076 1906 esse
3113 1854 3322 1907 voluit:
3357 1853 3548 1907 ducem
3594 1852 3799 1917 stipen-

2219 1945 2518 2000 tiiariorntn
2570 1947 2843 2017 signiferis
2894 1944 3180 2017 praefecit:
3215 1944 3524 2015 provincias
3568 1942 3803 2013 denique

2218 2054 2346 2093 suos
2385 2040 2523 2093 inter
2553 2038 2854 2094 familiares
2887 2053 2950 2094 ac
3001 2039 3263 2094 militares
3310 2039 3452 2092 viros
3501 2035 3797 2090 distribuit.

2217 2128 2537 2199 Reliquerat
2568 2133 2709 2188 emir
2740 2131 3084 2187 Soleimaues
3140 2133 3343 2186 liberos
3380 2131 3722 2200 superstites,
3746 2130 3804 2179 li-

2221 2223 2355 2278 lium
2371 2237 2533 2296 atque
2551 2227 2717 2287 ﬁliam
2736 2244 2752 2285 :
2769 2228 2860 2295 qui
2882 2226 3402 2296 Constantinopolim
3425 2225 3802 2293 profugerunt.

2222 2322 2557 2377 Durantibus
2583 2323 2733 2378 hisce
2754 2319 2995 2375 dissidiis
3024 2318 3318 2381 intestinis,
3336 2316 3502 2372 etiam
3538 2319 3667 2371 urbs
3709 2315 3802 2369 Vi-

2220 2416 2368 2482 diua,
2395 2416 2461 2471 ad
2479 2416 2788 2471 Danubium
2810 2416 2931 2478 sita,
2956 2412 3150 2467 defecit
3177 2430 3190 2475 ;
3212 2412 3305 2467 sed
3332 2410 3686 2475 Musa,ducto
3710 2410 3806 2463 ad-

2221 2524 2412 2561 versus
2441 2524 2559 2561 eam
2590 2509 2783 2567 milite,
2808 2504 3306 2574 rursusimperium
3348 2501 3803 2570 acciperccocgit.

2296 2605 2436 2660 Idem
2473 2606 2647 2669 Musa,
2686 2603 2872 2658 relicta
2898 2601 3118 2665 Vidina,
3158 2600 3503 2654 Buruvadam
3556 2611 3610 2652 et
3640 2597 3806 2652 litate-

2227 2716 2341 2753 ratn
2369 2698 2555 2765 copias
2595 2696 2772 2760 duxit,
2806 2709 2979 2763 caque
3013 2694 3208 2759 oppida
3250 2692 3352 2748 sibi
3389 2692 3641 2762 subjecit.
3694 2689 3806 2745 Ma-

2225 2807 2387 2857 gnam
2416 2792 2471 2843 in
2518 2791 2773 2844 omnibus
2804 2788 3102 2859 provinciis
3150 2788 3491 2858 tyrannidem
3538 2782 3802 2840 exercuit.

2224 2880 2525 2950 Occupat-it
2591 2878 2851 2948 oppidum
2941 2878 3281 2943 Chiupurlim
3323 2918 3334 2933 ,
3403 2876 3546 2944 quod
3611 2872 3802 2927 Lazari

2224 2976 2452 3032 dilicuis
2478 2986 2612 3029 erat.
2648 2971 2789 3026 Suos
2844 2974 3006 3025 etiam
3062 2985 3353 3025 excurrere
3410 2982 3803 3036 nonnunquam

2222 3066 2483 3140 jussit,ad
2519 3066 2632 3133 ipsa
2682 3079 2857 3131 usque
2880 3062 3078 3118 tumnia
3125 3060 3665 3129 ConstantinOpOIis:
3727 3060 3801 3112 ita

547 3135 823 3203 ιποτυειιιε
854 3144 940 3231 es“
975 3134 1205 3231 [spicam
1238 3179 1250 3197 ι
1283 3139 1371 3191 “lli
1429 3148 1573 3231 “{‘PS
1618 3141 1732 3194 dies
1768 3142 1818 3193 l"
1853 3141 2119 3197 εοηνίνίίε
2144 3167 2188 3227 c
2223 3134 2470 3231 quidem,
2528 3167 2585 3211 ttt
2644 3158 2759 3225 ipso
2817 3157 3145 3226 imperante,
3207 3149 3804 3219 Constantinopolitaui

546 3237 601 3279 ct
630 3228 1128 3297 cotnpntationibus
1157 3231 1425 3301 exigebat.
1470 3229 1652 3287 Nihilo
1694 3234 1872 3289 minus
1905 3243 2118 3291 secreto

549 3321 755 3376 Musam
805 3337 989 3376 secum
1043 3324 1235 3378 habuit
1279 3324 1582 3392 isvendiar,
1630 3340 1865 3397 eumque
1906 3328 2127 3400 navigio

554 3414 892 3482 impositum,
950 3429 1047 3483 per
1102 3427 1329 3484 pontum
1384 3418 1655 3473 Euxinum
1710 3418 1764 3473 in
1816 3420 2124 3475 Valachiam

552 3506 828 3576 (inportari
859 3508 1097 3563 curavit.
1138 3507 1269 3563 Erat
1314 3509 1365 3565 id
1403 3510 1662 3580 temporis
1698 3508 1938 3568 Vaivoda
1973 3512 2127 3567 Vala-

553 3602 690 3653 cbize
712 3600 952 3668 quidam,
978 3600 1065 3654 cui
1108 3615 1307 3655 nomen
1368 3600 1599 3661 Mortes.
1636 3602 1735 3657 llic
1790 3615 1845 3657 et
1889 3604 2129 3672 hospitio

555 3696 771 3765 exccpit
795 3710 941 3757 eum,
976 3707 1031 3750 et
1060 3696 1203 3749 viam
1232 3699 1449 3765 aperuit
1486 3708 1542 3753 et
1568 3699 1771 3753 auxilio
1803 3698 1906 3753 fuit
1930 3710 1990 3754 ut
2019 3697 2128 3754 Ro-

561 3792 796 3846 maniatn
832 3790 1233 3863 ingrederetur.
1263 3790 1401 3846 Cum
1448 3791 1893 3861 liadrianoliolim
1939 3808 2127 3864 perve-

560 3890 753 3953 uisset,
782 3901 908 3942 mox
942 3885 1008 3938 ab
1043 3885 1395 3951 exercitibus,
1426 3902 1489 3941 eo
1516 3885 1932 3950 conﬂuentibus,
1958 3888 2131 3957 impe-

559 3990 709 4035 rator
747 3981 1015 4035 salutatus
1065 3977 1180 4031 fuit.
1227 3977 1377 4033 Emir
1427 3994 1553 4033 vero
1604 3978 1968 4045 δοιιτίιιιειηεε,
2008 3979 2129 4034 licet

558 4085 875 4143 occupatam
909 4088 939 4128 a
976 4072 1144 4128 fratre
1174 4074 1493 4127 llomaniam
1534 4073 1888 4130 intellexisset
1915 4072 2129 4125 univer-

557 4186 702 4231 satn,
738 4164 907 4224 nihilo
934 4176 1115 4221 tamen
1148 4168 1329 4220 minus
1373 4176 1631 4235 perpetuo
1675 4167 1798 4217 luxu
1822 4176 1876 4220 ct
1924 4166 2131 4219 hellua—

556 4262 803 4319 tionibus
837 4262 952 4316 suis
986 4259 1379 4329 occupabatur.
1419 4257 1480 4312 Et
1505 4258 1721 4331 quoties
1763 4274 1792 4309 e
1827 4272 1976 4309 mero
2018 4259 2129 4325 jam

558 4356 743 4405 chrius
773 4351 1094 4415 incaluerat,
1125 4365 1499 4420 saepenumero
1522 4365 1684 4406 voces
1711 4349 1809 4402 has
1832 4349 2132 4419 ingemina-

558 4449 650 4499 hat
684 4461 696 4499 :
727 4442 1094 4509 MusaJtusa,
1125 4442 1254 4513 quid
1305 4442 1397 4497 tibi
1442 4443 1576 4501 meis
1607 4445 1660 4495 iu
1709 4441 2018 4511 regionibus
2050 4450 2133 4496 est

2230 3262 2417 3322 portas
2449 3252 2601 3305 urbis
2648 3249 2863 3318 aperire
2896 3249 2985 3301 vix
3038 3244 3321 3301 auderent.
3371 3242 3584 3298 Accidit
3624 3250 3803 3295 autem

2230 3344 2555 3415 aliquando,
2589 3352 2648 3394 ut
2680 3340 2746 3396 ad
2777 3339 3065 3413 Silyuriam
3098 3337 3407 3394 accetleret;
3456 3350 3616 3403 quam
3674 3333 3803 3386 dum

2230 3444 2593 3507 oppugnaret,
2621 3432 2835 3505 egregie
2894 3446 2954 3486 se
3000 3430 3294 3483 tuebantur
3338 3424 3691 3494 oppidani,et
3751 3424 3806 3476 in

2235 3534 2443 3587 hostem
2489 3528 2736 3583 animose
2766 3531 3094 3597 pugnabant.
3130 3521 3263 3575 Dum
3321 3520 3576 3587 utrinque
3616 3529 3807 3569 manus

2233 3620 2908 3684 etuttseruntur,Scachus,
2928 3617 3176 3682 Melieus,
3206 3614 3373 3669 Musa:
3412 3612 3806 3672 Velit-azt-tnes,

2235 3710 3165 3775 herodeserto.Constantinopolim
3208 3724 3265 3763 se
3309 3702 3651 3773 rccepit.llis
3682 3718 3809 3771 pcr-

2234 3812 2435 3878 Spcctis
2476 3807 2689 3864 insidiis
2741 3816 2793 3860 et
2830 3814 2950 3858 astu
3005 3802 3203 3865 Ilclici,
3232 3801 3579 3855 vehementer
3624 3797 3807 3850 animo

2234 3902 2384 3957 Musa
2417 3899 2724 3972 perturbari
2750 3938 2765 3961 ,
2793 3908 3167 3964 converSOque
3194 3894 3408 3953 itinere,
3441 3892 3810 3958 lladrianOpo-

2234 3997 2326 4050 lim
2373 3996 2622 4050 reverti:
2680 4002 2735 4047 ct
2776 3991 2901 4060 quis
2958 3990 3186 4058 hujusce
3245 3987 3529 4053 transfugii
3598 3986 3812 4039 futurus

2233 4098 2377 4145 esset
2401 4091 2605 4151 exitus,
2640 4101 2827 4141 secum
2856 4085 2973 4155 ipse
3004 4083 3296 4151 dispicere.
3332 4079 3586 4135 Vicissim
3618 4092 3680 4129 ex
3714 4077 3812 4129 ad.

2233 4197 2392 4233 vcrsa
2450 4187 2602 4248 parte
2668 4176 2917 4231 sultauus
2971 4172 3340 4227 luchemetes
3400 4170 3626 4223 omnino
3685 4182 3809 4222 cum

2238 4274 2385 4327 Musa
2414 4271 2601 4343 praelio
2617 4266 2877 4338 congredi
2914 4266 3210 4319 statuebat.
3238 4263 3368 4318 Erat
3399 4262 3529 4316 huic
3590 4258 3813 4312 chira-

2235 4378 2438 4424 zemes,
2475 4360 2744 4429 Bajasites
2762 4359 2945 4422 bassa,
2977 4369 3085 4424 quo
3106 4368 3231 4407 eum
3274 4352 3505 4407 sollicite
3534 4349 3814 4402 consulta-

2237 4460 2347 4523 bat,
2368 4470 2606 4524 quonam
2643 4453 2802 4505 modo
2821 4451 3054 4518 navigiis
3084 4448 3137 4501 in
3165 4446 3488 4500 itotnaniam
3514 4442 3811 4495 transiuitti

561 4538 805 4608 negotii?
837 4536 1026 4606 Neque
1059 4551 1258 4606 uiaguo
1306 4539 1570 4605 temporis
1602 4536 1884 4603 intet‘jccto
1936 4537 2132 4603 spatio,
2162 4551 2211 4608 υ
2244 4551 2439 4603 {mum
2472 4553 2677 4615 pOsset.
2703 4540 2867 4596 Forte
2901 4541 3118 4593 fortuna
3144 4549 3256 4592 tum
3304 4537 3551 4590 Scachus
3598 4548 3806 4601 quoque

561 4649 789 4686 srcums
814 4634 949 4700 ipse.
983 4644 1046 4685 ac
1069 4641 1249 4686 metus
1268 4632 1450 4687 omnis
1479 4645 1697 4700 expers,
1732 4646 1759 4681 a
1793 4627 1940 4683 Muszt
1970 4628 2135 4682 fratre

561 4726 664 4780 fuit
698 4727 948 4779 obrutus.
1008 4723 1083 4780 Ibi
1114 4739 1240 4778 cum
1272 4739 1307 4777 ar
1329 4722 1566 4777 ducibus
1597 4734 1651 4776 et
1680 4722 2019 4777 administris
2051 4739 2136 4775 re-

559 4832 679 4871 rum
704 4832 951 4879 suarum,
982 4816 1046 4871 ad
1087 4814 1291 4869 Musam
1330 4815 1759 4878 transeuntibus,
1784 4815 2011 4883 ejusque
2037 4814 2139 4866 tui-

562 4913 687 4965 iitia:
718 4926 776 4965 se
806 4909 1219 4972 devoventibus,
1273 4910 1634 4975 desereretur,
1674 4909 1854 4980 fugam
1886 4909 2134 4975 arripuit.

566 5005 617 5057 in
669 5018 777 5073 qua
833 5007 1010 5057 \‘iCUlit
1064 5005 1129 5058 ad
1175 5005 1460 5073 quemdam
1495 5004 1831 5072 perveniens,
1898 5004 1965 5055 ab
2022 5003 2137 5071 cjtts

568 5096 759 5148 incolis
792 5093 897 5148 fuit
946 5095 1324 5162 interemptus.
1376 5096 1511 5147 lium
1551 5110 1726 5151 rtcum
1786 5094 1957 5157 Musa,
2013 5108 2137 5145 cunt

567 5189 760 5242 incolis
791 5186 1082 5249 universis,
1116 5189 1273 5257 cujus
1301 5188 1518 5242 tandem
1548 5187 1629 5239 vel
1654 5203 1835 5249 sexus,
1860 5187 1938 5239 vri
1963 5187 2141 5241 anatis

564 5288 771 5341 cssent,
806 5280 927 5347 igne
956 5279 1200 5346 subjecto
1225 5278 1564 5333 concremari
1586 5279 1772 5346 jussit,
1805 5279 1902 5331 hac
1931 5279 2137 5342 adjecta

568 5389 702 5425 voce
733 5390 745 5425 :
778 5370 889 5425 Cur
920 5370 1141 5429 fratrem
1174 5386 1353 5425 meum
1385 5370 1540 5426 vobis
1572 5385 1765 5425 nccare
1802 5370 2003 5423 libuit?
2045 5369 2139 5423 Se-

567 5465 802 5519 cundum
832 5464 947 5517 inec
992 5478 1247 5518 reversus
1276 5461 1736 5529 Hadrianopolim,
1773 5461 1926 5528 plene
1955 5478 2135 5515 rctutn

570 5558 772 5625 potitus
807 5558 907 5612 iuit
957 5572 1100 5611 anno
1155 5557 1258 5611 818
1303 5554 1463 5620 (Chr.
1507 5555 1715 5623 Mli);
1766 5555 1902 5610 emir
1957 5564 2135 5611 autem

570 5650 907 5705 Soicitnaut-s
937 5649 1223 5719 imperavit
1260 5648 1419 5703 annis
1444 5648 1497 5701 7.

642 5742 839 5796 Abhoc
865 5741 1114 5795 inchoata
1150 5742 1249 5795 fuit
1279 5741 1663 5809 lladtiauupnli
1702 5751 1971 5794 structura
2007 5751 2139 5795 ιυιη-

573 5836 644 5905 pii
677 5834 827 5906 longe
860 5834 1203 5905 amplissimi,
1236 5832 1394 5901 cujus
1446 5835 1562 5902 ipso
1619 5836 1905 5903 superstite
1941 5836 2134 5894 turnia-

2243 4641 2467 4695 Melicus
2495 4638 2560 4691 ad
2590 4637 2866 4690 sultanum
2896 4632 3286 4685 Mitt-hemrtem
3339 4622 3810 4691 Constantinopoli

2243 4726 2698 4789 vctierat.itaqtte
2761 4720 3028 4790 Bajazites
3054 4721 3211 4773 bassa
3257 4716 3581 4771 Muehemeti
3625 4722 3817 4766 auctor

2241 4827 2381 4882 erat,
2416 4828 2473 4872 ut
2508 4819 2553 4871 is
2605 4818 2768 4871 etiam
2827 4819 3125 4868 arcessitus
3159 4809 3537 4865 deliberationi
3595 4806 3812 4859 adhibe-

2241 4922 2419 4974 retur,
2454 4910 2583 4980 quid
2619 4906 2719 4979 ipsi
2743 4905 3058 4962 faciundum
3118 4912 3348 4973 pareret,
3417 4901 3812 4971 explicaturos.

2239 5003 2334 5057 ille
2367 5012 2588 5055 vocatus
2614 5000 2666 5051 in
2722 4996 3036 5057 consilium,
3074 4995 3349 5048 accessit:
3398 5002 3453 5045 et
3519 4991 3814 5055 intelh-cto,

2243 5110 2439 5163 cupere
2473 5093 2867 5147 Muchctuetcm
2890 5091 2941 5141 iu
2970 5086 3285 5141 llmnauiatn
3311 5083 3607 5139 exercitum
3635 5091 3809 5136 trans-

2244 5196 2481 5253 portare,
2512 5183 2693 5247 modo,
2722 5182 2788 5234 de
2822 5181 2991 5248 ipsius
3040 5180 3271 5233 consilio
3317 5178 3456 5230 viain
3517 5174 3818 5227 rationeor-

2243 5295 2345 5350 que
2373 5277 2659 5332 commode
2717 5274 3089 5341 transjicicndi
3141 5279 3527 5342 cognosceret:
3591 5280 3815 5335 respou-

2245 5372 2341 5431 dit,
2383 5370 2607 5423 munitio
2645 5366 3176 5433 Constantinopolim
3233 5367 3529 5419 mittendos
3588 5364 3817 5431 legatos,

2244 5470 2296 5514 et
2334 5476 2455 5513 cum
2506 5459 2775 5529 Teggiure
2816 5458 2963 5528 paris
2999 5460 3230 5513 iucunda
3290 5457 3649 5523 fmdera,quo
3703 5455 3820 5510 ﬁeri

2249 5560 2522 5623 pot-missu
2562 5556 2734 5623 ipsius
2768 5564 2823 5606 et
2874 5553 3192 5621 adiumento
3249 5551 3566 5619 trausjcctio
3619 5559 3819 5619 posset.

2246 5646 2360 5699 Non
2394 5645 2534 5699 enim
2578 5646 2775 5697 fretum
2820 5646 2931 5697 ullo
2964 5645 3070 5697 alio
3126 5643 3424 5698 transmitti
3469 5643 3589 5696 loco
3642 5658 3824 5707 posse,

2246 5756 2368 5794 cuni
2401 5739 2688 5806 Callipolis
2720 5740 2772 5792 in
2805 5747 3069 5807 potestate
3106 5736 3269 5791 Musae
3299 5736 3388 5790 sit.
3420 5736 3547 5791 Erat
3578 5734 3630 5789 id
3690 5743 3824 5789 tem-

2247 5834 2394 5902 poris
2456 5833 2653 5904 insigni
2712 5834 2793 5886 vir
2846 5833 3066 5901 quidam
3121 5832 3444 5886 auctoritate
3498 5830 3755 5902 prmditus
