4212 6288
542 338 633 400 δθι

1817 342 2174 404 ΑΝΝΛΙ.Ε5
2217 345 2547 410 TURCICI.

3704 350 3810 412 662

543 455 761 506 nomine
820 454 1116 521 Faselulla,
1175 457 1266 528 qui
1326 458 1477 512 Cadii
1529 460 1646 514 sive
1697 459 1902 529 iudicis
1949 462 2124 516 officio
2155 473 2198 526 Α
2230 464 2474 531 recipito.
2537 467 2654 521 Mox
2714 466 2804 537 qui
2860 466 3241 534 locupletiores
3290 472 3468 528 erant.
3520 463 3576 517 in
3624 480 3806 519 arcem

543 545 769 600 Geni-ar
809 549 1154 616 fungebatur.
1189 551 1238 605 Is
1270 563 1324 606 et
1371 565 1532 608 notus
1564 565 1684 610 erat
1736 564 1790 608 et
1841 557 2125 613 familiaris

542 635 834 693 admodum
871 640 1123 713 Teggiuri
1153 643 1791 716 Constantinopolitano.
1836 647 1992 702 Hunc
2024 648 2123 716 igi~

543 739 630 784 tur
656 730 1072 800 ablegaruntuti
1123 752 1248 792 cum
1297 736 1566 807 Teggiure
1613 742 1678 794 de
1736 756 1869 810 pace
1905 751 2121 810 ageret:

541 839 646 892 qua
674 824 816 880 inter
848 836 1139 897 utramque
1171 841 1376 900 partem
1407 832 1642 897 sancita.
1679 836 1962 902 profectus
1989 834 2127 888 Pru-

540 930 600 968 sa
627 916 876 972 saltantis
909 921 1303 988 Mueliemetes.
1355 924 1420 977 ad
1448 925 1600 980 littus
1632 929 1801 981 maris
1851 943 1880 978 e
1906 927 2126 997 regione

540 1007 1052 1081 Constantinopolis
1079 1018 1334 1072 accessit.
1362 1019 1440 1072 Illi
1476 1021 2124 1090 Constantinopolitanns

542 1101 780 1174 Tcggiur
806 1123 972 1164 naves
997 1125 1124 1164 snas
1153 1112 1370 1166 obviam
1411 1115 1585 1178 misit.
1632 1116 1809 1183 ipsum
1839 1115 1892 1168 in
1924 1114 2126 1170 Roma—

540 1192 686 1247 niam
719 1209 843 1251 cum
895 1202 1136 1255 exercitu
1196 1203 1436 1259 trasvelii
1482 1206 1716 1261 curavit.
1779 1207 1910 1277 Ejus
1971 1205 2122 1260 Musa

541 1285 616 1337 rei
649 1283 826 1342 factus
847 1291 1080 1346 certior:
1133 1289 1520 1361 liadrianopoli
1575 1296 1791 1362 relicta.
1846 1300 2120 1370 regionem

541 1377 731 1432 Lazari
759 1381 935 1448 petiit.
967 1384 1177 1440 Interea
1207 1390 1357 1441 venit
1385 1385 1604 1444 lnznam
1622 1391 1874 1448 sultanus
1903 1391 2125 1447 Iluclie-

542 1482 731 1534 tnetes.
781 1484 943 1545 atque
990 1477 1060 1530 ibi
1096 1480 1294 1536 castris
1353 1482 1532 1538 locum
1588 1484 1953 1552 tlelepitJon
2006 1485 2122 1541 Alis

540 1563 732 1636 begus,
765 1566 1059 1627 Eurenosis
1087 1571 1209 1643 begi
1267 1573 1438 1638 filius.
1473 1577 1588 1630 suis
1644 1577 1816 1643 copiis
1841 1578 1905 1630 ad
1953 1578 2121 1634 sulta-

539 1676 668 1714 num
698 1661 1093 1718 Mucbemetetn
1123 1665 1353 1721 defecit:
1383 1676 1508 1736 post
1563 1682 1722 1736 quem
1757 1677 1812 1722 et
1863 1667 2117 1735 Michael,

536 1747 726 1806 Jocbzi
764 1753 884 1823 begi
917 1755 1080 1817 ﬁlius.
1117 1772 1247 1812 cum
1277 1759 1453 1813 milite
1481 1773 1578 1812 suo
1602 1760 1668 1813 ad
1705 1760 1958 1814 eumdem
2023 1776 2118 1817 ac-

2230 558 2346 611 Suis
2361 575 2484 611 cum
2511 564 2672 614 rebus
2691 561 2944 630 migrant.
2971 559 3326 629 Posteaquam
3351 560 3418 613 ad
3439 557 3628 611 urbem
3645 557 3806 627 325

2233 649 2572 704 Caramania‘.
2619 652 2790 722 begus
2841 651 3191 712 accessisset.
3241 650 3421 704 Iliases
3471 649 3584 703 arci
3638 655 3806 703 semet

2234 741 2482 795 includit.
2521 742 2640 807 Quo
2674 741 3022 797 Caramanus
3081 741 3485 804 animadverso,
3533 739 3806 794 civitatem

2233 833 2357 903 igne
2383 835 2630 902 subjecto
2657 836 3050 890 concremavit.
3101 834 3232 888 Inde
3254 849 3450 888 versus
3493 849 3673 887 arcem
3715 849 3800 886 eu-

2233 926 2448 980 niculos
2506 942 2665 993 agere
2700 927 2863 998 cepit.
2913 925 3093 984 Ibases
3150 943 3213 981 cx
3274 928 3503 980 adverso
3540 925 3809 978 cuniculis

2231 1017 2348 1071 suis
2375 1018 2439 1070 ad
2476 1017 2715 1072 hostium
2778 1019 3063 1071 cuniculos
3123 1017 3421 1086 perductis.
3477 1027 3530 1068 et
3581 1031 3720 1081 aqua
3754 1015 3808 1068 itt

2231 1123 2327 1162 eos
2356 1107 2619 1169 derivata.
2648 1106 2938 1166 Carauiani
2971 1109 3212 1164 fossores
3258 1110 3418 1175 aquis
3449 1107 3680 1162 obrutos
3710 1123 3809 1160 eit~

2233 1200 2440 1255 stituit.
2472 1201 2690 1254 Interim
2718 1216 2844 1254 vero
2875 1202 3000 1254 dum
3033 1201 3100 1254 ad
3161 1201 3391 1255 Prusant
3439 1216 3524 1253 res
3556 1199 3808 1263 utrinque

2232 1290 2439 1358 geritur
2467 1293 2688 1352 acriter.
2720 1303 2775 1345 et
2831 1295 2964 1347 citra
3009 1291 3477 1347 intermissionem
3505 1335 3519 1356 ,
3565 1291 3807 1359 inopina-

2230 1391 2287 1438 to
2344 1384 2507 1440 Musae
2559 1384 2789 1438 cadaver
2817 1401 2883 1440 eo
2941 1385 3310 1454 deportatum.
3371 1399 3540 1452 prope
3567 1385 3808 1438 tltermas

2231 1487 2586 1532 monumento
2623 1491 2848 1546 paterno
2897 1480 3144 1532 infertur.
3210 1479 3262 1531 ld
3318 1478 3407 1531 tibi
3464 1478 3809 1533 Caramauus

2229 1569 2345 1623 fieri
2378 1569 2529 1634 vidit,
2585 1570 2873 1625 confestim
2922 1571 3085 1626 motis
3112 1573 3332 1636 caStris,
3369 1588 3526 1626 suam
3596 1573 3648 1624 in
3683 1587 3809 1641 pro-

2227 1662 2462 1717 vinciam
2488 1666 2791 1720 exercitum
2829 1667 3076 1720 abduxit.

2299 1756 2606 1812 Seeundem
2665 1756 2778 1812 lucc.
2829 1759 3106 1825 profectus
3152 1774 3182 1811 e
3232 1757 3498 1814 Romania
3557 1763 3808 1816 snltanus

537 1846 728 1900 cessit.
755 1845 820 1901 Et
841 1857 961 1903 erat
1009 1849 1053 1902 is
1089 1848 1255 1905 Musa
1293 1849 1670 1919 beglerbegus.
1727 1851 1932 1907 liorum
1988 1870 2121 1908 con-
2151 1884 2193 1940 Β
2225 1847 2613 1910 Ilucbemetes.
2658 1851 2983 1904 transmisso
3040 1850 3198 1916 freto,
3229 1850 3454 1906 Prusam
3499 1853 3652 1915 adiit.
3705 1852 3808 1906 ibi-

539 1935 788 1991 tirniattts
819 1939 1081 1996 subsidiis
1131 1941 1378 1996 sultanus
1433 1943 1822 2010 ﬂucliemetes,
1882 1946 2115 2002 ulterius

541 2033 833 2098 processit,
863 2041 918 2086 et
968 2030 1415 2105 Hadrianopolim
1439 2039 1613 2094 venit.
1633 2037 1913 2108 Quotquot
1931 2048 2114 2094 autem

540 2120 753 2175 'l'nrcicl
809 2137 1064 2190 proceres
1106 2141 1203 2194 per
1256 2125 1577 2182 Romaniam
1615 2129 1743 2182 hinc
1779 2129 1904 2184 inde
1956 2131 2116 2200 dege-

539 2211 686 2272 bant.
712 2213 952 2269 universi
987 2213 1136 2270 llusa
1161 2216 1398 2282 deserto,
1441 2219 1509 2272 ad
1564 2219 1844 2274 sultanum
1898 2220 2120 2276 Muclus.-

537 2315 733 2359 mctem
763 2322 823 2361 se
881 2308 1252 2364 contulerunt.
1283 2308 1396 2365 Nec
1424 2325 1454 2364 a
1507 2308 1674 2365 Musae
1709 2311 1956 2382 partibus
2017 2313 2115 2368 ulli

540 2413 787 2454 mansere
826 2400 1049 2467 milites.
1089 2413 1286 2472 praeter
1313 2406 1610 2462 Acanzios.
1647 2403 1962 2462 Secundum
1997 2408 2115 2462 lia-c

537 2494 818 2559 digressus
848 2494 1234 2566 Hadrianopoli
1274 2499 1526 2555 sultanus
1555 2499 1945 2562 Mucltemetcs.
2005 2500 2116 2555 Ilu-

538 2603 651 2642 sam
686 2606 712 2642 a
750 2596 901 2656 tergo
959 2594 1210 2662 persequi
1265 2607 1374 2646 non
1432 2592 1616 2658 desiit,
1643 2603 1696 2647 et
1743 2609 1866 2648 cum
1899 2607 1963 2649 eo
1991 2608 2116 2664 pr0«

537 2692 658 2749 pter
693 2682 956 2750 Oppidum
991 2681 1351 2738 Samocovam
1384 2685 1626 2756 praelium
1677 2685 1820 2742 itiiit.
1846 2685 1982 2742 Cum
2020 2702 2118 2742 au-

539 2786 646 2831 tem
681 2777 1137 2832 animadverteret
1189 2779 1363 2838 Musa.
1415 2795 1522 2834 non
1573 2780 1706 2834 satis
1757 2779 1861 2834 sibi
1919 2780 2114 2834 viriunt

538 2884 659 2924 esse
697 2868 764 2923 ad
811 2871 1195 2937 resistendum,
1235 2871 1374 2940 fuga:
1433 2887 1491 2926 se
1545 2873 1714 2936 dedit.
1773 2882 1828 2929 et
1886 2872 2117 2942 fugienti

539 2972 712 3028 equus
750 2959 801 3012 in
854 2959 1184 3028 profundunt
1240 2975 1457 3016 caenum
1492 2967 1781 3033 prolapsus
1832 2965 1953 3020 fuit.
1987 2965 2119 3021 Erat

539 3052 588 3104 ei
623 3051 856 3105 famulus
877 3052 1121 3122 quidam.
1148 3054 1376 3108 vestium
1415 3063 1617 3119 sartor.
1649 3063 1705 3111 et
1754 3056 1973 3112 servilis
2017 3056 2118 3111 ho-

541 3159 628 3195 mo
671 3144 1021 3210 conditionis.
1075 3146 1158 3200 cui
1221 3162 1421 3202 nomen
1477 3144 1766 3204 Sarudzes.
1821 3147 1920 3204 llic
1973 3165 2116 3218 equo

2219 1953 2325 2010 que
2378 1939 2678 2008 niajOribus
2728 1944 2935 1996 coactis
2988 1943 3182 2009 copiis.
3245 1955 3299 1998 et
3363 1945 3635 2014 adjunctis
3701 1944 3803 2000 sibi

2218 2030 2434 2085 duobus
2459 2033 2509 2085 in
2537 2031 2658 2086 belli
2697 2036 3012 2090 societatem
3075 2038 3428 2106 principibus,
3491 2037 3806 2092 lsvendiare

2219 2124 2492 2188 videlicet.
2523 2141 2587 2180 ac
2624 2124 2900 2182 Germiani
2932 2128 3190 2195 domino;
3241 2145 3364 2184 cum
3407 2131 3486 2185 eis
3538 2129 3804 2184 adversus

2218 2216 2586 2274 Caralitanum
2674 2219 3078 2290 expeditionem
3161 2223 3431 2289 suscepit.
3522 2223 3803 2290 Ingressus

2219 2322 2398 2366 autem
2425 2312 2720 2368 Caramani
2740 2313 3031 2377 ditionem.
3058 2328 3181 2367 mox
3213 2313 3475 2383 oppidum
3501 2313 3802 2368 Varsacnm

2219 2404 2454 2473 subegit.
2485 2403 2682 2458 incolis
2735 2405 2941 2474 absque
2987 2421 3139 2460 mora
3194 2406 3518 2461 deditionem
3553 2405 3805 2460 facienti-

2219 2495 2342 2550 bus.
2373 2493 2506 2550 lnde
2525 2494 2752 2551 Coniam
2771 2512 2897 2551 cum
2927 2499 3171 2552 exercitu
3198 2499 3502 2560 contendit.
3559 2498 3651 2552 ubi
3677 2515 3801 2552 cum

2219 2592 2475 2662 princeps
2542 2593 2696 2647 urbis
2746 2594 2798 2647 ei
2853 2596 2969 2649 suis
3031 2609 3154 2648 cum
3211 2595 3388 2663 copiis
3436 2603 3799 2656 occurreret,

2221 2683 2479 2754 praelium
2513 2690 2652 2740 inter
2681 2700 2740 2741 se
2793 2688 3212 2752 comitiiseruttt,
3250 2702 3362 2755 quo
3403 2688 3650 2740 sultauus
3681 2685 3796 2739 Mue

2221 2781 2499 2835 chemetes
2529 2781 2781 2848 superior
2811 2780 2930 2844 fuit.
2977 2791 3030 2834 et
3076 2779 3421 2836 Caramauus
3451 2797 3576 2834 cum
3609 2797 3803 2848 supre-

2221 2886 2309 2926 Ino
2339 2871 2620 2940 cupiarum
2651 2888 2878 2928 auarum
2919 2874 3077 2936 duce.
3135 2873 3352 2927 Zebneo
3394 2874 3704 2943 llustapba.
3750 2877 3800 2927 in

2221 2963 2458 3018 hostium
2511 2973 2834 3033 potestatem
2892 2967 3054 3020 venit.
3130 2965 3311 3020 Multis
3365 2967 3512 3021 ultro
3558 2967 3803 3036 citroque

2220 3054 2510 3123 colloquiis
2549 3055 2771 3120 habitis.
2820 3056 3038 3112 tandem
3089 3060 3452 3127 conipositum
3494 3060 3592 3112 fuit
3640 3061 3802 3112 dissi-

2222 3148 2396 3214 dium,
2430 3159 2482 3204 et
2517 3161 2700 3204 mutua
2732 3152 3085 3206 reconciliata
3114 3163 3320 3221 gratia:
3375 3155 3467 3207 sed
3493 3156 3561 3207 ita
3596 3163 3801 3214 tamen.

538 3236 764 3299 domini.
793 3237 870 3293 sic
898 3238 1049 3293 liunii
1083 3248 1376 3309 prostrato.
1431 3242 1684 3296 tendines
1733 3241 1946 3306 incidit,
1981 3257 2110 3313 cap~
2136 3231 2183 3295 (Ξ
2216 3251 2277 3296 ut
2297 3241 2636 3298 Caralitanus
2665 3244 2882 3298 sultano
2921 3243 3246 3299 Muelteiueti
3275 3247 3447 3301 tribus
3491 3246 3728 3317 oppidis.
3750 3258 3803 3301 νε

537 3341 762 3401 tumque
786 3332 1070 3386 dominum
1115 3348 1273 3388 suum
1308 3332 1524 3390 liusam
1569 3335 1639 3390 ad
1681 3335 1959 3391 sultanutn
1991 3336 2110 3391 Mu-

535 3425 833 3481 cliemetetn
856 3425 1104 3480 adduxit.
1154 3426 1265 3481 Sub
1294 3424 1513 3482 initium
1540 3429 1717 3483 noctis
1765 3429 1819 3481 in
1872 3426 2109 3483 tentorio

533 3525 768 3592 quodam
819 3523 966 3577 Musa
1029 3524 1425 3595 strangulatus.
1493 3524 1678 3579 statim
1750 3523 1940 3579 eadem
2005 3535 2110 3576 uo-

534 3624 620 3668 cte
700 3613 928 3670 Prusam
994 3617 1150 3669 avelii
1227 3615 1418 3684 jussus
1469 3625 1574 3683 est,
1633 3626 1692 3670 ut
1739 3617 1866 3671 istic
1930 3618 1984 3670 in
2018 3620 2107 3676 avi

535 3718 891 3762 monumento
912 3709 1258 3764 conderetur.
1307 3709 1599 3778 Imperavit
1645 3712 1804 3768 annis
1833 3713 2006 3769 tribus
2053 3727 2108 3773 et

533 3797 781 3852 dimidio.
835 3798 1218 3853 Mecbemetem
1273 3800 1494 3868 begum.
1547 3798 1828 3858 Michaelis
1910 3803 2104 3871 filium,

531 3892 622 3961 qui
649 3893 1012 3946 Acanziorunt
1047 3891 1154 3946 dux
1178 3900 1292 3947 erat
1325 3892 1381 3947 in
1421 3894 1668 3951 exercitu
1715 3893 1903 3958 Musas.
1936 3899 2108 3970 capti-

533 4000 656 4035 vum
721 3983 971 4039 sultanus
1029 3983 1396 4039 Mucltemetes
1459 3987 1526 4040 ad
1587 3987 1777 4042 urbem
1839 3988 2104 4046 Tocatam

531 4078 827 4144 deportari.
855 4085 910 4131 et
944 4075 1142 4130 ibidem
1169 4076 1439 4132 custodiri
1493 4080 1768 4150 praecepit.
1837 4081 2108 4138 Samobuo

530 4184 765 4236 merere
799 4170 991 4234 filium.
1021 4170 1111 4235 qui
1149 4170 1329 4222 oﬂicio
1369 4171 1727 4228 cadilesclieri
1753 4173 2104 4247 fungebatur,

529 4280 650 4314 cum
680 4263 942 4318 tixnribus
965 4275 1020 4317 et
1045 4264 1231 4319 liberis
1262 4264 1498 4320 Isnicam
1536 4267 1702 4336 jussit
1727 4268 1948 4334 abduci.
2011 4272 2104 4327 ubi

531 4353 679 4406 mille
731 4367 1019 4419 asprorum
1073 4368 1343 4408 annonam
1393 4354 1444 4409 ei
1493 4355 1741 4425 singulos
1785 4360 1838 4414 itt
1890 4376 2107 4416 nienses

530 4447 846 4514 assignavit.
885 4446 1134 4502 Peditum
1173 4447 1338 4502 Musae
1365 4448 1473 4503 dux
1507 4447 1562 4502 in
1594 4447 1910 4506 Valacliiaut
1941 4453 2105 4508 aufu-

2215 3333 2307 3388 uni
2363 3345 2547 3390 castro
2603 3336 2844 3392 cederet.
2909 3336 3152 3404 Quorum
3217 3337 3461 3392 locorum
3526 3339 3801 3393 deditione.

2211 3426 2377 3492 facta.
2407 3427 2648 3483 vicissim
2679 3427 3052 3484 Muclietnetes
3082 3429 3450 3483 Caramauum
3478 3433 3804 3486 muneribus

2211 3519 2614 3582 coltonestavit.
2650 3529 2705 3575 ct
2731 3520 2970 3575 libertati
2997 3521 3310 3576 restitutum
3351 3536 3508 3574 suam
3563 3522 3617 3574 iu
3669 3536 3799 3586 pro-

2212 3610 2445 3665 vinciam
2471 3611 2702 3666 remisit.
2733 3612 3100 3668 Httcbemetes
3122 3613 3238 3682 ipse
3265 3614 3492 3667 Prusam
3517 3629 3796 3676 reversus.

2209 3719 2320 3759 non
2348 3704 2440 3759 diu
2476 3704 2598 3760 istic
2633 3705 2830 3761 hmsit:
2882 3707 2977 3760 sed
3011 3706 3111 3760 iter
3159 3718 3378 3776 ceptum
3433 3722 3800 3776 prosequens.

2209 3805 2363 3854 trans
2405 3799 2604 3854 fretum
2655 3797 3098 3868 HadrianOpolitu
3155 3801 3484 3870 properavit.
3542 3811 3600 3854 ut
3655 3801 3806 3855 bello

2208 3887 2482 3948 Valacbos
2506 3893 2809 3948 invaderet.
2855 3893 2910 3947 ln
2946 3893 2995 3947 id
3055 3892 3258 3948 bellum
3287 3904 3340 3946 et
3387 3909 3414 3947 a
3469 3893 3794 3951 Caramano.

2207 3992 2265 4038 et
2297 3985 2366 4038 ab
2398 3983 2713 4041 Isvendiare
2751 3987 2889 4055 bego
2944 3987 3132 4056 copias
3179 3987 3478 4042 auxiliares
3539 3989 3798 4053 impetra-

2214 4076 2325 4129 vit:
2363 4078 2562 4143 quibus
2595 4078 2660 4131 ad
2714 4093 2842 4131 suae
2890 4078 3183 4145 adiunctis.
3219 4077 3271 4130 in
3305 4077 3514 4131 hostem
3544 4090 3799 4145 progres-

2209 4185 2326 4233 sus,
2359 4169 2426 4223 ad
2476 4169 2781 4223 Danubium
2842 4179 3022 4223 castra
3084 4169 3319 4228 locavit;
3370 4169 3459 4223 tibi
3508 4168 3636 4221 dum
3675 4183 3799 4221 eas-

2209 4262 2399 4315 tellutn
2461 4271 2790 4322 exstrueret.
2849 4275 3103 4330 magnam
3172 4276 3400 4316 suorum
3458 4276 3675 4314 manum
3735 4276 3793 4314 "ta

2209 4349 2525 4409 Valaeltiam
2576 4363 2731 4408 trans
2780 4354 2976 4407 flumen
3016 4353 3261 4414 iuiniisit.
3309 4361 3366 4407 ut
3417 4353 3616 4422 pranlis
3657 4353 3796 4406 actis

2209 4461 2328 4499 eam
2351 4445 2833 4514 depopularentur.
2869 4445 3068 4500 Milites
3104 4462 3132 4497 c
3162 4443 3422 4500 Valacbia
3450 4445 3605 4508 salvi.
3645 4443 3805 4520 nullo

529 4542 624 4611 git.
661 4540 773 4595 Hoc
806 4541 968 4594 modo
997 4540 1304 4595 'I‘urcorum
1361 4541 1656 4611 imperator
1709 4543 1884 4600 factus
1931 4549 2105 4603 sulta-
2133 4575 2180 4631 υ
2211 4547 2436 4606 accepto
2459 4537 2814 4600 detrimento.
2841 4547 2995 4592 trans
3019 4537 3356 4598 Danubium.
3394 4537 3645 4591 maximis
3698 4551 3796 4589 au-

531 4647 630 4685 nus
663 4630 1047 4695 Ilucbemetes.
1078 4633 1331 4688 universa
1389 4634 1615 4690 subacta
1640 4634 1910 4694 Romania
1957 4654 2105 4696 anno

527 4722 630 4778 8I6
657 4723 808 4793 (libr.
849 4723 1028 4790 tm).

598 4816 741 4870 Iuito
779 4831 969 4884 regno,
1005 4817 1211 4885 legatos
1240 4814 1304 4871 ad
1337 4832 1530 4872 omnes
1564 4817 1666 4872 sibi
1705 4818 1912 4875 vicinos
1947 4820 2104 4890 prin-

528 4911 678 4979 cipes
705 4911 876 4970 misit.
909 4924 973 4963 ac
1021 4910 1169 4978 pacis
1213 4921 1267 4964 et
1315 4911 1577 4966 amicitiai
1617 4909 1820 4967 ftedera
1863 4929 1986 4968 cutn
2022 4916 2106 4971 eis

529 5000 750 5071 pepigit.
802 4999 1012 5056 Interea
1046 5015 1197 5065 vero.
1223 4998 1352 5054 dum
1385 5000 1564 5055 adbuc
1599 4999 1749 5055 Musa
1788 4999 2101 5058 Muebeme—

528 5103 715 5161 tesque
747 5091 888 5146 bello
917 5099 1090 5146 semet
1113 5091 1343 5146 invicem
1374 5091 1427 5146 in
1459 5090 1781 5147 Iloznaniant
1808 5109 2104 5163 perseque-

529 5187 760 5238 bantur:
797 5182 1135 5237 Caramanitn
1192 5183 1445 5253 princeps
1507 5183 1733 5238 I’rusam
1794 5186 2100 5239 exercitum

526 5278 767 5331 adduxit.
810 5276 936 5345 Ejus
986 5277 1346 5344 expeditionis
1402 5291 1622 5331 rumore
1655 5274 1724 5329 ad
1771 5292 1830 5332 se
1869 5277 2097 5346 perlato,

527 5369 709 5424 lbases
743 5369 921 5426 fuisse.
955 5371 1048 5438 qui
1075 5379 1188 5421 tum
1223 5366 1406 5422 Prusae
1461 5384 1585 5421 cum
1635 5367 1809 5423 bassa-
1869 5369 2098 5439 imperio

525 5469 776 5525 praeerat,
805 5458 1081 5512 arcessitis
1108 5459 1173 5510 ad
1197 5473 1255 5512 se
1284 5456 1520 5511 Pruszeis
1558 5458 1793 5518 civibus.
1839 5458 1916 5513 uti
1971 5475 2094 5514 cum

525 5549 604 5600 eis
655 5547 722 5600 de
777 5548 1081 5602 imminenti
1140 5548 1280 5605 bello
1342 5550 1702 5606 deliberaret:
1759 5551 2098 5606 Caramania-

527 5639 802 5708 princeps.
836 5640 932 5701 ait.
987 5656 1134 5694 arma
1191 5643 1352 5710 cepit.
1390 5654 1448 5694 ut
1495 5657 1595 5696 nos
1645 5642 1934 5712 opprimat.
1993 5641 2097 5697 Vos

524 5745 744 5798 operam
773 5735 922 5793 date.
953 5741 1013 5785 ut
1047 5731 1112 5784 ad
1134 5733 1509 5801 excipiendam
1549 5733 1693 5788 iliitzs
1717 5733 1847 5794 vim.
1882 5735 2092 5788 instru-

525 5823 598 5877 cli
620 5825 758 5888 sitis.
783 5835 976 5883 etcum
1015 5823 1366 5882 facultatibus
1440 5828 1632 5883 \cstris
1679 5827 1730 5881 in
1765 5841 1946 5883 arcctu
1997 5841 2096 5881 vos

2209 4629 2280 4684 eti
2333 4630 2547 4700 spoliis.
2593 4630 2819 4686 rediere.
2861 4630 3015 4695 Quod
3072 4646 3196 4681 cum
3263 4630 3502 4699 regionis
3562 4630 3796 4683 voivoda

2207 4733 2477 4786 cerneret.
2523 4722 2669 4776 aliud
2730 4723 2879 4790 quod
2939 4733 3120 4790 ageret
3173 4722 3306 4775 niltil
3361 4721 3571 4782 habuit.
3625 4736 3791 4790 quam

2208 4821 2265 4868 ut
2289 4829 2421 4885 pace
2455 4829 2579 4869 cum
2605 4816 2828 4869 sultano
2860 4815 3185 4882 composita,
3238 4815 3537 4883 quotannis
3595 4830 3654 4866 se
3694 4813 3794 4866 tri-

2206 4906 2396 4962 butum
2471 4906 2771 4961 missurum
2831 4907 3202 4975 polliceretur.
3239 4921 3414 4976 eoque
3466 4908 3683 4960 nomine.
3724 4909 3792 4959 ti-

2207 5000 2338 5053 lium
2371 4999 2523 5056 daret
2557 5000 2826 5054 obsidem.
2872 5001 3081 5066 Quibus
3115 4999 3275 5054 rebus
3307 5001 3496 5070 gestis.
3557 5000 3786 5054 Prusaiu

2206 5093 2573 5148 Mttchemetes
2625 5093 2858 5160 repetiit.
2896 5103 2948 5147 ct
3003 5093 3131 5146 inde
3182 5091 3370 5160 cupias
3407 5095 3472 5145 ad
3522 5094 3781 5162 oppidum

2203 5183 2349 5255 quod
2372 5183 2650 5238 Ssmsouis
2689 5184 2910 5249 dicitur,
2962 5184 3238 5238 traduxit:
3280 5199 3390 5253 quo
3417 5185 3636 5251 quidem
3690 5199 3783 5238 oc-

2202 5284 2421 5343 cupato.
2455 5278 2761 5345 complures
2804 5278 2855 5328 iu
2888 5275 2956 5329 iis
2997 5276 3128 5330 locis
3167 5274 3420 5334 Tataros.
3475 5291 3503 5328 a
3563 5275 3782 5328 Temire

2201 5369 2390 5422 (lbane
2422 5369 2662 5427 relictos.
2726 5369 2952 5421 invenit.
2993 5365 3099 5419 llos
3133 5366 3314 5422 edicto
3373 5367 3666 5435 publicato.
3724 5367 3777 5420 in

2202 5457 2522 5514 [inmanium
2557 5460 2785 5526 migrare.
2815 5458 3014 5526 jussit:
3067 5467 3122 5512 et
3165 5459 3465 5512 ditinncula
3511 5459 3771 5527 quadam.

2203 5554 2345 5607 baud
2373 5553 2559 5621 procul
2589 5569 2617 5605 a
2653 5563 2837 5606 castro
2872 5551 3114 5612 Cunnza.
3137 5551 3379 5609 donavit.
3407 5561 3464 5603 ut
3505 5551 3574 5604 ibi
3606 5550 3784 5604 donti-

2199 5643 2326 5695 cilia
2377 5641 2478 5698 sibi
2501 5643 2916 5696 constituerent.
2959 5639 3082 5696 Erat
3131 5641 3276 5695 enim
3331 5641 3375 5694 is
3408 5642 3558 5696 locus
3604 5641 3785 5694 incul-

2199 5745 2289 5791 tus
2317 5746 2369 5790 et
2391 5737 2658 5792 desertus.
2697 5737 2869 5804 Atque
2893 5735 2977 5787 ilia
3010 5735 3229 5803 quidem
3253 5734 3452 5788 vicinia
3508 5742 3558 5785 et
3624 5731 3772 5799 regio

2202 5829 2255 5882 in
2288 5827 2428 5887 liuuc
2454 5830 2672 5884 modum
2700 5827 2923 5882 'I‘alaros
2949 5827 3151 5896 ειτςιρίιίι
3184 5825 3411 5888 incolas.
3442 5823 3530 5892 qui
3560 5838 3676 5879 Cdlll
3713 5821 3770 5876 in
