4212 6288
416 209 521 269 503

1682 211 2035 274 ANNALES
2072 213 2409 275 TURClCl.

3601 205 3707 269 (illi

422 329 748 385 hodiernum
799 344 973 400 usque
1024 330 1168 387 diem
1239 332 1542 401 possident.
1612 332 1826 388 Interea
1893 333 2023 388 dum
2054 341 2098 399 Α
2130 331 2324 386 Serras
2368 331 2433 384 ad
2467 330 2745 384 sultanum
2772 327 3168 382 Mucbemetem
3199 325 3559 382 adduxerunt.
3588 327 3715 384 Erat

422 422 510 477 his
545 421 706 477 rebus
741 420 986 478 intentus
1014 434 1133 481 erat
1192 425 1587 489 Muchemetes,
1648 430 1700 479 in
1758 427 2009 481 Anatolia

421 514 618 572 seditio
638 516 885 584 quadam
908 527 1099 572 coorta
1125 518 1247 583 fuit,
1290 528 1516 573 auclore
1565 520 1835 587 Burgluze
1888 518 2011 572 Mu-

423 608 642 676 slaplta,
668 608 762 678 qui
791 608 1081 663 Scheichis
1118 608 1434 663 Bedrediuis
1460 609 1739 678 quondam
1790 624 2013 665 (Econo-

425 714 550 753 ntus
591 699 791 755 fuerat.
830 700 895 755 Et
942 700 1226 756 selteichcs
1258 702 1347 755 ille
1380 702 1734 766 Bedredines,
1799 701 1883 755 uti
1919 717 2013 757 su-

424 810 525 864 pra
576 794 856 860 diximus,
919 796 1062 865 apud
1130 795 1336 849 Musam
1395 796 1756 851 cadilescheri
1815 811 2014 850 munus

425 896 693 952 gesserat,
723 887 915 941 lsnica:
946 886 1206 956 deinceps
1226 888 1484 945 exsulare
1524 889 1735 957 jussus.
1768 886 1868 943 llic
1926 904 2015 941 er-

428 994 496 1047 go
545 976 862 1048 Ilustaphas
922 979 976 1032 in
1027 995 1218 1048 agrum
1292 981 1652 1035 Aidinensem
1716 981 2013 1050 profectus,

429 1085 682 1141 magnam
710 1070 786 1125 ibi
814 1072 1137 1127 seditionem
1170 1073 1460 1127 excitavit:
1496 1073 1774 1143 persuas's
1823 1073 2016 1127 incolis

429 1169 487 1213 ut
515 1161 687 1229 ipsius
742 1165 993 1230 potestati
1045 1180 1106 1219 se
1153 1165 1557 1235 permitterent,
1619 1174 1672 1220 et
1724 1165 2013 1234 imperium

430 1251 681 1308 lubentes
715 1256 1066 1324 accipereut:
1104 1272 1297 1311 nomen
1324 1257 1539 1312 interim
1562 1256 1843 1325 propheta:
1865 1271 2018 1310 men-

428 1344 585 1407 titus,
615 1355 673 1399 ut
700 1362 765 1400 eo
791 1347 1006 1401 facilius
1032 1365 1120 1403 res
1153 1364 1321 1403 novas
1345 1348 1654 1403 moliretur.
1692 1349 1792 1403 Ubi
1822 1350 1889 1404 de
1917 1350 2018 1402 hoc

430 1448 582 1493 mutu
665 1437 855 1495 lsnicm
931 1442 1216 1496 scheicbes
1298 1441 1629 1497 Bedredines
1694 1442 2014 1509 accepisset,

431 1531 705 1585 (economi
733 1532 980 1585 videlicet
1008 1533 1091 1585 sui
1125 1548 1209 1587 res
1229 1542 1443 1587 tantum
1480 1533 1806 1586 incrementi
1834 1546 2019 1585 sume-

432 1636 526 1675 rc:
556 1636 675 1674 mox
705 1622 880 1677 lsnica
914 1623 1102 1677 relicta
1136 1624 1317 1695 fugam
1340 1626 1590 1693 arripuit,
1627 1637 1681 1678 et
1746 1622 2017 1677 lsventlia—

2124 428 2267 496 apud
2291 427 2568 479 Sullanum
2599 440 2810 492 magna:
2840 422 3064 490 quidam
3107 422 3371 477 doctrinae
3398 422 3501 485 vir,
3537 426 3715 476 nomi-

2120 535 2186 572 ne
2213 518 2456 572 Meuiana
2484 516 2742 577 Cbeider.
2780 517 3055 570 oriundus
3098 530 3130 569 e
3157 514 3398 577 Parthia,
3449 516 3589 569 unde
3655 529 3716 589 se

2122 612 2188 663 ad
2228 608 2626 662 Muchemetetn
2663 606 2993 670 contulerat,
3045 607 3139 674 qui
3170 621 3304 661 eum
3327 620 3427 675 pro
3444 606 3562 660 viro
3592 621 3715 660 san-

2119 712 2208 755 cto
2233 701 2466 765 colebat,
2490 708 2546 754 et
2586 716 2617 753 a
2653 697 2822 754 latere
2844 713 2946 754 suo
2974 713 3252 761 nunquam
3287 698 3567 754 discedere
3618 714 3717 769 pa-

2122 793 2382 846 tiebatur.
2420 790 2469 849 ls
2496 791 2642 845 hanc
2665 791 2995 846 sentemiam
3021 790 3170 855 tulit,
3199 791 3469 859 utcapitis
3496 791 3714 861 quidem

2122 885 2448 955 supplicium
2498 884 2784 939 scheiches
2810 881 3146 938 Bedredines
3177 884 3379 947 lueret,
3411 884 3504 938 sed
3556 885 3718 937 mitti-

2126 995 2212 1032 me
2265 988 2448 1031 tamen
2528 977 2662 1041 fisco
2727 976 3012 1031 facultates
3061 976 3238 1045 ipsius
3291 976 3713 1046 applicarentur.

2128 1070 2388 1126 Sullanus
2408 1084 2542 1137 ergo
2574 1069 2971 1126 Mucbemetes.
2994 1069 3096 1123 bac
3121 1068 3176 1123 in
3208 1084 3333 1123 eum
3366 1069 3472 1123 lata
3499 1079 3716 1124 senten-

2125 1166 2222 1227 tia,
2250 1178 2409 1233 pteua
2435 1162 2717 1233 suspendii
2758 1164 2906 1231 apud
2932 1161 3126 1217 Serras
3176 1162 3453 1216 hominem
3511 1161 3715 1218 aﬂ'ecit.

2124 1257 2321 1313 Postea
2351 1270 2501 1321 vero,
2560 1268 2727 1325 quam
2781 1256 3140 1325 exspirasset.
3200 1253 3435 1310 cadaver
3491 1253 3615 1323 ejus
3648 1254 3718 1308 de

2125 1347 2371 1419 patibulo
2402 1348 2713 1403 detractum
2771 1355 2824 1402 ct
2858 1355 3015 1401 terra:
3041 1346 3356 1401 mandatum
3412 1345 3535 1401 fuit.
3586 1348 3716 1401 lude

2126 1441 2378 1495 sultanus
2410 1439 2777 1495 Mucbemetes
2804 1437 3036 1494 Prusam
3085 1452 3362 1505 reversus,
3392 1438 3459 1493 ad
3490 1438 3714 1508 aliquo'l

2130 1532 2203 1585 ibi
2230 1542 2448 1601 tempus
2478 1533 2747 1587 substitit.
2780 1531 3169 1602 Hadrianopoli
3228 1532 3512 1601 templum,
3565 1532 3712 1600 quol

2130 1624 2297 1678 frater
2320 1625 2442 1693 ejus
2473 1626 2611 1679 emir
2635 1624 2974 1679 Soleimanes
2994 1632 3282 1679 exstruere
3326 1634 3589 1694 coeperat,
3623 1624 3719 1678 ab-

432 1730 549 1770 rem
582 1717 739 1774 adiit.
774 1720 927 1788 Apud
954 1719 1100 1773 hunc
1128 1736 1253 1773 cum
1296 1721 1613 1791 aliquandiu
1655 1721 2013 1780 substitisset,
2053 1700 2094 1752 Β
2126 1712 2264 1765 Solvi
2291 1714 2526 1766 curarit.
2556 1714 2715 1769 Aliud
2740 1714 2905 1767 etiam
2930 1712 3121 1768 Prusa
3154 1712 3367 1775 fanum.
3399 1730 3524 1769 cum
3555 1716 3719 1770 solum

436 1808 618 1861 navim
674 1810 1015 1872 consceniit,
1042 1820 1097 1864 et
1142 1811 1337 1864 itinere
1390 1812 1667 1865 maritimo
1702 1808 2015 1864 Vaiachiam

435 1897 611 1963 petiit.
633 1898 896 1955 Sullanus
930 1912 1112 1956 autem
1174 1901 1544 1959 Mucbemetes
1600 1903 1877 1958 intellecto
1923 1903 2020 1956 ha-

434 1989 567 2043 bere
606 1990 716 2058 jam
755 1991 1080 2063 Burgluzam
1118 1993 1460 2063 Mustapbam
1496 1994 1822 2050 selectorum
1872 1994 2022 2048 mili-

434 2093 550 2137 tum
580 2084 644 2135 ad
671 2084 774 2138 tria
801 2084 995 2145 millia.
1026 2087 1215 2155 copias
1239 2102 1368 2139 suas
1412 2087 1468 2140 in
1514 2102 1663 2152 eum,
1691 2088 1829 2140 duce
1852 2089 2023 2141 sulta-

438 2192 511 2230 no
541 2176 748 2231 llurate
796 2178 926 2245 lilio,
957 2166 1128 2236 misit.
1163 2180 1212 2233 ls
1251 2180 1339 2233 ubi
1377 2178 1617 2247 Bajazite
1674 2179 1834 2233 bassa
1862 2194 2025 2248 cxpe-

437 2272 664 2327 ditionis
702 2275 875 2336 socio,
906 2289 1035 2329 eum
1070 2275 1317 2328 exercitu
1365 2274 1431 2327 ad
1463 2272 1791 2329 defectionis
1837 2281 2027 2329 aucto-

442 2378 555 2415 rem
585 2366 944 2432 pervenisset,
1002 2365 1204 2420 accidit
1259 2375 1319 2419 ut
1359 2365 1567 2434 impetu
1638 2365 1926 2434 repentino
1967 2380 2028 2421 se

440 2454 671 2511 invicem
706 2457 1047 2518 invaderent,
1067 2466 1123 2511 et
1158 2473 1351 2511 manus
1377 2465 1491 2511 tam
1544 2458 1790 2512 animose
1834 2473 2029 2513 conse-

443 2557 649 2611 rerent,
681 2557 741 2603 ut
772 2548 865 2603 illo
916 2547 1104 2617 praelia
1170 2549 1361 2618 ingens
1403 2550 1686 2604 hominum
1739 2549 2030 2604 multitudo

441 2642 679 2696 caderet.
707 2640 948 2696 Tandem
1010 2641 1309 2710 Burgluzes
1351 2641 1689 2712 Mustaphas,
1748 2643 1803 2697 in
1856 2641 2030 2697 frusta

442 2735 701 2790 concisus
762 2736 944 2806 periit.
980 2736 1091 2789 liae
1128 2738 1196 2790 de
1244 2737 1357 2794 illo.
1407 2747 1460 2790 et
1493 2737 1875 2806 complicibus,
1939 2740 2032 2792 ob—

444 2837 593 2882 lenta
643 2830 872 2884 victoria
896 2869 912 2890 .
943 2830 1104 2884 rediit
1160 2830 1227 2883 ad
1267 2831 1558 2898 pristinum
1601 2832 1894 2901 imperium
1918 2847 2034 2885 om-

447 2922 534 2974 nis
556 2935 619 2973 ea
670 2920 829 2985 ditio,
864 2922 1156 2976 distributa
1191 2923 1453 2993 deinceps
1484 2924 1627 2978 inter
1651 2924 1854 2978 sultani
1912 2925 2033 2978 Mu-

2123 1804 2171 1857 la
2195 1812 2249 1858 et
2306 1820 2543 1871 xenonc,
2583 1804 2853 1859 condidit.
2906 1806 3081 1874 Atque
3106 1804 3259 1860 hisce
3305 1807 3469 1876 gestis
3531 1806 3717 1869 rebus,

2123 1897 2337 1952 vivendi
2378 1899 2538 1952 linem
2593 1898 2748 1953 fecit.
2796 1897 2929 1969 Ejus
2988 1900 3110 1953 loco
3168 1898 3424 1954 sultanus
3481 1900 3719 1953 Murates

2124 1988 2573 2057 liliusimperator
2592 1989 2773 2045 factus
2801 2002 2907 2056 est,
2934 2006 3077 2045 anno
3098 1990 3203 2045 821
3226 1991 3377 2062 (Chr.
3401 1992 3584 2059 142⁵2).
3616 1994 3718 2059 Qui

2124 2082 2310 2139 Prusae
2326 2084 2557 2139 cadaver
2579 2085 2748 2153 patris
2769 2096 3146 2154 monumento,
3191 2098 3289 2156 pro
3306 2103 3481 2150 more,
3509 2088 3719 2145 intulit.

2198 2176 2512 2231 Secundum
2550 2179 2662 2232 hac
2689 2189 2875 2234 secuta
2911 2178 3013 2232 fuit
3041 2187 3423 2235 universorum
3464 2183 3517 2235 in
3570 2186 3719 2237 Ana-

2128 2270 2259 2323 tolia
2290 2270 2549 2334 defectio,
2583 2270 2850 2325 nimirum
2877 2271 3099 2341 lsmyr.e
3134 2275 3419 2344 principis,
3462 2286 3515 2330 et
3570 2275 3717 2331 Men-

2130 2362 2293 2416 tbesii
2324 2379 2338 2414 :
2372 2373 2427 2416 et
2466 2362 2531 2416 ad
2564 2378 2839 2419 summam
2864 2405 2880 2426 ,
2935 2365 3180 2419 omnium
3235 2367 3304 2421 ab
3359 2368 3509 2423 omni
3569 2380 3724 2437 parte

2133 2469 2443 2523 procerum.
2510 2451 2567 2507 lu
2624 2455 2893 2510 Bouiania
2958 2472 3195 2525 namque
3239 2473 3338 2527 pro
3395 2459 3614 2514 sultano
3662 2473 3723 2514 se

2135 2547 2362 2614 quidam
2401 2549 2646 2616 gerebat,
2680 2549 2766 2601 cui
2836 2563 3036 2602 nomen
3100 2548 3333 2604 Dusmes
3383 2550 3718 2621 Mustaphas.

2137 2640 2187 2693 ls
2253 2639 2422 2692 lilium
2489 2654 2547 2695 se
2582 2639 2897 2695 Gilderuuis
2944 2640 3159 2695 Chattis
3230 2642 3609 2710 proﬁtebatur.
3667 2652 3724 2696 et

2137 2732 2459 2801 plerumque
2524 2734 2738 2788 solebat
2795 2734 2847 2786 in
2930 2735 3134 2802 oppido
3181 2733 3447 2789 Vardario
3496 2736 3718 2803 degere.

2138 2823 2499 2879 Transierunt
2535 2823 2587 2877 in
2617 2831 2799 2892 partes
2829 2825 3005 2894 ipsius
3036 2825 3203 2880 etiam
3266 2842 3520 2894 proceres
3589 2829 3717 2898 qui-

2140 2915 2262 2969 dam
2296 2915 2415 2980 ejus
2444 2913 2690 2979 familiae,
2713 2931 2854 2986 quos
2910 2914 3223 2973 Eusenoscs
3284 2918 3452 2990 begos
3505 2933 3724 2975 vocant.

444 3012 711 3067 cltcmetis
737 3012 960 3068 milites.
1011 3012 1106 3069 llis
1132 3015 1297 3069 rebus
1345 3016 1533 3084 gestis.
1573 3015 1840 3086 Bajazites
1873 3017 2031 3072 bassa

2144 3006 2345 3060 llorum
2370 3007 2633 3062 subsidiis
2661 3007 2907 3077 adjutus,
2935 3008 3131 3065 Serras
3152 3012 3409 3067 obsedit:
3434 3026 3554 3083 qure
3600 3014 3726 3082 qui-

447 3119 573 3156 cum
603 3104 822 3158 sultano
869 3104 1077 3159 Murate
1116 3103 1410 3160 Hanissam
1466 3107 1622 3160 duxit
1683 3107 2028 3163 exercitum:

448 3213 560 3264 quo
586 3196 707 3264 ipso
725 3196 892 3253 etiam
943 3197 998 3251 in
1028 3198 1147 3251 loco
1177 3198 1401 3268 quidam
1426 3208 1544 3253 erat
1596 3198 1758 3252 homo
1813 3197 2038 3254 seditio-

450 3304 569 3355 sus,
596 3288 855 3346 Torlaces
908 3288 1253 3360 Huggiemal,
1282 3292 1519 3360 stipatus
1572 3292 1656 3346 bis
1688 3290 1835 3346 mille
1881 3292 2038 3354 viris.

450 3383 545 3448 qui
574 3398 698 3435 eum
724 3382 1097 3438 sectabantur.
1133 3382 1245 3438 Hos
1269 3398 1393 3438 cum
1450 3382 1720 3451 Bajazites
1750 3394 2037 3440 assecutus

456 3473 670 3539 luisset,
697 3484 843 3543 terga
872 3474 1002 3528 dare
1023 3475 1220 3545 coegit,
1268 3484 1323 3528 et
1354 3474 1531 3543 ipsum
1585 3473 1869 3535 Torlacem
1913 3492 2037 3531 cum

453 3563 578 3617 aliis
608 3564 814 3633 aliquot
840 3565 1145 3631 coniuratis
1194 3573 1437 3633 captum,
1484 3564 1685 3620 ibidem
1741 3568 2041 3636 suspendio

455 3653 641 3709 necari
669 3654 853 3723 jussit.
912 3653 1135 3709 Interim
1198 3655 1477 3724 profectus
1542 3656 1736 3713 Serras
1789 3658 2041 3714 sultanus

457 3746 849 3810 aluchemetes,
902 3760 1025 3800 eam
1082 3745 1358 3801 civitatem
1416 3748 1746 3817 occupavit:
1799 3759 1852 3803 et
1912 3764 2041 3803 cum

456 3840 643 3909 animo
668 3853 770 3893 suo
822 3838 1134 3903 constituit,
1181 3839 1493 3895 Salonicam
1551 3857 1771 3912 quoque
1807 3842 2043 3897 'nilitum

456 3945 661 3984 corona
686 3930 1048 3986 circumdare.
1086 3930 1322 3986 Durante
1383 3947 1513 3988 vero
1563 3933 1842 3989 Serrensis
1893 3934 2046 3989 urbis

457 4023 770 4088 obsidione,
801 4022 1097 4078 Scheicltes
1127 4024 1217 4078 ille
1237 4023 1589 4088 Bedredines,
1621 4043 1782 4095 quem
1834 4028 1888 4080 in
1942 4026 2048 4081 Va-

460 4116 696 4171 laehiam
730 4115 1042 4188 profugisse
1065 4116 1333 4185 diximus,
1389 4116 1713 4173 Romaniam
1744 4120 2048 4190 ingressus,

459 4210 669 4279 aliquot
698 4208 1025 4279 sopbilarios
1058 4218 1183 4263 ante
1208 4223 1268 4264 se
1287 4209 1434 4265 misit
1464 4209 1521 4263 in
1550 4223 1741 4277 agrum
1777 4209 2052 4280 Zagoren-

461 4317 601 4362 sem.
623 4301 785 4371 vulgo
818 4315 1199 4371 persuasuros.
1224 4300 1509 4369 imperium
1530 4300 1783 4357 Scheichi
1804 4303 2055 4358 Bedredi-

2142 3099 2262 3151 dem
2301 3100 2451 3165 urbs,
2491 3116 2597 3153 una
2630 3114 2759 3154 cum
2801 3115 2950 3167 arce,
3005 3117 3130 3157 mox
3158 3125 3161 3127 ·
3191 3103 3524 3159 deditionem
3576 3105 3724 3161 fecit.

2143 3190 2285 3245 Hinc
2309 3206 2632 3263 prOgrcssus
2690 3194 2944 3259 ulterius,
2987 3192 3436 3264 Hadrianopolim
3472 3197 3551 3252 ire
3612 3213 3729 3268 per-

2144 3286 2287 3339 rexit
2315 3301 2328 3338 :
2356 3300 2466 3354 quo
2491 3300 2613 3340 cum
2646 3286 2992 3350 accessisset,
3017 3287 3212 3342 incola:
3254 3288 3426 3357 portis
3475 3290 3725 3353 reclusis.

2142 3379 2264 3449 ejus
2301 3394 2362 3434 se
2386 3378 2509 3433 lldei
2541 3380 2908 3447 potestatique
2930 3382 3323 3449 permiserunt.
3351 3381 3430 3434 Ad
3458 3397 3725 3437 summam

2146 3480 2255 3524 tota
2293 3469 2563 3525 Romania
2590 3472 2641 3523 in
2679 3482 2860 3541 partes
2888 3471 3013 3541 ejus
3035 3474 3335 3527 concessit.
3369 3474 3491 3526 Alio
3546 3484 3727 3527 tamen

2147 3560 2310 3617 Porta
2345 3562 2467 3616 loco
2486 3577 2595 3617 non
2627 3571 2767 3626 erat,
2830 3576 2997 3630 quam
3037 3562 3320 3619 Vardarii.
3368 3563 3729 3635 Posteaquam

2147 3655 2401 3710 Sullanus
2428 3652 2691 3720 “uitales,
2744 3654 2839 3722 qui
2878 3655 2983 3711 hoc
3030 3665 3275 3725 tempore
3332 3656 3516 3711 Prusae
3573 3656 3733 3725 dege-

2149 3746 2242 3800 bat
2275 3748 2327 3799 in
2358 3747 2492 3810 otio,
2522 3746 2589 3800 de
2607 3746 2756 3801 hisce
2779 3746 3023 3802 motibus
3048 3748 3254 3801 certior
3287 3746 3465 3803 factus
3497 3747 3692 3803 fuisset
3716 3799 3734 3825 ,

2149 3837 2443 3907 Bajazitem
2511 3838 2724 3893 bassam
2768 3838 2948 3907 copiis
3022 3840 3355 3894 instructum
3411 3840 3583 3905 misit,
3638 3844 3731 3910 qui

2154 3932 2299 3986 hunc
2328 3944 2495 4001 regno
2530 3930 2847 3998 depelleret.
2878 3929 3019 3986 Cum
3060 3931 3299 4000 primum
3359 3932 3407 3987 is
3438 3930 3734 3986 Hadriano-

2152 4025 2318 4094 polim
2357 4024 2413 4078 in
2447 4021 2776 4078 Romaniam
2804 4025 3075 4089 venisset,
3112 4023 3182 4078 ab
3217 4025 3351 4081 hero
3384 4041 3486 4083 suo
3515 4024 3732 4093 defecit,

2153 4133 2219 4173 ac
2249 4117 2437 4172 Dusmi
2488 4116 2794 4186 Mustapbm
2857 4132 2917 4171 se
2948 4117 3201 4173 dedidit:
3258 4133 3288 4172 a
3345 4134 3457 4189 quo
3495 4120 3736 4176 vicissim

2152 4210 2353 4265 veziris
2402 4209 2668 4279 dignitate
2757 4207 2864 4263 fuit
2930 4216 3183 4264 ornatus.
3256 4209 3444 4266 Eidem
3526 4222 3580 4266 et
3654 4213 3738 4266 ls-

2156 4316 2326 4373 myras
2354 4301 2614 4372 princeps
2638 4340 2653 4363 .
2693 4301 3001 4357 Cbuseines
3034 4300 3207 4372 begus
3257 4313 3431 4358 semet
3455 4304 3731 4374 adiunxit.

464 4394 519 4447 ni
551 4393 813 4449 divinitus
847 4408 973 4449 esse
1011 4394 1381 4461 destinatum;
1426 4396 1619 4452 saltem
1648 4412 1856 4468 paucos
1905 4400 2046 4452 intra
2079 4408 2127 4466 ι)
2156 4393 2410 4463 Magnum
2441 4400 2622 4445 tamen
2657 4392 2900 4461 peditum
2959 4406 3250 4446 numerum
3280 4434 3297 4457 ,
3334 4409 3479 4459 quos
3523 4394 3737 4464 Asapos

464 4487 582 4542 dies
631 4484 923 4540 adventum
988 4486 1108 4557 ejus
1184 4488 1649 4557 prastolarentur.
1716 4489 1855 4545 Cum
1912 4505 2043 4561 ergo

467 4577 756 4635 scheicbes
791 4576 1121 4632 Bedrcdiues
1148 4577 1259 4646 jam
1314 4580 1535 4648 prapius
1570 4581 1637 4635 ad
1667 4596 1762 4637 eos
1820 4582 2050 4637 accede-

468 4679 573 4734 ret,
637 4685 868 4739 magnus
942 4668 1329 4725 seditiosorum
1391 4689 1656 4729 numerus
1730 4676 1798 4730 ad
1865 4676 2046 4745 ipsum

468 4762 756 4827 conﬂuxit,
791 4771 846 4817 et
880 4762 1098 4818 illorum
1129 4763 1295 4834 325
1316 4779 1539 4835 quoque
1558 4782 1665 4820 non
1696 4769 1877 4838 pauci,
1910 4784 2053 4837 quos

472 4860 773 4925 imperante
793 4854 947 4911 Musa
978 4856 1260 4912 beneﬂciis
1282 4858 1555 4914 obnoxios
1611 4860 1667 4914 in
1725 4861 2048 4929 magistratu

472 4948 576 5002 sibi
603 4947 932 5012 reddiderat,
954 4947 1083 5001 dum
1126 4950 1270 5019 apud
1302 4950 1455 5004 illum
1490 4950 1847 5007 cadilescheri
1877 4952 2054 5007 ollicio

476 5039 824 5108 fungeretur:
859 5038 932 5093 ita
978 5038 1218 5107 quidem,
1279 5049 1342 5095 ut
1398 5041 1682 5097 hominum
1743 5044 1915 5113 copiis
1946 5060 2053 5100 non

475 5131 891 5186 cautemnendis
916 5127 1134 5185 cinctus
1166 5144 1330 5186 esset.
1372 5131 1567 5186 Verum
1622 5134 1785 5187 iidem
1809 5135 2055 5188 animad-

479 5241 656 5289 verso,
689 5225 914 5279 minimc
946 5223 1158 5279 felicem
1212 5222 1482 5289 futurum,
1516 5237 1697 5281 motus
1738 5226 1887 5283 illius
1940 5230 2057 5282 exi-

480 5330 595 5372 tum
618 5336 631 5369 :
668 5318 970 5372 Bededrinc
996 5318 1238 5380 deserto,
1262 5319 1426 5373 etiam
1454 5333 1628 5382 arma,
1657 5334 1778 5386 quae
1808 5336 2059 5390 sumpse-

482 5418 625 5482 rant,
654 5409 1047 5478 deposuerunt.
1081 5405 1285 5463 Harum
1321 5406 1607 5459 turbarum
1658 5419 1885 5475 accepto
1919 5422 2057 5460 nun-

482 5504 581 5565 tio,
643 5503 910 5572 insignem
966 5502 1271 5557 exercitum
1326 5500 1381 5552 in
1436 5513 1626 5565 agrum
1691 5497 2055 5565 Zagorensetn

482 5596 731 5648 sultanus
794 5594 1164 5647 Mucbemetes
1218 5587 1547 5658 expedivit:
1604 5588 1699 5656 qui
1745 5588 2057 5643 scheicbem

487 5686 839 5743 Bedredincm
872 5687 943 5742 ibi
971 5684 1369 5757 deprehensqu
1428 5690 1713 5751 ceperunt,
1741 5691 1793 5736 et
1842 5692 2057 5753 captum

2149 4491 2369 4549 vocant,
2395 4484 2614 4553 collegit
2640 4483 2874 4540 Dusmes
2905 4484 2994 4540 hic
3018 4484 3361 4554 lustaphas,
3403 4498 3458 4540 et
3499 4486 3734 4557 insignia

2151 4577 2429 4633 concessit
2460 4576 2567 4630 illis
2607 4577 2915 4647 privilegia,
2937 4578 3031 4647 qui
3053 4586 3247 4645 sponte
3276 4576 3528 4632 militiam
3563 4578 3738 4648 ipsius

2153 4670 2532 4726 sectabantur.
2560 4669 2697 4725 Cum
2758 4669 2925 4738 igitur
2976 4670 3251 4739 ingentem
3303 4668 3419 4738 jam
3471 4673 3739 4741 coegisset

2154 4763 2481 4828 exercitum,
2530 4778 2598 4816 eo
2652 4763 2890 4818 consilio
2918 4761 3175 4818 discessit
3246 4760 3637 4832 lladriauopoli
3678 4775 3739 4819 ut

2153 4856 2383 4910 Prusam
2417 4856 2781 4911 contenderet
2809 4870 2880 4912 :a
2915 4868 3023 4924 qua
3056 4854 3192 4910 urbe
3220 4869 3345 4908 cum
3382 4855 3497 4923 jam
3537 4857 3735 4911 itinere

2158 4951 2320 5006 unius
2354 4949 2465 5005 diei
2492 4951 2729 5011 abesset,
2761 4953 3000 5003 vczireut
3043 4962 3204 5002 suum
3227 4986 3243 5011 ,
3294 4946 3586 5016 Bajazitem
3616 4948 3739 5001 bas-

2155 5060 2299 5110 sam,
2366 5045 2639 5114 supplicio
2690 5045 2886 5114 capitis
2961 5042 3163 5098 affecit.
3218 5043 3442 5098 Interim
3501 5043 3739 5097 Muralcs

2156 5152 2378 5207 quoque
2400 5138 2469 5191 de
2535 5138 2679 5193 bello
2736 5135 2979 5207 gerendo
3037 5151 3162 5190 cum
3220 5136 3339 5191 suis
3381 5135 3732 5190 deliberabat.

2159 5230 2476 5285 Suadebant
2500 5246 2654 5296 vero,
2690 5232 2783 5300 qui
2821 5230 2951 5283 buic
3018 5243 3050 5282 a
3116 5229 3371 5283 consiliis
3430 5240 3604 5291 erant,
3679 5239 3740 5283 ut

2157 5319 2515 5375 Mecbmetem
2565 5322 2784 5390 begum,
2841 5321 3129 5377 Michaelis
3182 5320 3376 5385 lilium,
3429 5335 3461 5374 e
3518 5336 3739 5374 carcere

2160 5411 2451 5465 'l'ocatensi
2479 5422 2786 5477 revocaret,
2813 5427 2877 5467 ac
2910 5411 3149 5466 libertati
3200 5412 3533 5467 restitueret.
3582 5411 3741 5466 llunc

2160 5503 2328 5572 igitur
2355 5504 2677 5559 arcessitum
2707 5518 2739 5558 c
2766 5505 3043 5568 custodia,
3094 5519 3282 5557 secum
3315 5504 3371 5557 in
3429 5504 3738 5572 expeditio-

2163 5610 2284 5648 ncm
2308 5597 2446 5650 banc
2476 5597 2729 5651 sultanus
2750 5597 2987 5651 Murates
3021 5597 3276 5666 sumpsit,
3329 5612 3395 5651 ac
3428 5594 3597 5651 Prusa
3651 5612 3737 5649 re-

2163 5685 2310 5749 licta,
2336 5690 2401 5741 ad
2434 5703 2649 5744 amnem
2676 5687 2965 5744 Ulubatam
3015 5688 3298 5759 processit,
3332 5690 3553 5759 etjusta
3611 5702 3738 5756 pon-
