4212 6288
518 317 620 383 605

1769 307 2117 372 ANNALES
2155 310 2498 373 TURCICI.

3638 304 3754 370 605

518 379 622 482 is...
650 433 832 480 castra
884 431 1124 478 metatus
1178 429 1285 478 est.
1334 420 1540 477 Eodem
1591 435 1716 476 cum
1761 431 1816 477 et
1863 423 2091 476 Dusmcs
2120 426 2165 481 Α
2193 423 2398 479 Ibidem
2430 430 2680 478 mortuus
2703 431 2786 477 est
2820 421 3082 478 Ibraimes
3108 419 3295 485 bassa.
3325 417 3543 477 Cheiilis
3574 419 3750 475 bassze

522 513 834 585 Hustapbas
861 515 1123 580 venisset,
1149 528 1214 569 ex
1257 514 1428 569 altera
1474 522 1625 582 parte
1680 515 1859 582 pontis
1907 515 2082 567 locum

520 609 716 663 castris
758 605 976 676 delegit.
1030 603 1145 661 Hoc
1196 606 1358 660 modo
1415 603 1698 660 collocatis
1742 619 1808 658 ex
1857 605 2087 658 adverso

520 699 692 768 copiis
723 698 1008 768 utriusque
1033 697 1318 768 principis.
1353 695 1713 751 Mechemetes
1766 696 1958 767 begus,
1990 695 2087 748 Ili-

520 788 728 845 cbaelis
754 788 918 853 filius,
941 787 1208 843 militibus
1241 804 1271 840 a
1298 785 1502 843 Dusme
1549 784 1835 856 Hustapba
1897 788 2089 840 stanti-

527 883 627 937 bus
645 881 1088 950 cognoscendum
1119 896 1179 936 se
1205 878 1466 950 praebere.
1491 894 1556 935 ac
1590 889 1934 948 peramanter
1993 895 2089 933 eos

527 971 877 1039 compellare.
910 968 1031 1036 Quo
1061 969 1228 1035 facto,
1257 985 1382 1025 cum
1414 983 1670 1041 proceres
1717 978 1884 1038 atque
1943 969 2089 1021 mili-

532 1071 633 1123 tes.
662 1063 834 1132 quise
854 1077 976 1116 cum
1009 1063 1212 1117 Dusrne
1263 1059 1550 1129 Mustapba
1602 1062 1704 1116 bac
1749 1060 2092 1130 expeditione

531 1151 949 1217 coniunxerant.
982 1151 1263 1208 Michaelis
1293 1151 1467 1206 lilium
1491 1152 1843 1220 agnovissent
1876 1168 1889 1202 :
1924 1161 2088 1206 noctu

533 1241 754 1296 fluvium
788 1242 1076 1298 Ulnbatam
1129 1244 1477 1310 transgressi.
1535 1245 1600 1297 ad
1643 1243 1916 1298 snltanum
1973 1242 2092 1295 bln-

2190 525 2366 584 pater,
2402 529 2550 570 anno
2583 514 2687 571 852
2713 514 2866 586 (Chr.
2901 512 3084 585 1450).

2259 605 2497 661 Murates
2523 617 2733 671 autem,
2763 606 2963 678 quietis
3018 615 3072 661 et
3108 604 3204 661 otii
3261 603 3522 675 longioris
3583 604 3752 671 impa-

2191 699 2352 760 tiens.
2392 700 2593 753 bellum
2623 714 2685 753 se
2714 707 3096 768 suscepturum
3138 698 3252 752 suis
3281 697 3470 761 edixit,
3490 695 3752 750 divinitus

2190 790 2292 845 sibi
2327 792 2662 845 mandatum.
2691 787 2877 859 Itaque
2917 791 3184 845 maximas
3208 788 3395 859 copias
3438 788 3505 842 ad
3561 787 3751 848 urbem

2192 881 2499 936 Salonieam
2553 882 2778 936 adduxit
2809 924 2826 948 .
2861 897 3034 952 eaque
3093 883 3297 952 potitus
3343 890 3442 942 est.
3511 879 3751 935 exercitu

2191 973 2380 1041 spoliis
2403 974 2602 1042 opimis
2632 974 2844 1032 ditato:
2895 975 3040 1045 quod
3089 973 3303 1038 quidem
3360 973 3556 1028 accidit
3609 989 3753 1026 anno

2192 1067 2704 1134 833(Chr.l&3iL

2263 1158 2430 1224 Capta
2458 1157 2730 1220 Salnuica,
2757 1157 3002 1211 nonnihil
3023 1175 3050 1210 a
3078 1157 3283 1212 bellicis
3303 1156 3756 1224 occupationibus

2194 1247 2466 1302 abstinere
2532 1248 2851 1308 constituit.
2906 1259 2957 1301 et
2981 1248 3047 1300 ad
3109 1259 3363 1302 montana
3417 1245 3574 1316 loga:
3630 1262 3755 1312 pro-

535 1341 702 1385 rateut
728 1347 789 1387 se
807 1331 1175 1396 contulerunt,
1204 1335 1366 1402 eique
1405 1347 1462 1387 se
1495 1332 1840 1386 dediderunt.
1892 1333 1948 1385 id
2000 1332 2090 1385 ubi
2197 1341 2368 1394 fectus
2389 1347 2490 1392 ρει,
2525 1337 2644 1404 Quo
2665 1347 2905 1406 tempore
2941 1347 3098 1392 nam;
3130 1347 3213 1391 εει
3237 1339 3284 1390 οῖ
3317 1337 3478 1394 mins.
3511 1336 3598 1388 ρηῑ
3662 1349 3759 1386 no-

532 1423 759 1477 Dusmes
787 1420 1098 1492 Mustaphas
1130 1422 1244 1476 freri
1286 1422 1442 1487 vidit,
1502 1423 1568 1475 ad
1627 1435 1841 1475 amnem
1887 1420 2093 1489 Bugam

2091 1461 2093 1473 ι
2197 1445 2318 1484 tuen
2348 1429 2698 1483 Mucbemetis
2731 1429 3012 1498 imposuit,
3048 1428 3240 1484 eodem
3265 1445 3407 1483 anno
3459 1427 3561 1482 835
3606 1427 3754 1498 (Cbr.

529 1513 794 1583 profugit,
819 1527 1123 1581 magnaque
1170 1511 1412 1581 pecunlze
1445 1513 1493 1564 vi
1529 1510 1689 1580 Bugze
1709 1512 1890 1580 oppidi
1925 1509 2094 1563 Cadio
2200 1523 2383 1592 ηδε),

532 1605 761 1666 donata.
784 1603 904 1673 ejus
925 1617 1026 1672 ope
1076 1603 1261 1657 salvus
1287 1600 1506 1667 evasit;
1550 1612 1604 1655 et
1668 1611 1887 1670 propter
1930 1601 2095 1654 Galli-

2092 1632 2095 1638 ’
2271 1617 2425 1671 Edito
2447 1617 2502 1671 in
2528 1618 2702 1671 lucem
2727 1615 2861 1682 lilio,
2891 1631 3066 1670 novos
3091 1613 3294 1684 signari
3340 1612 3502 1682 jussit
3528 1625 3716 1681 aspros
3743 1626 3755 1664 :

532 1694 701 1765 polim
732 1704 881 1749 trans
917 1694 1114 1749 fretum
1146 1693 1198 1747 in
1225 1692 1546 1748 Romaniam
1579 1707 1856 1756 reversus,
1895 1693 2092 1746 ibidem
2124 1767 2165 1778 _

2124 1767 2165 1778 _
2199 1724 2434 1778 moxque
2459 1721 2647 1762 rursus
2668 1707 2732 1760 ad
2762 1721 3016 1762 montana
3048 1723 3106 1762 se
3126 1704 3374 1759 contulit.
3415 1703 3468 1757 Id
3501 1703 3761 1772 tmnporis

534 1786 599 1840 ad
632 1785 850 1854 aliquod
875 1794 1088 1853 tempus
1109 1785 1335 1854 quievit,
1374 1785 1604 1838 navibus
1632 1785 1688 1838 in
1739 1792 1936 1838 terram
1972 1785 2095 1837 sub-
2124 1767 2168 1823 Β
2198 1767 2360 1852 alia";
2395 1796 2784 1866 ηειιτῑηοροιί
2843 1799 3132 1867 (empjum.
3188 1806 3243 1851 οι
3302 1794 3500 1850 ibidem
3553 1767 3758 1847 πίνοι,

533 1876 726 1932 vectis.
761 1875 893 1929 Eum
949 1875 1068 1930 sine
1096 1890 1246 1929 mora
1277 1885 1500 1929 secutus
1555 1890 1585 1928 a
1643 1887 1798 1944 tergo
1847 1875 2096 1928 sultanus

535 1967 792 2034 Murates,
818 1969 1003 2036 copias
1033 1983 1161 2022 snas
1193 1977 1556 2023 mercatorum
1605 1968 1839 2036 navigiis
1877 1967 2098 2035 impOsi-

536 2069 619 2117 tas
655 2062 711 2116 in
742 2060 1033 2116 adversum
1089 2061 1246 2116 littus
1274 2062 1394 2115 vehi
1433 2061 1666 2126 curavit,
1695 2071 1753 2116 et
1815 2061 2006 2114 castris
2044 2060 2098 2113 in

534 2158 672 2212 Ezea
701 2157 925 2226 planitie
955 2159 1134 2212 locum
1157 2155 1319 2227 cepit.
1353 2154 1491 2210 Tum
1523 2173 1652 2210 vero
1699 2155 1924 2211 Dusmes
1954 2156 2099 2210 Mus-

537 2251 758 2321 stapbas
783 2253 941 2305 motis
968 2251 1187 2315 castris,
1212 2263 1403 2304 versus
1427 2249 1695 2303 Bolairem
1733 2248 1858 2312 fuga
1904 2264 1963 2303 se
2015 2263 2102 2300 re-

539 2345 720 2414 cepit:
759 2345 902 2396 nnde
928 2358 1050 2397 cum
1105 2337 1554 2410 Hadrianopolim
1589 2349 1859 2410 pergeret,
1893 2356 1922 2392 a
1987 2340 2102 2395 suis

538 2439 786 2489 desertus
812 2433 936 2488 fuit.
967 2431 1079 2487 Nec
1109 2432 1281 2487 multo
1312 2439 1437 2501 post
1457 2437 1670 2496 captus.
1699 2443 1754 2484 et
1793 2429 2104 2484 Hadriano-

542 2527 703 2597 polim
741 2527 806 2581 ad
841 2524 1119 2580 sultanum
1149 2523 1409 2577 Muratem
1430 2522 1752 2592 perductus.
1784 2520 2102 2588 illinsjussu

539 2621 606 2675 de
639 2618 804 2688 pinna
836 2616 1071 2686 quadam
1096 2611 1164 2670 ad
1206 2629 1424 2668 murum
1481 2612 1640 2669 urbis
1686 2628 1993 2680 suspensus
2024 2617 2070 2666 Ia
2093 2642 2105 2654 -

539 2725 682 2782 queo
703 2709 867 2763 vitam
903 2705 1062 2761 ﬁniit.
1094 2701 1212 2760 Mox
1247 2704 1448 2760 ibidem
1477 2703 1729 2759 sultanus
1778 2703 2016 2760 Ilurates
2048 2704 2104 2757 in

542 2802 747 2871 regium
785 2800 1043 2854 thronum
1073 2795 1392 2861 collocatus,
1445 2804 1500 2849 et
1559 2796 1861 2864 imperator
1906 2810 1935 2848 a
1989 2796 2106 2850 suis

543 2894 811 2948 salutatus
837 2898 940 2955 est.
968 2903 1115 2944 anno
1141 2886 1244 2944 827
1279 2887 1429 2959 (Chr.
1462 2887 1650 2957 1125).
1687 2885 1818 2942 Erat
1847 2889 1895 2941 ei
1938 2885 2109 2940 frater

544 2987 598 3041 in
631 2983 902 3043 Anatolia.
933 2980 1021 3035 eui
1044 2994 1244 3034 nomen
1297 2977 1637 3046 Mustapbas.
1686 2978 1739 3032 Is
1789 2982 1952 3033 etiam
1991 2993 2108 3032 ma-

2201 1890 2365 1942 veteri
2395 1888 2655 1958 palatium
2683 1889 2980 1957 clegansac
3002 1888 3321 1941 deliciosum
3348 1885 3554 1941 exstrui
3575 1885 3760 1956 jussit,

2199 1997 2343 2035 anno
2374 1980 2754 2035 Mahumetano
2781 1980 2885 2036 855
2917 1979 3069 2050 (Chr.
3106 1976 3290 2047 1452).

2271 2071 2428 2122 Anno
2454 2079 2634 2125 autem
2665 2071 2909 2138 sequenti
2938 2069 3210 2136 proximo.
3270 2085 3394 2124 cum
3459 2067 3760 2124 Hadriano-

2201 2159 2308 2230 poli
2335 2161 2576 2229 degeret.
2602 2162 2832 2230 quodam
2866 2160 3116 2215 Mercurii
3146 2160 3256 2225 die.
3287 2161 3391 2216 sub
3451 2176 3759 2230 vesperam,

2204 2269 2375 2320 usque
2404 2253 2539 2307 adeo
2581 2253 2761 2307 lumen
2789 2253 2922 2307 solis
2949 2252 3142 2307 defecit
3170 2291 3186 2317 .
3239 2263 3298 2306 ut
3356 2251 3596 2307 tenebrae
3647 2259 3765 2306 ter-

2208 2363 2321 2401 ram
2355 2359 2704 2416 occuparent.
2734 2349 2932 2404 Eodem
2984 2357 3128 2402 anno
3158 2353 3398 2403 cometes
3419 2347 3580 2402 etiam
3640 2362 3768 2399 cau-

2205 2440 2364 2494 datus
2399 2439 2672 2507 apparuit.

2275 2531 2428 2584 Tunc
2456 2539 2509 2583 et
2573 2529 2867 2584 Eurenosis
2923 2527 3042 2597 begi
3100 2527 3265 2587 filius.
3323 2527 3438 2583 Alis
3467 2528 3658 2597 begus,
3711 2531 3763 2579 iu

2206 2624 2491 2678 Albaniam
2523 2623 2707 2691 capias
2737 2623 2910 2684 duxit.
2937 2619 3096 2676 irrito
3121 2621 3278 2688 plane
3307 2631 3525 2676 conatu.
3583 2620 3767 2688 Neque

2207 2716 2377 2770 ntulto
2402 2725 2539 2784 post.
2575 2713 3003 2782 Ilerzegovinam
3037 2729 3347 2784 aggressus,
3391 2712 3586 2765 ibidem
3633 2727 3770 2778 quo-

2206 2823 2312 2878 que
2331 2822 2452 2860 cmn
2485 2806 2722 2861 exercitu
2748 2805 2922 2859 victus
2957 2803 3076 2868 fuit.
3111 2820 3254 2858 anno
3272 2803 3374 2858 836
3399 2802 3549 2873 (Chr.
3584 2802 3765 2867 1435).

2281 2897 2392 2952 Hac
2420 2897 2574 2951 clade
2634 2905 2876 2965 accepta.
2931 2897 3057 2949 dum
3101 2893 3482 2964 Hadrianopoli
3532 2891 3770 2946 Hurates

2209 2992 2458 3046 sultanns
2491 2990 2839 3058 quiesceret;
2893 2987 3155 3042 limitauei
3210 2986 3399 3048 duces.
3467 2983 3766 3055 praesertim

545 3091 679 3147 gnas
709 3076 781 3130 ibi
801 3074 988 3130 turbas
1021 3074 1170 3128 dedit
1198 3088 1213 3126 :
1254 3073 1349 3129 sed
1410 3073 1626 3127 tandem
1678 3070 1920 3126 Murates
1947 3085 2109 3138 expe-
2132 3094 2179 3158 ο

2103 3094 2179 3158 'c
2211 3085 2382 3140 Sinan
2427 3083 2617 3152 hegus.
2660 3081 2848 3137 lsactts
2885 3082 3073 3147 begins,
3099 3087 3156 3135 et
3201 3076 3522 3134 Turchanes
3577 3079 3766 3145 begus.

545 3168 803 3226 ditiouent
863 3168 1132 3223 adversus
1215 3165 1439 3221 fratrem
1495 3164 1758 3233 suscepit,
1821 3175 1874 3220 et
1925 3163 2111 3220 lsnicze

545 3272 762 3328 captum
835 3259 1019 3316 necari
1069 3257 1266 3328 jussit;
1328 3255 1470 3312 unde
1505 3255 1735 3311 Prusam
1776 3266 2000 3318 vectus.
2057 3266 2112 3311 et

540 3358 694 3427 juxta
723 3364 932 3423 patrem
973 3350 1224 3407 conditus
1249 3350 1371 3404 fuit.
1411 3349 1725 3404 Secundum
1784 3349 1901 3402 haec
1953 3348 2113 3402 rediit

545 3447 797 3499 sultanus
842 3442 1079 3496 ﬂutates
1117 3437 1584 3507 Hadrianopolim.
1609 3453 1720 3509 quo
1755 3453 1877 3492 eum
1926 3451 2117 3506 perve-

556 3538 750 3598 nisset.
787 3534 856 3590 de
919 3533 1162 3588 voivodae
1215 3528 1441 3586 Valachi
1474 3529 1780 3586 defectione
1838 3528 2112 3598 cognovit.

545 3631 886 3701 Quapropter
906 3627 1090 3681 ductis
1127 3626 1182 3678 in
1215 3622 1536 3679 Valaehiam
1587 3621 1787 3692 copiis,
1839 3621 2112 3692 regionem

547 3723 858 3777 universam
887 3719 1030 3774 foede
1048 3716 1297 3785 diripuit,
1335 3725 1389 3768 et
1439 3713 1636 3782 amplis
1697 3713 1899 3782 potitus
1953 3709 2116 3780 326

545 3815 759 3885 spoliis.
795 3811 1242 3880 Hadrianopolim
1281 3824 1536 3863 reversus
1565 3814 1672 3868 est.
1702 3821 1849 3860 anno
1878 3803 2004 3858 827.

619 3908 752 3964 Inde
805 3920 1003 3961 rursus
1055 3903 1110 3957 in
1145 3900 1454 3956 Anatolium
1517 3896 1831 3968 profectus,
1899 3895 2116 3967 Ismyra‘:

551 4001 856 4074 principem
883 3997 1092 4049 ditiOne
1121 4008 1217 4046 sua
1267 3992 1493 4061 expulit,
1529 4002 1585 4045 et
1623 4000 1880 4058 praeterea
1933 3987 2114 4056 regio-

553 4094 737 4149 nibus.
762 4088 1134 4149 Heutesianre.
1161 4082 1469 4146 Aidiuensi,
1497 4080 1836 4141 Sarcbanite.
1870 4085 1924 4132 et
1974 4078 2116 4130 Che-

553 4183 811 4242 midensi.
849 4176 1100 4248 praesidia
1151 4190 1378 4230 suorum
1408 4172 1689 4237 imposuit,
1714 4169 1964 4225 deductis
2018 4185 2114 4223 eo-

550 4276 674 4331 dem
706 4271 961 4331 coloniis.
997 4277 1051 4322 et
1076 4267 1227 4336 agris
1254 4266 1396 4320 inter
1415 4280 1541 4318 suos
1571 4260 1902 4318 distributis.
1951 4257 2115 4313 Gesta

551 4381 681 4420 vero
718 4364 937 4417 fuerunt
963 4362 1078 4413 lnt-c
1097 4357 1292 4412 eodem
1324 4370 1468 4410 anno
1499 4354 1601 4406 827
1641 4350 1794 4420 (Chr.
1823 4348 2010 4420 1425).

2211 3189 2334 3230 eum
2400 3175 2624 3236 adeunt.
2656 3182 2710 3226 et
2762 3180 2968 3227 orant:
3023 3181 3344 3242 potestatem
3397 3170 3497 3223 sibi
3551 3168 3770 3230 faceret.

2213 3264 2532 3320 invadenda:
2561 3278 2624 3318 ac
2675 3263 3067 3333 depopulanda
3128 3263 3387 3318 Albaniae.
3439 3260 3590 3328 Quod
3649 3277 3771 3315 cum

2211 3359 2293 3413 eis
2358 3359 2746 3418 concessisset.
2807 3358 2924 3422 ipse
2984 3355 3271 3425 praealtum
3324 3370 3491 3424 prope
3546 3354 3770 3408 I‘rus:nu

2212 3458 2453 3503 montem
2500 3447 2652 3511 adiit.
2706 3463 2867 3517 quem
2916 3463 3059 3501 nunc
3101 3456 3333 3501 utentem
3390 3444 3772 3515 Calogerorum

2215 3547 2448 3593 vocant:
2480 3538 2569 3592 ubi
2591 3545 2831 3591 aestatem
2862 3536 3011 3590 illam
3072 3537 3198 3590 anui
3230 3536 3335 3590 838
3385 3534 3537 3605 (Chr.
3589 3535 3773 3596 1455).

2212 3627 2412 3696 exegit.
2463 3625 2592 3679 inde
2644 3639 2898 3680 reversus
2976 3625 3444 3695 Hadrianopolim.
3490 3625 3775 3679 adductain

2208 3717 2368 3786 jussu
2396 3731 2500 3772 suo
2536 3715 2687 3770 Bulci
2716 3717 2881 3771 filiam
2918 3718 3268 3772 matrimonio
3296 3717 3618 3786 sibijuuxit.

2285 3808 2398 3864 lloc
2430 3824 2574 3863 anno
2603 3823 2800 3863 rursus
2821 3806 3117 3864 Eurenosis
3173 3809 3293 3878 begi
3346 3809 3511 3872 ﬁlius.
3546 3808 3660 3863 Alis
3686 3809 3780 3864 be-

2215 3915 2339 3971 με,
2366 3901 2419 3953 in
2447 3897 2735 3954 Albaniatn
2767 3899 3063 3972 profectus.
3087 3901 3354 3953 maximas
3387 3900 3596 3968 praedas
3647 3899 3775 3964 egit.

2214 4002 2269 4046 et
2305 3992 2478 4056 ampla
2515 3992 2687 4061 spolia
2715 3990 3027 4062 reportavit,
3059 4005 3205 4044 anno
3264 3989 3368 4044 839
3399 3989 3549 4058 (Chr.
3588 3987 3774 4052 H36).

2287 4082 2523 4136 Mnrates
2578 4093 2759 4136 autem
2812 4097 2934 4136 eum
2973 4082 3214 4136 exercitu
3271 4080 3646 4136 Caramaniam
3698 4081 3781 4134 in—

2217 4190 2440 4244 gresstts
2460 4184 2565 4229 est.
2598 4174 2702 4228 Sed
2729 4174 2893 4228 rebus
2915 4189 3038 4228 cum
3070 4174 3344 4228 lbrabime
3398 4174 3554 4242 bego.
3604 4172 3779 4241 regio-

2220 4265 2305 4319 nis
2327 4266 2593 4333 principe.
2629 4266 2946 4330 transactis.
3001 4281 3102 4335 pax
3158 4265 3304 4319 inter
3332 4279 3430 4320 eos
3485 4268 3778 4320 constituta

2220 4358 2341 4414 fuit.
2369 4359 2426 4410 In
2456 4359 2629 4413 reditu
2656 4369 2897 4414 castrum
2925 4359 3176 4414 Buruzen
3218 4359 3321 4414 sibi
3351 4359 3607 4428 subjecit.
3636 4373 3782 4413 anno

621 4453 860 4510 Postilla
891 4467 1013 4504 cum
1038 4450 1103 4504 ad
1132 4459 1349 4519 tempus
1403 4447 1628 4516 aliquod
1681 4442 1866 4500 Prusae
1897 4443 2108 4498 substi-
2140 4435 2184 4491 D
2211 4451 2306 4507 3“
2336 4450 2541 4520 (ηδτ),

554 4547 732 4607 sisset.
756 4543 927 4614 quieti
956 4542 1209 4598 deditus:
1251 4541 1467 4595 tandem
1513 4547 1768 4606 suscepta
1823 4549 2015 4591 rursus
2059 4536 2115 4590 in

554 4635 878 4691 Romaniam
903 4633 1263 4704 profectione.
1319 4631 1512 4685 Lazari
1542 4630 1802 4684 ditionem
1835 4628 2118 4698 ingressus

553 4737 657 4789 est.
693 4741 866 4794 eaque
890 4726 1173 4792 despotam
1205 4737 1392 4779 senem
1453 4735 1682 4791 prorsus
1739 4718 1922 4788 ejecit,
1971 4732 2116 4773 anno

553 4819 936 4874 Hahutuetano
957 4815 1064 4870 829
1088 4815 1240 4885 (Chr.
1273 4812 1456 4882 1427).

621 4909 716 4964 His
752 4907 1044 4970 exantlatis
1106 4905 1390 4960 laboribus
1421 4922 1484 4958 ac
1517 4904 1808 4964 molestiis.
1851 4903 2024 4973 quieti
2057 4917 2120 4957 se

549 5002 771 5072 quidem
799 4999 970 5062 dedit,
1022 4997 1117 5052 sed
1147 5012 1252 5052 non
1306 4998 1614 5051 diuturnas:
1674 4998 1806 5050 dum
1857 4995 2118 5050 Anatolize

554 5101 814 5144 montana
840 5094 1066 5157 peteret,
1097 5087 1379 5154 captanda:
1409 5086 1714 5156 frigidioris
1749 5099 1895 5138 aura:
1920 5099 2112 5139 causa.

552 5181 794 5237 Rursum
827 5194 957 5234 vero
1007 5179 1287 5246 transjeclt
1346 5178 1402 5231 ln’
1459 5177 1802 5240 Romaniam.
1864 5185 1921 5230 et
1951 5177 2120 5229 armis

553 5275 762 5329 Lazaro
787 5272 970 5336 illatis.
1003 5271 1310 5324 universam
1339 5269 1458 5338 ejus
1501 5269 1776 5339 regionem
1829 5267 2120 5335 populatus

551 5378 655 5433 est,
675 5381 822 5422 anno
849 5365 950 5420 830
980 5362 1134 5433 (Chr.
1169 5362 1352 5431 H28).

625 5459 765 5513 Hinc
792 5457 1013 5528 quidam
1039 5471 1105 5510 ex
1151 5455 1504 5524 proceribus,
1561 5454 1652 5508 cui
1680 5455 1894 5524 ;nomen
1942 5456 2122 5511 Hoser

556 5549 745 5614 begus.
786 5549 839 5602 in
866 5547 1116 5601 Anatolia
1142 5547 1405 5600 ditionem
1431 5545 1708 5600 Zietucam
1742 5545 1970 5600 Muratis
2010 5547 2116 5599 im-

555 5641 707 5709 pcriu
734 5638 951 5711 adjecit.
1006 5654 1150 5693 anno
1176 5640 1272 5694 831
1305 5637 1460 5707 (Chr.
1496 5637 1677 5702 1429),
1712 5653 1838 5692 cum
1895 5639 2114 5692 interiut

557 5728 802 5786 Sullanus
851 5730 962 5790 ipse
1030 5730 1414 5799 liadrianopoli
1485 5730 1669 5798 quiete
1723 5744 1782 5785 se
1844 5730 2106 5784 retiCeret.

2287 4543 2414 4596 Inde
2444 4543 2659 4611 repetiit
2687 4542 3157 4610 Hadrianopolim.
3189 4552 3353 4613 atque
3388 4543 3460 4597 ibi
3520 4544 3780 4613 templum

2216 4633 2482 4688 aediﬁcare
2507 4635 2678 4702 erepit
2707 4651 2722 4688 :
2765 4649 2886 4688 eum
2916 4635 3152 4704 qundam
3187 4633 3408 4690 Veneris
3437 4635 3548 4711 die,
3573 4650 3784 4689 summo

2219 4740 2400 4785 mane.
2461 4727 2696 4794 primum
2760 4725 2993 4795 lapidem
3046 4725 3301 4779 manibus
3350 4727 3466 4795 ipse
3522 4726 3639 4779 suis
3689 4741 3786 4794 po-

2221 4825 2440 4868 suisset.

2290 4907 2418 4960 Post
2438 4905 2553 4960 haec
2583 4906 2636 4960 in
2671 4905 2962 4976 Ungariam
3031 4906 3250 4975 irrupit,
3277 4917 3332 4962 et
3368 4923 3460 4963 sex
3518 4907 3572 4961 in
3601 4921 3662 4961 ea
3693 4922 3786 4961 ea-

2218 4998 2390 5052 stellis
2420 4997 2619 5065 potitus
2651 5008 2755 5059 est.
2788 5011 2931 5051 anno
2959 4997 3058 5053 8M
3094 4997 3247 5068 (Chr.
3281 4998 3454 5068 IIS‘I).
3567 4993 3570 4996 ⁴

2292 5087 2449 5142 Unde
2497 5103 2772 5150 reversus,
2821 5087 3139 5158 aliquandiu
3195 5089 3351 5144 bellis
3411 5089 3694 5155 abstinuit,
3733 5100 3786 5146 et

2219 5181 2472 5234 instituta
2508 5180 2857 5235 solemnitate
2910 5181 3168 5247 maxima,
3231 5181 3512 5236 sultanum
3559 5181 3780 5236 Huche-

2220 5284 2413 5327 metem
2467 5273 2640 5327 ﬁlium
2671 5272 2987 5327 circumcidi
3046 5275 3277 5330 curarit.
3335 5273 3446 5329 Hac
3492 5273 3787 5329 festivitate

2217 5373 2472 5440 peracta,
2512 5362 2888 5418 Semendriam
2935 5365 3101 5423 ,duxit
3174 5365 3492 5426 exercitum.
3554 5380 3784 5435 eamque

2219 5453 2652 5510 tnunitionemiu
2694 5463 3011 5524 potestatem
3045 5457 3273 5526 redegit.
3310 5473 3453 5511 anno
3485 5456 3589 5512 842
3629 5457 3782 5521 (Chr.

2221 5545 2406 5616 ιιδελ

2289 5636 2426 5691 Ilinc
2449 5634 2515 5691 ad
2543 5622 2759 5698 Albam.
2813 5649 2977 5704 quam
2999 5633 3242 5690 Graecam
3267 5645 3484 5703 vocant,
3515 5648 3739 5691 accessu
3769 5654 3783 5690 :

2217 5727 2313 5784 sed
2344 5743 2464 5783 cum
2483 5742 2603 5784 eam
2633 5742 2944 5798 expugnare
2968 5743 3073 5783 non
3097 5725 3560 5796 posset,abductis
3584 5728 3776 5798 copiis.
