4212 6288
508 295 611 347 [illi

1762 296 2110 358 ANNALES
2150 300 2357 358 TUllC
2382 299 2504 358 lCl.

3635 301 3733 361 (08

506 403 653 459 aliud
695 404 796 457 iter
822 402 1083 473 arripuit,
1119 402 1322 459 Novam
1352 405 1644 461 adeundo:
1685 423 1847 476 quam
1889 422 2067 461 arcem
2100 413 2144 471 Α
2171 416 2283 463 tum
2326 411 2579 471 restituit,
2626 419 2673 463 ct
2720 426 2782 462 ex
2813 409 2904 463 illo
2965 419 3204 478 tempore
3240 408 3414 465 solida
3464 409 3562 464 fuit
3592 416 3735 467 ami-

508 513 631 548 cum
666 494 812 549 omni
849 510 978 566 agro
1040 496 1270 551 ﬁnitimo
1320 515 1431 555 sua:
1463 498 1685 553 ditionis
1721 499 1867 554 fecit.
1929 499 2072 554 [ηιξ.

510 592 627 641 rius
657 590 818 641 etiam
846 593 1143 659 progressi.
1178 589 1456 645 Romaniae
1514 592 1875 662 heglerhegus
1894 608 2067 645 eunu-

507 680 668 739 chus,
700 678 785 731 cui
815 693 1007 733 nomen
1043 678 1288 734 Scachus
1318 682 1589 735 Abedines
1618 683 1795 739 hassa.
1820 692 1870 734 et
1900 679 2071 733 Edzes

512 771 699 835 longus,
736 770 995 825 ctlsacus
1052 772 1219 838 begus
1248 787 1464 825 omnem
1525 773 1672 826 illam
1731 772 2068 840 provinciam

511 863 713 927 rapinis
744 862 1067 917 exhaustam
1107 863 1330 919 Muralis
1396 865 1622 933 imperio
1683 865 2069 927 subdiderunt,

510 971 653 1006 anno
692 952 795 1009 845
834 956 879 1024 (l
892 954 1039 1024 439).

583 1064 844 1117 Sullanus
912 1077 1091 1121 autem
1158 1064 1414 1130 Muratcs,
1478 1066 1684 1122 relictis
1720 1066 1872 1121 hisce
1910 1066 2068 1128 locis,

507 1154 952 1223 iimlrianopolim
1014 1174 1261 1211 reversus
1330 1161 1583 1214 cstzubi
1635 1175 1753 1211 cum
1820 1159 2070 1229 aliquan-

508 1252 676 1317 tisper
701 1248 1044 1312 subsisteret,
1070 1247 1241 1304 Mesiti
1288 1251 1423 1320 hego
1456 1252 1505 1305 id
1536 1250 1736 1320 negotii
1791 1250 1959 1313 dedit,
2014 1257 2071 1302 ut

514 1358 605 1410 per
629 1342 937 1399 Valachiam
969 1343 1023 1396 in
1062 1340 1353 1411 Ungariam
1387 1352 1714 1413 penetraret,
1744 1357 2071 1411 omnemque

513 1438 784 1503 regionem
860 1438 1005 1489 illam
1066 1434 1330 1502 direptam
1392 1445 1653 1489 vastaret.
1726 1435 1831 1488 Sed
1892 1433 2069 1488 Mesiti

508 1524 804 1593 llugariam
834 1527 1102 1595 ingresso,
1135 1540 1241 1581 non
1296 1542 1363 1581 cx
1403 1527 1571 1580 animi
1629 1528 1897 1582 sententia
1941 1542 2072 1581 suc-

506 1622 672 1674 cessit
704 1623 1003 1691 expeditio.
1027 1622 1238 1691 Quippe
1279 1638 1401 1675 cum
1426 1623 1695 1676 universis
1733 1623 1903 1692 copiis
1953 1623 2070 1676 suis

505 1725 679 1764 czt‘sus
699 1720 752 1764 et
788 1711 1144 1781 interemptus
1196 1711 1317 1775 fuit,
1360 1727 1500 1767 anno
1542 1712 1645 1767 845
1677 1711 1828 1781 (Chr.
1886 1711 2068 1780 1440).
2101 1753 2149 1813 Β

583 1823 712 1894 Ejus
744 1823 915 1879 cladis
979 1835 1202 1893 accepto
1254 1824 1468 1886 nuntio,
1523 1824 1778 1893 Sophiani
1836 1824 2073 1879 Murates

508 1916 757 1971 sultanus
786 1932 845 1970 se
875 1917 1130 1985 contulit,
1155 1918 1335 1987 ibique
1385 1927 1824 1977 castrametatus.
1864 1916 2077 1985 bcgler-

508 2007 702 2075 lii-gum
770 2006 1083 2071 Ilomanim,
1131 2009 1388 2062 schacum
1448 2005 1740 2059 Abedinem
1824 2007 2076 2067 hassam,

509 2116 632 2151 cum
699 2100 970 2153 universis
1023 2099 1301 2153 Romaniae
1351 2101 1544 2167 copiis,
1598 2108 1652 2150 ct
1705 2097 1974 2158 Aeanziis,
2023 2102 2077 2149 et

510 2190 812 2255 Geiiizaris,
861 2191 1158 2257 expedivit,
1220 2201 1297 2253 ut,
1336 2189 1920 2258 peragrata.Valachia,
1969 2185 2084 2240 Un-

514 2286 714 2346 gariain
746 2284 1150 2353 popularentur.
1184 2283 1287 2338 Eos
1312 2285 1363 2337 in
1400 2281 1739 2351 Ungarornm
1797 2283 1934 2334 ﬁnes
1980 2278 2077 2333 dc-

509 2374 650 2430 latos
714 2377 1072 2444 impressione
1127 2376 1304 2430 subita
1350 2374 1550 2431 laneus
1600 2375 1817 2435 invasit,
1862 2371 2081 2437 cecidit,

520 2468 834 2522 interemit:
872 2468 990 2536 ipso
1014 2468 1177 2520 etiam
1206 2467 1528 2538 beglei'hego
1594 2479 1807 2525 necato.
1842 2475 1894 2518 et
1932 2482 2081 2517 eam-

516 2561 640 2612 dcm
672 2575 795 2613 cum
823 2558 1010 2614 Mesite
1040 2559 1166 2613 belli
1229 2558 1503 2613 fortunam
1595 2570 1837 2629 experto.
1895 2557 2082 2611 Conti-

518 2660 713 2719 gerunt
750 2651 863 2706 haec
900 2666 1045 2705 anno
1067 2650 1171 2706 846
1204 2652 1354 2717 (Chr.
1394 2649 1577 2719 1441).

581 2768 924 2823 Caramania:
954 2771 1139 2838 hcgus,
1181 2769 1247 2823 de
1277 2769 1428 2823 hisce
1464 2766 1770 2821 Turcorum
1837 2765 2085 2820 cladibus

511 2862 715 2916 certior
767 2861 967 2924 factus,
1017 2861 1321 2914 Anatoliam
1387 2876 1511 2914 cum
1562 2859 1735 2928 copiis
1780 2859 2082 2928 ingressus,

515 2955 733 3009 Belulen
763 2955 1023 3023 oppidum
1051 2955 1297 3009 tentavit.
1323 2953 1381 3007 id
1416 2953 1507 3008 ubi
1553 2950 1918 3021 signiﬁcatum
1974 2950 2085 3003 sul-

513 3046 643 3099 lauo
672 3044 866 3100 Murali
898 3046 1109 3109 luisset,
1169 3044 1515 3111 expeditione
1583 3058 1776 3113 magna
1808 3041 2083 3096 celeritate

513 3147 787 3205 suscepta,
822 3136 1073 3191 lbrahimi
1098 3135 1260 3207 327
1288 3136 1593 3191 Caramano
1645 3133 1847 3187 bellum
1872 3130 2079 3186 intulit:

511 3231 690 3298 quoin
720 3237 1002 3284 montuosa
1032 3229 1171 3291 loca,
1205 3243 1425 3296 pneque
1458 3226 1605 3282 saxis
1628 3226 1797 3287 invia,
1838 3225 2081 3293 dilapso:

515 3332 849 3375 transactum
883 3321 1119 3388 denique
1151 3320 1427 3390 negotium
1459 3318 1583 3384 fuit,
1610 3320 1934 3375 etsultanus
1970 3317 2085 3373 llu-

514 3426 658 3472 rates
700 3412 1138 3481 Hadrianopolim
1173 3412 1356 3467 rediit.

588 3528 807 3597 Accepit
870 3538 1048 3581 autem
1105 3526 1155 3580 id
1189 3526 1454 3595 temporis
1487 3526 1741 3582 nuntium
1788 3526 1855 3579 de
1913 3533 2086 3577 morte

518 3618 613 3672 lilii
648 3617 757 3679 sui,
784 3616 982 3671 sultani
1038 3616 1316 3680 Aladinis’,
1347 3619 1439 3687 qui
1502 3618 1734 3671 Amasize
1774 3618 1938 3670 rebus
1987 3615 2085 3669 litt-

519 3712 695 3765 manis
754 3718 1085 3763 excesserat.
1182 3707 1318 3764 Dum
1382 3718 1603 3780 propter
1669 3710 1813 3764 illius
1873 3698 2084 3764 obituin

518 3804 699 3857 adhuc
721 3801 773 3855 in
802 3803 945 3856 luctu
967 3809 1133 3865 esset.
1167 3818 1260 3857 res
1314 3802 1681 3873 ngarorum,
1736 3819 1861 3857 cum
1924 3802 2085 3857 laneo

520 3906 574 3952 et
600 3895 789 3953 Lazari
829 3896 956 3959 lilio,
1013 3910 1132 3949 sese
1192 3898 1378 3963 movit,
1441 3904 1657 3951 etcum
1719 3896 1962 3950 exercitu
2019 3898 2085 3947 ad

519 3991 751 4045 clisuras
780 3988 1046 4045 lsladinas
1072 3990 1322 4045 accessit.
1351 3990 1629 4043 Adversus
1660 3987 1761 4042 hos
1810 3986 2088 4055 prolectus

523 4083 801 4137 Romaniae
854 4082 1209 4151 begleibegus
1262 4082 1499 4136 Casanes
1559 4081 1738 4141 bassa.
1775 4095 1899 4133 cum
1950 4077 2090 4133 Tur-

519 4175 869 4245 chanebego.
902 4183 954 4229 et
992 4174 1267 4229 universis
1292 4173 1575 4229 Romaniae
1626 4172 1817 4241 copiis,
1848 4181 1901 4225 et
1963 4188 2085 4225 cum

522 4265 794 4326 Acanziis,
827 4264 1014 4336 praelio
1064 4281 1187 4319 cum
1215 4265 1295 4319 eis
1318 4278 1646 4334 congressus
1675 4271 1779 4317 est.
1822 4261 1925 4314 Sed
1963 4278 2086 4315 eum

522 4356 841 4413 'l‘nrchanes
867 4357 1057 4426 begus,
1111 4358 1315 4412 amisso
1376 4358 1563 4426 vigore
1597 4355 1788 4417 animi,
1827 4371 1938 4425 prae
1976 4356 2089 4408 for-

2170 502 2299 556 citia
2320 502 2567 571 junctus.

2244 591 2450 648 Interea
2480 595 2818 648 Caramanus
2850 592 3151 649 lbrahimes
3198 592 3366 663 begus
3413 595 3737 658 Anatoliam,

2172 694 2320 736 moto
2356 684 2518 747 bello,
2557 686 2837 740 turbavit:
2867 685 3011 755 quod
3051 685 3139 737 ubi
3164 686 3471 737 nuntiatum
3517 688 3738 740 sultano

2172 770 2386 839 fuisset,
2420 776 2471 827 in
2505 775 2808 829 Anatoliam
2836 776 3076 831 transiit:
3108 786 3158 831 et
3187 793 3310 830 cum
3348 776 3735 834 Genizarornm

2172 865 2335 919 aulici
2364 869 2677 932 comitatus,
2712 866 3082 936 Anatoliaeque
3118 868 3309 937 copiis,
3372 870 3736 924 Caramanum

2171 953 2407 1010 invasit:
2440 956 2532 1023 qui
2562 970 2684 1009 mox
2720 956 2845 1023 fuga
2894 958 3057 1010 rebus
3095 958 3210 1011 suis
3264 958 3557 1012 consuluit.
3611 960 3738 1014 Erat

2172 1047 2313 1115 apud
2340 1049 2482 1102 hunc
2511 1050 2564 1103 in
2598 1050 2919 1103 auctoritate
2947 1049 3181 1103 maxima
3239 1048 3495 1104 Sarumes
3520 1050 3737 1117 quidam

2170 1135 2422 1205 laettpes,
2447 1154 2548 1207 pro
2577 1141 2697 1193 viro
2738 1151 2933 1195 sancto
2983 1140 3217 1194 habitus.
3251 1141 3304 1196 is
3351 1140 3418 1194 ad
3462 1142 3737 1195 sultanum

2172 1224 2435 1281 Mnratem
2459 1230 2761 1299 ablegatus,
2795 1232 3027 1285 invicem
3065 1242 3355 1301 utrmnque
3394 1232 3498 1284 sibi
3552 1249 3741 1285 recon-

2172 1319 2396 1373 ciliavit.
2429 1319 2543 1385 Qua
2580 1336 2710 1390 pace
2751 1321 3013 1386 confecta,
3078 1321 3320 1377 Muratcs
3370 1324 3610 1378 exercitu
3655 1326 3742 1377 di-

2172 1411 2363 1474 misso,
2398 1409 2690 1479 Manissam
2732 1412 3009 1483 profectus
3058 1423 3185 1467 est:
3226 1415 3318 1468 ubi
3368 1429 3491 1467 cum
3547 1426 3743 1483 sponte

2172 1515 2231 1555 se
2262 1502 2489 1570 imperio
2512 1503 2841 1568 abdicasset,
2878 1504 3041 1559 tilium
3072 1506 3175 1560 sibi
3219 1506 3496 1561 sultanum
3525 1508 3743 1563 MIICIIG‘

2172 1603 2370 1646 metem
2406 1595 2710 1658 substituit,
2747 1597 2908 1666 eique
2959 1596 3220 1652 Chelilem
3254 1600 3471 1654 hassam
3506 1602 3741 1655 rezirem

2173 1676 2439 1753 adjunxit,
2470 1702 2592 1741 eum
2623 1687 2869 1743 Meuiana
2923 1688 3234 1758 Chusrone,
3284 1692 3376 1761 qui
3431 1692 3609 1748 ofﬁcio
3655 1708 3745 1747 ca-

2178 1777 2461 1831 dilescheri
2518 1782 2877 1850 fungeretur:
2918 1782 3205 1837 amborum
3279 1783 3462 1838 virtuti
3507 1797 3571 1838 ac
3622 1784 3745 1839 ﬁdei

2176 1876 2286 1920 tam
2322 1870 2453 1933 lilio,
2482 1887 2646 1940 quam
2707 1873 3005 1941 provinciis
3035 1874 3269 1943 imperii,
3330 1874 3745 1931 commendatis.

2176 1957 2230 2012 Id
2267 1962 2463 2013 factum
2499 1978 2643 2016 anno
2675 1964 3058 2021 Mahumetano
3092 1966 3196 2021 8H
3234 1966 3389 2035 (Chr.
3421 1967 3603 2034 1M2).

2255 2050 2364 2105 Rex
2405 2063 2583 2109 autem
2620 2053 2867 2125 Ungarire
2915 2055 3229 2111 cumJanco
3259 2072 3410 2111 novre
3434 2068 3604 2112 semet
3655 2072 3746 2113 er-

2176 2144 2434 2212 peditioni
2464 2146 2725 2209 accinxit,
2753 2147 2933 2202 ductis
2964 2162 3153 2204 secum
3197 2149 3457 2215 Ungaris,
3516 2150 3747 2205 Cerma-

2178 2235 2281 2297 nis,
2316 2234 2593 2301 Bohemis,
2627 2236 2864 2301 Polonis,
2910 2237 3082 2303 italis,
3147 2246 3202 2292 et
3262 2236 3557 2295 Valachis:
3612 2256 3747 2309 quo-

2178 2340 2299 2378 rum
2322 2329 2567 2381 omnium
2600 2328 2796 2398 ingens
2818 2340 2934 2383 erat
2986 2330 3298 2395 multitudo,
3331 2331 3581 2386 videlicet
3637 2332 3747 2385 ho-

2180 2419 2385 2474 minum
2454 2421 2518 2473 ad
2589 2422 2862 2492 octoginta
2924 2422 3115 2476 millia.
3192 2422 3482 2478 Tormenta
3534 2440 3749 2495 quoque

2182 2510 2371 2564 bellica
2428 2514 2563 2565 rotis
2613 2514 2866 2581 imposita
2915 2514 3272 2578 vehebantur,
3331 2532 3558 2573 numero
3613 2534 3750 2587 qua-

2182 2601 2486 2669 dringenta.
2515 2602 2711 2657 Milites
2738 2603 2838 2672 ipsi
2869 2603 3016 2658 ferro
3060 2620 3287 2674 prorsus
3343 2609 3534 2661 armati
3598 2611 3750 2662 tecti-

2183 2710 2289 2763 que
2359 2694 2856 2763 conspiciebantur.
2939 2696 3188 2768 Cumque
3276 2701 3601 2754 transmisso
3682 2701 3747 2753 ad

2187 2786 2377 2838 Alimm
2429 2784 2669 2839 Graecam
2730 2786 3008 2853 Danubio,
3073 2789 3209 2843 lines
3269 2790 3479 2857 imperii
3537 2792 3749 2847 Turcici

2186 2880 2511 2947 transgressi
2544 2878 2810 2933 fuissent:
2851 2878 3108 2934 Materam
3154 2890 3208 2935 et
3248 2879 3527 2937 Schulium
3556 2887 3750 2953 Oppida

2186 2982 2491 3025 vastarunt.
2531 2971 2656 3028 inde
2682 2976 2946 3043 promotis
2972 2974 3039 3029 ad
3064 2976 3364 3043 Nicopolim
3422 2980 3635 3045 castris,
3694 2983 3748 3036 in

2190 3080 2402 3118 omnem
2436 3066 2585 3120 illum
2615 3082 2803 3133 agrum
2837 3068 2980 3121 ferro
3009 3077 3062 3123 et
3117 3069 3226 3138 igni
3283 3073 3595 3128 srevierunt.
3652 3076 3751 3126 Ar-

2190 3171 2545 3227 cemquoque
2600 3158 2938 3214 Burnvadam
2982 3174 3344 3232 occuparunt,
3407 3174 3461 3220 et
3501 3167 3753 3235 imposito

2189 3248 2440 3315 praesidio
2469 3250 2802 3304 munierunt.
2836 3251 2970 3305 Cum
2998 3268 3025 3305 a
3061 3250 3304 3324 Nicopoli
3338 3255 3527 3323 copias
3582 3255 3751 3309 abdu-

2188 3348 2395 3404 cercnt,
2429 3350 2649 3397 secutus
2675 3356 2769 3395 eos
2800 3357 2925 3396 cum
2981 3343 3097 3398 suis
3143 3358 3173 3399 a
3206 3354 3357 3414 tergo
3398 3344 3752 3401 Ilechemetcs

2188 3431 2462 3500 Nicopolis
2515 3435 2701 3501 begus,
2726 3434 2946 3505 Syrusis
2986 3435 3103 3506 begi
3140 3435 3305 3497 ﬁlius.
3345 3448 3398 3492 et
3441 3453 3628 3507 agmen
3663 3454 3755 3493 es—

2190 3536 2421 3580 treinnm
2451 3527 2697 3590 adortus,
2723 3528 3035 3595 complures
3094 3529 3333 3593 occidit,
3375 3531 3754 3599 cataphractus

2188 3617 2453 3684 quosdam
2513 3615 2843 3682 interceptos
2877 3616 2942 3669 ad
2994 3615 3211 3671 Portam
3271 3617 3438 3672 misit.
3480 3615 3549 3669 De
3608 3617 3755 3671 hisce

2190 3710 2431 3762 motibus
2462 3707 2736 3763 sultanum
2773 3707 3033 3763 Moralem
3064 3724 3187 3764 mox
3218 3707 3438 3762 chires
3472 3710 3755 3763 certiorem

2196 3798 2576 3853 reddiderunt.
2640 3798 2690 3853 Is
2750 3796 3001 3852 Manissa:
3056 3810 3168 3853 tum
3225 3799 3475 3860 degebat,
3536 3814 3645 3867 quo
3699 3816 3757 3851 se

2191 3891 2389 3959 quieta:
2440 3890 2565 3943 vitae
2619 3890 2801 3944 studio
2863 3905 2971 3943 non
3037 3890 3108 3943 ita
3169 3890 3377 3957 pridem
3431 3891 3755 3944 contulerat.

2191 3980 2512 4049 Quanquam
2551 3996 2676 4036 vero
2713 3982 2892 4036 serius
2916 3981 3110 4035 harum
3142 3997 3317 4035 rerum
3360 3982 3606 4036 nuntium
3666 3997 3760 4037 ac-

2191 4075 2417 4143 ciperet,
2458 4082 2638 4126 tamen
2665 4072 2730 4126 ad
2768 4073 2869 4124 iter
2901 4080 3111 4127 mature
3153 4089 3210 4125 se
3236 4088 3580 4141 comparans,
3635 4073 3760 4127 Gal-

2191 4165 2397 4233 lipolim
2431 4162 2702 4217 advolavit
2731 4174 2745 4216 :
2780 4179 2889 4230 quo
2916 4163 3027 4232 jam
3061 4162 3178 4216 Itali
3221 4178 3411 4231 magna
3437 4179 3559 4215 cum
3584 4165 3760 4217 classe

2192 4258 2531 4327 appulerant,
2564 4266 2620 4309 et
2648 4256 2945 4320 quominus
2976 4255 3028 4307 in
3075 4254 3343 4323 Europam
3395 4256 3761 4310 transmittere

2192 4358 2394 4417 posset,
2424 4349 2811 4417 impediebant.
2843 4346 3209 4413 Quamobrem
3254 4362 3441 4402 versus
3493 4345 3759 4402 Constan—

523 4450 727 4505 mid‘ne
750 4465 813 4505 ac
834 4449 1212 4517 desperatione
1245 4464 1301 4502 se
1326 4448 1466 4517 fuga:
1496 4448 1733 4501 dedisset
1762 4464 1775 4498 :
1840 4448 2082 4501 Casancs
2113 4430 2165 4491 Ι)
2195 4440 2477 4508 tinopolim
2520 4455 2641 4493 cum
2678 4440 2920 4493 esercitu
2947 4437 3232 4506 prolectus
3263 4450 3363 4500 εει,
3403 4447 3453 4490 et
3482 4454 3511 4491 e
3542 4438 3765 4505 regione

525 4547 683 4599 bassa
718 4560 840 4600 cum
860 4544 1085 4614 reliquis
1147 4542 1453 4605 militibus,
1504 4550 1771 4610 quotquot
1822 4541 2083 4592 adversus

520 4639 737 4692 hostem
765 4652 887 4691 cum
918 4650 985 4690 eo
1021 4635 1396 4694 substiterant,
1449 4648 1619 4687 etesus
1665 4632 1783 4686 fuit.
1827 4632 2084 4685 Sultanns

519 4740 706 4784 autem
756 4729 1012 4789 Murates,
1074 4728 1276 4798 pcrlata
1330 4727 1398 4780 ad
1439 4741 1497 4780 sc
1528 4726 1601 4780 rei
1627 4736 1737 4780 tam
1797 4725 2089 4778 infeliciter

518 4829 689 4885 gesue
719 4817 884 4881 lama,
908 4832 1031 4870 cum
1064 4816 1319 4871 omnibus
1344 4813 1648 4875 Genizaris,
1688 4822 1743 4866 et
1794 4814 1930 4867 aula:
1993 4829 2088 4866 co-

528 4908 743 4973 mitatu,
780 4907 1166 4979 lladrianopoli
1194 4909 1447 4963 discessit
1472 4924 1485 4961 :
1514 4914 1566 4962 et
1592 4907 1832 4961 evocatis
1852 4904 2089 4972 undique

520 4999 779 5053 omnibus
805 4998 873 5052 ad
907 5000 1045 5054 hanc
1076 4999 1345 5060 militiam.
1367 5000 1460 5069 qui
1499 5014 1647 5052 arma
1669 4997 1811 5052 ferre
1844 5006 2090 5066 possent,

524 5092 691 5144 etiam
757 5091 962 5160 pedites
1045 5088 1339 5161 Europmos
1412 5107 1608 5162 magno
1662 5104 1889 5144 numero
1964 5104 2093 5142 con-

528 5183 764 5251 scripsit.
792 5182 1134 5238 Gerebantur
1165 5194 1345 5238 autem
1380 5182 1494 5237 hazc
1560 5182 1791 5237 hiberno
1829 5192 2094 5249 tempore,

529 5290 651 5326 cum
697 5274 885 5341 ingens
930 5272 1103 5342 frigus
1146 5284 1310 5329 esset.
1378 5270 1478 5326 Ubi
1542 5271 1609 5325 ad
1664 5271 2094 5326 Christianorum

529 5374 706 5419 castra
742 5377 1059 5433 perventum
1092 5366 1324 5427 fuisset,
1379 5363 1563 5418 multis
1623 5364 1882 5430 utrinque
1941 5360 2102 5415 dimi-

527 5468 712 5510 catum
744 5457 1037 5513 levioribus
1061 5458 1281 5527 praeliis.
1342 5456 1587 5511 Tandem
1645 5472 1776 5511 vero
1828 5454 2099 5510 Christia-

532 5550 619 5604 nis
647 5550 945 5604 exercitum
981 5549 1395 5611 abduccntibus,
1429 5551 1589 5603 etiam
1620 5546 1860 5602 Murates
1910 5546 2105 5600 itinere

532 5654 801 5694 converso
865 5640 1310 5709 Hadrianopolim
1372 5656 1431 5696 se
1489 5642 1729 5704 recepit:
1764 5655 1896 5709 pace
1954 5640 2107 5705 prius

533 5734 676 5785 inter
740 5748 799 5787 se
831 5732 1130 5801 Lazarique
1181 5734 1350 5788 lilium
1430 5735 1774 5795 sancita,cui
1834 5731 2108 5796 principa-

2192 4534 2339 4587 illius
2365 4534 2491 4595 loci,
2514 4549 2621 4599 quo
2654 4531 2772 4586 loco
2804 4544 2949 4585 nunc
2969 4530 3112 4583 arcis
3141 4544 3293 4583 novre
3353 4540 3626 4583 structura
3653 4545 3744 4580 cor

2193 4628 2360 4687 nitur,
2412 4633 2772 4679 mercatorum
2834 4620 3063 4691 navigiis
3133 4636 3288 4683 usus,
3338 4619 3390 4672 in
3444 4621 3762 4689 Romaniani

2195 4716 2498 4786 transiecit.
2526 4716 2660 4769 Cum
2720 4714 3167 4782 Hadrianopolim
3200 4713 3553 4781 pervenisset,
3609 4727 3766 4763 mon-

2197 4813 2359 4866 strati
2387 4821 2512 4867 sunt
2539 4809 2587 4862 ci
2622 4808 2922 4863 Christiani
2976 4804 3332 4875 cataphracti,
3366 4821 3501 4872 quos
3556 4803 3766 4857 lleche-

2199 4914 2365 4958 mctes
2400 4904 2568 4972 begus
2595 4908 2833 4969 ceperat,
2877 4907 2929 4953 et
2982 4898 3107 4951 illuc
3165 4897 3411 4950 miserat.
3471 4895 3566 4950 llis
3611 4897 3767 4958 visis,

2198 4998 2405 5051 vultum
2433 4997 2681 5063 erigens:
2714 4991 2857 5045 Bene
2888 4990 3046 5045 nobis
3072 5005 3158 5043 res
3197 4998 3399 5042 nostra:
3449 4988 3768 5048 succedent,

2201 5090 2295 5152 ait,
2324 5086 2556 5154 propitio
2585 5083 2713 5138 Deo.
2747 5081 3053 5151 Statimque
3083 5095 3206 5134 cum
3250 5081 3589 5149 praepotenti,
3657 5087 3762 5129 tant

2202 5196 2268 5233 ex
2303 5175 2571 5239 Anatolia,
2598 5189 2760 5243 quam
2786 5172 3050 5227 Romania
3074 5169 3299 5225 collecto
3336 5170 3598 5232 exercitu,
3652 5184 3768 5221 ma.

2205 5285 2415 5339 gnaque
2449 5268 2686 5337 peditum
2712 5281 2872 5319 manu
2906 5279 3094 5318 recens
3142 5261 3472 5329 conscripta,
3541 5259 3768 5312 llaiiria-

2206 5359 2717 5429 nopolidiscedens.
2745 5356 2799 5408 in
2836 5356 3047 5407 hostem
3113 5360 3259 5403 recta
3312 5348 3487 5401 duxit.
3528 5347 3760 5401 Concur-

2211 5459 2402 5507 rerunt
2424 5449 2694 5503 exercitus
2718 5446 2784 5498 ad
2807 5452 3054 5514 stagnum
3079 5442 3193 5496 sive
3240 5442 3488 5510 paludem
3528 5437 3772 5493 Varncn-

2211 5558 2347 5605 sem,
2374 5542 2463 5594 ubi
2489 5539 2809 5594 dimicatum
2841 5537 2979 5588 inter
3008 5548 3104 5587 eos
3127 5531 3411 5595 acerrime,
3446 5530 3611 5583 multa
3644 5546 3768 5583 cum

2213 5635 2475 5690 cﬂ’usione
2501 5630 2799 5701 sanguinis.
2830 5628 2942 5681 Rex
3001 5623 3254 5695 Ungarus
3316 5623 3383 5677 ab
3440 5638 3549 5676 uno
3604 5623 3773 5675 latere

2221 5728 2513 5793 pugnabat,
2556 5724 2624 5777 ab
2655 5722 2827 5777 altero
2852 5717 3077 5774 Michael
3110 5716 3220 5780 ille,
3263 5725 3622 5785 cognomento
3677 5712 3769 5767 Ni-
