4212 6288
494 397 600 456 titt9

1755 389 2107 453 ANNALES
2138 387 2472 450 TURCICI.

3620 393 3730 457 610

492 524 585 574 ger
609 523 624 561 :
651 517 702 561 et
733 515 880 560 tanto
907 508 1128 577 quidem
1159 524 1284 563 cum
1319 510 1524 579 impetu
1555 508 1782 562 Muratis
1813 506 2060 561 invasere
2090 508 2131 560 Δ
2165 503 2443 570 ingressus
2498 511 2620 557 est:
2657 505 2744 559 ubi
2800 519 2924 559 cum
2981 504 3256 560 civitatem
3315 505 3580 563 (ἔθνεσι)οη
3633 528 3730 566 ex-

490 600 697 668 copias,
736 610 794 653 ut
823 601 1057 655 hostium
1087 612 1379 670 utrumque
1403 618 1575 656 cornu
1607 602 1660 655 in
1704 600 1883 668 fugam
1937 613 2062 667 pro-

492 693 750 761 pellerent
775 709 790 757 ;
821 700 984 761 atque
1005 694 1104 747 hoc
1133 695 1184 746 in
1207 692 1458 748 conﬂictu
1495 692 1854 762 beglcrbegus
1917 690 2062 743 Ana-

491 784 633 838 tolias
656 799 830 839 cassus
863 784 986 838 fuit.
1013 784 1174 841 Solus
1195 783 1372 839 adhuc
1425 783 1664 837 Muralcs
1693 797 1816 837 cum
1847 782 2061 849 agmine

491 891 589 928 suo
617 875 794 929 stabat
814 877 1091 935 immotus.
1120 876 1332 931 σείει-ὅσ
1357 876 1428 929 ab
1449 885 1678 944 utroque
1729 873 1899 927 latere
1935 887 2056 939 pro-

492 967 704 1029 stratis,
741 976 834 1020 aut
872 966 996 1033 luga
1037 960 1288 1037 dilapsis.
1319 968 1393 1022 lbi
1425 979 1538 1023 tum
1573 967 1810 1022 Murates
1860 971 2058 1020 erectis

487 1057 554 1110 ad
584 1059 782 1112 coelum
818 1059 1012 1123 oculis,
1050 1074 1206 1130 opem
1243 1059 1330 1114 sui
1364 1059 1606 1115 numinis
1632 1067 1689 1114 et
1735 1058 2058 1113 Mahumetis

490 1149 782 1216 implorare
810 1150 1153 1219 solliciteque
1181 1151 1414 1220 precari,
1447 1166 1513 1205 ne
1544 1165 1604 1206 se
1627 1159 1737 1204 tam
1800 1150 2054 1220 praesenti

487 1240 730 1308 periculo
790 1257 972 1297 rerum
1023 1243 1360 1300 desererent.
1422 1244 1634 1310 Quibus
1688 1243 1944 1313 precibus
1983 1244 2053 1295 ita

486 1329 798 1399 conceptis,
846 1345 973 1386 mox
1029 1331 1200 1386 aleam
1255 1335 1425 1403 praelii
1482 1342 1746 1386 mutatam
1799 1331 2052 1385 vidisses.

487 1420 698 1491 Quippe
725 1438 839 1484 rex,
867 1423 1156 1480 immodica
1205 1424 1517 1480 ferocientis
1537 1425 1704 1478 animi
1749 1423 2055 1477 temeritate

486 1511 775 1580 impulsus,
845 1513 898 1568 in
952 1515 1167 1570 medios
1227 1517 1436 1571 Turcos
1486 1530 1687 1586 equum
1755 1514 1956 1583 adegit,
2001 1521 2055 1566 ct

486 1619 702 1660 Summo
725 1621 846 1659 cum
876 1606 996 1662 nisu
1025 1607 1250 1664 Muralis
1285 1608 1462 1677 ipsius
1501 1619 1664 1674 caput
1705 1608 1880 1677 petiit.
1911 1607 2048 1661 Dum

486 1695 537 1746 in
569 1695 714 1748 hunc
739 1695 960 1748 modum
987 1695 1317 1751 furibundus
1346 1697 1713 1766 progreditur,
1735 1710 1868 1750 casu
1914 1710 2052 1764 quo-

484 1784 608 1839 datn
640 1787 860 1850 accidit,
893 1795 949 1840 ut
974 1803 1150 1858 equus
1187 1790 1366 1857 regius
1396 1787 1462 1842 ad
1494 1798 1691 1841 terram
1737 1785 2048 1856 prolabere-

484 1884 591 1930 tur.
621 1875 758 1932 Tum
781 1878 1004 1947 quidam
1035 1895 1066 1931 e
1127 1879 1367 1946 peditum
1399 1894 1651 1943 numero,
1705 1889 1764 1934 et
1792 1879 1933 1932 alius
1987 1893 2054 1931 ex

485 1967 676 2022 ordine
721 1967 1139 2036 Genizarorum,
1198 1981 1585 2034 accurrentes,
1637 1971 1762 2042 equi
1813 1971 2057 2025 tendines

487 2060 817 2115 inciderunt.
845 2059 1031 2131 Itaque
1069 2078 1194 2130 rege
1241 2063 1390 2117 humi
1420 2075 1714 2132 prastrato,
1774 2077 1898 2117 mox
1927 2077 2056 2130 pro-

487 2161 654 2206 vecta:
675 2153 756 2207 vir
781 2152 979 2218 aetatis,
1013 2152 1219 2208 Cheser
1244 2155 1436 2224 begus,
1481 2155 1574 2225 qui
1630 2167 1758 2208 tunc
1785 2153 1960 2207 adhuc
1989 2169 2055 2207 ex

485 2239 637 2313 Elpia
657 2243 860 2299 l'amilia
889 2256 1163 2313 superstes
1197 2255 1335 2308 erat,
1391 2261 1455 2300 ex
1503 2260 1647 2316 equo
1693 2246 2052 2308 descendens,

487 2336 600 2404 regi
642 2345 804 2404 caput
831 2344 1094 2405 amputat,
1121 2335 1286 2406 328
1309 2343 1362 2389 et
1407 2337 1625 2391 sultano
1648 2335 1842 2389 Murati
1875 2335 2052 2390 offert.

486 2424 556 2490 Is,
590 2427 692 2480 hoc
728 2426 1041 2495 spectaculo
1071 2427 1246 2492 laetus,
1274 2426 1556 2483 confestim
1617 2428 1826 2499 regium
1889 2436 2055 2497 caput

487 2518 654 2574 hasta:
673 2519 828 2589 iubet
859 2519 1018 2590 aﬂlgi.
1057 2521 1215 2587 Quod
1244 2521 1337 2576 ubi
1397 2522 1598 2578 factum
1626 2523 1839 2588 fuisset,
1895 2526 2050 2579 hasta

483 2609 539 2663 in
564 2610 732 2665 altum
759 2609 972 2666 sublata
995 2611 1219 2667 clamari
1274 2625 1538 2682 carptum,
1571 2615 1714 2685 regis
1744 2615 1846 2669 hoc
1888 2626 2055 2686 caput

482 2715 620 2753 esse.
649 2698 786 2754 Tum
817 2717 944 2756 vero
976 2701 1161 2765 Turci,
1193 2702 1288 2765 qui
1325 2704 1476 2770 prius
1504 2703 1641 2774 fugae
1669 2721 1731 2760 se
1756 2706 2048 2771 dederant,

486 2790 588 2843 hoc
617 2791 802 2845 audito
823 2793 1083 2854 clamore.
1111 2794 1329 2848 reﬂexis
1351 2796 1528 2863 equis,
1589 2811 1783 2851 rursus
1815 2797 1882 2850 ad
1936 2797 2053 2854 Mu-

483 2892 653 2936 ratem
681 2880 1078 2938 conﬂuxerunt.
1104 2888 1218 2950 Qua
1246 2901 1302 2939 re
1340 2902 1370 2940 a
1419 2887 1747 2943 Christianis
1807 2891 2050 2944 animad-

486 2990 664 3038 versa,
693 2990 816 3030 cum
849 2978 1073 3047 reliquis
1104 2995 1292 3034 eorum
1327 2981 1500 3049 copiis
1520 2980 1724 3038 Jaucus
1765 2984 1819 3038 in
1867 2983 2048 3054 fugam

488 3080 548 3121 se
582 3066 828 3136 coniecit.
857 3065 969 3122 Hoc
1019 3071 1178 3124 modo
1214 3071 1374 3125 victis
1431 3072 1783 3138 Christianis,
1841 3091 1904 3129 ac
1963 3075 2050 3129 l'u-

485 3157 778 3225 gientibus,
806 3160 966 3216 Turci
995 3177 1088 3216 eos
1117 3164 1186 3216 ab
1225 3165 1376 3219 omni
1435 3175 1590 3233 parte
1649 3168 1930 3235 persequi,
1984 3184 2048 3224 ac
2073 3186 2118 3242 ο

485 3253 743 3320 plurimos
765 3256 1033 3312 occidere.
1062 3257 1270 3312 Interea
1309 3273 1439 3312 vero
1468 3257 1742 3321 Genizari,
1800 3274 1865 3315 ac
1899 3261 2047 3329 pedi-

481 3353 564 3400 tes
586 3344 832 3410 Turcici,
855 3363 1056 3403 currus
1104 3359 1156 3403 et
1187 3349 1569 3420 impedimenta
1613 3349 2048 3406 Christianorum

480 3436 654 3491 adorti
675 3439 1044 3504 diripuerunt,
1075 3450 1129 3494 ct
1173 3441 1376 3510 ingenti
1438 3443 1593 3510 potiti
1649 3453 1777 3497 sunt
1828 3445 2046 3514 prada:

479 3543 588 3596 qua
614 3531 833 3599 quidem
871 3532 939 3586 ad
965 3534 1242 3587 sultanum
1289 3533 1554 3588 Muratem
1618 3537 1802 3603 allata,
1859 3546 2048 3592 mutuo

478 3619 582 3674 sibi
610 3622 863 3692 gratulati
897 3634 1045 3687 sunt,
1080 3635 1133 3679 et
1161 3625 1311 3679 illum
1343 3626 1486 3680 diem
1516 3627 1570 3681 in
1626 3626 1797 3684 fastos
1861 3628 2048 3684 referri

473 3709 1180 3786 jusserunt.Esactumque
1217 3717 1321 3772 fuit
1365 3718 1432 3772 ab
1458 3718 1540 3773 eis
1581 3724 1752 3773 totum
1802 3720 1904 3775 hoc
1952 3721 2047 3775 tri-

478 3804 646 3858 duum
675 3806 823 3860 omni
871 3822 1068 3875 genere
1126 3807 1437 3864 hilaritatis.
1492 3808 1590 3866 llis
1644 3812 1806 3868 rebus
1857 3815 2047 3882 gestis,

479 3893 766 3965 imperium
787 3897 1040 3954 sultanus
1071 3899 1305 3954 Murates
1341 3902 1539 3956 iterum
1588 3904 1807 3959 sultano
1831 3905 2050 3960 Muche—

479 3991 606 4043 meti
635 3989 744 4044 ﬁlio
770 3991 1027 4052 restituit,
1065 4000 1120 4046 et
1151 3991 1267 4059 ipse
1293 3990 1588 4047 Manissam
1646 4009 1897 4050 reversus
1939 4009 2040 4049 est.

476 4079 846 4136 Muchemetes
885 4096 1055 4152 regno
1086 4099 1274 4138 rurSus
1298 4085 1454 4146 inito,
1487 4099 1609 4140 mox
1643 4101 1839 4156 aspros
1877 4102 2044 4141 novos

475 4174 682 4242 signari
721 4175 943 4229 nomine
961 4190 1062 4229 suo
1090 4174 1270 4242 iussit,
1299 4193 1445 4230 anno
1469 4177 1574 4231 849
1596 4179 1748 4248 (Chr.
1788 4180 1970 4249 MM).

545 4266 602 4321 ltt
632 4266 764 4335 ipsis
791 4277 973 4320 autem
1011 4266 1381 4323 Huchetnetici
1437 4271 1589 4337 regni
1647 4272 1802 4326 novis
1858 4275 2046 4344 auspi-

475 4358 597 4419 ciis.
631 4359 758 4413 urbs
798 4357 1322 4428 lladrianopolitana
1356 4368 1469 4415 tota
1523 4361 1758 4418 ﬂammis
1811 4379 2041 4421 accensa

476 4450 862 4518 conﬂagravit:
895 4459 950 4505 et
989 4448 1238 4504 Genizari
1272 4452 1538 4505 seditione
1557 4459 1852 4516 commota,
1873 4458 2040 4523 majo-

2163 603 2454 663 pugnatatn
2486 593 2724 650 dedisset
2776 596 3006 658 excidio.
3057 606 3110 650 et
3141 598 3244 651 alia
3277 599 3522 668 quredam
3577 608 3728 673 oppi-

2162 684 2283 737 dnla
2314 686 2589 753 cepisset,
2623 687 2872 743 abductis
2895 688 3106 759 copiis,
3140 690 3582 759 Hadrianopolim
3646 714 3732 750 re.

2161 773 2279 838 diit,
2316 790 2463 829 anno
2495 776 2769 844 850(Chr.
2802 778 2986 849 1465).

2229 866 2437 923 Castris
2462 867 2842 941 l'latlrianopoli
2875 874 3058 938 motis,
3093 873 3145 926 in
3203 875 3487 930 Albaniam
3539 876 3722 939 duxit,

2159 968 2214 1010 et
2245 972 2424 1012 arcem
2455 959 2771 1015 Cotziscum
2803 961 2857 1015 in
2885 963 3094 1018 ditione
3139 962 3365 1020 Joannis
3413 971 3724 1037 occupavit,

2160 1062 2224 1100 ac
2255 1047 2566 1103 universam
2595 1051 2871 1116 regionem
2916 1053 3126 1121 rapinis
3161 1057 3430 1112 exhausit.
3489 1059 3725 1114 Albano-

2158 1153 2279 1192 rum
2312 1139 2570 1211 princeps
2597 1140 3300 1210 lscodarattlominusmum
3365 1153 3478 1205 suis
3524 1155 3725 1207 cedens

2157 1229 2389 1301 aufugit.
2451 1233 2636 1302 Itaque
2704 1232 2942 1290 Murates
2997 1253 3246 1306 magnam
3296 1243 3532 1312 regionis
3578 1244 3726 1299 illius

2157 1330 2366 1388 partem
2393 1323 2638 1393 atljurtxit
2665 1325 2893 1396 imperio
2948 1345 3082 1396 suo;
3113 1346 3349 1401 cumque
3391 1334 3725 1393 Christiano-

2158 1427 2276 1465 rum
2311 1414 2509 1482 templa
2534 1417 2815 1482 diruisset,
2841 1435 2905 1474 ac
2941 1418 2994 1473 in
3015 1425 3270 1478 messitas
3297 1434 3728 1494 commutasset,

2156 1501 2456 1560 Turcorum
2479 1509 2722 1563 colonias
2748 1510 2798 1564 in
2833 1511 2919 1565 illa
2944 1511 3059 1566 loca
3090 1515 3338 1570 deduxit.

2225 1591 2320 1650 llis
2369 1595 2578 1651 Μαι-διε
2601 1599 2766 1656 rebus
2825 1616 3110 1673 occupato,
3175 1607 3354 1662 nuntii
3408 1607 3724 1671 advenere.

2153 1686 2246 1754 qui
2297 1685 2688 1756 significarent,
2749 1691 3018 1762 Ungaros,
3101 1695 3367 1762 Saxones,
3451 1699 3725 1767 Boemos;

2159 1772 2483 1839 Germanos,
2514 1789 2567 1833 et
2618 1778 2908 1845 Valachos,
2977 1786 3230 1840 maximis
3275 1790 3481 1844 coactis
3527 1792 3724 1860 copiis,

2154 1867 2266 1934 jam
2297 1868 2364 1921 ad
2393 1866 2586 1923 Albam
2614 1886 2785 1942 usque
2830 1873 3074 1929 Graecam
3126 1879 3418 1947 appulisse,
3470 1896 3726 1952 progres-

2158 1973 2316 2012 suros
2347 1961 2412 2012 ad
2440 1961 2590 2029 ipsos
2616 1962 2841 2019 Cosova:
2873 1981 3114 2035 campos.
3147 1971 3275 2039 Ejus
3308 1973 3380 2028 rei
3413 1973 3553 2028 fama
3607 1976 3722 2030 sul-

2158 2057 2317 2103 tanus
2355 2051 2594 2108 Hurates
2619 2057 2906 2125 impulsus,
2939 2058 3169 2138 Albania
3196 2063 3403 2127 relicta,
3458 2064 3722 2135 Sophiam

2156 2156 2370 2198 summa
2399 2141 2753 2200 festinatione
2805 2149 3056 2214 accessit,
3116 2151 3298 2222 ibique
3353 2157 3611 2218 substittt.
3664 2159 3718 2212 in

2155 2247 2371 2287 omnem
2400 2246 2609 2304 partem
2629 2239 2888 2307 intentus,
2914 2256 3023 2310 quo
3059 2245 3273 2299 scilicet
3317 2259 3609 2318 empturus
3633 2251 3721 2305 hic

2158 2333 2335 2380 motus
2362 2335 2527 2383 esset.
2562 2328 2736 2385 Simul
2785 2335 3049 2401 expeditis
3081 2337 3133 2389 itt
3163 2353 3358 2394 omnes
3408 2344 3718 2410 provincias

2153 2413 2373 2479 litteris,
2411 2418 2609 2475 milites
2641 2421 2931 2478 universos
2971 2441 3120 2480 arma
3160 2443 3377 2498 capere,
3432 2441 3486 2486 et
3513 2435 3722 2504 absquo

2155 2521 2306 2562 mora
2363 2509 2417 2562 in
2468 2519 2646 2566 castra
2706 2516 2996 2571 convolare
3033 2519 3219 2587 jussit.
3267 2521 3441 2578 Fuere
3483 2525 3719 2597 denique

2155 2598 2380 2654 collecta
2411 2603 2598 2656 decem
2631 2605 2800 2658 millia
2835 2605 3227 2666 Genizarorum
3251 2652 3268 2678 ,
3303 2625 3355 2669 et
3392 2615 3495 2669 alia
3529 2618 3713 2672 dect-tn

2157 2689 2322 2742 millia
2363 2695 2629 2760 peditum,
2682 2700 2773 2766 qui
2831 2698 3025 2755 Turcis
3072 2702 3240 2773 Διηρί
3271 2705 3548 2761 dicuntur.
3576 2708 3719 2765 Prte-

2156 2790 2304 2837 terea
2362 2801 2594 2855 magnus
2651 2789 2933 2845 hominum
2985 2809 3247 2851 numerus
3295 2799 3362 2852 ad
3419 2815 3542 2855 eum
3581 2819 3716 2857 cono

2154 2874 2310 2930 ﬂuxit
2340 2892 2403 2931 es
2436 2880 2501 2932 iis
2534 2883 2626 2946 qni
2665 2897 2695 2935 a
2736 2884 2929 2939 militia
2974 2890 3307 2958 caeteroquin
3334 2902 3492 2946 erant
3521 2896 3716 2949 immu-

2155 2981 2272 3019 nes.
2333 2966 2614 3024 Iiabebant
2665 2974 2809 3028 enim
2859 2975 3121 3031 Muratem
3187 2995 3284 3049 pro
3341 2984 3456 3038 viro
3503 2998 3714 3041 sancto.

2153 3055 2351 3123 COpias
2381 3061 2446 3112 ad
2471 3076 2740 3119 summam
2768 3063 3189 3124 innumerabiles
3213 3070 3449 3140 collegit,
3484 3074 3550 3126 ab
3594 3075 3718 3130 aliis

2154 3149 2316 3202 etiam
2367 3151 2552 3217 rebus,
2586 3153 2726 3208 bello
2794 3158 3026 3225 gerendo
3085 3163 3439 3227 necessariis,
3505 3171 3718 3236 egregio

2157 3241 2496 3297 instructus:
2528 3260 2556 3296 a
2588 3250 2872 3303 tormentis
2902 3252 3221 3319 majoribus.
3261 3255 3502 3325 inquam,
3561 3261 3715 3314 bom-

2153 3330 2360 3396 bardis,
2388 3331 2580 3397 hastis,
2613 3339 2871 3393 arcubus.
2931 3342 3230 3398 Arcessivit
3259 3348 3422 3402 etiam
3473 3351 3538 3402 ad
3576 3354 3715 3404 hanc

2152 3424 2849 3493 cxpeditioncmsultanum
2877 3425 3271 3490 Muchemetem
3309 3438 3501 3503 lilium,
3547 3452 3604 3494 ut
3660 3446 3717 3497 in

2149 3533 2210 3571 ea
2243 3518 2378 3586 patri
2411 3533 2594 3574 comes
2620 3521 2855 3577 adesset.
2889 3521 3099 3580 Interea
3136 3542 3266 3584 vero
3288 3569 3302 3592 ,
3327 3532 3456 3586 dunt
3508 3535 3561 3588 itt
3616 3536 3713 3591 ho-

2150 3622 2288 3665 stem
2357 3611 2472 3680 ipse
2510 3616 3144 3684 proﬂciscitur,Valachi
3197 3621 3498 3682 Danubium
3564 3635 3714 3684 navi-

2150 3703 2644 3773 giistransjiciunt,
2671 3717 2730 3762 ut
2759 3724 2972 3766 omnem
3031 3727 3220 3784 agrum
3279 3715 3708 3789 NiCopulitanutn

2150 3796 2295 3851 ferro
2323 3814 2387 3852 ac
2448 3799 2685 3856 ﬂammis
2739 3813 3018 3860 vastarent
3055 3821 3071 3859 :
3102 3808 3197 3863 sed
3243 3809 3290 3866 is
3349 3825 3581 3869 conatus
3642 3832 3710 3872 es

2151 3889 2391 3958 ipsorum
2445 3892 2613 3946 animi
2679 3896 2946 3950 sententia
2999 3913 3106 3953 non
3159 3903 3447 3959 successit.
3501 3905 3711 3976 Quippe

2150 3981 2410 4036 limitanei
2436 3998 2689 4052 proceres
2714 3986 2766 4040 in
2792 3986 2860 4044 iis
2887 3988 3043 4050 locis,
3105 3988 3465 4049 Mechemctcs
3523 4000 3709 4067 bcgus,

2147 4085 2198 4126 et
2231 4073 2310 4127 lsa
2353 4073 2543 4142 begun,
2568 4082 2622 4129 et
2676 4076 2906 4148 Usguris
2958 4079 3122 4146 ﬂlius,
3171 4097 3292 4137 cum
3346 4087 3708 4143 Acanziorutn

2148 4167 2320 4236 copiis
2347 4164 2616 4224 Valachos
2644 4169 2842 4235 adorti,
2866 4171 3067 4229 multos
3089 4189 3155 4228 ex
3183 4174 3263 4232 eis
3297 4176 3708 4235 interfecerunt.

2146 4259 2304 4321 Quod
2374 4260 2462 4314 ubi
2517 4259 2722 4315 factum
2781 4261 3020 4319 Μαι-διες
3076 4266 3309 4335 accepit,
3354 4284 3459 4323 non
3516 4287 3703 4341 parum

2145 4351 2504 4417 exhilaratus,
2532 4351 2700 4407 alacri
2723 4369 2847 4409 mox
2879 4356 3063 4411 animo
3090 4373 3276 4415 versus
3314 4361 3534 4420 Comm-
3578 4367 3708 4446 pla-

2148 4449 2339 4503 nitiem
2371 4464 2496 4502 cum
2516 4453 2757 4504 exercitu
2792 4451 3068 4519 profectus
3115 4463 3217 4509 est.
3279 4453 3514 4509 Ducebat
3558 4475 3706 4511 emtn

477 4557 563 4596 res
617 4517 862 4596 annonas
928 4543 1311 4613 postularunt:
1386 4557 1496 4598 non
1557 4543 1695 4613 plebi
1779 4517 2041 4601 duntasat
2071 4517 2116 4574 θ
2147 4540 2428 4594 hominum
2457 4541 2523 4594 ad
2555 4517 2827 4611 oct0ginta
2874 4543 3039 4596 millia
3065 4583 3079 4606 ,
3107 4554 3216 4600 tam
3242 4547 3510 4616 captitum,
3541 4563 3703 4617 quam

477 4634 667 4702 injecta
739 4635 1123 4704 trepidatione,
1209 4648 1397 4689 verum
1463 4637 1625 4689 etiam
1715 4636 2040 4707 beglerbego

473 4724 742 4779 Chadumi
802 4728 977 4781 bassa:
1038 4725 1228 4780 mortis
1290 4726 1553 4781 intentato
1609 4728 1890 4796 periculo:
1946 4730 2039 4798 qui

475 4818 561 4870 vis
592 4817 645 4870 in
676 4832 855 4871 arcem
906 4816 973 4868 ad
1030 4816 1303 4869 sultanum
1367 4815 1756 4873 Mucbemetem
1802 4819 2039 4887 elapsus,

473 4909 637 4964 saluti
664 4924 777 4964 sua:
802 4907 1094 4964 consuluit.
1128 4908 1348 4961 Interim
1401 4903 1658 4961 Genizari
1707 4923 1802 4975 per
1853 4910 2037 4963 urbem

475 5000 618 5055 [aede
647 4999 905 5070 grassari,
930 5007 985 5053 et
1013 4998 1194 5053 omnia
1219 5012 1313 5068 per
1366 5013 1645 5054 summam.
1695 4998 2038 5052 insolentiam

474 5091 749 5161 diripere:
777 5091 951 5146 donec
992 5090 1208 5144 tandem
1231 5091 1309 5144 eis
1335 5104 1551 5143 annona
1599 5089 1830 5142 semisse
1876 5089 2040 5143 unius

472 5187 952 5254 aspriaugeretur,
1012 5194 1177 5254 atque
1229 5183 1304 5236 ita
1362 5182 1808 5237 tumultuantium
1873 5184 2040 5237 animi

475 5278 814 5332 sedarentur.

545 5367 871 5436 Compositis
896 5368 1043 5422 hisce
1070 5367 1266 5432 turbis,
1316 5366 1489 5422 Cltelil
1530 5369 1688 5424 bassa
1743 5365 1921 5432 Vesir,
1983 5377 2039 5422 et

477 5460 566 5513 alii
593 5460 868 5514 Romaniae
917 5475 1169 5526 proceres
1190 5499 1204 5521 ,
1266 5459 1506 5512 unanimi
1539 5461 1768 5512 consilio
1796 5469 1852 5513 et
1905 5477 2037 5512 con-

477 5569 638 5607 sensu
674 5552 905 5607 Manissa
936 5552 1210 5604 sultanum
1236 5549 1496 5604 Muratem
1535 5550 1728 5604 iterum
1768 5551 1832 5603 ad
1886 5566 2038 5602 sum-

477 5657 618 5696 mam
640 5656 822 5695 rerum
853 5641 1255 5695 arcessivcrunt
1289 5656 1302 5691 :
1334 5638 1424 5708 qui
1459 5638 1560 5691 hoc
1593 5654 1816 5705 aCCPpIO
1847 5644 2036 5691 nuntio

481 5753 600 5790 mox
632 5739 698 5790 atl
721 5736 996 5792 sultar.um
1025 5734 1412 5787 Mttchemetem
1446 5747 1504 5787 se
1550 5733 1778 5786 contulit
1809 5732 2037 5787 Hadria-

481 5833 737 5899 nopolim,
766 5842 819 5885 et
852 5829 1029 5884 hieme
1060 5826 1304 5896 scqucnti
1331 5841 1452 5878 cum
1503 5827 1738 5878 exercitu
1805 5826 2035 5882 .ilorcant

2144 4635 2410 4704 peditum.
2445 4633 2525 4687 Ad
2548 4633 2773 4690 Cosovat
2805 4650 3029 4706 campos
3053 4651 3180 4691 cum
3213 4639 3574 4705 pervenisset,
3601 4642 3704 4696 ob-

2144 4728 2287 4780 vium
2348 4725 2536 4780 habuit
2581 4723 2832 4782 Jancum.
2877 4727 3212 4798 Quapropter
3281 4730 3537 4800 utrinque
3600 4747 3704 4802 pit-

2143 4817 2341 4884 gnantli
2376 4817 2519 4872 facto
2577 4817 2754 4882 initio,
2804 4819 3045 4886 displosa
3103 4818 3254 4875 fuere
3289 4827 3549 4876 continuo
3594 4823 3701 4877 dici

2143 4909 2431 4977 noctisque
2457 4911 2632 4976 spatio
2665 4918 2937 4964 tormenta
2970 4911 3184 4966 bellica.
3222 4911 3463 4968 Tandem
3495 4918 3701 4970 .Iancus

2142 4999 2196 5053 ltt
2219 4999 2431 5054 hostem
2469 4999 2588 5053 acie
2611 5003 2870 5068 producta
2897 5001 3122 5070 duplici,
3164 5001 3372 5059 Turcos
3419 5004 3490 5059 ab
3549 5021 3700 5058 ntro-

2141 5106 2247 5159 quc
2280 5106 2451 5145 cornu
2481 5091 2632 5145 fusos
2672 5099 2817 5159 terga
2849 5091 2979 5146 dare
3009 5095 3207 5163 coegit.
3264 5093 3497 5164 Jamque
3550 5100 3702 5152 solus

2143 5184 2279 5237 adeo
2310 5185 2602 5238 comitatus
2631 5185 2858 5247 aulicus,
2896 5186 3114 5240 sultano
3169 5185 3375 5240 Murate
3435 5203 3542 5241 non
3600 5191 3698 5244 de—

2141 5284 2308 5338 serto,
2341 5275 2518 5329 locum
2546 5290 2702 5329 suum
2751 5277 2803 5329 in
2845 5277 2960 5331 acie
3019 5278 3287 5332 tuebatur.
3344 5278 3698 5347 Olijectabant

2141 5366 2471 5421 Christianis
2503 5375 2655 5420 scuta
2690 5381 2786 5422 sua
2843 5366 3119 5428 Genizari.
3182 5378 3451 5423 tormenta
3503 5371 3696 5424 bellica

2142 5457 2194 5509 in
2227 5472 2321 5511 cos
2349 5456 2673 5528 dirigebant,
2706 5459 2974 5525 scl0petos
3031 5459 3383 5514 obverlebant
3431 5461 3692 5531 undique.

2141 5549 2316 5603 Simul
2368 5565 2399 5603 a
2458 5558 2607 5617 tergo
2662 5550 2907 5613 camelis,
2962 5551 3142 5615 mulis,
3197 5559 3250 5604 et
3273 5552 3527 5607 curribus
3577 5568 3696 5607 sese

2143 5643 2474 5704 munientes,
2508 5652 2614 5695 tam
2669 5642 2880 5696 fortiter
2912 5641 3086 5695 hostis
3148 5642 3407 5710 impetum
3461 5644 3694 5699 sustine-

2140 5730 2294 5784 bant.
2355 5739 2412 5783 ttt
2452 5729 2711 5784 Muratent
2767 5745 2890 5783 cum
2932 5730 3081 5785 hisce
3120 5733 3290 5800 copiis
3341 5733 3472 5795 suis,
3536 5733 3692 5786 Chri-

2140 5827 2299 5883 stiani
2324 5825 2440 5880 loco
2473 5825 2794 5880 submovere
2829 5825 2974 5878 nulla
3020 5824 3070 5879 vi
3110 5833 3348 5894 posst-nt.
3383 5839 3479 5879 nec
3512 5825 3688 5892 aliqua
