4212 6288
450 364 513 427 6.1
531 366 551 427 l

1710 368 2061 428 ANNAI.ES
2091 368 2425 429 TURClCl.

3582 369 3688 433 612

450 482 606 535 clade
637 478 867 533 allicere.
900 479 1033 533 Cum
1087 490 1266 534 autem
1300 480 1564 551 profligati
1619 485 1768 549 prius
1820 484 2025 536 aChri-
2058 494 2098 543 Α
2133 486 2207 536 iis
2246 486 2296 535 in
2350 500 2542 537 omnes
2595 484 2907 555 provincias
2971 498 3097 536 suas
3159 482 3450 551 expediiit,
3494 483 3694 549 quibus

450 577 645 631 Stianis
674 576 726 628 in
760 582 992 643 utroque
1018 591 1187 629 cornu
1223 576 1411 641 Turci,
1447 578 1784 632 Christianus
1840 595 2019 630 arum-

454 683 573 721 rum
620 682 803 721 onere-
843 667 1006 721 nimio
1069 681 1322 737 gravatos
1380 672 1896 731 animadverterent,
1954 672 2021 723 de

452 757 718 813 industria
750 758 932 826 fugam
986 759 1346 826 arripientes,
1383 761 1701 827 insequendi
1756 763 1893 814 viam
1943 762 2022 814 eis

452 862 803 917 aperuerunt.
832 848 1044 917 Quippe
1073 849 1367 903 Christiani
1421 866 1479 903 se
1524 867 1670 913 niux,
1728 850 1900 903 instar
1941 849 2021 901 di-

456 938 909 1008 luviicujusdam,
962 942 1249 995 concitatis
1299 942 1478 1010 equis,
1563 940 1848 994 diffudere.
1914 941 2017 991 Sed

454 1029 640 1093 Turci,
672 1031 761 1099 qui
788 1032 966 1099 fugam
1003 1032 1258 1096 inierant,
1291 1047 1553 1101 equorum
1583 1047 1751 1085 cursu
1785 1030 2018 1083 adlatus

456 1119 671 1180 inﬂexu.
724 1123 1006 1187 espeditos
1058 1132 1110 1175 et
1159 1123 1395 1178 inermes
1446 1123 1879 1178 Christianorum
1916 1123 2018 1175 titi-

454 1217 574 1269 liu-s
599 1215 762 1285 329
789 1217 1126 1279 invaserunt,
1161 1231 1300 1286 quos
1334 1217 1509 1271 nudos
1536 1232 1656 1271 esse
1690 1225 1911 1277 norant,
1967 1225 2021 1269 et

455 1308 507 1360 in
539 1326 630 1361 eos
661 1308 912 1361 alacriter
945 1310 1196 1362 acinaces
1252 1323 1382 1363 suos
1429 1308 1787 1363 strinxerunt.
1828 1307 1886 1359 td
1943 1306 2020 1360 illi

453 1416 578 1452 cum
622 1399 732 1452 fieri
767 1411 1078 1465 cernerent,
1116 1400 1404 1454 celerrime
1449 1400 1829 1467 cataphractos
1858 1399 2014 1466 equi-

454 1499 536 1543 tes
567 1506 695 1543 suos
727 1493 897 1544 secuti
925 1500 1095 1543 sunt:
1140 1490 1340 1559 quibus
1402 1490 1490 1543 ubi
1545 1490 1653 1558 jam
1714 1505 1821 1542 non
1875 1498 2019 1543 esset

455 1583 748 1649 integrum,
826 1583 879 1634 in
929 1581 1137 1635 Turcos
1193 1581 1365 1635 aciem
1428 1582 1607 1634 denuo
1661 1588 2015 1635 convertere:

456 1670 670 1721 tandem
713 1670 914 1720 mutuis
949 1684 1009 1722 se
1044 1668 1365 1723 vulneribus
1415 1670 1681 1723 conticere
1706 1678 2016 1739 cmperuut,

455 1760 711 1828 atqueita
748 1759 941 1811 solutis
971 1769 1023 1812 et
1053 1759 1330 1827 dissipatis
1382 1758 1692 1826 ordinibus,
1747 1760 2020 1814 exercitus

2123 592 2316 627 onmes
2349 585 2457 627 tam
2492 575 2761 628 Anatolia:
2832 590 2995 643 quam
3029 572 3303 627 Bouiania:
3332 574 3507 639 coegit
3536 587 3698 625 exer-

2122 666 2285 731 citus,
2323 668 2612 722 conductis
2642 669 2805 722 etiam
2832 667 3004 721 vicies
3044 666 3188 718 mille
3210 665 3501 735 peditibus.
3534 661 3698 717 Geni-

2128 774 2379 810 zarorum
2403 770 2557 813 erant
2582 762 2651 813 ad
2687 760 2873 813 decem
2912 759 3099 811 millia.
3135 757 3502 811 Courolarunt
3522 764 3575 808 et
3604 755 3694 808 alii

2125 850 2437 917 complures
2471 852 2538 904 ad
2574 866 2722 911 eum.
2748 852 2945 918 quibus
2978 851 3177 916 alioqui
3214 849 3477 901 militandi
3501 862 3693 900 neces-

2124 940 2257 992 sitas
2290 955 2395 992 non
2459 940 2825 994 im-umbeha.
2883 938 3081 993 Bellica
3148 954 3369 1008 quoque
3426 946 3694 990 tormenta

2125 1026 2275 1079 fundi
2307 1026 2487 1096 jussit,
2521 1028 2695 1084 instar
2723 1030 3041 1083 draconum.
3075 1027 3155 1081 ita
3186 1043 3310 1080 cum
3378 1028 3523 1078 omni
3584 1038 3696 1078 tor-

2126 1127 2434 1171 mentorum
2468 1129 2755 1187 apparatu.
2789 1122 3063 1189 tantisque
3110 1136 3232 1172 cum
3265 1120 3439 1188 copiis
3468 1118 3696 1171 Hadria-

2124 1210 2303 1278 nopoli
2339 1208 2640 1278 profectus,
2668 1222 2847 1265 castra
2903 1211 3381 1281 Constantinopoli
3412 1210 3647 1265 admovit
3680 1226 3697 1266 :

2122 1300 2491 1370 displosisque
2522 1305 2840 1363 tormentis.
2876 1320 3087 1367 muros,
3155 1314 3211 1359 et
3254 1304 3453 1373 pinnas
3482 1319 3696 1363 eurum,

2120 1389 2354 1459 disjecit.
2385 1392 2704 1458 Christiani,
2733 1406 2998 1463 quotquot
3025 1394 3144 1450 urbi
3207 1396 3461 1463 prtesidio
3517 1402 3695 1454 erant,

2124 1482 2335 1536 fortiter
2359 1482 2674 1552 illiquidem
2706 1502 2765 1540 se
2796 1486 3161 1541 defendebant
3187 1504 3200 1539 :
3222 1489 3318 1540 sed
3344 1488 3532 1539 urbem
3554 1484 3695 1538 tueri

2121 1584 2313 1629 contra
2349 1575 2451 1629 vim
2488 1575 2847 1631 Muchemetis
2893 1577 3035 1631 haud
3088 1586 3361 1644 poterant.
3420 1576 3479 1629 ls
3528 1577 3696 1638 enim,

2122 1680 2381 1719 concessa
2411 1667 2564 1719 militi
2601 1668 2841 1731 licentia,
2870 1669 3161 1737 diripiendi
3219 1666 3695 1732 Constantinopo-

2125 1755 2241 1816 lim,
2266 1755 2430 1809 modo
2446 1772 2563 1809 eam
2594 1767 2977 1825 occupassent,
3027 1773 3199 1827 usque
3228 1760 3366 1809 adeo
3392 1755 3696 1808 Turcorum

454 1852 636 1906 omnis
661 1851 712 1903 in
742 1850 939 1905 foedam
982 1866 1103 1905 sese
1160 1850 1341 1920 fugam
1407 1852 1663 1920 conjecit.
1708 1851 1842 1904 Tum
1896 1866 2023 1906 vero
2049 1830 2099 1890 Β
2128 1847 2339 1898 animos
2372 1847 2625 1899 accendi!
2651 1885 2667 1908 ν
2701 1855 2759 1899 ut
2785 1862 2984 1916 magno
3017 1846 3165 1900 illam
3192 1861 3316 1901 cum
3379 1844 3580 1914 impetu
3610 1844 3697 1897 in-

456 1942 642 2002 Turci,
663 1956 800 2008 quos
824 1951 985 1993 antea
1020 1940 1223 2010 fugisse
1247 1940 1508 2007 diximus,
1540 1942 1666 1995 hinc
1712 1942 1836 1996 inde
1884 1956 2017 1996 con-

457 2032 682 2099 globati,
713 2029 1092 2085 Cliristiauisa
1114 2042 1267 2107 tergo
1301 2033 1367 2084 ad
1400 2031 1574 2100 ipsam
1636 2048 1807 2101 usque
1840 2032 2021 2085 muni-

458 2124 659 2175 tionem
708 2130 1011 2175 castrorum
1068 2120 1447 2176 inhaeserant:
1508 2123 1718 2192 fuitque
1772 2122 2025 2193 deinceps

456 2220 752 2280 pugnatum
796 2215 1059 2280 utrinque
1090 2223 1203 2267 toto
1232 2212 1455 2272 lllodie,
1496 2228 1667 2281 usque
1724 2212 1792 2266 ad
1840 2228 2025 2282 vespe-

458 2322 595 2368 ram,
623 2314 677 2357 et
700 2320 731 2359 a
754 2319 984 2373 vespera
1020 2320 1210 2359 rursus
1236 2306 1301 2356 ad
1332 2302 1632 2357 diluculum
1657 2318 1847 2373 usque.
1892 2304 2025 2359 lan-

458 2414 553 2451 cus
576 2408 780 2463 autem,
812 2412 933 2450 cum
969 2396 1040 2449 ita
1074 2410 1186 2449 rem
1223 2397 1333 2464 geri
1396 2398 1635 2459 videret,
1673 2408 1794 2451 astu
1846 2412 1906 2451 se
1958 2397 2027 2452 ab

458 2490 733 2542 exercitus
755 2488 1045 2541 Christiani
1077 2486 1374 2556 reliquiise
1421 2490 1618 2542 castris
1658 2489 1917 2543 subduxit
1970 2499 2026 2544 et

462 2575 718 2646 profugit.
776 2575 1101 2631 Christianis
1155 2576 1221 2629 ad
1287 2588 1594 2631 extremum
1641 2579 1819 2642 vietis,
1871 2577 2024 2635 lanci

462 2666 623 2720 rebus
642 2666 917 2728 omnibus,
952 2682 1075 2720 cum
1104 2668 1420 2731 tormentis,
1471 2676 1525 2722 et
1566 2669 1819 2723 universo
1864 2685 2027 2739 appao

462 2766 583 2810 ratu
619 2757 813 2810 bellico
842 2757 995 2826 potiti
1028 2756 1181 2812 fuere
1212 2757 1413 2812 Turci:
1465 2758 1665 2827 quibus
1734 2763 1800 2813 ad
1856 2762 2027 2815 sulta-

460 2862 590 2901 num
624 2846 881 2901 Moralem
912 2848 1183 2913 adductis,
1211 2865 1350 2903 unus
1378 2850 1529 2903 alteri
1570 2860 1816 2919 porrecta
1838 2868 2023 2920 manu,

461 2948 650 2992 mutue
670 2949 841 2993 sentiet
864 2954 1129 3009 excepere
1157 2942 1559 3010 gratulabundi,
1590 2951 1873 3013 totumque
1925 2947 2027 3000 tri-

457 3031 629 3084 duum
688 3044 753 3085 eo
803 3030 924 3086 loco
986 3032 1376 3101 quiescentes,
1425 3034 1592 3087 veluti
1671 3032 2023 3093 festivitatem

458 3123 770 3191 quamdam,
828 3124 1088 3223 singulari
1146 3139 1268 3178 cum
1327 3125 1604 3180 hilaritate
1658 3129 2092 3223 celebrarunt.c

460 3212 586 3266 lude
608 3213 855 3267 sultunus
888 3210 1259 3269 Muchemetes
1291 3224 1416 3267 ante
1456 3225 1665 3283 patrem
1719 3213 2023 3273 Hadriano-

459 3302 622 3370 polim
650 3303 927 3372 profectus
945 3313 1044 3357 est.
1078 3302 1253 3359 Gesta:
1294 3319 1421 3358 vero
1470 3306 1692 3360 fuerunt
1714 3307 1797 3363 ba:
1830 3324 1915 3365 res
1968 3314 2021 3364 in

476 3396 763 3450 Cosovana
821 3398 1041 3466 planitie
1066 3413 1208 3453 anno
1233 3397 1339 3453 853
1368 3398 1521 3469 (Chr.
1552 3401 1732 3473 1418).

2122 1938 2405 2000 vaderent,
2437 1950 2838 2008 oppugnarent.
2874 1955 2967 2009 per
3000 1941 3107 1993 vim
3136 1940 3375 2009 denique
3406 1942 3693 2007 caperent.

2122 2030 2282 2085 Potiti
2317 2044 2448 2083 vero
2478 2040 2605 2084 sunt
2632 2032 2767 2084 urbe
2798 2031 2992 2096 Turci,
3047 2033 3137 2086 die
3168 2032 3431 2086 vicesimo
3489 2028 3695 2083 mensis

2123 2110 2442 2174 Rebuilulé.
2476 2122 2737 2175 Sullanus
2802 2120 3165 2176 Muchemetes
3188 2161 3203 2186 ,
3236 2120 3423 2175 urbem
3478 2132 3690 2188 captam

2124 2210 2424 2280 ingressus,
2448 2212 2575 2266 hinc
2596 2213 2720 2267 inde
2787 2229 2883 2282 per
2931 2228 3051 2267 eam
3097 2212 3457 2281 obequitavit,
3504 2212 3695 2265 obstu-

2125 2316 2352 2369 pesccns
2384 2302 2450 2355 ad
2493 2303 2780 2356 inusitatas
2809 2302 3159 2357 aedificiorum
3187 2303 3413 2357 formas.
3470 2301 3605 2356 Cum
3639 2302 3691 2353 in

2124 2393 2504 2447 Atmindanem
2537 2396 2903 2462 pervenisset,
2931 2396 3246 2449 columnam
3282 2395 3359 2448 ibi
3426 2394 3694 2461 lapideam

2125 2486 2277 2549 vidit,
2306 2488 2392 2540 cui
2427 2486 2621 2555 triplex
2678 2496 2797 2541 erat
2844 2488 3135 2557 impositus
3155 2501 3381 2560 serpens
3453 2488 3697 2543 aheneus

2125 2576 2376 2646 idemque
2417 2579 2636 2647 triceps.
2678 2578 2834 2632 Illum
2884 2584 3258 2648 conspicatus,
3283 2578 3537 2649 quidnam
3596 2580 3699 2634 hoc

2125 2678 2271 2723 esset
2300 2668 2450 2735 idoli,
2477 2671 2743 2737 quaesivit.
2780 2670 2955 2725 Simul
2992 2672 3046 2725 in
3071 2663 3196 2726 eum.
3216 2664 3471 2727 contorta
3501 2687 3696 2739 magna

2126 2760 2177 2812 vi
2215 2760 2363 2814 clava
2398 2759 2596 2825 ferrea,
2635 2777 2799 2830 quam
2836 2764 3199 2832 pusdiganum
3260 2762 3422 2818 Turci
3476 2775 3698 2833 vocant,

2126 2850 2219 2904 uni
2258 2852 2324 2905 de
2352 2852 2527 2907 tribus
2554 2853 2662 2907 illis
2690 2855 2970 2923 capitibus
2988 2854 3319 2925 serpentinis
3352 2855 3567 2910 labrum
3604 2856 3693 2909 in.

2126 2942 2297 2998 ferius
2335 2945 2675 3002 comminuit.
2718 2949 2838 3013 Quo
2866 2947 3034 3011 facto,
3099 2963 3223 3003 mox
3294 2961 3576 3019 serpentes
3638 2949 3693 3003 in

2128 3035 2263 3091 urbe
2292 3052 2488 3105 magno
2515 3037 2758 3106 conspici
2807 3051 3023 3108 ccepere
3076 3054 3326 3095 numero.
3350 3040 3696 3110 Quapropter

2127 3140 2380 3183 auctores
2404 3130 2453 3183 ei
2496 3128 2647 3183 fuere
2673 3130 2917 3199 quidam,
2971 3143 3031 3185 ut
3069 3133 3298 3188 missum
3351 3135 3609 3205 deinceps
3637 3136 3699 3190 il-

2126 3223 2237 3276 lum
2254 3232 2559 3292 serpentem
2579 3220 2785 3277 faceret
2821 3239 2836 3281 :
2865 3225 3089 3293 quando
3122 3240 3218 3293 per
3257 3226 3308 3280 id
3338 3226 3695 3281 simulacrum

2124 3314 2386 3369 eﬂ'ectum
2420 3314 2612 3380 fuerit,
2649 3315 2726 3370 uti
2752 3330 2976 3384 serpens
3012 3316 3069 3370 in
3122 3319 3257 3371 urbe
3319 3318 3502 3374 nullus
3530 3330 3696 3375 esset.

2125 3407 2263 3462 Hinc
2283 3424 2344 3461 ea
2374 3409 2625 3462 columna
2655 3410 2708 3462 iu
2761 3410 3087 3464 hodiernum
3148 3410 3326 3465 adhuc
3352 3411 3495 3467 diem
3514 3414 3696 3469 durat.

529 3488 767 3543 Murates
800 3490 961 3543 etiam
1004 3488 1392 3544 Muchemetem
1428 3492 1596 3547 [ilium
1651 3506 1875 3549 secutus
1934 3506 2024 3551 est
2117 3499 2193 3552 Et
2221 3514 2533 3570 quanquam
2563 3501 2727 3555 unius
2744 3502 2936 3555 abenei
2960 3504 3232 3570 serpentis
3264 3503 3520 3558 inferiore
3543 3505 3699 3559 labro

460 3580 929 3649 Hadrianopolim,
992 3581 1179 3650 ibique
1228 3590 1442 3650 tempus
1464 3583 1531 3638 ad
1569 3586 1789 3655 aliquod
1828 3589 1879 3640 in
1911 3589 2025 3643 orio

460 3671 615 3735 vixit,
643 3675 713 3723 ita
751 3679 949 3733 tamen,
988 3680 1048 3724 ut
1092 3670 1369 3725 Romaniae
1399 3673 2027 3745 beglerbegumcumco-

458 3762 563 3830 piis
588 3762 880 3827 ablegaret.
912 3762 976 3814 ad
1009 3761 1404 3815 exstruendum
1435 3780 1617 3819 arcem
1675 3767 1965 3836 Cergouim
2004 3787 2019 3823 :

456 3867 565 3922 qua
594 3851 859 3922 perfetta,
902 3850 1144 3907 Murates
1197 3853 1249 3905 in
1299 3855 1565 3909 Anatoliat
1623 3869 1901 3922 montana,
1935 3876 2026 3915 ca-

460 3943 678 4010 ptandas
722 3940 1021 4009 frigidioris
1052 3954 1199 3997 aura:
1220 3959 1406 4009 causa,
1462 3960 1521 4001 se
1569 3948 1823 4015 contulit,
1880 3965 2025 4005 anno

460 4032 564 4085 855
595 4033 742 4102 (Chr.
773 4030 957 4099 ius).

531 4146 570 4198 Ε
598 4147 869 4200 montanis
896 4162 1171 4212 reversus,
1202 4149 1604 4217 expeditionem
1653 4152 1707 4205 iu
1738 4153 2022 4209 Albaniam

458 4241 719 4307 suscepit,
742 4248 799 4291 ut
824 4254 1001 4291 arcem
1034 4238 1461 4308 Beligradensem
1490 4255 1798 4311 occuparet.
1820 4244 1929 4301 Sed
1955 4248 2026 4301 ir-

460 4326 596 4379 ritus
614 4328 699 4379 ille
716 4336 941 4379 conatus
968 4326 1089 4391 fuit,
1108 4327 1339 4394 ideoque
1378 4327 1537 4381 rediit
1558 4326 2021 4400 Hadrianopolim,

460 4430 561 4471 nec
590 4416 824 4483 amplius
851 4414 1035 4468 abillo
1082 4423 1329 4483 tempore
1387 4417 1481 4470 ulli
1536 4419 1619 4473 vel
1667 4422 2023 4490 expeditioni,

2124 3594 2356 3662 dejecto,
2391 3599 2671 3661 serpentes
2702 3591 2759 3645 in
2789 3594 2978 3647 urbem
3022 3595 3296 3656 venerint,
3356 3610 3551 3651 nocere
3606 3607 3690 3649 ta-

2124 3700 2249 3739 men
2286 3684 2489 3738 nemini
2531 3693 2775 3752 possunt.
2839 3683 2973 3739 Erat
3032 3686 3196 3739 etiam
3256 3699 3473 3741 erectus
3521 3703 3699 3757 equus

2126 3776 2386 3837 aheneus,
2430 3775 2518 3829 cui
2564 3784 2743 3830 statua
2785 3778 3033 3845 quaedam
3086 3781 3359 3848 equeStris
3393 3780 3685 3836 insidebat.

2126 3864 2429 3939 Utrumque
2453 3868 2827 3923 Mucliemetes
2847 3869 3140 3923 demolitus
3158 3881 3262 3924 est.
3294 3871 3415 3925 Feri
3433 3889 3495 3925 ur
3512 3885 3691 3926 utttcttl

2125 3964 2229 4016 bac
2261 3969 2442 4014 statua
2472 3962 2611 4028 pesti
2639 3961 2942 4031 praelusus
2974 3961 3145 4015 fuisse
3197 3964 3401 4021 aditus.
3458 3980 3567 4031 quo
3597 3965 3699 4017 nti-

2127 4068 2229 4107 nus
2282 4054 2334 4105 in
2396 4052 2582 4106 urbem
2636 4062 2944 4121 penetraret
2971 4067 3038 4105 ac
3094 4052 3146 4105 in
3212 4067 3274 4105 ea
3333 4062 3700 4122 grassaretur.

2195 4142 2474 4214 Occupata
2523 4142 3014 4211 ConstantinOpoli,
3076 4143 3337 4196 Anatolio:
3420 4154 3699 4210 montana,

2127 4236 2409 4290 recreandi
2433 4234 2519 4288 sui
2572 4250 2761 4298 causa,
2810 4234 3185 4288 Muchemctes
3239 4235 3393 4303 petiit
3430 4252 3444 4291 :
3484 4248 3540 4289 et
3575 4235 3700 4289 inde

2127 4330 2379 4383 re‘versus
2415 4329 2465 4380 in
2492 4327 2778 4379 Albaniam
2801 4327 2992 4394 copias
3046 4325 3202 4379 duxit
3234 4344 3249 4379 :
3305 4326 3394 4378 ubi
3446 4326 3698 4394 Siuriéeu

2130 4421 2181 4475 in
2212 4428 2534 4489 potestatem
2566 4418 2794 4485 redegit,
2820 4432 2966 4470 anno
2997 4416 3103 4470 858
3156 4416 3307 4483 (Chr.
3339 4417 3521 4485 M53).

459 4507 542 4559 vel
568 4506 710 4559 bello
745 4505 991 4557 interfuit
1021 4521 1037 4559 :
1066 4507 1379 4561 exstinctus
1395 4510 1481 4562 die
1510 4510 1744 4578 quodam
1765 4511 2017 4569 Mercurii
2050 4507 2100 4566 υ
2197 4517 2356 4567 Anno
2386 4512 2659 4579 sequenti,
2717 4507 2924 4564 Novam
2977 4524 3099 4563 cum
3164 4508 3335 4577 copiis
3381 4524 3692 4579 aggressus,

459 4604 550 4668 qui
583 4600 828 4653 decimus
856 4608 975 4653 erat
1039 4602 1241 4654 mensis
1289 4600 1653 4666 Mucherenis,
1714 4621 1858 4660 anno
1912 4609 2018 4665 855

459 4692 614 4758 (Chr.
649 4689 832 4755 11511),
870 4704 993 4742 cum
1026 4690 1185 4741 annis
1210 4692 1422 4758 triginta
1480 4708 1644 4746 unum
1676 4694 2017 4762 imperasset.

534 4780 810 4833 Successit
831 4779 968 4847 patri
1004 4780 1253 4833 sultanus
1282 4781 1645 4836 Muchemetes
1676 4785 1889 4840 liliusiu
1925 4792 2021 4843 ad-

460 4873 859 4928 ministratione
892 4872 1065 4939 regni,
1120 4874 1412 4940 statimque
1466 4875 1678 4929 decimo
1726 4890 1879 4932 Sexto
1931 4886 2019 4939 die

458 4966 586 5019 dicti
612 4963 815 5018 mensis
846 4964 1142 5017 exercitum
1192 4965 1244 5017 in
1300 4964 1676 5021 Caramaniam
1731 4970 1906 5035 duxit,
1967 4986 2021 5030 et

461 5058 663 5113 hellutn
687 5056 917 5126 principi
950 5053 1278 5120 Caramauo,
1336 5056 1593 5112 lbraliimi
1624 5060 1775 5130 bego,
1817 5064 2017 5121 intulit.

458 5151 561 5205 Sed
596 5164 665 5204 eo
691 5164 797 5203 non
856 5148 1025 5200 multo
1081 5157 1201 5215 post
1252 5149 1573 5216 composito,
1626 5166 1882 5207 reversus
1937 5169 2020 5211 es;

461 5237 926 5306 Hadrianopolim,
964 5237 1223 5304 atqueibi
1254 5252 1446 5290 novam
1507 5254 1687 5294 arcem
1749 5245 2018 5301 tedilicare

457 5331 644 5400 coepit,
669 5329 858 5384 eodem
888 5342 1032 5381 anno
1055 5327 1158 5380 855
1188 5327 1529 5398 (ChrJlSO).

530 5428 685 5480 Auno
706 5424 952 5493 sequenti
971 5425 1240 5493 proximo,
1262 5424 1511 5479 videlicet
1528 5425 1632 5480 856
1650 5428 1800 5498 (Chr.
1834 5432 2017 5502 Niil),

461 5535 567 5572 nou
610 5516 797 5585 procul
829 5533 857 5567 a
888 5514 1382 5584 Constantinopoli,
1418 5516 1782 5586 locoquodam
1810 5537 1839 5576 a
1871 5534 2021 5594 tergo

458 5610 661 5665 Galatas
694 5608 872 5677 oppidi
903 5608 1032 5671 site,
1091 5608 1480 5663 munitisitnam
1524 5625 1703 5667 arcem
1750 5615 1816 5667 ad
1874 5632 2021 5671 mare

458 5703 715 5759 condidit.

527 5793 963 5863 Absolutohujus
982 5790 1123 5845 arcis
1147 5789 1393 5853 tediticio,
1425 5794 1679 5848 mandata
1708 5810 1832 5851 cum
1871 5796 2012 5850 litte-

2124 4605 2286 4674 cepit.
2328 4602 2535 4671 Quippe
2566 4600 2861 4655 Christiani
2897 4614 3088 4653 rursus
3117 4598 3218 4652 hac
3271 4602 3427 4667 potiti
3461 4601 3699 4671 fuerant.

2136 4699 2359 4753 Factum
2388 4698 2491 4752 lioc
2525 4711 2671 4749 anno
2705 4695 2809 4750 859
2834 4693 2989 4763 (Chr.
3018 4695 3199 4763 1451).

2198 4791 2507 4844 Secundum
2540 4792 2674 4853 bace,
2707 4790 2774 4842 ad
2835 4787 3026 4842 Albam
3084 4788 3330 4841 Graecam
3393 4788 3696 4840 exercitum

2126 4885 2351 4937 adduxit
2381 4899 2397 4936 :
2433 4882 2528 4936 sed
2564 4895 2687 4934 cum
2712 4896 2831 4933 eam
2858 4893 3173 4949 expugnare
3188 4894 3298 4932 non
3328 4888 3533 4947 posset,
3563 4876 3693 4932 abs-

2126 4974 2313 5029 cessit.
2350 4972 2515 5026 Periit
2553 4972 2624 5025 ibi
2658 4970 2783 5024 Dais
2812 4969 3068 5024 Caratzes
3096 4971 3273 5034 nassa,
3329 4968 3424 5038 qui
3481 4969 3695 5036 begler-

2129 5066 2247 5133 begi
2277 5080 2501 5119 munere
2569 5063 2917 5133 fungebatur.
2971 5060 3173 5115 Eodem
3224 5076 3368 5116 anno
3389 5062 3493 5115 860
3540 5061 3696 5123 (Cur.

2130 5160 2291 5219 14515)
2338 5156 2615 5224 conspecti
2667 5166 2797 5209 sunt
2827 5157 2939 5208 duo
2994 5164 3222 5208 cometa:
3288 5166 3479 5207 versus
3513 5155 3697 5206 orien-

2130 5256 2235 5296 tem
2270 5243 2439 5296 solem
2473 5256 2638 5304 unus,
2664 5242 2803 5295 alter
2829 5245 2898 5295 ad
2951 5255 3228 5295 occasum.

2198 5332 2726 5401 ConstantinOpolim
2750 5346 3031 5392 reversus,
3051 5345 3299 5399 magnam
3320 5330 3693 5385 celebritatem

2128 5423 2770 5483 Mucbemetesinstituit,
2828 5423 2959 5477 dum
2987 5422 3149 5492 33o
3204 5422 3495 5491 Bajazitem
3528 5424 3698 5477 lilium

2129 5515 2557 5579 circumcideret,
2590 5530 2735 5569 anno
2762 5514 2857 5568 861
2936 5516 3087 5583 (Chr.
3144 5515 3327 5585 “57).

2206 5605 2406 5660 Deinde
2437 5614 2627 5660 coacto
2643 5605 2909 5669 exercitu,
2943 5606 2997 5658 in
3030 5604 3270 5658 Moream
3323 5604 3481 5667 abiit,
3526 5613 3580 5657 et
3607 5618 3699 5658 ur-

2137 5699 2255 5751 bem
2286 5696 2549 5760 Cordum,
2580 5711 2703 5751 eum
2729 5696 3000 5767 oppidulis
3017 5695 3343 5765 quibusdam
3366 5696 3529 5766 cepit,
3556 5710 3699 5750 anno

2127 5792 2231 5846 862
2253 5790 2404 5859 (Chr.
2437 5790 2615 5859 itas).
