4212 6288
465 390 570 455 613

1751 384 1901 444 ΑΝΝ
1916 380 2100 442 ALES
2138 381 2239 443 TU
2255 381 2476 445 RClCl.

3655 383 3762 448 liii

538 498 732 556 Postea
770 498 1106 556 Semendrite
1131 500 1321 571 c0pias
1376 499 1638 555 admovit.
1700 497 1813 552 Rex
1877 505 2067 550 autem
2101 499 2148 554 Δ
2177 493 2851 566 instrncta.Posteaquam
2884 495 2989 551 huc
3034 494 3380 566 appulissent
3405 499 3580 568 copiae
3617 496 3764 555 Tur-

465 593 786 647 Boainensis
813 604 1012 662 sponte
1046 609 1144 648 sna
1164 591 1502 649 Semcndriac
1536 593 1873 647 deditionem
1902 590 2055 653 fecit,

465 703 610 741 anno
643 686 747 741 865
803 689 956 757 (Chr.
993 687 1176 757 1459).

539 801 681 858 Hinc
705 817 896 857 rursus
924 802 980 855 in
1009 799 1248 856 Moream
1282 799 1585 870 prolectus,
1613 799 1782 853 multa
1831 796 2059 851 castella

466 907 594 962 cum
631 893 912 962 oppidulis
944 893 1256 961 occupavit.
1287 891 1344 945 Id
1378 891 1667 959 temporis,
1714 888 1801 943 die
1821 887 2062 956 quodam

472 983 720 1050 Veneris,
757 985 934 1053 primo
965 984 1231 1052 diluculo,
1257 984 1339 1039 sol
1369 985 1506 1039 adeo
1529 984 1706 1037 lucem
1735 996 1894 1036 suam
1920 980 2061 1032 ami-

468 1077 541 1132 sit
574 1115 592 1143 ,
627 1087 688 1130 ut
717 1079 902 1132 omnia
969 1077 1214 1133 tenebris
1270 1077 1706 1137 involverentur,
1769 1088 1918 1127 anno
1955 1070 2064 1125 εδδ

469 1170 845 1242 (cor.ttsoy

541 1283 875 1340 Transmisit
909 1296 1090 1340 autem
1122 1287 1444 1342 secundum'
1472 1285 1590 1340 hazc
1621 1283 1901 1338 universis
1937 1295 2063 1335 cum

471 1377 644 1446 copiis
672 1378 726 1433 in
770 1379 1108 1444 Anatoliam,
1145 1378 1492 1446 ulteriusque
1552 1389 1905 1446 prOgressus,
1961 1373 2064 1427 Car

474 1476 805 1535 stamonem,
836 1470 1099 1541 Sinopen,
1153 1481 1210 1526 et
1235 1470 1648 1526 Tarabosanem
1692 1469 1945 1522 civitates
1971 1482 2067 1521 oc-

474 1564 692 1632 cupavit
723 1565 996 1634 :imperio
1025 1580 1129 1619 suo
1162 1566 1488 1636 regionibus
1523 1564 1632 1618 illis
1664 1565 1926 1618 omnibus
1966 1562 2065 1614 ad-

471 1655 703 1724 iunctis.
733 1654 890 1711 Unde
915 1657 1174 1727 deinceps
1200 1657 1648 1728 Hadrianopolim
1710 1656 1898 1718 rediit,
1926 1665 1982 1709 et
2008 1654 2067 1707 in

475 1747 588 1802 Otio
615 1758 831 1816 tempus
855 1745 924 1802 ad
945 1747 1165 1816 aliquod
1190 1763 1250 1802 se
1274 1748 1568 1804 recreavit.
1592 1746 1928 1803 Acciderunt
1951 1746 2069 1799 haec

478 1853 622 1892 anno
649 1838 751 1894 86d
780 1838 935 1909 (Chr.
991 1840 1174 1909 ηδε).

551 1951 765 2010 Rursus
794 1955 1148 2025 expeditione
1183 1965 1467 2026 suscepta,
1501 1954 1815 2011 Valachiam
1853 1957 2068 2026 ingres-

481 2059 574 2101 sus
607 2058 711 2115 est,
740 2058 796 2102 et
828 2045 1128 2102 Vaivodam
1156 2046 1455 2116 Valachite,
1481 2048 1572 2104 cui
1606 2063 1804 2102 nomen
1857 2047 2068 2102 Draco-

483 2144 584 2204 les,
604 2155 802 2213 magno
830 2157 956 2196 cum
984 2141 1225 2196 exercitu
1247 2139 1469 2195 invasit.
1497 2137 1610 2194 Hoc
1639 2140 1784 2195 bello
1840 2141 2068 2195 voivoda

482 2233 754 2292 Valachus
783 2234 1076 2290 consilium
1100 2235 1246 2304 cepit
1268 2234 1614 2304 Opprimendi
1641 2243 1824 2289 castra
1847 2234 2074 2290 Muche-

482 2329 644 2384 metis
676 2337 948 2383 nocturno
973 2337 1241 2396 tempore,
1272 2326 1368 2381 sed
1399 2341 1591 2397 parum
1631 2325 1844 2382 eﬂicere
1869 2328 2076 2398 potuit.

483 2418 718 2490 Ideoque
740 2433 848 2474 non
873 2419 1204 2473 succedente
1245 2427 1446 2472 conatu
1476 2415 1719 2487 profugit
1785 2420 1840 2472 in
1894 2417 2077 2490 Unga-

483 2512 620 2568 riam
655 2527 671 2565 :
707 2511 800 2566 ubi
831 2525 956 2566 cum
989 2511 1043 2563 in
1064 2526 1258 2566 manus
1279 2513 1422 2581 regis
1451 2508 1660 2581 Ungari
1714 2513 2075 2582 pervenisset,

481 2603 689 2659 carceri
750 2600 1098 2672 mancipatus
1159 2601 1528 2657 fuit.lnterea
1579 2616 1710 2655 vero
1763 2600 2078 2659 Valachiam

483 2697 587 2752 sibi
627 2696 884 2752 sultanus
914 2693 1284 2750 Mucbemetcs
1335 2695 1605 2750 subdidit.

557 2789 701 2846 Misit
726 2799 781 2847 et
811 2791 1050 2844 classem
1082 2788 1138 2841 in
1176 2788 1412 2843 insulam
1476 2788 1800 2861 Mitylenen,
1848 2789 2085 2861 ejusque

485 2880 611 2934 belli
642 2895 808 2935 causa
847 2881 1014 2934 etiam
1046 2880 1163 2950 ipse
1199 2880 1391 2935 relicta
1443 2879 1708 2936 Valachia
1771 2883 2084 2937 Anatolium

2164 589 2315 654 cicae,
2336 589 2637 644 Christiani
2660 604 2828 658 seque
2856 588 3220 658 fortunasque
3244 603 3373 644 suas
3397 590 3609 662 egregie
3631 607 3765 660 pro-

2167 681 2505 748 pugnabant.
2539 677 2646 734 Sed
2700 695 2824 735 cum
2874 681 3092 735 tandem
3148 681 3292 734 muri
3358 689 3762 736 tormentorum

2167 761 2372 836 impetu
2406 769 2608 838 pulsati
2639 773 3002 833 corruissent,
3069 785 3176 823 non
3224 785 3352 825 arce
3417 779 3655 834 tantum,
3710 779 3769 824 ct

2165 857 2405 922 civitate,
2443 874 2537 927 per
2571 861 2678 913 vim
2709 859 2865 930 potiti
2900 859 3057 915 fuere
3090 858 3278 925 ,Turci
3316 878 3332 915 :
3363 876 3555 915 verum
3589 865 3762 917 etiam

2166 962 2384 1002 omnem
2417 948 2705 1002 ﬁnitimam
2739 951 3020 1020 regionem
3045 951 3412 1006 Muchemetis
3463 952 3759 1021 imperium

2166 1037 2413 1107 accipere
2434 1048 2751 1106 coegerunt,
2779 1054 2925 1093 anno
2956 1039 3061 1094 874
3111 1037 3272 1110 (Chr.
3307 1039 3492 1112 1470).

2238 1128 2440 1198 Egripo
2471 1130 2707 1190 devicta,
2772 1130 3313 1200 Constantinopolim
3373 1149 3431 1187 se
3467 1132 3682 1200 recepit.
3715 1143 3771 1188 rt

2167 1236 2364 1290 aspros
2402 1237 2574 1277 novos
2603 1223 2806 1292 signari
2835 1225 3024 1293 jussit,
3057 1238 3206 1279 anno
3235 1225 3342 1278 8‘75
3389 1224 3545 1295 (Chr.
3581 1227 3765 1295 1471).

2169 1312 2307 1366 Dum
2347 1313 2830 1382 Constantinopoli
2869 1314 3520 1384 hlnchemetesquicscit.
3554 1314 3759 1370 Usum-

2170 1407 2428 1462 chasanis
2463 1407 2792 1461 Parthorum
2823 1407 2965 1478 regis
3002 1407 3216 1462 militiae
3240 1410 3374 1473 dux,
3415 1410 3501 1463 cui
3562 1424 3764 1464 nomen

2167 1496 2423 1554 Jusulzes
2453 1502 2644 1568 begus,
2676 1514 2803 1553 cum
2821 1501 3070 1555 exercitu
3103 1515 3162 1555 se
3183 1502 3353 1555 movit
3386 1538 3403 1565 ,
3431 1509 3487 1557 et
3516 1519 3768 1573 magnam

2170 1593 2319 1648 illam
2358 1590 2545 1646 urbem
2573 1591 2849 1647 Armenia:
2876 1592 3138 1647 Tocatam
3165 1592 3476 1663 papulatus,
3516 1597 3568 1649 in
3591 1597 3765 1651 Cara-

2171 1684 2410 1739 maniam
2438 1685 2606 1738 venit.
2650 1685 2784 1738 Erat
2813 1685 2864 1738 id
2887 1685 3149 1753 temporis
3183 1686 3770 1757 sultanusMustaphas

2171 1778 2239 1854 iis
2287 1778 2423 1833 locis
2476 1795 2507 1833 a
2562 1788 2714 1847 patre
2778 1779 3115 1835 Mucliemete
3154 1779 3547 1849 prtel'ectust
3599 1783 3768 1839 colle-

2100 1852 2141 1905 Β
2170 1852 2260 1924 cto
2285 1869 2554 1938 exercitu,
2575 1869 2794 1925 Parthis
2818 1874 3041 1926 obvium
3070 1887 3128 1927 se
3151 1873 3323 1938 dedit.
3347 1888 3552 1945 eosque
3605 1875 3770 1941 fudit,

2171 1958 2398 2016 Jusul‘ze
2421 1962 2556 2031 bego
2577 1973 2760 2028 capto,
2777 1971 2834 2016 et
2853 1961 3399 2036 Constantinopolim
3421 1967 3491 2022 ad
3549 1977 3764 2038 patrem

2174 2052 2572 2108 Iluchemetem
2597 2055 2764 2110 misso
2799 2076 2812 2110 :
2841 2053 2989 2126 quod
3007 2055 3228 2126 quidem
3259 2059 3446 2113 evenit
3471 2072 3618 2114 anno
3665 2059 3772 2114 877

2174 2143 2538 2216 (Chr.li73L

2248 2236 2386 2290 Tum
2411 2253 2542 2292 vero
2573 2237 2951 2293 Muchemetes
2981 2238 3049 2294 ad
3076 2254 3231 2295 arma
3264 2255 3324 2296 se
3370 2255 3574 2312 parans
3621 2245 3774 2298 Ana-

2179 2327 2368 2383 toliam
2393 2329 2532 2384 adiit
2558 2347 2574 2386 :
2608 2340 2662 2383 et
2694 2330 2972 2386 mandatis
2999 2332 3129 2386 hinc
3156 2333 3285 2388 inde
3327 2333 3539 2394 missis.
3569 2346 3628 2390 ut
3652 2350 3774 2391 om-

2181 2436 2279 2474 nes
2309 2419 2515 2476 milites
2545 2421 2612 2474 ad
2646 2422 2830 2489 ipsum
2860 2420 2916 2475 in
2973 2423 3288 2478 Anatoliam
3321 2439 3381 2478 se
3439 2422 3772 2493 conterrent,

2181 2515 2374 2569 edixit.
2397 2514 2650 2570 Peditum
2680 2517 2748 2570 ad
2791 2516 2983 2586 viginti
3012 2516 3185 2572 millia
3219 2517 3273 2571 in
3303 2519 3474 2573 armis
3512 2533 3636 2575 esse
3659 2523 3778 2592 jus-

2184 2608 2278 2671 sit,
2303 2617 2357 2662 et
2379 2606 2778 2663 Genizarornm
2811 2622 3073 2664 numeros
3092 2609 3160 2663 ad
3186 2609 3379 2666 decem
3399 2626 3572 2681 usque
3607 2614 3776 2669 millia

2184 2703 2484 2773 suppleri:
2537 2717 2663 2757 cum
2749 2701 2964 2759 aulicus
3033 2702 3197 2756 etiam
3324 2708 3620 2762 comitatus
3675 2708 3778 2762 de-

2188 2815 2305 2853 cem
2333 2797 2618 2851 hominum
2652 2795 2823 2848 millia
2853 2794 3331 2864 complecteretur.
3359 2797 3441 2851 Ad
3475 2801 3776 2864 summam,

2189 2899 2416 2946 coactus
2447 2891 2498 2944 ei
2522 2889 2629 2944 fuit
2664 2888 2968 2953 exercitus,
2991 2889 3084 2958 qui
3104 2904 3395 2945 numerum
3431 2894 3778 2966 septuaginta

489 2970 645 3024 adiit.
668 2968 942 3036 Occupata
968 2984 1098 3025 vero
1147 2969 1251 3023 fuit
1281 2971 1460 3026 insula
1494 2971 1751 3043 Mitylene
1782 2988 1930 3028 anno
1982 2973 2088 3030 866
2192 2985 2275 3039 νει
2328 2983 2605 3052 octoginta
2655 2981 2888 3036 millium
2937 2981 3247 3038 excederet.
3304 2981 3440 3038 Cum
3499 2989 3604 3041 hoc
3650 3003 3780 3057 ergo

491 3059 862 3131 (Chr.ll62)

2192 3079 2367 3134 milite
2384 3093 2575 3134 versus
2595 3076 2877 3131 Parthiam
2903 3074 3208 3146 profectus,
3236 3075 3636 3133 Usumcbasani
3660 3079 3776 3151 regi

560 3175 635 3232 Ex
668 3177 916 3239 Anatolio
949 3178 1492 3250 Constantinopolim
1551 3197 1612 3237 se
1671 3180 1928 3245 contulit,
1983 3181 2072 3237 ubi
2103 3183 2148 3242 ο
2183 3170 2584 3228 bellumintulit
2606 3188 2622 3225 :
2645 3169 2884 3238 sumptis
2902 3169 3067 3224 etiam
3090 3168 3346 3224 secumln
3368 3171 3508 3225 hanc
3556 3172 3781 3240 expedi-

488 3271 735 3340 quaedam
768 3271 995 3327 azdillcia
1030 3275 1246 3329 curavit
1300 3275 1513 3330 exstrui
1545 3291 1560 3328 :
1616 3285 1671 3328 et
1712 3274 2072 3329 Mechmetem

490 3365 729 3429 bassam,
766 3369 1002 3420 venirem
1032 3367 1298 3429 suum,in
1351 3364 1595 3420 Moream
1657 3366 1950 3434 ablegavit.
2025 3367 2078 3423 ls

487 3458 700 3528 aliquot
730 3457 930 3512 ibidem
973 3457 1232 3528 oppidula
1332 3459 1496 3527 cepit,
1563 3472 1709 3512 anno
1767 3457 1870 3512 867
1921 3456 2076 3530 (Chr.

491 3552 677 3622 itas).

566 3645 884 3701 Secundum
938 3644 1030 3699 illa
1097 3643 1385 3714 productis
1449 3641 1820 3700 Muchemetes
1883 3644 2080 3715 copiis,

489 3737 746 3792 Bizinam
775 3738 1001 3792 adortus
1032 3746 1135 3802 est,
1164 3745 1218 3791 et
1274 3752 1494 3792 omnem
1541 3737 1690 3791 illam
1736 3735 2080 3806 regionemin

492 3839 818 3900 potestatem
842 3830 1076 3900 redegit,
1113 3843 1404 3898 regemque
1443 3841 1667 3898 captum
1701 3828 1923 3883 occidit.
1952 3829 2085 3884 lnde

494 3922 806 3993 subjugum
833 3922 903 3978 ab
925 3937 994 3978 eo
1021 3922 1191 3977 missa
1239 3920 1340 3975 fuit
1370 3920 1765 3992 llerzcgovina,
1797 3938 1923 3976 cum
1984 3922 2087 3977 C0-

494 4015 662 4068 vadza
697 4030 712 4068 :
749 4014 954 4085 quibus
985 4015 1150 4068 rebus
1187 4014 1380 4085 gestis,
1414 4013 1607 4069 itinere
1637 4014 2090 4080 converso,Con-

491 4102 904 4173 stantiziopolim
934 4103 1168 4172 repetiit,
1197 4119 1341 4158 anno
1364 4103 1469 4159 869
1500 4105 1654 4173 (Chr.
1687 4105 1908 4171 “64):

559 4198 951 4253 Annusautem
968 4211 1209 4267 sequens
1239 4196 1344 4251 870
1365 4197 1519 4269 (Chr.
1543 4199 1730 4266 M95),
1755 4209 1986 4256 exactus
2017 4199 2087 4254 ab

489 4302 557 4343 eo
579 4287 1057 4358 Constantinopoli
1091 4288 1277 4343 fuitin
1312 4289 1450 4344 otio.
1521 4287 1626 4343 Sed
1676 4293 1732 4343 in
1795 4291 2088 4344 Albaniam

492 4378 686 4434 deinde
710 4379 1012 4449 profectus,
1043 4380 1309 4435 ditionem
1346 4380 1503 4435 ducis
1553 4377 1790 4437 Joannis
1832 4382 1962 4437 istic
1986 4382 2093 4437 im-

494 4471 648 4538 perio
678 4486 780 4525 suo
807 4469 1068 4540 subjecit.
1096 4470 1237 4525 Cum
1268 4481 1453 4524 autem
1497 4470 1549 4525 id
1594 4473 1862 4541 temporis
1927 4489 2089 4526 exer-

494 4563 664 4617 citum
709 4564 881 4632 ipsius
938 4563 1058 4618 dira
1107 4564 1356 4631 qua:dam
1421 4565 1539 4617 lues
1592 4567 1909 4631 invasisset,
1969 4566 2085 4635 ipse

493 4651 916 4725 Philippopolim
952 4655 1108 4722 adiit,
1135 4655 1319 4726 ibique
1349 4669 1408 4710 se
1469 4656 1641 4726 quieti
1704 4658 1879 4725 dedit,
1938 4673 2085 4712 anno

493 4746 1007 4817 87l(Chr.l466L

566 4839 930 4910 Philippopoli
954 4840 1267 4908 discedens,
1310 4856 1505 4897 rursus
1533 4844 1588 4896 in
1640 4842 1930 4898 Albaniam
1960 4859 2088 4911 per-

496 4933 658 4998 rexit,
684 4934 1059 5004 majoremque
1083 4935 1384 5005 provinciae
1409 4945 1621 5005 partem
1654 4939 1970 5007 occupavit,
1991 4954 2089 4992 an-

496 5026 711 5082 lu)872
761 5026 1145 5100 (unr.ttcrq

567 5117 645 5173 Ex
671 5118 902 5174 Albania
933 5119 1213 5188 profectus
1249 5119 1302 5175 in
1350 5119 1691 5185 Anatoliam,
1746 5119 2089 5175 Carainanize

499 5212 637 5270 ﬁnes
661 5216 948 5284 ingressus
966 5226 1069 5279 est,
1097 5222 1151 5269 et
1182 5227 1361 5267 arcem
1380 5211 1777 5266 Giolcbisarem
1812 5226 2088 5281 expugnae

499 5309 573 5363 vit
606 5308 792 5364 :unde
824 5316 1012 5377 postea
1049 5305 1587 5376 ConstantinOpolim
1641 5319 1922 5370 reversus,
1984 5304 2089 5356 ali-

498 5404 744 5472 quandiu
775 5401 991 5458 bellicis
1008 5417 1038 5456 a
1057 5402 1292 5472 negotiis
1327 5399 1614 5464 abstinuit,
1636 5413 1781 5454 anno
1800 5397 1902 5482 87;
1962 5396 2063 5467 (Ch

506 5496 687 5562 1469p

571 5587 688 5645 Non
721 5588 894 5643 multo
920 5600 1066 5659 post,
1104 5598 1163 5643 ut
1192 5588 1288 5643 otii
1341 5601 1475 5643 sane
1543 5584 1908 5640 diuturnioris
1969 5594 2093 5638 erat

501 5679 812 5750 impatiens,
846 5681 1076 5749 ips-emet
1125 5680 1317 5734 itinere
1372 5679 1617 5733 terrestri
1667 5675 1948 5747 prolectus
2009 5685 2094 5729 est

502 5787 694 5830 versus
731 5774 971 5844 Egripon
1012 5789 1183 5828 :cum
1229 5770 1594 5827 Machtntttcm
1630 5771 1852 5828 bassam
1893 5768 2091 5825 eodem

505 5869 818 5942 ablegasset
845 5885 973 5926 cum
1001 5871 1195 5939 classe,
1215 5869 1509 5926 duodecim
1542 5865 1785 5923 millibus
1805 5865 2095 5923 hominum

2181 3269 2383 3322 tionem
2399 3264 2550 3329 ﬁliis,
2589 3259 3084 3331 sultanoBajazite,
3121 3260 3339 3317 sultano
3377 3259 3684 3334 Mustapha,
3727 3274 3782 3320 et

2178 3362 2397 3417 aultauo
2415 3358 2600 3413 Zeme.
2623 3357 2952 3425 Progressus
2973 3363 3152 3410 autem
3171 3369 3295 3410 cum
3313 3357 3432 3411 suis
3462 3357 3518 3411 in
3569 3356 3779 3423 Asiam,

2181 3469 2289 3509 non
2307 3453 2464 3523 plura
2486 3448 3053 3518 duntaxatoccupavit
3099 3449 3335 3518 oppida,
3382 3463 3569 3506 verum
3614 3451 3778 3504 etiam

2182 3547 2408 3602 sublimi
2437 3546 2598 3599 sitam
2644 3545 2785 3607 loco,
2819 3544 3196 3612 munitamque
3228 3542 3510 3613 insigniter
3573 3558 3780 3611 arcem,

2183 3639 2602 3696 Carachisarem
2657 3637 2821 3708 cepit.
2864 3633 3308 3692 Usumchasanes
3325 3638 3539 3694 obviam
3562 3638 3782 3695 Μυθικ-

2185 3733 2319 3788 meti
2351 3746 2463 3786 nou
2513 3729 2739 3802 prodiit,
2770 3728 2867 3785 sed
2891 3737 3014 3782 astu
3043 3727 3281 3798 quodam
3311 3730 3641 3800 excogitato,
3677 3733 3781 3786 mi-

2187 3826 2337 3879 litem
2370 3838 2531 3878 suum
2563 3821 2696 3875 hinc
2725 3820 2853 3876 inde
2881 3822 3140 3890 partitus,
3187 3821 3245 3876 in
3292 3821 3506 3878 insidiis
3553 3823 3777 3878 locavit.

2187 3915 2256 3970 Et
2280 3915 2412 3986 quia
2463 3913 2698 3984 primam
2753 3911 2924 3967 aciem
2982 3913 3038 3967 in
3091 3913 3368 3968 excercitu
3425 3912 3782 3969 Muchemetis

2189 4005 2476 4062 Romaniae
2543 4004 2940 4075 beglerbegns,
2999 4005 3146 4059 Chas
3197 4000 3463 4069 Murates,
3522 4005 3779 4069 ducebat,

2192 4102 2337 4155 forte
2371 4099 2589 4164 accidit,
2623 4107 2683 4152 ut
2711 4096 3000 4167 inopinato
3052 4096 3322 4167 quasdam
3380 4097 3435 4149 in
3489 4094 3783 4152 Persarum

2191 4194 2382 4264 copias
2413 4192 2704 4258 incideret,
2733 4205 2800 4245 ac
2839 4205 3062 4244 manum
3095 4205 3221 4244 cum
3247 4190 3328 4245 eis
3371 4203 3662 4264 conserere
3690 4206 3785 4244 co.

2193 4295 2437 4355 geretur.
2472 4285 2552 4340 lbl
2590 4300 2717 4341 cum
2753 4285 2996 4354 majores
3017 4282 3350 4338 Parthorum
3406 4282 3551 4337 vires
3572 4293 3780 4346 essent,

2194 4382 2494 4452 dissipatus
2520 4378 2801 4434 Romaniae
2827 4376 3009 4438 miles.
3036 4385 3091 4430 et
3125 4376 3244 4446 ipse
3301 4374 3656 4445 beglerbegus
3685 4390 3785 4429 oc-

2195 4479 2349 4533 cisus
2378 4474 2499 4529 fuit.
2534 4472 2749 4526 Interea
2781 4486 2913 4526 vero
2947 4471 3080 4525 dum
3132 4467 3320 4524 l’artiii
3379 4467 3613 4537 primam
3641 4469 3783 4524 hanc

2193 4567 2558 4625 Muchemetis
2582 4567 2761 4622 aciem
2788 4568 3064 4620 caederent
3099 4582 3113 4619 :
3142 4567 3311 4620 etiam
3353 4562 3484 4632 ipsi,
3547 4561 3785 4615 desertis

2193 4661 2481 4718 ordinibus
2513 4659 2654 4724 suis,
2677 4659 2891 4714 hostem
2913 4657 3439 4728 conlusipersecuti,
3472 4663 3688 4716 tandem
3714 4663 3783 4717 ad

2192 4755 2343 4811 illam
2370 4760 2742 4823 pervenerunt
2775 4750 2975 4816 aciem,
3013 4751 3170 4821 cujus
3194 4751 3314 4822 ipse
3355 4752 3607 4808 sultanus
3664 4751 3781 4805 Mu-

2192 4851 2473 4906 cheinetes
2502 4846 2614 4900 dux
2639 4851 2780 4898 erat.
2816 4843 2866 4898 Is
2891 4856 3076 4900 autem
3107 4845 3270 4918 331
3301 4845 3629 4900 Parthorum
3663 4858 3784 4914 pcr-

2194 4941 2443 4994 turbatos
2473 4936 2828 5003 conspicatus
2862 4934 3103 4999 ordines,
3157 4951 3282 4990 cum
3337 4935 3453 4991 suis
3476 4948 3571 4989 eos
3619 4934 3785 4987 ailOr-

2196 5043 2287 5088 tus
2317 5044 2425 5087 est.
2451 5030 2609 5096 Quod
2642 5042 2674 5082 a
2705 5027 3050 5082 Mucliemete
3075 5027 3194 5082 ﬂeri
3227 5027 3420 5082 videns
3474 5022 3787 5079 Usumcha-

2193 5141 2380 5192 sanes,
2406 5138 2608 5195 magno
2636 5120 2807 5176 animi
2833 5120 3034 5175 ardore
3057 5119 3396 5184 concitatus,
3427 5119 3484 5173 et
3534 5117 3651 5186 ipse
3683 5131 3784 5170 sua

2193 5236 2251 5290 in
2278 5217 2493 5272 Turcos
2514 5215 2671 5269 duxit
2696 5213 2936 5284 agmina.
2975 5209 3256 5266 Permistis
3302 5212 3559 5279 utrinque
3620 5209 3786 5262 tantis

2193 5310 2554 5374 exercitibus,
2574 5308 2904 5363 acerrimum
2938 5303 3188 5373 przlium
3230 5301 3596 5358 commissum
3631 5300 3733 5354 fuit
3766 5315 3782 5352 :

2194 5420 2321 5459 cum
2347 5399 2709 5455 Muchemctis
2740 5396 2837 5451 lilii
2867 5395 2984 5452 suis
3040 5409 3167 5448 cum
3230 5393 3410 5465 copiis
3454 5392 3781 5462 gravissime

2198 5494 2432 5551 Parthos
2454 5497 2814 5564 urgerent,et
2864 5489 2918 5542 in
2977 5487 3152 5541 altero
3210 5500 3382 5540 cornu
3442 5483 3783 5538 Machmutes

2197 5591 2382 5654 hassa,
2409 5602 2536 5642 cum
2566 5587 2737 5640 Daute
2761 5585 2944 5645 hassa,
2978 5581 3246 5636 Anatolim
3298 5577 3643 5647 beglerbego,
3671 5584 3784 5630 tor-

2199 5683 2396 5740 mentis
2427 5679 2640 5738 bellicis
2672 5679 2887 5733 hostem
2921 5678 3276 5729 vehementer
3298 5670 3579 5741 allligeret.
3603 5665 3782 5721 Etiam

2205 5777 2640 5834 Usumchasanis
2663 5774 2755 5828 uni
2797 5773 2864 5828 de
2916 5771 3043 5825 filiis
3091 5777 3256 5838 caput
3299 5773 3667 5836 amputatum,
3731 5774 3785 5816 et

2208 5874 2430 5932 soltano
2463 5869 2789 5926 Muchemeti
2817 5869 3062 5923 oblatum
3099 5868 3220 5920 fuit.
3245 5865 3383 5919 Cum
3412 5878 3542 5930 ergo
3598 5859 3784 5914 Parthi
