4212 6288
446 387 553 465 liti

1721 392 2067 465 ᾸΝΝΑΙΈΞ
2108 404 2444 465 TUHCICI.

3575 403 3681 465 ΕΑΒ

442 514 585 571 filius
634 516 775 585 ejus,
820 516 1068 571 sultauus
1112 512 1403 582 Bajarites,
1432 512 1648 567 Amasia
1687 513 2006 568 Constanti-
2044 524 2082 579 Α
2116 534 2179 573 ex
2233 516 2467 586 [iugario
2500 530 2673 582 :qnos
2711 515 2927 585 quidem
2973 517 3160 570 ordine
3209 526 3528 586 perorantes
3579 534 3683 571 an-

444 607 681 676 nopolim
749 608 1077 677 appulit:et
1112 616 1372 674 occupata
1428 605 1555 659 sedc
1616 608 1785 676 regia,
1840 607 2010 674 patris

442 700 561 754 loco
619 701 891 755 salutatus
920 707 1004 754 est
1060 700 1382 767 imperator.

517 788 614 843 Vix
691 789 1167 857 Constantinopoli
1226 790 1416 858 paucis
1481 788 1678 844 diebus
1757 790 2009 850 haeserat,

440 896 563 935 cum
606 880 775 936 frater
822 878 959 946 eius,
1016 878 1264 933 animum
1300 876 1515 944 Zcmes,
1570 878 1749 933 ductis
1791 878 2011 933 cCara—

441 970 620 1025 mania
670 970 866 1041 copiis.
929 969 1158 1023 Prusam
1210 968 1368 1033 adiit,
1430 968 1616 1037 ibique
1672 967 2009 1022 domicilium

437 1062 542 1115 sibi
594 1062 919 1127 constituit;
970 1060 1219 1114 sultanus
1247 1072 1376 1110 vero
1411 1056 1698 1126 Bajazitcs,
1748 1057 2011 1112 arcessito

438 1170 505 1208 ex
560 1153 755 1223 Apulia
796 1168 921 1208 cum
976 1155 1219 1207 exercitu
1253 1150 1472 1205 Geduce
1533 1150 1799 1204 Achmcte
1829 1149 2006 1212 bassa,

440 1249 763 1316 magnisque
846 1245 1187 1313 caeteroquin
1260 1246 1423 1299 etiam
1503 1242 1750 1297 collectis
1814 1241 2009 1309 cupiis,

437 1339 702 1393 adversus
766 1336 987 1391 Zemetu
1048 1337 1270 1390 fratrem
1337 1337 1391 1391 in
1456 1335 1761 1389 Anatoliam
1818 1334 2008 1386 movit.

434 1432 572 1486 Cum
623 1429 810 1499 praelio
865 1430 1143 1497 congressi
1203 1430 1456 1489 fuissent,
1505 1425 1731 1482 inferior
1761 1426 2009 1480 discessit

436 1520 661 1586 lemes,
721 1536 785 1576 ac
834 1535 956 1575 mox
1011 1522 1063 1572 in
1097 1521 1476 1574 Caranlaniam
1522 1519 1802 1589 profugit:
1867 1516 2010 1571 unde

436 1626 559 1667 etim
642 1628 768 1667 eum
838 1611 1087 1666 sultauns
1171 1610 1438 1679 Bajazites
1516 1611 1862 1678 expulisset:
1927 1610 2013 1663 iti-

437 1720 569 1759 nere
588 1719 879 1765 converso,
900 1701 1435 1771 Constantinopolim
1479 1700 1723 1771 repetiit.
1754 1699 1883 1756 lude
1907 1698 2010 1754 Ge-

438 1796 633 1851 dueem
693 1796 1008 1849 Aclunetem
1043 1794 1256 1847 bassam
1296 1795 1347 1846 in
1368 1792 1751 1847 Caramaoiam
1774 1790 2007 1855 remisit,

2114 612 2270 671 dit-it,
2322 619 2375 663 et
2428 609 2714 679 postulatis
2775 622 3056 674 assensus,
3103 610 3398 665 liberaliter
3451 614 3683 668 donatos

2116 702 2339 756 dimisit.

2188 796 2380 847 Postea
2429 793 2706 863 profectus
2742 804 2827 850 est
2876 794 2989 848 Alis
3027 792 3195 865 begus
3249 795 3560 860 eunuchus,
3588 799 3679 864 qui

2114 883 2424 954 hegleibegi
2457 900 2656 939 munus
2686 884 3126 953 administrabat,
3161 899 3361 955 magno
3390 902 3513 941 cum
3538 902 3683 941 exer-

2113 977 2226 1032 eitu
2277 977 2331 1029 in
2387 976 2734 1032 V'alachiam:
2791 976 3188 1048 conciliatoque
3255 977 3359 1032 sibi
3442 977 3680 1032 Vairoda

2114 1066 2379 1133 Valacho,
2416 1082 2541 1124 cum
2568 1069 2683 1123 suis
2716 1078 2769 1121 et
2801 1067 3025 1124 Val-uchi
3067 1070 3242 1139 cupii:
3270 1070 3323 1124 in
3355 1068 3678 1126 Moldatiam

2115 1160 2313 1227 irrupit
2342 1174 2443 1213 :ac
2466 1160 2693 1229 rapinis,
2716 1158 2885 1223 ferro,
2914 1158 3172 1225 ﬂammis,
3209 1164 3443 1215 vastavit
3462 1164 3642 1215 omnia
3670 1181 3677 1213 ;

2113 1252 2305 1319 spoliis
2378 1260 2611 1307 onustus
2663 1251 2895 1320 denique
2978 1250 3134 1305 rediit
3203 1250 3676 1324 Hadrianopolim.

2115 1358 2258 1396 anno
2289 1342 2393 1397 890
2409 1342 2563 1413 (Chr.
2590 1344 2772 1410 “86).

2184 1431 2446 1488 Sullanus
2482 1436 2701 1489 interitu
2741 1435 3005 1505 Bajazites
3042 1436 3189 1490 domi
3222 1438 3532 1507 quioscens,
3580 1438 3677 1491 dn-

2112 1539 2204 1579 ces
2243 1538 2392 1588 suos.
2446 1522 2826 1582 lachenderem
2879 1526 3096 1597 begum,
3130 1542 3187 1584 et
3228 1527 3397 1584 Balim
3459 1532 3673 1600 hegum,

2112 1614 2359 1668 Malcozii
2424 1616 2621 1681 filium,
2654 1618 2981 1686 ablegavit:
3021 1631 3081 1674 ut
3133 1619 3315 1675 demto
3361 1619 3674 1676 Valachiam

2115 1703 2549 1772 ingrederentur,
2589 1716 2644 1760 et
2673 1705 2927 1762 Vaivoda:
2967 1707 3205 1764 Valacho
3260 1714 3675 1779 persuaderent,

2116 1795 2192 1848 uti
2242 1796 2555 1864 conjunctis
2578 1812 2762 1852 secum
2795 1800 2965 1854 armis
3015 1803 3209 1856 iterum
3248 1803 3302 1857 in
3357 1803 3675 1860 lloldaviam

434 1890 529 1957 qui
592 1889 722 1941 dum
761 1886 887 1940 istic
924 1885 1181 1949 ltarreret,
1234 1884 1483 1954 Apuliam
1550 1882 1664 1937 Itali
1724 1896 2006 1947 recupera-
2040 1870 2081 1924 Β
2114 1886 2528 1956 impressionem
2572 1888 2794 1946 faceret.
2847 1892 3193 1950 Assentiente
3222 1894 3484 1954 Valactio,
3552 1916 3677 1954 ιιιοι

439 1990 569 2038 sunt
612 1979 859 2034 :ancis
903 1977 1188 2037 omnibus.
1247 1977 1339 2045 qui
1370 1974 1580 2031 Otrauti
1639 1974 1889 2044 pnesidio
1922 1990 2003 2026 rc-

436 2075 549 2129 licti
598 2073 838 2135 fuerant,
890 2072 945 2125 in
970 2068 1344 2139 captivitatem
1415 2069 1678 2130 redactis,
1725 2082 1870 2122 anno
1905 2066 2009 2121 886

435 2166 591 2235 (Chr.
627 2162 810 2231 H82).

509 2250 720 2310 Rursus
757 2261 940 2309 autem
977 2248 1457 2319 Constantinopoli
1520 2249 1770 2303 sultanus
1802 2249 2008 2319 Bajazi-

437 2358 522 2402 te:
582 2344 857 2408 discessit,
921 2350 975 2397 et
1022 2342 1075 2395 in
1130 2340 1510 2397 Caramanium
1560 2354 1685 2394 cum
1761 2343 2005 2396 ert-rcitu

434 2438 608 2493 venit.
657 2437 873 2503 Quippe
928 2432 1098 2487 fratt'r
1178 2433 1299 2499 ejus
1362 2430 1556 2485 Zemes
1604 2447 1633 2483 e
1692 2446 2004 2499 pcregrina-

432 2531 585 2584 tione
651 2526 959 2580 Mcehiensi
1023 2524 1137 2592 jam
1216 2538 1470 2579 reversus
1549 2523 1747 2577 fuerat.
1821 2525 2006 2593 Itaque

432 2623 615 2675 denuo
655 2620 953 2675 commisso
1012 2618 1064 2671 in
1119 2616 1443 2670 Caramania
1487 2617 1699 2683 prmlio,
1755 2616 2006 2670 sultantts

433 2711 630 2769 lentes
693 2711 893 2765 iterum
933 2711 1106 2763 victus
1144 2706 1211 2762 ad
1242 2723 1391 2762 mare
1429 2706 1691 2777 profugit,
1723 2715 1777 2761 et
1810 2708 1861 2759 in
1896 2704 2006 2760 Ita-

439 2804 567 2857 llam
597 2816 656 2855 se
696 2802 926 2867 recepit.
994 2799 1131 2853 Hinc
1193 2806 1398 2854 castris
1455 2801 1639 2860 motis,
1687 2798 2001 2855 Constanti-

439 2896 687 2963 nopolim
717 2894 968 2947 sultanus
1003 2891 1271 2959 Bajazites
1315 2890 1473 2954 abiit,
1521 2898 1689 2959 atque
1724 2891 1851 2945 inde
1881 2907 2004 2960 pro-

436 2987 610 3040 fectus
639 2994 718 3040 est
764 2984 1232 3053 Hadriatmpolim.

507 3078 674 3133 Nocte
719 3088 870 3134 sexta
931 3077 1139 3131 mensis
1186 3076 1491 3140 Schevalis,
1566 3091 1757 3132 omnes
1813 3077 1877 3131 ad
1946 3092 2003 3131 se

2110 1995 2174 2034 ea
2202 1993 2453 2050 suscepta
2477 1982 2578 2045 fuit
2600 1985 2909 2054 expeditio:
2939 1994 3160 2057 totaque
3190 1993 3412 2059 regione
3436 1992 3671 2062 direpta,

2112 2086 2306 2139 magna
2341 2090 2462 2127 cum
2505 2076 2684 2144 praeda
2726 2077 3055 2135 discessum.

2183 2161 2319 2217 Dum
2359 2166 2471 2234 hac
2504 2167 2557 2220 in
2596 2166 2859 2224 Romanis
2890 2182 3228 2240 gererentur,
3274 2175 3472 2232 Alcairi
3500 2180 3673 2234 sulta-

2109 2268 2216 2309 nus
2268 2256 2337 2308 ab
2387 2271 2493 2310 una
2545 2266 2698 2326 parte
2750 2274 2810 2314 se
2851 2264 3149 2317 commovit
3179 2281 3302 2318 cum
3360 2267 3497 2330 suis.
3530 2285 3669 2339 quos

2108 2347 2252 2401 inter
2298 2358 2421 2403 erat
2475 2348 2690 2406 Usunes
2722 2351 2969 2422 Usbegus
3006 2370 3021 2419 ;
3060 2368 3114 2411 et
3157 2372 3284 2411 suae
3328 2374 3667 2429 suorumque

2108 2436 2358 2504 copiasin
2390 2437 2522 2492 locis
2548 2442 2752 2497 Adanis
2783 2459 2846 2496 ac
2866 2446 3033 2500 'l‘erso
3065 2448 3385 2516 interiectis,
3411 2454 3664 2525 collegit:

2107 2528 2176 2580 ab
2208 2530 2379 2584 altera
2418 2532 2620 2586 sultani
2676 2532 2933 2603 Bajazitis
2958 2549 3130 2607 parte,
3189 2540 3477 2612 Saugiachi
3515 2550 3661 2602 Atta-

2108 2621 2273 2689 tolia',
2335 2624 2576 2693 itemque
2620 2625 2887 2683 Ferhates
2923 2632 3115 2702 begus,
3167 2635 3369 2691 sultani
3409 2637 3662 2710 Bajasitis

2107 2728 2291 2779 gener,
2335 2712 2676 2772 Caramauire
2739 2721 3118 2793 heg'erbrgus,
3173 2727 3442 2799 Caragosa
3477 2732 3665 2803 begus,

2107 2805 2415 2874 congregati
2445 2822 2458 2868 ;
2488 2807 2696 2876 junctis
2729 2815 3081 2876 exercitibus,
3139 2828 3329 2873 contra
3362 2824 3671 2880 sultaninoa

2110 2895 2458 2952 Alcaireuses
2483 2901 2709 2968 profecti
2773 2915 2919 2959 sunt.
2976 2907 3081 2963 Ubi
3112 2920 3329 2965 ventum
3366 2914 3432 2967 ad
3477 2931 3674 2973 manus

2107 3000 2275 3048 esset.
2322 2991 2389 3043 ab
2450 3002 2675 3064 utraque
2726 3006 2879 3064 parte
2918 3014 3052 3053 sane
3098 3018 3260 3069 quam
3326 3007 3556 3061 viriliter
3597 3012 3675 3063 di-

2112 3083 2407 3136 micarunt.
2470 3084 2740 3143 Sultaniui
2793 3089 3031 3159 denique
3111 3094 3433 3159 Baiaziticos
3524 3114 3670 3173 terga

438 3172 648 3226 vrzires
704 3186 837 3227 suos
869 3171 1143 3235 invitavit,
1200 3184 1303 3222 una
1349 3185 1471 3222 cum
1499 3168 1719 3224 Geduce
1746 3170 1999 3223 Aclnnete
2031 3202 2075 3263 Β
2112 3174 2243 3228 dare
2266 3189 2586 3246 coegerunt.
2648 3181 2767 3249 ipso
2799 3188 2967 3238 etiam
3016 3185 3271 3256 Bajzizitis
3307 3208 3532 3263 genero,
3574 3168 3671 3252 Fin.

436 3266 594 3319 bassa
632 3277 785 3332 :quo
811 3263 1029 3333 quidem
1093 3262 1150 3316 in
1196 3261 1447 3317 convivio
1490 3263 1674 3317 vinum
1732 3276 1868 3314 cum
1923 3264 2001 3314 eis

434 3356 640 3420 hausit,
663 3364 714 3408 et
734 3354 1028 3421 unicuique
1059 3352 1222 3407 veziri
1254 3363 1452 3406 vestem
1498 3352 1739 3419 donavit,
1771 3363 2000 3422 excepto

431 3446 651 3502 Gednce
695 3447 960 3502 Achmete
1000 3446 1178 3507 bassa,
1221 3462 1381 3515 quem
1431 3457 1486 3499 et
1537 3447 1764 3500 intet'lici
1816 3447 1999 3516 jussit,

431 3555 578 3595 anno
606 3540 711 3594 887
738 3541 890 3608 (Chr.
927 3540 1111 3603 H83).

508 3632 712 3688 Eodem
742 3640 985 3701 tempore
1034 3641 1285 3685 mortuus
1325 3641 1404 3683 est
1463 3627 1749 3683 Caramani
1800 3632 2004 3698 princi-

433 3724 521 3793 pis
576 3723 743 3787 filius,
794 3722 1033 3778 Casancs
1066 3722 1259 3792 begus.
1322 3735 1485 3789 quem
1518 3721 1572 3774 in
1598 3722 1853 3776 comitatu
1900 3738 2001 3777 Suri

437 3812 704 3877 Bajazites
749 3814 949 3870 alebat.

510 3902 649 3958 Hine
707 3917 959 3974 suscepta
1006 3903 1270 3977 Bajazites
1332 3906 1701 3975 expeditione.
1784 3903 2002 3969 Sophia:

434 4007 652 4065 tempus
677 3998 742 4052 ad
777 3998 994 4067 aliquod
1045 3999 1312 4065 substitit,
1347 3999 1442 4053 ubi
1483 4013 1735 4068 magnam
1768 3997 2000 4051 militum

434 4101 654 4140 manum
686 4087 970 4141 collectam
1007 4087 1257 4140 habebat.
1312 4085 1513 4140 Horum
1573 4086 1834 4154 majorem
1882 4098 2004 4153 par-

434 4184 547 4230 tum
580 4178 647 4230 ad
681 4176 904 4232 fluvium
931 4178 1205 4231 Moravam
1258 4177 1427 4241 misit,
1464 4178 1650 4246 ibique
1686 4179 1821 4230 duas
1845 4192 2000 4231 artes

434 4279 649 4323 veteres
684 4269 1012 4324 communiri
1068 4269 1253 4338 jussit.
1312 4268 1527 4334 Quibus
1581 4267 2001 4337 expeditis,So—

432 4364 558 4429 phia
620 4360 1160 4430 Constantinopolim
1215 4376 1466 4417 reversus
1543 4369 1657 4425 est,
1697 4373 1842 4414 anno
1898 4359 2002 4414 888

436 4451 588 4521 (Chr.
608 4451 791 4522 ttat).

2108 3263 2262 3318 rhate
2287 3266 2443 3337 bcgo,
2478 3271 2821 3341 interempto.

2171 3356 2331 3429 333
2367 3360 2479 3413 Non
2519 3364 2688 3415 tuulto
2729 3376 2849 3435 post
2894 3369 3060 3423 edixit
3118 3372 3399 3442 Bajazites,
3430 3381 3505 3432 uti
3552 3380 3669 3436 Mu-

2103 3450 2378 3506 cltcmetes
2413 3453 2603 3523 begus,
2659 3455 2909 3514 Chl-seris
2964 3462 3081 3534 begi
3135 3467 3298 3531 filius,
3347 3486 3470 3524 eum
3510 3473 3667 3526 ducis

2106 3541 2232 3605 filio,
2265 3545 2355 3610 qui
2386 3545 2733 3617 beglerbegus
2768 3550 3041 3607 llo-itania:
3062 3569 3279 3612 creatus
3309 3571 3445 3627 erat,
3468 3564 3659 3619 Itonia:

2106 3633 2207 3686 nia:
2241 3636 2422 3703 copias
2445 3638 2496 3689 in
2538 3638 2842 3694 Anatoliam
2868 3644 3265 3713 transjiccrent,
3296 3656 3351 3701 et
3377 3654 3665 3720 assumpto

2103 3729 2393 3780 Anatoliuo
2451 3731 2638 3796 milite,
2703 3735 2978 3790 sttltanum
3021 3738 3220 3793 Alcairi
3280 3740 3418 3795 bello
3448 3744 3642 3798 invade

2105 3826 2245 3872 rent.
2280 3818 2376 3872 llis
2410 3821 2571 3888 igitur
2603 3822 2859 3899 Bajazitis
2887 3828 3115 3896 imperio
3150 3832 3490 3897 parentibus,
3519 3849 3666 3891 recta

2103 3908 2306 3977 petitus
2348 3912 2518 3965 hostis
2551 3929 2566 3964 :
2601 3918 2691 3981 qui
2734 3928 2858 3968 cum
2890 3926 2943 3970 et
2974 3919 3088 3986 ipse
3120 3932 3343 3988 paratus
3389 3926 3453 3976 ad
3502 3925 3666 3978 dirui-

2104 4002 2337 4055 candum
2370 4013 2537 4064 esst-t,
2570 4006 2827 4074 utrinque
2864 4022 3198 4063 concursum
3229 4016 3500 4070 acerrimo
3531 4031 3664 4085 prte-

2104 4092 2196 4155 lio,
2226 4108 2335 4161 qtto
2371 4096 2525 4149 ducis
2559 4096 2724 4158 filius.
2774 4098 3064 4156 Aehmetes
3123 4101 3303 4169 bassa,
3354 4122 3482 4161 cum
3522 4122 3666 4177 equo

2105 4186 2409 4255 prolapsus,
2444 4189 2496 4240 in
2518 4188 2929 4244 Sultaniuorum
2958 4208 3151 4248 manus
3189 4198 3337 4251 venit
3364 4217 3378 4251 τ
3411 4210 3464 4253 ct
3496 4199 3664 4255 dedo--

2104 4284 2226 4330 ctus
2257 4277 2321 4328 ad
2361 4278 2656 4345 Usbrgom,
2687 4283 2948 4336 custodia:
2973 4286 3203 4342 traditus
3237 4289 3353 4345 fuit.
3389 4290 3661 4362 Ingentem

2104 4365 2387 4432 Bajazitiei
2421 4368 2632 4422 cladem
2666 4370 2716 4423 id
2750 4374 3011 4444 temporis
3045 4389 3391 4447 acceperunt,
3421 4398 3541 4451 qua:
3566 4383 3662 4437 Ba-

2102 4456 2253 4524 jaziti
2284 4460 2581 4529 signiﬁcata
2610 4479 2733 4517 cum
2764 4464 2975 4534 fuisset,
3011 4470 3243 4523 velit-em
3310 4488 3490 4537 suum,
3526 4475 3661 4528 Itan-

508 4543 690 4597 Mense
744 4544 1028 4614 llelijulula
1058 4584 1074 4608 ,
1131 4544 1220 4597 die
1298 4545 1532 4614 quodam
1616 4544 1823 4608 Martis,
1871 4545 2001 4600 urbs
2035 4542 2077 4598 Ι)
2106 4549 2227 4601 dem
2256 4550 2496 4610 liassam.
2534 4558 2851 4625 praepotenti
2890 4573 3010 4612 cum
3040 4563 3284 4615 exercitu
3330 4577 3516 4619 comra
3545 4570 3660 4621 sul-

434 4633 979 4703 ﬂadriauopolitana,
1046 4650 1172 4690 cum
1225 4638 1480 4689 omnibus
1514 4636 1579 4688 ad
1612 4636 1998 4689 distrahendas

433 4740 669 4789 meri-es,
726 4727 1018 4781 exstructis
1072 4726 1341 4791 adificiis,
1423 4727 1546 4795 igne
1622 4724 1995 4794 conflagravit.

432 4817 637 4871 Ibidem
695 4819 860 4871 etiam
956 4818 1008 4871 id
1049 4818 1316 4886 temporis
1372 4816 1640 4886 Bajasites
1716 4814 1997 4871 Xenonem

431 4910 670 4963 condere
695 4922 919 4979 propter
958 4911 1157 4963 ﬂumen
1194 4908 1512 4978 cepit.lnde
1552 4911 1747 4964 castris
1766 4906 1999 4961 Hadria-

432 5004 617 5071 nopoli
669 5003 857 5065 motis,
898 5000 1222 5055 Moldaviam
1246 5001 1572 5064 transiit,(et
1596 5014 1777 5053 arcem
1797 4999 1996 5053 Chilim

432 5094 739 5162 occupavit.
783 5090 969 5161 Neque
1007 5092 1179 5145 multo
1226 5100 1370 5159 post,
1426 5090 1513 5143 die
1550 5091 1786 5159 quodatn
1852 5089 1997 5143 Mer-

429 5180 593 5246 curii,
649 5181 819 5235 etiam
848 5194 1028 5233 arcem
1081 5180 1376 5241 Chermen,
1433 5179 1626 5233 iisdem
1683 5180 1737 5232 in
1797 5181 1998 5234 finibus

434 5271 623 5344 sitam,
677 5271 735 5324 in
793 5279 1121 5340 potestatem
1182 5271 1409 5339 redegit.
1473 5271 1649 5340 Atque
1690 5274 1838 5324 omni
1890 5272 1996 5325 hoc

431 5377 562 5430 agro
607 5363 835 5430 potitus.
889 5370 1097 5415 mutata
1148 5360 1502 5428 profectione,
1552 5361 1994 5435 Hadrianopolim

429 5452 608 5514 rediit,
631 5468 773 5508 anno
800 5450 904 5507 889
928 5451 1077 5522 (Chr.
1108 5451 1290 5520 “85).

495 5541 649 5597 Tunc
698 5554 754 5597 et
788 5544 972 5597 lumen
1000 5544 1137 5600 solis
1166 5543 1387 5608 defecit,
1422 5554 1476 5599 et
1522 5548 1776 5602 sultanus
1837 5547 1994 5616 Baja-

428 5633 566 5686 zitea
624 5649 823 5690 versus
866 5634 985 5689 loca
1019 5645 1306 5704 montana,
1365 5638 1643 5692 recreandi
1675 5640 1758 5693 sui
1810 5654 1992 5701 causa,

431 5738 490 5776 se
519 5726 771 5782 contulit.
802 5725 903 5780 Hic
932 5741 1059 5781 eum
1122 5728 1306 5781 adiere
1368 5715 1532 5796 legati
1584 5737 1717 5792 tres,
1764 5743 1994 5797 quorum

435 5827 576 5867 unus
599 5829 665 5869 ex
693 5817 843 5870 India
871 5818 1077 5872 missus
1120 5817 1295 5872 fuerat
1344 5818 1484 5872 alter
1534 5818 1769 5884 Alcaito,
1805 5822 1995 5876 tertius

748 5909 1015 5970 PATROL.
1050 5915 1163 5973 Gn.
1197 5911 1393 5973 CLIX.

2102 4650 2288 4694 tanum
2321 4641 2520 4695 Alcairi
2559 4644 2729 4699 misit.
2769 4645 2988 4703 Iinime
3014 4665 3141 4703 vero
3170 4654 3346 4708 territi
3377 4656 3660 4720 sultanini,

2101 4746 2225 4783 mox
2253 4731 2302 4785 ei
2328 4748 2450 4788 cum
2474 4736 2586 4789 suis
2600 4736 2815 4790 obviam
2845 4742 3114 4809 pregressi
3146 4753 3292 4799 sunt.
3320 4744 3535 4803 Daudes
3558 4751 3662 4803 iliis

2104 4822 2249 4876 haud
2282 4830 2688 4883 occurrendum
2725 4838 2898 4895 ratus,
2949 4843 3161 4889 mature
3195 4845 3353 4907 capto
3392 4843 3663 4895 mutanda:

2100 4915 2453 4981 profectionis
2481 4920 2731 4983 consilio,
2779 4934 2924 4979 retro
2953 4925 3110 4979 duxit
3157 4929 3477 4990 exercitum,
3518 4933 3657 4984 Adiit

2101 5006 2205 5061 hoc
2240 5010 2291 5059 in
2330 5012 2406 5061 iti:
2434 5024 2525 5064 ere
2556 5010 2790 5067 Daudem
2823 5014 3108 5072 Aladcules
3165 5020 3470 5087 Dulgadiris
3527 5024 3659 5088 dux,

2099 5098 2188 5150 cui
2232 5114 2485 5169 magnum
2520 5102 2634 5173 ipse
2654 5105 2912 5160 honorem
2939 5109 3207 5165 exhibuit.
3239 5109 3598 5182 Posteaquam
3630 5136 3659 5166 ιι

2099 5188 2393 5245 sultaniuis
2448 5206 2508 5246 se
2542 5192 2754 5251 Daudes
2780 5200 3088 5265 avertisset,
3126 5199 3520 5261 Varsacenscm
3580 5208 3659 5261 di-

2103 5280 2300 5332 tioncm
2328 5284 2623 5352 ingressus,
2645 5301 2898 5356 proceres
2927 5293 3119 5359 partim
3153 5295 3207 5347 in
3230 5296 3443 5350 vincula
3476 5300 3629 5366 conje

2098 5369 2193 5432 cit,
2221 5375 2413 5439 partim
2446 5378 2661 5442 occidit,
2716 5385 2912 5449 partim
2966 5383 3359 5443 interveniente
3415 5398 3658 5445 transac-

2097 5461 2246 5514 tione
2279 5465 2476 5533 recepit
2507 5466 2559 5520 in
2588 5474 2837 5536 gratiam.
2881 5470 3216 5545 fortunisque
3243 5478 3360 5533 suis
3396 5480 3656 5537 restituit.

2098 5550 2463 5623 Turgurensis
2516 5562 2807 5626 provincia:
2858 5579 3111 5632 proceres
3151 5568 3482 5624 saluti'sure
3532 5569 3656 5641 fuga

2098 5648 2442 5701 consuluere.
2477 5650 2715 5706 Tandem
2755 5662 2933 5709 tamen
2988 5659 3277 5727 impetrato
3309 5660 3462 5717 salvo
3509 5677 3659 5717 com-

2100 5750 2277 5792 meatu
2310 5739 2546 5797 Daudem
2596 5744 2807 5800 bassam
2867 5749 3137 5814 adierunt,
3183 5760 3240 5805 et
3270 5768 3398 5820 pace
3423 5767 3547 5807 cum
3587 5770 3655 5808 eo

2100 5830 2332 5892 sancito,
2378 5843 2782 5889 sacramentum
2840 5840 3232 5906 przestitet-unt.
3295 5840 3387 5895 His
3447 5842 3654 5896 effertis

3214 5938 3295 5995 20
