4218 6308
579 406 693 472 διε)

1841 409 2189 471 ANNALES
2218 408 2314 470 TU
2334 406 2565 472 RCICL

3732 403 3842 469 620

585 522 776 588 rebus,
810 516 1021 575 Daudes
1058 528 1410 576 exauctorato
1445 520 1620 577 milite
1676 536 1928 579 reversus
1960 532 2046 577 est
2088 522 2153 574 ad
2188 529 2232 581 Α
2331 521 2603 591 Bajazites
2642 534 2893 592 magnam
2933 520 3129 577 rursus
3159 522 3392 578 militum
3448 535 3670 577 manum
3728 524 3847 577 cot-

584 612 860 668 sultanum
891 610 1212 683 Bajazitem,
1244 612 1339 684 qui
1376 622 1507 669 tunc
1555 614 1608 668 in
1659 615 1881 685 regione
1930 614 2156 669 Visena-

584 702 725 759 biesi
750 704 996 774 degebat.

655 791 814 850 Venit
846 793 900 850 id
944 794 1203 864 temporis
1242 793 1308 849 ad
1339 793 1629 862 Bajazitem
1683 793 1893 863 legatus
1932 808 1997 847 ex
2043 790 2156 847 Un-

584 887 759 957 garia.
788 887 874 941 vir
898 886 1108 940 eximia:
1146 885 1449 955 dignitatis.
1482 886 1569 940 cui
1607 901 1802 941 nomen
1830 883 2158 940 Jachosclii-

584 980 726 1034 cius.
761 977 810 1033 Is
832 977 897 1031 ad
930 978 1209 1032 sultanum
1242 977 1534 1039 adductus.
1565 985 1620 1032 et
1673 977 2004 1046 perbenigne
2055 976 2158 1030 fuit

585 1070 829 1125 auditus.
894 1068 1158 1139 Expedita
1216 1068 1512 1139 legatione.
1573 1078 1781 1122 vestem
1835 1084 1864 1121 a
1920 1068 2158 1138 Bajazite

586 1163 751 1225 dnuo,
775 1177 875 1229 pro
905 1177 1056 1216 more
1088 1163 1264 1230 gentis
1288 1163 1517 1229 accepit,
1579 1174 1634 1216 et
1662 1162 1965 1223 admodum
1991 1164 2156 1215 hono-

585 1250 736 1305 riltce
761 1250 1098 1319 benigneque
1128 1249 1387 1303 dimissus
1415 1249 1536 1303 fuit.
1567 1248 1624 1302 in
1650 1250 1843 1303 itinere
1875 1265 2024 1309 vero,
2048 1264 2155 1317 quo

585 1347 806 1396 domum
843 1342 1119 1396 rediturus
1172 1350 1315 1407 erat,
1379 1357 1502 1396 cum
1525 1341 1639 1412 jam
1666 1341 1997 1396 Semendria:
2025 1343 2156 1395 lines

586 1433 877 1503 attigisset,
926 1432 1150 1502 quidam
1212 1446 1380 1502 eques
1413 1430 1704 1499 Turcicus,
1745 1432 1828 1485 vir
1877 1432 2154 1496 militaris,

583 1528 881 1579 cuinomen
916 1522 1088 1580 Gases
1122 1521 1459 1592 Mustaphas,
1486 1532 1542 1577 et
1568 1525 1662 1595 qui
1696 1522 1836 1579 forte
1861 1531 1977 1577 tum
2015 1532 2153 1577 tem-

584 1614 734 1684 poris
768 1614 887 1668 istic
920 1622 1061 1679 erat,
1102 1626 1244 1683 equo
1271 1626 1601 1679 conscenso,
1652 1613 1889 1683 legatum
1934 1625 2157 1683 aggres-

584 1718 679 1758 sus
707 1712 815 1767 cst.
835 1712 890 1757 et
915 1700 1139 1755 acinace
1190 1712 1292 1755 suo
1323 1710 1431 1754 tam
1473 1700 1708 1772 graviter
1741 1700 2066 1761 vulneravit.
2098 1707 2157 1753 ut

584 1792 871 1849 confestim
898 1792 970 1847 ibi
1002 1804 1229 1846 mortem
1260 1801 1559 1861 oppeteret.
1589 1791 1648 1846 ιιι
1682 1792 1755 1846 uti
1793 1792 2016 1856 faceret,
2045 1793 2157 1846 haec

2260 616 2409 682 tegit.
2448 623 2500 670 et
2539 616 2593 668 in
2648 612 2959 668 Anatoliam
3018 615 3342 680 transmisit,
3395 613 3526 668 dato
3566 613 3646 669 eis
3700 614 3844 668 duce

2258 705 2584 760 iscbendere
2614 708 2771 777 bego,
2818 706 3099 762 Michaelis
3146 708 3256 760 tilio
3288 724 3301 759 :
3349 707 3439 760 cui
3473 708 3747 775 praecepit.
3786 716 3845 760 ut

2259 796 2504 853 Aladeuli
2537 800 2846 869 Dulgadiris
2888 801 3010 854 duci
3054 800 3253 854 bellum
3319 798 3566 853 inferret.
3604 798 3667 851 ili
3716 816 3839 853 cum

2258 892 2415 945 ducis
2440 892 2572 944 fines
2603 890 2831 959 ingressi
2868 890 3120 953 fuissent.
3155 905 3340 944 rermn
3375 906 3601 944 suarum
3635 892 3840 948 securi.

2270 988 2419 1033 tutos
2444 980 2668 1033 omnino
2691 995 2749 1035 se
2768 981 3052 1050 putabant.
3078 981 3155 1036 Ibi
3187 991 3299 1035 tum
3327 996 3424 1035 eos
3450 995 3514 1034 ex
3544 980 3842 1048 improviso

2263 1071 2488 1126 adortus
2540 1072 2855 1133 Aladeules.
2909 1073 3125 1128 duobus
3181 1072 3527 1127 isclienderis
3556 1073 3675 1141 begi
3713 1073 3841 1125 ﬁliis

2261 1163 2587 1228 interiectis,
2621 1164 2797 1233 ipsum
2832 1165 2997 1219 etiam
3031 1164 3412 1220 lschenderem
3446 1164 3632 1217 vivum
3673 1163 3839 1228 cepit.

2258 1264 2312 1308 et
2338 1255 2611 1309 Alcairum
2643 1256 2862 1311 sultano
2902 1256 3069 1311 misit.
3104 1256 3215 1311 Hac
3242 1256 3396 1311 clade
3424 1263 3669 1324 accepta,
3697 1256 3846 1307 nihi-

2260 1346 2502 1399 lominus
2533 1344 2731 1416 insigni
2766 1342 3036 1415 Bajasites
3072 1343 3473 1415 magniﬁcentia
3505 1343 3665 1399 trium
3700 1344 3842 1398 ﬁlia-

2259 1450 2382 1489 rum
2445 1438 2663 1506 nuptias
2714 1437 3072 1492 celebravit:
3122 1453 3360 1507 quarum
3416 1452 3521 1492 una
3555 1438 3679 1492 data
3736 1437 3843 1490 fuit

2260 1538 2397 1578 uxor
2428 1523 2859 1580 Usumchasanis
2892 1526 3026 1592 ﬁlio,
3078 1526 3247 1581 altera
3279 1525 3501 1594 Usgulis
3532 1542 3562 1580 e
3600 1526 3712 1579 tilio
3742 1540 3839 1579 ne-

2258 1618 2392 1683 poti,
2414 1616 2574 1671 tertia
2600 1616 2807 1672 Daudis
2835 1618 3009 1675 bassa
3034 1616 3165 1674 tilio.
3193 1616 3327 1674 Post
3348 1634 3443 1675 eas
3479 1619 3719 1688 nuptias,
3743 1618 3845 1671 de-

2256 1720 2371 1760 nuo
2398 1706 2593 1761 litteris
2624 1706 2750 1761 hinc
2777 1708 2901 1762 inde
2921 1710 3130 1771 missis,
3164 1708 3460 1763 convenire
3495 1708 3695 1761 milites
3724 1707 3845 1775 jus’

2258 1800 2333 1852 sit
2364 1800 2493 1868 :qui
2521 1798 2651 1853 dum
2699 1799 2754 1853 in
2782 1798 2898 1854 dies
2936 1800 3002 1853 ad
3026 1810 3156 1855 'eum
3188 1798 3550 1865 conﬂuerent,
3587 1800 3726 1854 forte
3767 1802 3847 1853 ie-

586 1903 713 1943 cum
754 1885 1049 1956 impulerat
1098 1900 1287 1949 causa,
1330 1886 1473 1954 quod
1508 1900 1631 1940 cum
1683 1884 1983 1954 aliquando
2011 1883 2156 1953 lega-
2192 1876 2233 1934 Β
2262 1898 2418 1958 gatus
2450 1891 2519 1944 ab
2574 1890 2881 1947 Alcairensi
2915 1893 3133 1949 sultano
3164 1896 3367 1949 missus
3400 1894 3644 1948 advenit.
3701 1894 3841 1949 Eum

586 1989 675 2035 tus
708 1978 797 2034 ille
820 1977 1003 2032 Gasim
1032 1975 1376 2045 Mustapliam
1412 1992 1535 2031 cum
1555 1975 1721 2031 fratre
1756 1975 2030 2046 captivum
2059 1978 2154 2031 de-

586 2071 808 2137 tinerc-t,
869 2069 1173 2139 Mustaphm
1208 2065 1433 2123 fratrem
1466 2084 1596 2123 veru
1654 2068 2044 2132 transtixisset,
2079 2067 2158 2137 ip-

584 2178 824 2233 sumque
850 2160 1198 2231 Mustapbam
1230 2161 1516 2231 coegisset.
1548 2169 1607 2215 ut
1632 2163 1734 2216 hoc
1770 2160 1932 2216 modo
1964 2172 2157 2216 trans-

586 2258 755 2311 ﬁxum
782 2267 918 2307 -‘reru
981 2251 1205 2305 fratrem
1252 2268 1572 2322 germanum
1618 2258 1874 2308 assaret:
1909 2251 2159 2306 excussis

586 2344 765 2399 eidem
806 2341 961 2398 Casu:
998 2340 1297 2412 Mustaplue
1361 2342 1581 2412 triginta
1620 2340 1837 2396 duobus
1901 2337 2160 2395 dentibus

579 2434 722 2490 suis.
764 2428 879 2486 Bac
904 2444 1034 2501 ergo
1067 2428 1136 2484 de
1160 2444 1328 2485 causa
1357 2434 1630 2497 repertum
1680 2427 1752 2483 ibi
1807 2430 2041 2497 legatum
2071 2444 2160 2483 oc-

584 2520 740 2586 cidit,
800 2531 1112 2589 quanquam
1142 2527 1196 2572 et
1244 2517 1361 2587 Ipse
1396 2514 1570 2571 Gases
1621 2516 1937 2586 Hustaphas
1969 2519 2159 2573 eodem

580 2615 705 2671 loco
762 2612 1081 2669 vulneribus
1138 2610 1422 2667 coniectus
1494 2610 1709 2666 vivendi
1775 2611 1936 2667 tinem
2009 2610 2157 2667 fecit.

585 2698 919 2764 ~Acciderunt
961 2705 1075 2760 hac
1130 2721 1277 2761 anno
1305 2704 1399 2759 891
1441 2703 1590 2775 (Chr.
1621 2704 1804 2767 “87).

658 2799 971 2857 Secundum
1003 2798 1118 2855 haec
1170 2797 1449 2867 proiectus
1502 2812 1567 2850 ex
1607 2798 1856 2852 Anatolia
1908 2799 2162 2853 sultanus

580 2892 879 2966 'Bajazites.
910 2888 1440 2959 Constantinopolim
1478 2890 1626 2944 venit
1660 2911 1671 2944 :
1714 2900 1770 2945 et
1810 2890 1996 2946 missis
2033 2892 2162 2945 hinc

586 2984 715 3041 inde
747 2998 845 3054 per
872 2997 1066 3039 omnes
1098 2981 1410 3051 provincias
1439 2996 1567 3036 suas
1595 2981 1885 3050 mandatis.
1917 2996 1983 3036 ex
2017 2989 2162 3037 Ana-

582 3076 719 3133 tolia
744 3074 1119 3145 Romanisque
1145 3087 1405 3142 magnum
1441 3074 1614 3141 coegit
1643 3077 1968 3138 exercitum,
2005 3089 2163 3128 eum-

583 3168 874 3241 que°misit
900 3180 1096 3221 versus
1126 3165 1383 3219 Arabiam
1418 3180 1433 3221 :
1465 3180 1682 3221 summo
1724 3167 2006 3235 copiarum
2039 3180 2161 3219 om-
2187 3217 2229 3241 ῃ

588 3262 741 3318 nium
780 3261 1110 3327 imperatore
1168 3255 1473 3324 designato,
1515 3256 1601 3309 Ali
1657 3257 1816 3311 bassa
1875 3254 2156 3311 eunucho.

585 3352 643 3408 Is
670 3350 762 3408 ubi
796 3362 920 3404 cum
953 3346 1122 3400 milite
1156 3346 1493 3415 pervenisset
1523 3346 1590 3399 ad
1638 3347 1911 3402 civitatem
1942 3346 2164 3403 Adano-

588 3451 737 3503 rum,
764 3449 943 3496 arcem
972 3436 1121 3490 urbis
1144 3433 1489 3498 instauravit,
1522 3434 1731 3499 reiecit,
1762 3436 2160 3491 communivit:

588 3540 647 3586 et
665 3530 790 3585 aliis
819 3528 1145 3598 quibusdam
1199 3524 1414 3597 oppidis
1468 3525 1670 3604 captis.
1704 3527 1950 3597 praesidia
1987 3530 2162 3598 impo-

586 3623 723 3686 suit,
776 3634 920 3675 anno
948 3618 1051 3674 893
1084 3617 1233 3687 (Chr.
1276 3616 1459 3685 “89).

664 3706 879 3765 interea
908 3707 1034 3761 dum
1064 3705 1152 3760 his
1184 3705 1403 3758 arcibus
1431 3705 1765 3774 occupandis
1801 3714 1855 3759 et
1876 3714 2166 3761 exstruen-

590 3802 684 3857 dis
735 3799 929 3855 intenti
977 3806 1107 3852 sunt
1159 3795 1465 3865 Bajazitici.
1514 3798 1676 3850 etiam
1706 3812 1770 3850 ex
1806 3798 1973 3853 altera
2013 3807 2165 3866 parte

592 3890 854 3949 sultanini
884 3888 1231 3959 expeditione
1262 3897 1538 3957 suscepta,
1575 3888 1627 3941 in
1660 3888 1871 3942 hostem
1931 3887 2162 3958 proiecti

591 3994 740 4040 sunt.
771 3982 1088 4053 Congressis
1115 3979 1465 4043 exercitibus.
1492 3980 1787 4035 vehemens
1807 3982 2163 4035 commissum

589 4075 695 4132 fuit
731 4074 998 4145 praelium.
1049 4072 1127 4127 Ac
1161 4074 1377 4127 tametsi
1402 4073 1806 4127 sultaninorum
1848 4075 1995 4129 acies
2028 4085 2167 4129 tan-

590 4168 714 4224 dem
737 4162 928 4223 soluta:
945 4166 1364 4236 dissiparentur,
1386 4174 1696 4220 nontamen
1725 4182 1921 4236 passus
1944 4176 2027 4223 est
2048 4168 2166 4222 Alis

591 4262 751 4316 bassa
777 4260 1006 4313 militem
1036 4273 1196 4314 suum
1217 4274 1246 4312 a
1281 4268 1430 4325 tergo
1452 4274 1548 4313 eos
1571 4260 1823 4329 persequi
1857 4280 1869 4313 :
1898 4264 2042 4330 quod
2075 4277 2168 4315 ve-

590 4364 824 4416 reretur,
858 4364 925 4403 ne
952 4348 1078 4404 belli
1111 4364 1169 4421 se
1196 4358 1539 4404 converteret
1578 4350 1696 4403 alea
1725 4368 1739 4403 :
1766 4351 2034 4421 simulque
2065 4365 2167 4420 pu-

590 4453 749 4509 taret,
788 4443 923 4497 satis
961 4456 1019 4495 se
1053 4451 1408 4497 consecutum
1450 4441 1655 4511 glorise,
1690 4443 1786 4510 qui
1855 4453 1963 4497 tam
1990 4442 2166 4499 felici-

588 4543 676 4592 ter
709 4533 936 4590 hostiles
970 4533 1158 4603 copias
1208 4533 1520 4601 disjecisset
1552 4550 1566 4584 :
1596 4532 1898 4586 cavendum
1930 4534 2165 4604 denique

588 4635 857 4689 censeret,
894 4637 962 4677 ne
992 4622 1076 4677 sui
1114 4622 1284 4676 nimio
1319 4614 1975 4693 laboredefatigarentur.
2005 4622 2160 4679 ideo-

587 4730 695 4785 que
726 4714 887 4769 m0tis
920 4714 1045 4768 hinc
1076 4713 1296 4773 castris.
1327 4712 1549 4767 domum
1608 4712 1837 4767 militem
1881 4728 2046 4769 suum
2078 4730 2165 4771 re-

587 4805 763 4861 duxit.
794 4803 1087 4875 Postquam
1143 4816 1270 4857 vero
1301 4799 1582 4870 Bajazitici
1616 4802 2009 4868 discesserant.
2042 4803 2164 4859 Sul-

589 4897 763 4953 tanini
820 4898 938 4951 suis
972 4895 1153 4950 denuo
1227 4893 1492 4961 collectis,
1544 4894 1733 4949 Adaua
1782 4896 2132 4965 Tersumque

586 4990 837 5045 civitates
857 4986 1147 5042 obsidione
1172 4984 1467 5040 cinxerunt
1507 5000 1522 5039 :
1578 4986 1781 5055 quibus
1841 5003 1964 5043 cum
1999 4989 2164 5057 patiri

587 5095 698 5137 non
724 5087 969 5151 possent.
1003 5078 1193 5147 copias
1241 5077 1366 5132 inde
1395 5092 1523 5133 suas
1550 5078 1921 5135 abduxerunt.
1958 5082 2160 5137 Verum

589 5187 700 5226 non
736 5170 907 5223 multo
935 5176 1079 5239 post,
1108 5174 1504 5223 tormentorum
1527 5178 1583 5223 et
1599 5168 1827 5223 aliarum
1857 5185 2041 5226 rerum
2064 5188 2163 5241 ap-

588 5273 780 5333 paratu
820 5260 1095 5326 instructi.
1128 5274 1320 5315 rursus
1360 5260 1537 5314 adorti
1573 5270 1703 5316 sunt
1734 5262 1944 5326 Adana,
1977 5276 2028 5318 et
2070 5280 2162 5319 ex-

590 5360 881 5424 pugnatam
910 5351 1061 5406 urbis
1089 5365 1269 5406 arcem
1298 5353 1607 5415 diruernnt,
1642 5363 1803 5423 atque
1833 5355 1907 5410 ita
1939 5357 2159 5410 domum

588 5443 791 5500 reversi
822 5451 973 5507 sunt,
1010 5458 1155 5497 anno
1185 5441 1289 5497 893
1322 5442 1475 5513 (Chr.
1520 5443 1700 5513 H90).

655 5536 812 5591 ’i‘unc
834 5544 892 5591 et
913 5535 999 5589 die
1024 5538 1262 5605 quodam
1298 5534 1470 5599 Jovis.
1500 5537 1646 5591 circa
1676 5540 1982 5606 meridiem,
2014 5540 2161 5596 Con-

582 5627 937 5698 stantinopoli
962 5637 1103 5681 terra
1134 5635 1281 5681 mota
1307 5630 1546 5693 tremuit,
1565 5640 1618 5684 et
1640 5633 1809 5686 multa
1836 5643 2163 5689 corruerunt

582 5720 833 5779 adiﬁcia.
879 5720 1004 5775 Fuit
1065 5730 1119 5775 et
1182 5719 1372 5776 Prusz
1437 5730 1652 5775 tantum
1722 5726 2061 5795 incendium,
2104 5738 2161 5782 ut

586 5813 737 5871 urbis
792 5814 1044 5883 regiones
1091 5812 1162 5867 25
1194 5813 1635 5869 absumerentur.

2263 1980 2532 2050 Bajazites
2571 1981 2877 2038 inauditum
2903 1984 3068 2054 jussit
3100 1984 3415 2042 abscedere.

2322 2070 2448 2127 Hoc
2476 2082 2724 2142 tempore
2747 2074 3260 2147 Constantinopoli,
3294 2080 3382 2133 die
3411 2079 3646 2149 quodam
3680 2079 3839 2145 solis.

2262 2164 2438 2231 primo
2479 2164 2745 2229 diluculo,
2786 2167 2971 2235 pluere
3023 2170 3166 2237 cepit
3199 2186 3215 2224 :
3253 2180 3552 2240 secutaque
3617 2172 3843 2235 tonitru,

2264 2258 2467 2307 tactum
2499 2253 2565 2309 de
2588 2254 2728 2309 caelo
2754 2258 3016 2326 templum
3046 2258 3212 2330 335
3249 2258 3372 2325 I'uit,
3401 2261 3455 2315 in
3497 2249 3608 2332 quo
3664 2265 3847 2335 pulvis

2259 2344 2658 2400 tormentarius
2703 2361 2898 2417 magna
2938 2364 3059 2404 cum
3121 2352 3250 2408 nitri
3307 2355 3465 2422 copia
3523 2357 3848 2411 reconditus

2259 2441 2399 2488 erat.
2433 2433 2546 2490 Hac
2573 2436 2908 2493 inﬂammata
2958 2444 3207 2504 materia.
3272 2445 3535 2515 templum
3592 2448 3770 2518 ipsum
3815 2463 3849 2501 e

2240 2523 2618 2614 (fundamento
2650 2528 2945 2598 disiectum
2979 2531 3103 2596 fuit,
3129 2542 3185 2588 et
3215 2535 3357 2606 ignis
3397 2538 3588 2592 urbem
3652 2555 3851 2608 perva-

2258 2628 2438 2688 gatus,
2476 2634 2585 2674 non
2617 2620 2851 2690 plurima
2880 2622 3142 2682 duntaxat
3167 2626 3416 2693 aediﬁcia,
3451 2644 3640 2684 verum
3675 2634 3844 2688 etiam

2259 2711 2504 2780 quinque
2541 2712 2825 2768 hominum
2871 2714 3067 2781 millia.
3098 2719 3339 2788 cujusvis
3390 2721 3566 2777 atatis
3595 2732 3649 2778 et
3677 2739 3849 2782 sexus

2261 2805 2588 2876 absumpsit.

2332 2898 2412 2953 Ab
2434 2900 2601 2956 altera
2627 2914 2779 2969 parte
2815 2903 3079 2959 sultanini
3114 2919 3309 2962 rursus
3334 2908 3683 2978 expeditione
3710 2925 3842 2966 sus-

2261 2998 2439 3055 cepta.
2487 2988 2795 3046 Larendam
2861 3005 3072 3063 captam
3109 2997 3488 3068 direptamque
3537 3003 3845 3057 succende-

2263 3090 2411 3146 runt,
2440 3091 2494 3136 et
2524 3085 2577 3137 in
2624 3086 2839 3140 cineres
2872 3089 3196 3157 redegerunt
3228 3133 3243 3157 ,
3285 3092 3522 3162 aliisque
3580 3102 3846 3162 praeterea

2264 3171 2515 3239 spoliatis
2570 3174 2787 3245 oppidis
2818 3192 2881 3233 ac
2921 3176 3079 3243 vicis,
3114 3179 3337 3235 domum
3394 3182 3626 3237 rediere.
3677 3183 3848 3238 Periit

2271 3262 2472 3318 ibidem
2504 3276 2559 3321 et
2589 3264 2823 3339 Jacupes
2854 3271 3045 3342 begus,
3068 3271 3502 3335 Usumchasanis
3541 3272 3705 3337 filius.
3725 3281 3847 3338 ’Λευ

2269 3354 2524 3411 ciderunt
2545 3367 2725 3413 autem
2758 3361 2875 3415 haec
2902 3377 3047 3417 anno
3073 3363 3200 3421 895.

2342 3444 2611 3517 Bajazites
2637 3449 2785 3505 hisce
2820 3452 2888 3506 de
2926 3453 3091 3508 rebus
3121 3458 3328 3512 certior
3357 3458 3552 3524 factus.
3575 3462 3847 3518 Constan-

2270 3538 2497 3607 ϋηοροιί
2526 3538 2835 3606 discedens.
2872 3542 3259 3603 Gumulzinam
3295 3551 3452 3619 abiit,
3487 3567 3553 3607 ac
3594 3556 3849 3610 venando

2271 3638 2444 3684 semet
2485 3630 2799 3689 oblectavit.
2845 3633 3173 3692 Gumulaina
3229 3641 3441 3708 relicta,
3494 3642 3746 3716 Ypsalam
3782 3662 3847 3702 se

2270 3723 2526 3788 contulit,
2573 3725 2759 3794 ibique
2797 3730 2986 3793 paucis
3019 3730 3214 3787 diebus
3261 3736 3488 3803 exactis,
3535 3738 3849 3795 Constanti-

2276 3818 2515 3885 nopolim
2556 3820 2738 3875 rediit.
2774 3818 2933 3874 Venit
2962 3822 3070 3877 huc
3100 3826 3167 3877 ad
3198 3839 3322 3878 eum
3357 3826 3567 3897 legatus
3591 3830 3725 3885 alter
3755 3833 3850 3886 Al-

2273 3909 2422 3963 cairo
2474 3910 2715 3964 missus:
2775 3925 2938 3980 quem
2988 3914 3401 3982 perhumaniter
3440 3930 3754 3988 exceptum.
3794 3935 3849 3978 et

2272 4000 2628 4070 amplissimis
2666 4004 2931 4059 donatum
2966 4008 3309 4072 muneribus,
3370 4011 3507 4065 bona
3538 4025 3662 4066 cum
3713 4028 3849 4083 pace

2268 4092 2501 4148 dimisit.
2531 4091 2714 4162 Neque
2744 4097 2916 4151 multo
2965 4107 3106 4166 post,
3138 4100 3302 4153 etiam
3333 4103 3449 4170 ipse
3499 4106 3787 4171 quemdam
3817 4122 3850 4162 e

2274 4186 2388 4238 suis
2429 4186 2706 4240 Alcairum
2772 4188 3061 4258 ablegavit,
3133 4206 3277 4246 anno
3323 4192 3426 4248 896
3456 4195 3611 4263 (Chr.
3664 4196 3847 4267 149i).

2273 4273 2410 4327 Cum
2441 4275 2485 4327 is
2512 4276 2723 4330 Sullani
2762 4274 3015 4349 Bajazitis
3042 4282 3249 4348 legatus
3280 4281 3555 4339 Alcairum
3587 4287 3846 4354 venisset,

2272 4379 2379 4433 pax
2418 4366 2559 4419 inter
2596 4382 2692 4421 eos
2720 4368 2929 4422 sancita
2963 4367 3063 4423 fuit
3096 4380 3193 4425 :et
3237 4373 3488 4429 sultanus
3518 4375 3852 4433 Alcairensis

2274 4454 2503 4524 Bajaziti
2535 4454 2761 4511 Tersum
2794 4468 2959 4528 atque
2987 4460 3176 4515 Adana
3200 4478 3323 4517 cum
3351 4464 3630 4533 Oppidulis
3658 4466 3850 4523 eodem

2197 4586 2241 4643 α
2275 4549 2671 4614 pertinentibus
2704 4554 2960 4605 restituit.

2344 4638 2457 4694 Hoc
2499 4650 2744 4711 tempore
2780 4656 2997 4698 mortuo
3041 4644 3296 4714 Ungariae
3357 4664 3507 4716 rege,
3562 4664 3852 4708 successor

2268 4732 2389 4801 ejus
2436 4731 2671 4799 legatum
2729 4734 2797 4787 ad
2835 4735 3112 4790 sultanum
3142 4739 3436 4808 Bajazitem
3473 4743 3642 4799 misit.
3675 4744 3851 4810 Hujus

2268 4822 2539 4889 postulata
2566 4837 2691 4877 cum
2728 4826 3013 4893 audiisset,
3052 4844 3239 4898 pacem
3269 4830 3536 4898 Bajazites
3568 4849 3693 4889 cum
3744 4832 3853 4889 Uu-

2268 4928 2401 4983 garo
2432 4915 2580 4969 fecit.
2613 4916 2811 4973 Eodem
2840 4933 2985 4974 anno
3013 4937 3209 4978 ruesus
3233 4935 3425 4979 exorto
3454 4926 3641 4981 Prusa
3666 4930 3853 4981 incen-

2268 5007 2381 5071 dio,
2410 5022 2606 5076 magna
2665 5023 2791 5076 pars
2821 5014 2995 5074 urbis,
3045 5029 3169 5067 cum
3212 5019 3457 5071 tabernis
3488 5029 3852 5073 iiierratorum

2270 5099 2547 5168 plurimis,
2582 5103 2963 5170 conﬂagravit.
2998 5104 3147 5161 Misit
3176 5109 3341 5162 etiam
3376 5098 3627 5165 sultanus
3652 5112 3852 5165 Alcairi

2268 5191 2503 5257 legatum
2531 5208 2652 5245 cum
2683 5195 3025 5262 amplissimo
3054 5198 3319 5251 comitatu
3348 5202 3414 5253 ad
3437 5201 3717 5255 sultanum
3748 5202 3853 5254 ita-

2264 5282 2512 5350 jasitem.
2561 5282 2863 5337 Referenda
2904 5300 3031 5339 vero
3069 5297 3199 5342 sunt
3245 5290 3361 5345 hac
3414 5290 3482 5345 ad
3517 5306 3720 5347 annum
3748 5292 3855 5348 897

2273 5372 2422 5441 (Chr.
2459 5372 2641 5440 uas).

2344 5461 2654 5515 Secundum
2684 5464 2771 5518 illa
2809 5464 3068 5522 discessit
3097 5467 3575 5539 Constantinopoli
3636 5470 3851 5542 Bajazi-

2274 5560 2377 5614 tes,
2407 5562 2463 5605 ct
2489 5551 2934 5625 Hadrianopolim
2971 5559 3278 5627 proiectus.
3314 5570 3472 5616 extra
3522 5565 3712 5617 urbem
3762 5580 3855 5617 ca-

2272 5651 2385 5695 stra
2417 5651 2651 5699 metatus
2682 5656 2792 5707 est,
2828 5660 2892 5699 ac
2944 5646 3146 5700 ibidem
3183 5646 3249 5699 ad
3282 5650 3486 5715 aliquot
3512 5650 3631 5704 dies
3669 5650 3849 5703 limit.

2268 5731 2513 5797 Quodam
2564 5748 2693 5788 vero
2746 5736 2835 5789 die
2876 5736 3081 5790 vezires
3143 5752 3273 5793 suos
3307 5740 3598 5805 allocutus,
3650 5739 3853 5795 habere

2269 5838 2328 5876 se
2364 5824 2416 5875 in
2444 5824 2625 5878 animo
2652 5825 3203 5896 dixitexpcditionem
3231 5832 3522 5899 quamdam
3543 5831 3849 5889 diﬂicilem:
