4212 6288
458 324 557 389 69.1

1725 326 2070 388 ANNAIES
2095 326 2435 389 ’I‘URCICI.

3605 319 3712 384 622

457 433 753 504 gerendum
781 446 905 489 cum
934 429 1168 504 Ungaris
1196 435 1400 490 bellum
1431 435 1761 508 intelligens.
1792 439 2030 508 Ideoque
2062 439 2104 492 Λ
2131 435 2322 502 jussis,
2348 438 2528 491 claves
2566 434 2717 490 urbis
2743 433 2961 489 sultano
2992 430 3214 500 Bajaziti
3250 444 3346 500 per
3389 444 3486 486 eos
3544 444 3712 486 ontu-

457 525 664 578 coactis
697 525 967 582 universis
1000 526 1170 596 copiis
1193 524 1331 592 suis,
1353 528 1741 601 Hadrianopoli
1771 530 2032 596 Souhiam

456 617 737 686 profectus
764 625 869 674 est.
910 618 1026 675 Non
1077 629 1262 678 tamen
1321 621 1617 692 Ungarium
1679 625 1885 695 ingredi
1934 624 2036 678 fuit

456 721 646 774 ausus,
680 711 774 766 sed
804 712 1066 767 Achmete
1097 714 1237 785 bego
1269 731 1392 770 cum
1427 716 1598 772 milite
1625 718 1913 772 Anatolico
1938 717 2037 772 So-

456 800 598 870 phia,
630 802 789 870 iusso
821 803 1146 870 subsistere,
1183 803 1422 860 Daudem
1461 803 1677 864 bassam
1717 823 1841 863 cum
1883 817 2035 876 parte

459 895 742 964 copiarum
786 895 1076 966 Uscopiam
1109 897 1258 951 misit
1286 917 1298 950 :
1332 898 1449 967 ipse
1475 914 1601 955 cum
1633 898 1823 954 Jochia
1851 898 2033 962 bassa,

457 983 660 1039 etcum
709 987 879 1041 milite
910 979 1212 1050 Romaniae,
1242 987 1600 1046 Manastirum
1637 991 1773 1046 abiit
1811 1008 1825 1045 :
1871 1001 2034 1060 atque

458 1079 583 1133 inde
615 1080 669 1132 in
705 1079 1017 1147 Albaniam,
1059 1081 1328 1152 ducisque
1379 1080 1608 1137 Joannis
1664 1083 1942 1153 regionem
1975 1098 2034 1138 se

457 1169 712 1225 contulit.
741 1164 1025 1251 Expedivit
1051 1182 1105 1227 et
1153 1176 1288 1229 mari
1327 1188 1490 1228 naves
1516 1174 1807 1249 quasdam,
1844 1182 1902 1226 ut
1941 1174 2032 1226 Al-

456 1261 724 1315 banorum
759 1260 952 1316 itinera
984 1261 1477 1331 praeluderentur.
1513 1262 1638 1320 Haec
1679 1280 1802 1322 cum
1833 1265 2030 1319 Albani

455 1352 968 1417 animadverterent,
989 1341 1057 1408 ad
1088 1363 1299 1411 montes
1320 1369 1381 1411 se
1413 1365 1758 1427 receperunt,
1781 1364 1834 1410 et
1869 1356 1922 1410 in
1950 1358 2031 1411 eis

457 1445 530 1500 ita
563 1459 620 1498 se
649 1446 1113 1511 communierant,
1182 1456 1242 1502 ut
1280 1462 1533 1516 magnum
1565 1447 1692 1504 inde
1717 1445 1915 1503 Turcis
1940 1448 2034 1503 dc—

454 1534 772 1592 trimentum
810 1535 1096 1592 inferrent.
1148 1539 1230 1592 Ad
1278 1545 1588 1594 extremum
1624 1548 1801 1595 tamen
1844 1542 2030 1604 Turci,

454 1627 772 1682 conscensis
796 1628 926 1683 locis
955 1629 1264 1693 altioribus,
1299 1630 1353 1684 in
1384 1646 1479 1686 eos
1509 1631 1785 1687 irruerunt
1823 1646 1838 1692 :
1868 1643 1921 1689 et
1951 1636 2036 1690 vi-

454 1717 532 1773 ris
555 1719 880 1783 interfectis,
914 1720 1172 1775 mulieres
1200 1734 1263 1776 ac
1310 1737 1510 1789 pueros
1546 1721 1819 1778 adduxere
1852 1729 2030 1793 capti-

2147 528 2325 580 lerunt
2357 545 2369 581 :
2405 535 2565 595 atque
2593 527 2696 581 hoc
2731 526 2891 582 modo
2910 525 3100 580 urbem
3132 523 3302 590 ipsius
3326 526 3574 592 potestati
3595 542 3714 597 per-

2144 621 2362 681 misere,
2393 633 2538 672 anno
2585 617 2692 675 905
2727 617 2882 687 (Chr.
2919 615 3098 685 H99).

2214 711 2424 764 Potitus
2475 709 2776 772 Inebcchti,
2828 708 3141 775 praesidium
3170 709 3294 764 urbi
3330 717 3502 778 captat
3533 709 3714 778 impri-

2141 801 2249 858 Sttil.
2286 817 2299 853 :
2330 810 2385 855 et
2409 799 2852 869 IladrianOpolim
2892 814 3169 862 reversus,
3207 799 3403 853 ibidem
3455 799 3712 854 hiberna-

2143 896 2238 950 vit.
2275 896 2376 950 Ubi
2435 895 2548 960 jam
2583 905 2747 948 testas
2803 891 3142 961 appetiisset,
3179 890 3386 946 coactis
3435 889 3714 947 Romaniae

2141 987 2514 1056 Anatoliaeque
2568 985 2924 1042 exercitibus.
2969 987 3152 1038 denuo
3208 981 3444 1037 Moream
3491 983 3713 1047 Invasit,

2144 1096 2338 1148 magna
2373 1079 2535 1134 etiam
2576 1079 2708 1132 mari
2749 1078 2922 1133 classe
2978 1076 3247 1148 ablegata,
3302 1073 3718 1144 Methonemquo

2144 1173 2376 1226 militum
2432 1187 2634 1227 corona
2701 1170 3081 1226 circumdedit.
3135 1170 3237 1236 Qui
3294 1169 3525 1224 erantin
3580 1169 3716 1223 urbe

2141 1261 2302 1333 335
2341 1259 2666 1323 Christiani,
2728 1260 2868 1315 adeo
2907 1274 2964 1314 se
3011 1257 3303 1314 defendere
3349 1269 3592 1323 strenue,
3633 1267 3716 1312 to-

2143 1353 2249 1407 tius
2282 1360 2341 1406 ut
2373 1351 2578 1406 mensis
2608 1351 2808 1420 spatio,
2844 1351 2978 1403 citra
3011 1348 3501 1409 intermissionem,
3543 1349 3716 1401 inter—

2139 1445 2232 1498 diu
2256 1450 2530 1514 noctuque
2563 1441 2937 1507 dimicaretur,
2955 1441 3128 1495 muris
3156 1441 3287 1509 ipsis
3316 1448 3711 1496 tormentorum

2141 1535 2341 1604 impetu
2375 1533 2641 1602 disjectis.
2673 1531 2874 1589 Videns
2906 1541 3088 1587 autem
3135 1531 3424 1600 Bajazites,
3465 1531 3652 1586 urbem
3682 1548 3713 1584 a

2139 1627 2470 1683 Christianis
2499 1624 2829 1698 propugnari
2864 1642 2878 1679 :
2915 1633 3226 1679 commotus
3259 1624 3361 1689 ira,
3396 1625 3513 1678 suis
3559 1638 3713 1692 spem

2141 1720 2293 1774 urbis
2314 1718 2636 1788 diripiendae
2663 1717 2814 1780 fecit,
2841 1715 3108 1795 siquidem
3137 1714 3227 1769 illa
3251 1715 3577 1785 potirentur.
3604 1714 3717 1772 Hac

456 1824 574 1874 vos,
605 1826 937 1882 omnemque
971 1813 1246 1886 regionem
1279 1815 1423 1869 illam
1461 1814 1697 1872 flammis
1723 1825 2029 1874 vastarunt.
2061 1817 2107 1878 Β
2136 1811 2338 1866 Siluani
2374 1825 2505 1865 V008
2547 1810 2745 1864 milites
2775 1808 2984 1872 audiui.
3039 1807 3275 1876 ψιοάειη
3310 1807 3420 1871 die.
3451 1822 3576 1862 cum
3597 1807 3713 1875 iam

455 1901 552 1959 Ilis
585 1904 747 1958 rebus
778 1905 966 1974 gestis,
1019 1903 1380 1961 IIanastirum
1436 1907 1710 1977 Bajazites
1749 1909 1934 1975 rediit,
1977 1926 2041 1967 ac

455 1994 646 2049 diebus
674 1995 882 2064 aliquot
904 1995 976 2049 ibi
1006 1996 1276 2052 substitit.
1317 1996 1611 2054 Manastiro
1633 2015 1756 2055 cum
1787 2001 2042 2057 discede-

458 2095 560 2152 ret,
590 2087 811 2141 obvinm
848 2088 1041 2144 habuit
1074 2089 1126 2143 in
1156 2090 1352 2146 itinere
1401 2091 1707 2147 Durvisium
1745 2095 2036 2163 quemdam

455 2178 771 2245 Turcicum,
799 2183 1052 2251 gepeneci
1084 2184 1280 2240 lacinia
1333 2193 1558 2240 tectum.
1596 2185 1644 2240 Is
1689 2195 1744 2241 et
1788 2188 2038 2253 auribus,

453 2279 507 2324 et
549 2270 714 2334 collo,
740 2282 794 2326 et
830 2273 1072 2330 brachiis
1108 2291 1382 2346 appensos
1431 2280 1665 2334 annulos
1716 2279 1921 2335 ferreos
1950 2294 2042 2349 με’

454 2365 656 2426 stabat,
686 2377 739 2420 et
773 2368 986 2422 illorum
1019 2381 1223 2425 sectam
1261 2372 1640 2442 profitebatur,
1679 2391 1816 2445 quos
1841 2377 2038 2431 Calen-

449 2456 610 2513 deres
635 2459 794 2514 Turci
827 2472 1048 2521 vocant.
1073 2461 1175 2518 Ubi
1207 2466 1432 2534 propius
1465 2467 1529 2520 ad
1565 2468 1840 2522 sultannm
1883 2470 2040 2538 Baja-

465 2549 628 2603 zitem
727 2554 1073 2618 accessisset,
1143 2558 1422 2612 acinacem
1501 2575 1776 2630 gepencco
1836 2570 2036 2615 tectum

462 2640 709 2708 strinxit,
735 2644 910 2714 ipsum
946 2645 1238 2719 Bajazitem
1277 2650 1590 2706 invasurus.
1623 2651 1759 2705 Cum
1797 2652 2038 2710 timidio.

452 2745 545 2788 res
602 2733 823 2801 quidam
855 2749 886 2789 e
915 2737 1128 2793 Zausiis
1157 2737 1234 2791 illi
1276 2738 1343 2794 de
1364 2739 1450 2795 via
1491 2741 1762 2799 cederent.
1803 2741 2033 2801 liberum

449 2826 563 2896 iam
630 2817 839 2882 scilicet
896 2829 962 2882 ad
997 2828 1292 2901 Bajazitem
1347 2831 1583 2887 habebat
1645 2832 1874 2889 aditum.
1929 2834 2034 2890 Sed

454 2915 742 2972 lscliender
776 2917 958 2981 bassa,
994 2920 1089 2989 qui
1134 2937 1376 2991 praesens
1423 2923 1632 2990 aderat,
1659 2939 1724 2982 ea
1755 2926 1805 2978 vi
1843 2927 2035 2994 pusdi-

455 3022 658 3076 ganum
687 3009 740 3062 in
772 3010 1054 3066 hominem
1108 3015 1400 3078 contorsit,
1441 3022 1501 3070 ut
1534 3016 1685 3071 humi
1716 3017 2033 3088 prolabere-

457 3106 566 3153 tur.
611 3097 737 3154 Inde
764 3111 1098 3169 prostratum
1154 3105 1394 3176 aggressi
1451 3107 1702 3176 quidam,
1759 3109 1812 3161 in
1858 3109 2030 3163 frusta

455 3190 855 3249 dissecuerunt.
877 3187 1121 3251 Tandem
1141 3196 1412 3266 Bajaxites
1433 3197 1882 3268 Hadrianopolim
1907 3216 2030 3270 per-

455 3283 621 3338 venit.
677 3286 1005 3341 Acciderunt
1045 3288 1160 3343 haec
1213 3305 1358 3344 anno
1397 3291 1502 3346 898
1555 3291 1706 3359 (Chr.
1746 3294 1924 3364 H95).

525 3375 756 3442 Quidam
800 3379 854 3432 id
894 3382 1153 3450 temporis
1194 3384 1504 3448 eunuchus,
1530 3385 1616 3438 cui
1643 3401 1839 3441 nomen
1865 3385 2034 3442 Jacu-

454 3480 551 3537 p‘es
584 3469 718 3540 Aga,
757 3475 1194 3527 commendatam
1221 3474 1342 3528 fidei
1371 3491 1485 3529 sua:
1519 3473 1874 3530 Ilozincusem
1909 3494 2034 3546 pro-

455 3560 694 3617 vinciam
749 3565 1190 3621 administrabat.
1229 3567 1329 3620 IIic
1368 3567 1551 3621 missis
1600 3569 1724 3622 hinc
1769 3571 1892 3624 inde
1940 3586 2036 3639 per

458 3647 782 3708 Romaniam
817 3658 1188 3724 praeconibus,
1212 3659 1543 3730 proclamari
1571 3660 1737 3725 jussit
1767 3680 1781 3715 :
1826 3663 1960 3715 velle
1979 3679 2038 3718 se

455 3746 585 3797 cum
615 3745 803 3799 suisiu
842 3740 1136 3816 Ungariam
1175 3749 1404 3805 irruerc.
1456 3751 1512 3804 Si
1555 3752 1644 3804 cui
1688 3766 1873 3806 secum
1915 3768 2040 3822 pro-

456 3831 628 3887 ﬁcisci
650 3833 880 3899 luberet,
917 3847 978 3890 ut
1025 3837 1112 3888 illa
1167 3838 1528 3907 impressione
1581 3855 1693 3892 rem
1736 3840 1954 3906 faceret,
1995 3841 2039 3893 is

457 3923 533 3977 uti
557 3928 963 3993 quamprimum
991 3920 1054 3981 ad
1083 3945 1140 3980 se
1170 3931 1397 3982 veniret.
1436 3928 1549 3983 Hoc
1585 3930 1861 3984 intellecto
1894 3945 2029 4000 prte-

459 4016 642 4080 conio,
686 4014 1048 4070 Acanziorum
1101 4017 1312 4086 aliquot
1357 4019 1524 4072 millia
1583 4034 1642 4073 sc
1672 4035 1794 4073 cum
1839 4019 2042 4090 Jacttpe

458 4108 860 4178 conjunxerunl
897 4125 911 4161 :
953 4111 1046 4179 qui
1099 4110 1262 4163 tantis
1285 4118 1479 4164 auctus
1508 4113 1703 4181 copiis,
1734 4110 2041 4181 Ungariam

460 4198 679 4253 invasit.
704 4199 794 4254 Eis
817 4201 1059 4254 occurrit
1091 4199 1397 4271 Ungaricus
1421 4201 1632 4266 Banus,
1651 4218 1774 4258 cum
1801 4205 2042 4272 quadra-

460 4289 607 4360 ginta
639 4290 879 4346 millibus
914 4291 1221 4355 hominum,
1257 4309 1564 4363 magnaque
1596 4295 1646 4348 vi
1693 4293 1888 4349 Turcis
1948 4296 2041 4349 ob-

462 4383 622 4437 stitit.
680 4381 926 4437 Tandem
970 4382 1072 4452 ipsi
1107 4384 1495 4458 dissentientes
1542 4387 1685 4441 inter
1713 4401 1772 4442 se
1814 4387 2041 4458 Ungari,

2143 1904 2640 1972 advesperasceret,
2675 1900 3154 1955 vehementissima
3190 1898 3378 1953 urbem
3435 1912 3718 1969 oppugna-

2144 1997 2289 2051 tione
2325 1995 2500 2049 adorti
2536 2001 2801 2062 ceperunt
2836 2008 2850 2045 :
2886 2004 3189 2058 omnesque
3223 1998 3716 2059 mares,quotquot

2141 2088 2512 2149 adoleverant,
2542 2087 2882 2149 occiderunt,
2913 2083 3231 2139 mulieribus
3278 2093 3331 2136 et
3382 2082 3566 2150 pueris
3622 2098 3718 2136 ca-

2143 2180 2272 2249 ptis.
2301 2179 2414 2234 Hoc
2433 2178 2596 2233 modo
2621 2178 2836 2234 redacta
2858 2177 2912 2230 in
2937 2185 3259 2246 potestatem
3286 2173 3562 2239 Methone,
3593 2189 3717 2243 pre-

2142 2284 2234 2324 ces
2265 2285 2294 2322 a
2327 2267 2520 2323 Turcis
2551 2270 2604 2322 in
2626 2283 2688 2322 ea
2721 2267 2873 2322 fuere
2903 2274 3202 2336 conceptas,
3223 2278 3340 2334 quae
3371 2265 3460 2320 die
3487 2262 3717 2319 Veneris

2145 2361 2335 2416 haberi
2399 2361 2593 2416 solent.
2635 2358 2763 2414 Inde
2789 2360 3058 2430 Bajazites
3090 2358 3343 2414 Coronen
3377 2359 3564 2426 copias
3608 2357 3714 2410 du-

2145 2454 2245 2518 xit,
2289 2462 2348 2508 ut
2381 2451 2528 2506 illam
2561 2465 2779 2521 quoque
2808 2450 3086 2505 civitatem
3115 2449 3416 2511 obsideret,
3453 2456 3507 2502 et
3553 2460 3719 2501 occu-

2141 2557 2315 2616 paret.
2353 2544 2461 2601 Sed
2484 2546 2659 2617 prima
2692 2545 2875 2600 statim
2918 2550 3102 2603 nocte,
3137 2548 3426 2611 postquam
3464 2537 3719 2594 Methone

2140 2642 2486 2702 discesserat,
2554 2645 2822 2692 venerunt
2868 2638 2922 2690 in
2995 2643 3177 2690 castra
3238 2632 3494 2702 Bajazitis
3539 2629 3717 2687 Coro-

2141 2746 2393 2788 nenses:
2455 2730 2764 2798 oblatisque
2832 2728 3075 2782 clavibus
3141 2725 3312 2789 urbis,
3379 2722 3714 2779 deditionem

2141 2825 2413 2886 fecerunt,
2446 2839 2592 2878 anno
2613 2823 2716 2878 .906
2747 2823 2900 2893 (Chr.
2934 2819 3112 2888 1500).

2212 2918 2346 2973 Dum
2376 2919 2460 2972 his
2483 2918 2710 2971 urbibus
2738 2913 3114 2985 expugnandis
3144 2915 3390 2969 intentus
3441 2925 3587 2971 esset
3613 2915 3718 2970 Ba-

2135 3011 2351 3081 jaaites,
2376 3008 2565 3065 Veneti
2591 3010 2811 3063 auxiliis
2853 3007 3218 3074 Hispanorum
3246 3008 3571 3076 impetratis,
3596 3022 3714 3061 ma-

2138 3117 2242 3169 gna
2284 3102 2457 3156 elasse
2479 3099 2771 3171 Mitylenen
2793 3103 3032 3169 aggressi
3063 3101 3288 3165 suut,’et
3313 3108 3711 3154 tormentorum

2142 3193 2459 3247 bellicorum
2490 3192 2562 3252 vi,
2584 3206 2770 3244 muros
2788 3187 2970 3259 oppidi
3001 3190 3068 3244 ad
3087 3191 3411 3259 quingentas
3436 3189 3592 3246 ulnas
3620 3207 3719 3250 ua—

2140 3301 2247 3355 que
2275 3291 2709 3353 prostraverunt.
2756 3281 3141 3350 Mitylenenses
3194 3283 3264 3336 ab
3313 3282 3561 3340 hostibus
3610 3286 3714 3341 ob-

2141 3379 2302 3441 sessi,
2330 3375 2862 3444 Constantinopolim
2897 3377 3120 3436 misere,
3158 3376 3254 3445 qui
3313 3391 3472 3444 opem
3525 3392 3716 3444 posce-

2142 3477 2285 3523 rent.
2317 3467 2508 3536 Itaque
2544 3468 2786 3522 collectis
2816 3467 3000 3522 subito
3034 3467 3338 3521 classiariis
3385 3470 3583 3536 copiis,
3631 3470 3720 3523 in-

2141 3560 2313 3629 signis
2344 3558 2618 3612 exercitus
2663 3558 2871 3612 navalis
2918 3561 3217 3612 instructus
3264 3559 3384 3615 fuit.
3431 3558 3715 3629 Nunquam

2142 3661 2270 3703 ante
2302 3652 2404 3703 hoc
2438 3660 2651 3718 tempus
2675 3650 3293 3719 Constantinopolitani,
3319 3651 3401 3705 vel
3433 3667 3514 3720 pet
3535 3655 3716 3713 unias.

2144 3742 2226 3795 vel
2250 3741 2473 3806 milites,
2502 3741 2581 3794 vel
2622 3742 2935 3796 classiarios
2974 3741 3224 3796 conferre
3268 3744 3440 3798 coacti
3480 3741 3716 3798 fuerant.

2145 3832 2248 3888 Sed
2268 3834 2529 3903 dungravi
2558 3841 2686 3887 tunc
2712 3843 2937 3903 urgente
2954 3836 3304 3898 necessitate,
3323 3849 3429 3889 non
3452 3835 3566 3891 haec
3583 3836 3718 3891 dnu-

2145 3933 2288 3978 taxat
2318 3926 2386 3977 ab
2413 3925 2495 3978 eis
2531 3932 2718 3978 exacta
2760 3924 2931 3988 fuere,
2997 3941 3182 3980 verum
3225 3925 3386 3981 etiam
3417 3944 3515 3982 usu
3564 3945 3717 3983 recc-

2147 4026 2320 4085 ptum,
2353 4024 2412 4069 ut
2452 4015 2707 4084 deinceps
2737 4031 2976 4086 quoque,
3029 4017 3192 4071 rebus
3225 4016 3296 4071 ita
3336 4021 3708 4087 poscentibus.

2146 4113 2335 4168 eadem
2365 4114 2431 4165 ab
2483 4113 2616 4180 ipsis
2653 4124 2998 4180 praestentur.
3031 4113 3168 4166 Ante
3205 4127 3367 4181 quam
3407 4115 3594 4169 classis
3626 4117 3713 4170 illa

2145 4204 2624 4270 Constantinopoli
2697 4204 2978 4272 profecta,
3040 4203 3328 4273 Mitylenen
3381 4210 3718 4275 appulisset,

2143 4293 2254 4363 jam
2285 4291 2580 4348 Christiani
2609 4294 2788 4348 decies
2816 4302 2870 4348 et
2894 4293 3062 4348 octies
3096 4294 3353 4363 Oppidum
3376 4298 3572 4362 adorti,
3608 4313 3718 4355 non

2149 4394 2332 4440 tamen
2384 4401 2694 4456 expugnare
2739 4396 3051 4456 potuerant.
3092 4387 3277 4455 Itaque
3329 4405 3452 4442 eum
3504 4389 3718 4447 intelle-

464 4485 611 4544 terga
659 4475 980 4530 dederunt:
1041 4485 1342 4544 captusque
1404 4475 1704 4532 Direnziles
1755 4478 1934 4532 Battus
1981 4494 2042 4534 ac
2078 4475 2357 4546 Dxissent
2407 4473 2631 4538 Veneti,
2683 4477 2869 4530 venire
2927 4477 3398 4545 Constantinopoli
3449 4481 3609 4535 talem
3656 4496 3723 4536 ac

463 4561 697 4615 vinculis
722 4551 1076 4627 constrictus,
1108 4567 1174 4617 ad
1204 4564 1478 4619 sultanum
1503 4565 1802 4634 Bajazitem
1835 4568 2037 4622 missus

464 4653 585 4709 fuit.
623 4651 674 4707 Is
720 4657 796 4708 rei
834 4664 939 4708 tam
977 4656 1116 4709 bene
1159 4665 1325 4723 gestat
1355 4657 1547 4708 nuntio
1605 4659 1831 4711 multum
1886 4659 2042 4712 exhi-

463 4748 691 4808 laratus,
716 4747 780 4800 ad
825 4755 1039 4814 tempus
1065 4745 1284 4817 aliquod
1314 4746 1785 4817 Constantinopoli
1807 4750 2038 4818 quievit.

465 4837 775 4891 Evenerunt
808 4847 989 4892 autem
1022 4838 1136 4892 luce
1156 4853 1302 4893 anno
1330 4837 1434 4893 899
1463 4838 1613 4907 (Chr.
1643 4840 1832 4908 1494).

446 4937 450 4947 '
533 4929 897 4999 Posteaquam
939 4929 1224 4997 Bajazites,
1263 4945 1293 4983 a
1345 4932 1510 4984 rebus
1554 4933 1808 5001 gerendis
1867 4932 2042 4988 absti-

466 5022 665 5082 nendo,
692 5025 826 5077 satis
853 5023 944 5075 ditt
970 5036 1030 5076 se
1060 5033 1366 5077 recreasset
1394 5041 1406 5076 ι
1435 5024 1680 5079 collectis
1729 5025 1927 5079 iterum
1955 5041 2046 5077 eo.

468 5113 598 5180 piis,
645 5112 882 5167 Moream
930 5115 1230 5182 ingressus.
1273 5115 1338 5167 ad
1387 5113 1714 5170 Inehechtim
1787 5119 2043 5183 accessit,

466 5205 632 5257 etiam
653 5205 827 5257 classe
847 5205 1138 5272 instructa,
1159 5220 1322 5276 quam
1347 5208 1540 5261 eodem
1563 5209 1836 5276 appellere
1859 5211 2047 5281 jussit.

469 5294 567 5349 Ilis
582 5311 706 5351 cum
728 5295 911 5351 Italica
942 5297 1141 5353 classis
1165 5298 1524 5364 occurrisset,
1545 5301 1846 5356 commisso
1866 5305 2046 5357 navali

470 5387 682 5456 prclio,
715 5388 934 5441 tandem
970 5387 1088 5443 Itali
1125 5389 1354 5444 remisso
1375 5391 1647 5460 pugnandi
1685 5391 1902 5458 ardore,
1929 5393 2048 5450 dis-

471 5488 776 5534 cesserunt.
833 5477 1018 5550 Itaque
1053 5481 1300 5535 videntes
1332 5481 1660 5547 lnebecbtii,
1689 5498 1748 5538 se
1771 5493 1916 5538 terra
1949 5501 2046 5553 ρει-ι

475 5571 630 5638 riter,
671 5582 722 5625 et
747 5573 884 5626 mari
935 5573 1210 5640 obsessos,
1249 5574 1569 5642 aliquandiu
1598 5574 1818 5644 quidem
1853 5589 1913 5631 se
1952 5577 2052 5630 de-

473 5664 696 5718 fendere
721 5664 985 5719 fortiter:
1032 5666 1124 5718 sed
1181 5665 1586 5730 animadverso,
1631 5666 1766 5719 nihil
1816 5668 2050 5737 amplius

475 5757 596 5818 opis
624 5772 687 5811 ac
735 5759 972 5822 prasidii
1038 5758 1140 5812 sibi
1173 5757 1463 5820 reliquum,
1501 5758 1828 5818 primatibus
1859 5760 2038 5819 egredi

2145 4576 2350 4621 tantam
2381 4577 2567 4621 contra
2615 4582 2672 4621 se
2725 4571 2952 4623 classem
3005 4585 3020 4621 :
3087 4584 3252 4622 naves
3303 4585 3430 4624 snas
3465 4573 3717 4640 ingressi,

2146 4659 2469 4713 discessere.
2502 4657 3089 4725 Constantinopolitani
3122 4673 3252 4710 vero
3297 4655 3582 4728 Uitylencn
3626 4661 3724 4714 dc-

2149 4752 2264 4814 lati,
2291 4764 2478 4803 muros
2520 4752 2586 4801 ah
2627 4751 2784 4803 hoste
2834 4749 3043 4803 dirutos
3083 4751 3412 4814 refecerunt,
3451 4761 3614 4819 atque.
3645 4753 3717 4806 ita

2147 4843 2368 4896 domum
2428 4841 2628 4893 reversi
2690 4849 2837 4893 sunt.
2891 4840 2970 4893 Ad
3017 4849 3318 4894 extremum
3368 4855 3433 4894 eo
3490 4843 3719 4896 redacnc

2149 4933 2372 4988 fuerunt
2435 4931 2763 4985 Venetorum
2824 4945 2951 4994 res,
3006 4931 3082 4984 uti
3124 4930 3440 4984 muneribus
3484 4932 3724 4985 delenito

2153 5026 2353 5080 sultani
2405 5022 2658 5091 thjazitis
2689 5025 2894 5088 animo,
2937 5038 3125 5091 pacem
3163 5038 3288 5077 cum
3338 5037 3404 5077 eo
3463 5022 3721 5086 facerent,

2149 5127 2294 5167 anno
2349 5112 2453 5166 907
2484 5111 2638 5180 (Chr.
2667 5111 2848 5176 1501).
3537 5111 3539 5113 ’

2227 5205 2499 5276 Bajazites
2529 5220 2560 5259 e
2602 5205 2784 5260 Morea
2819 5205 3354 5276 Constantinopolim
3417 5211 3719 5277 profectus,

2154 5300 2225 5353 ita
2275 5311 2445 5352 totum
2481 5313 2539 5351 se
2564 5298 2714 5351 dedit
2765 5299 2921 5364 Otio,
2956 5299 3206 5367 pluribus
3259 5303 3504 5356 utannis
3554 5318 3721 5371 expe-

2154 5391 2412 5446 ditionem
2440 5390 2599 5458 plane
2626 5390 2830 5443 nullam
2868 5390 3192 5459 susciperet.

2223 5487 2381 5535 Anno
2424 5479 2700 5549 9‘l5(Chr.
2723 5479 2881 5548 1509)
2900 5481 3031 5534 hora
3054 5481 3294 5535 secunda
3332 5486 3507 5536 noctis
3541 5484 3727 5552 Clljlla-

2155 5573 2305 5636 dam,
2333 5571 2521 5626 martis
2549 5570 2690 5624 diem
2713 5585 2939 5637 secutae,
2960 5581 3104 5626 terra
3131 5571 3604 5642 Constantinopoli
3631 5591 3727 5629 “\-

2156 5681 2262 5735 que
2280 5671 2412 5720 adeo
2444 5667 2650 5718 moveri
2685 5666 2850 5734 cepit,
2894 5673 2952 5720 ut
2977 5675 3154 5720 turres
3173 5666 3378 5734 aliquot
3402 5667 3724 5737 templorum

2158 5760 2516 5814 'l'urcicorum
2593 5767 2936 5826 corruerent,
2989 5758 3347 5827 ipsorumque
3402 5757 3726 5829 templorum
