4212 6288
541 396 644 463 693

1794 378 2142 446 ΑΝΝᾹῘΈΞ
2182 372 2509 439 ΤΙῙΗΠῙΕῘ.

3678 369 3782 436 624

543 502 850 561 testudines
879 500 1074 570 partim
1115 499 1280 551 rimas
1313 506 1560 567 agerent,
1589 491 1786 559 partim
1822 495 1970 547 humi
1995 493 2111 547 col-
2143 514 2187 565 Α
2217 489 2518 542 Anatoliam
2555 487 2708 556 petiit
2740 505 2754 547 ;
2791 495 2841 541 et
2874 488 3255 558 bcglerbegum
3286 487 3570 552 Anatolite,
3611 487 3785 542 Cara-

539 594 879 651 labrrentur.
905 589 1287 645 Ediliciorum
1325 601 1454 641 vero
1505 589 1847 653 privatorum
1910 582 2105 635 catnitti

543 689 661 741 sive
693 682 1017 738 inlumibnla
1078 680 1286 748 deiecta
1319 689 1466 739 sunt,
1535 685 1588 728 et
1619 677 1856 744 parietes
1908 674 2106 742 partim

543 775 900 845 ﬁssi,partim
938 771 1218 838 prostrati.
1255 769 1442 822 Pinna:
1497 781 1777 820 murorum
1823 766 1972 820 urbis
2040 765 2106 818 ad

542 883 743 926 terram
777 868 1209 937 prmcipitarunt,
1232 863 1456 931 ipsaque
1482 860 1682 915 moenia
1707 875 1830 913 cum
1863 859 2104 911 turribus

544 967 661 1021 suis
688 961 1070 1018 conciderunt.
1110 955 1367 1010 Pluribus
1397 955 1630 1022 denique
1657 950 1926 1019 magniﬁci
1982 964 2110 1017 ope-

543 1061 622 1111 ris
645 1053 887 1108 tediliciis
915 1065 1089 1118 usque
1111 1046 1179 1101 ad
1243 1046 1594 1100 fundamenta
1636 1041 1864 1104 eversis,
1913 1049 2108 1106 magna

545 1148 822 1202 hominum
858 1141 1152 1197 multitudo
1183 1139 1285 1194 sub
1322 1139 1456 1208 ipsis
1478 1137 1743 1190 exstincta
1777 1134 1876 1188 fuit
1898 1133 2106 1187 ruderi-

540 1243 662 1293 bus.
693 1237 813 1304 Quo
831 1251 890 1291 se
911 1233 1213 1296 conferret,
1250 1239 1408 1284 norat
1433 1244 1611 1283 nemo.
1676 1229 1836 1285 Plebs
1893 1226 2104 1280 urbana

541 1334 657 1387 suis
719 1344 783 1384 ex
851 1327 1058 1380 aedibus
1122 1326 1406 1390 migrans,
1473 1320 1669 1389 partim
1738 1319 1788 1371 iu
1852 1319 2104 1384 plateas.

543 1426 742 1495 partim
812 1421 866 1474 in
924 1432 1084 1472 areas
1136 1415 1358 1476 a-dium.
1410 1413 1606 1482 partim
1669 1413 1721 1464 in
1791 1413 1978 1465 hortos
2053 1423 2112 1462 se

550 1513 846 1584 recipiebat
897 1527 909 1562 :
965 1523 1032 1564 ne
1083 1507 1294 1563 scilicet
1355 1521 1384 1558 a
1444 1503 1828 1558 corruentibus
1867 1499 2112 1556 aediliciis

551 1607 1008 1678 opprimerentur.
1053 1599 1268 1670 Quippe
1325 1609 1492 1654 totam
1539 1597 1687 1650 illam
1727 1606 1941 1648 noctem
1997 1592 2112 1659 pri-

549 1711 695 1752 mam
743 1703 889 1748 terra
928 1702 1163 1746 tremere
1203 1703 1310 1743 nou
1354 1686 1531 1743 desiit.
1556 1684 1805 1754 Cumque
1854 1694 2110 1737 somnum

545 1788 723 1847 oculis
749 1800 911 1841 nemo
957 1783 1166 1838 videret
1218 1781 1375 1846 suis,
1430 1794 1621 1834 omnes
1655 1818 1670 1843 ,
1727 1787 1781 1831 et
1847 1773 2109 1839 numinis,

549 1891 603 1940 ot
650 1878 978 1934 Iahumetis
1035 1889 1191 1946 opem
1221 1874 1363 1929 votis
1424 1871 1664 1927 assiduis
1725 1868 2108 1938 implorabant.
2144 1846 2184 1901 Β

549 1971 733 2028 Terra:
768 1980 948 2026 motus
977 1969 1062 2024 hic
1093 1967 1329 2035 denique
1421 1961 1702 2016 continuis
1750 1958 2110 2030 quadraginta

547 2052 743 2121 dictitas
775 2064 828 2115 in
857 2061 1020 2115 horas
1039 2057 1284 2127 singulas
1327 2055 1516 2110 sentiri
1549 2054 1745 2118 potuit.
1770 2056 1905 2105 (lum
1929 2059 2111 2104 autem

551 2160 871 2224 remisisset,
906 2155 1177 2222 expeditis
1207 2151 1475 2222 Bajazitcs
1507 2163 1604 2219 Per
1632 2148 1939 2202 universam
1971 2144 2113 2198 Ana-

545 2252 732 2309 toliam
767 2246 1198 2314 Romaniamque
1244 2240 1514 2296 mandatis
1561 2238 1677 2292 suis
1705 2277 1721 2302 ,
1760 2239 1834 2289 uti
1885 2234 2110 2288 sarcim-

547 2359 659 2410 res,
702 2342 807 2395 hoc
833 2348 935 2402 est,
968 2332 1290 2391 mercenarii
1319 2344 1371 2386 ct
1395 2330 1617 2399 opiﬁces
1646 2328 2112 2394 Constantinopo-

546 2437 642 2490 lim
679 2431 1052 2488 mitterentur,
1113 2423 1304 2479 edixit.
1350 2421 1747 2476 Confluxerunt
1788 2418 1853 2472 ad
1919 2417 2110 2470 urbem

546 2526 852 2585 fabrorum,
880 2530 988 2573 tam
1011 2516 1506 2575 ezemeutarioruin,
1546 2527 1709 2582 quam
1733 2507 2110 2578 lignariorum,

547 2615 918 2685 opiﬁcumque
960 2607 1422 2661 rnercenariorutn
1473 2602 1535 2656 ad
1570 2601 1846 2670 octoginta
1900 2597 2114 2651 millia:

547 2706 747 2774 quibus
776 2703 828 2756 id
862 2701 1048 2752 datum
1088 2696 1316 2764 negotii,
1349 2702 1407 2747 ut
1435 2702 1664 2760 accepta
1694 2687 1967 2748 mercede,
2003 2687 2115 2738 col-

549 2800 700 2866 lapsa
764 2793 918 2848 urbis
969 2789 1196 2843 trdibria
1251 2788 1531 2840 reﬁcerent
1573 2798 1637 2836 ac
1724 2783 2114 2836 iustaurarcnt.

556 2887 855 2946 Praefectus
889 2900 918 2937 a
945 2882 1183 2952 llajazite
1237 2879 1338 2934 fuit
1369 2878 1636 2947 operariis
1689 2876 1838 2928 hisce
1883 2873 2118 2926 .louuzcs

553 2998 674 3053 ags,
731 2977 1106 3049 genizarorum
1161 2973 1458 3028 tribunus:
1496 2971 1589 3036 qui
1631 2978 1683 3022 et
1723 2968 2018 3035 inspector,
2065 2969 2120 3016 ct

551 3083 770 3130 0130101³
804 3083 1114 3139 operarum.
1139 3081 1348 3119 summa
1369 3079 1491 3117 cum
1546 3070 1830 3130 potestate,
1854 3057 1968 3112 suis
1991 3072 2117 3111 cum
2151 3104 2172 3120 ,

2215 597 2400 649 gosam
2433 580 2645 636 bassam
2712 583 2938 638 adortus
2963 593 3065 638 est.
3089 584 3339 638 Occurrit
3377 582 3582 638 homini
3619 583 3782 636 Cara-

2210 690 2339 745 gosa
2369 689 2494 729 cum
2513 677 2752 730 exercitu
2787 676 3073 738 Anatolize.
3098 679 3387 747 statimque
3411 677 3546 730 inito
3574 676 3782 746 prtelio.

2210 769 2457 823 seditiosi
2479 768 2650 822 victos
2669 784 2726 822 se
2745 768 3024 830 simulare,
3053 783 3117 823 ac
3135 770 3325 837 pcdcm
3343 769 3585 822 nonnihil
3611 768 3784 822 refer-

2210 874 2292 914 re.
2313 857 2448 913 Tum
2476 874 2606 912 vero
2625 857 2789 914 Turci
2815 861 3047 916 desertis
3071 861 3356 916 ordinibus
3384 862 3519 925 suis,
3549 861 3784 914 hostium

2217 950 2608 1018 impedimenta
2646 949 2879 1019 diripere
2909 960 3189 1019 ceperunt.
3214 949 3523 1005 Perduelles
3548 963 3694 1003 vero.
3727 947 3781 999 in

2213 1051 2457 1110 tempore
2477 1043 2759 1097 conversis
2804 1042 3055 1104 habenis,
3088 1041 3375 1111 Caragosz
3408 1044 3593 1112 copias
3642 1041 3780 1095 reci-

2210 1132 2410 1185 derunt
2440 1147 2451 1180 :
2479 1132 2766 1199 ipsumque
2813 1143 3024 1201 raptum
3055 1134 3122 1188 ad
3147 1134 3484 1197 metropolim
3515 1131 3783 1186 Anatolim

2211 1222 2473 1292 Cutaigen
2515 1223 2876 1288 adduaerunt,
2917 1236 2971 1278 et
3007 1226 3268 1295 oppidum
3292 1227 3395 1279 sibi
3418 1226 3539 1280 dedi
3584 1231 3766 1292 postu-

2211 1314 2414 1369 larunt.
2447 1314 2499 1368 Id
2519 1328 2640 1368 cum
2672 1319 2740 1370 ab
2763 1316 3050 1386 oppidanis
3082 1319 3374 1387 impetrare
3405 1332 3509 1372 non
3535 1324 3774 1385 possent,

2214 1409 2266 1461 in
2284 1423 2472 1461 eorum
2495 1420 2788 1478 conspectu
2821 1408 3150 1478 Caragosam
3184 1411 3398 1465 bassatn
3432 1410 3613 1462 vivum
3651 1409 3780 1476 palo

2214 1499 2559 1554 transﬁsere.
2585 1499 2896 1554 Secundum
2928 1503 3042 1556 haec
3089 1499 3364 1570 prolectus
3397 1500 3630 1554 Manissa
3660 1513 3786 1551 cum

2215 1590 2496 1662 Sangiacis
2546 1595 2877 1662 quibusdam
2925 1595 3183 1648 sultanus
3237 1594 3521 1652 Corcutes,
3585 1591 3784 1645 sultani

2215 1681 2471 1750 Bajasitis
2505 1684 2669 1749 Illius,
2725 1686 2908 1753 capias
2935 1685 2987 1738 in
3043 1683 3333 1738 seditiosos
3392 1684 3555 1737 hosce
3606 1682 3784 1735 duxit.

2219 1774 2415 1830 Verum
2446 1789 2624 1832 casus
2650 1786 2705 1831 et
2727 1777 2838 1845 ipse
2868 1792 2992 1830 cum
3025 1776 3161 1840 suis,
3196 1776 3283 1830 vix
3317 1774 3442 1841 fuga
3473 1773 3630 1828 saluti
3655 1789 3785 1825 corr-

2213 1866 2404 1927 suluit.
2433 1866 2642 1922 Hincin
2674 1870 2789 1923 dies
2821 1868 2996 1924 auctis
3024 1869 3254 1934 viribus,
3290 1869 3596 1922 Anatoliam
3655 1865 3785 1919 Sca-

2213 1958 2460 2014 choenlis
2489 1962 2800 2016 universam
2857 1976 3037 2030 agere.
3107 1961 3266 2024 ferre,
3323 1961 3597 2028 multaque
3639 1959 3786 2012 [vdo

2213 2053 2573 2106 committere.
2612 2052 2738 2110 Post
2766 2055 2929 2108 etiam
2971 2068 3291 2123 progressus
3327 2055 3576 2115 ulterius,
3632 2050 3786 2104 Aidi-

2214 2159 2433 2198 nensetn
2470 2143 2732 2200 ditionem
2786 2146 3001 2201 invasit.
3036 2144 3298 2201 Corcutes
3333 2144 3480 2212 fuga.
3519 2160 3617 2200 ceu
3671 2144 3785 2195 dir-

2213 2243 2324 2288 tum
2349 2242 2454 2299 est,
2479 2233 2724 2303 elapsus,
2772 2250 2988 2289 summa
3017 2235 3294 2293 celeritate
3316 2235 3459 2289 datis
3483 2234 3548 2288 ad
3569 2243 3775 2302 patrem

2213 2325 2427 2390 litteris,
2460 2339 2583 2380 eum
2611 2326 2676 2380 de
2713 2341 2770 2380 re
2787 2336 2897 2381 tota
2935 2327 3221 2382 certiorem
3241 2325 3666 2395 locinﬁajasites
3683 2338 3782 2377 ea-

2215 2419 2550 2474 candesccns
2574 2419 2839 2475 adversus
2864 2419 3072 2473 vezircs
3100 2433 3251 2482 suos,
3280 2433 3342 2470 ac
3363 2419 3661 2486 prasertim
3685 2419 3786 2467 ad—

2218 2528 2409 2565 versus
2440 2512 2579 2564 Alim
2603 2511 2839 2572 bassam.
2880 2521 2934 2565 et
2967 2510 3120 2566 ducis
3172 2509 3363 2569 (ilium,
3391 2507 3533 2577 quod
3565 2507 3700 2563 nihil
3724 2509 3795 2560 de

2217 2605 2318 2658 ltnc
2342 2613 2491 2656 motu
2511 2602 2612 2655 sibi
2640 2600 3040 2669 signiﬁcassent
3069 2619 3080 2653 :
3108 2617 3229 2655 mox
3259 2603 3396 2655 Alint
3422 2602 3638 2654 bassam
3662 2615 3787 2654 cum

2216 2696 2452 2750 exercitu
2479 2694 2531 2747 in
2561 2695 2863 2748 Anatoliam
2884 2694 3171 2764 proﬁcisci,
3212 2709 3276 2750 ac
3308 2695 3626 2750 seditionem
3649 2694 3791 2747 banc

2218 2802 2584 2858 compescere,
2611 2789 3006 2855 perduellionis
3065 2790 3380 2844 auctoribus
3418 2791 3611 2856 capitis
3663 2803 3790 2857 sup-

2219 2879 2381 2948 plicio
2402 2879 2667 2942 multatis,
2701 2878 2864 2946 jussit
2896 2897 2911 2944 ;
2941 2879 3084 2948 quod
3113 2879 3218 2933 nisi
3253 2879 3491 2942 fecisset,
3549 2879 3788 2948 impera-

2221 2979 2402 3024 turum
2437 2985 2493 3024 se
2525 2973 2760 3024 minatus
2791 2981 2894 3032 est,
2927 2979 2983 3023 ut
3017 2972 3154 3026 cutis
3177 2972 3224 3025 ei
3272 2982 3379 3025 toto
3408 2987 3638 3041 corpore
3697 2979 3792 3025 de-

2220 3062 2547 3116 traheretur.
2585 3062 2925 3130 Quapropter
2955 3062 3085 3124 Alis,
3117 3061 3356 3118 adhibita
3387 3064 3618 3117 maxima
3654 3064 3781 3116 dilia

551 3157 1406 3236 genisaris,cssct.Interimipse,
1428 3151 1916 3222 quit-tiscapicuda:
1930 3165 2115 3211 causa.
2149 3181 2196 3242 α
2226 3155 2422 3221 gentia,
2453 3153 2508 3206 in
2539 3154 2844 3207 Anatoliam
2877 3168 2937 3209 se
2964 3154 3196 3209 contulit
3225 3173 3238 3209 :
3295 3170 3416 3209 cum
3450 3156 3714 3222 Bajaaites
3738 3159 3791 3213 et

552 3265 726 3314 semet
755 3249 1195 3318 Hadrianopolim
1219 3246 1466 3301 contulit.

621 3343 814 3399 Eratid
849 3340 1108 3410 temporis
1132 3340 1184 3392 in
1219 3337 1496 3406 provincia
1514 3332 1767 3389 Tekiensi
1798 3334 1875 3385 vir
1897 3331 2118 3400 quidam

551 3436 865 3506 primarius,
900 3435 987 3486 cui
1024 3447 1221 3486 nomen
1253 3431 1530 3484 Chasanes
1564 3425 1823 3484 Chelifes.
1855 3426 1905 3480 Is
1951 3426 2117 3477 ﬁlinrn

555 3528 813 3590 habebat,
845 3524 935 3592 qui
990 3521 1344 3576 Scacboculis
1379 3520 1686 3589 appellatus
1734 3517 1852 3578 fuit,
1915 3525 1967 3569 et
1996 3518 2122 3570 lotis

549 3630 643 3671 sea
663 3615 746 3668 vel
761 3624 961 3682 septem
985 3612 1141 3665 annis
1161 3612 1229 3663 ita
1251 3610 1428 3674 latuit,
1454 3620 1508 3662 ut
1527 3623 1802 3677 nunquam
1826 3607 2119 3677 prodierit:

552 3721 659 3775 qua
689 3703 905 3773 quidem
937 3704 1005 3756 de
1061 3715 1224 3755 causa
1260 3699 1362 3754 fuit
1395 3699 1614 3754 habitus
1642 3714 1738 3765 pro
1760 3700 1876 3752 viro
1907 3707 2120 3753 sancto.

552 3797 745 3853 Eidem
779 3793 1046 3864 Bajazites
1069 3791 1364 3860 quotannis
1396 3801 1600 3858 septem
1637 3805 1924 3859 asprorum
1959 3790 2120 3842 millia

552 3903 705 3946 suam
726 3886 782 3941 in
801 3886 1109 3956 speluncam
1141 3883 1351 3936 mittere
1377 3882 1604 3945 solebat,
1647 3898 1769 3935 cum
1821 3881 2113 3951 ignoraret,

551 3992 674 4033 eum
701 3987 754 4031 et
778 3983 938 4031 sectis
966 3974 1209 4038 alterius,
1257 3983 1311 4028 et
1344 3972 1574 4027 Kiselcm
1606 3973 1820 4028 bassam
1849 3990 1990 4028 esse.
2023 3971 2119 4026 llic

549 4085 701 4141 ergo,
739 4083 850 4138 quo
879 4077 1119 4135 tempore
1152 4063 1618 4132 Constantinopoli
1641 4073 1860 4119 strenue
1904 4063 2120 4117 labora-

550 4163 708 4218 batur
734 4161 787 4214 in
821 4161 955 4214 urbe
989 4156 1308 4218 reﬁciuuda.
1356 4157 1470 4212 suis
1530 4157 1637 4210 illis
1698 4173 1727 4211 e
1787 4157 2009 4210 latebris
2066 4165 2119 4210 et

552 4255 800 4309 cavernis
854 4251 1071 4305 tandem
1147 4248 1372 4319 prodiit,
1424 4257 1479 4303 et
1523 4249 1742 4317 adjutus
1776 4264 1937 4318 opera
1994 4265 2119 4302 suo-

555 4361 676 4402 rum
728 4344 1089 4412 quorumdam
1139 4343 1484 4412 complicurn,
1539 4342 1626 4396 die
1685 4342 1918 4408 quodam
1990 4342 2122 4395 solis

553 4438 740 4491 urbem
779 4436 1146 4489 Arttaliensem
1177 4434 1458 4502 ingressus
1478 4441 1562 4487 est
1592 4449 1606 4486 :
1642 4434 1785 4500 quod
1817 4448 1882 4486 eo
1906 4431 2118 4488 facilius

2228 3261 2333 3299 non
2369 3247 2614 3316 exiguam
2648 3257 2854 3312 partem
2892 3246 3054 3300 aulici
3074 3247 3156 3303 sui
3192 3249 3502 3314 coittitatus.
3531 3258 3586 3304 et
3639 3250 3791 3320 geni-

2224 3354 2499 3403 zarorum,
2527 3338 2896 3407 adiunxisset:
2931 3340 3151 3408 ﬁlioque
3212 3353 3471 3409 praeterea
3506 3358 3628 3404 suo,
3682 3344 3793 3398 sul-

2225 3438 2353 3484 tauo
2377 3429 2645 3491 Acbmeti,
2674 3431 2831 3499 cujus
2863 3431 3093 3486 Amasite
3139 3432 3295 3488 sedes
3324 3445 3424 3498 rat,
3458 3434 3788 3500 mandasset,

2225 3534 2286 3575 ut
2313 3523 2426 3576 suis
2453 3537 2573 3575 cum
2602 3521 2782 3589 copiis
2810 3522 2892 3573 Ali
2926 3522 3102 3578 bassre
3129 3524 3330 3577 auxilio
3362 3526 3589 3580 veniret.
3647 3527 3792 3581 Ach.

2226 3620 2396 3667 metes
2439 3612 2656 3667 Amasia
2687 3611 2985 3681 profectus,
3014 3617 3081 3667 ad
3113 3614 3250 3668 Alim
3279 3618 3491 3672 bassam
3515 3621 3745 3674 accessit
3775 3637 3790 3673 :

2224 3706 2315 3776 qui
2353 3720 2478 3759 mox
2514 3706 2658 3760 inter
2722 3721 2781 3761 se
2815 3709 3252 3774 congressinlies
3278 3710 3793 3777 aliquotreﬁciundo

2227 3795 2382 3848 militi
2411 3795 2698 3860 dederunt,
2743 3796 2918 3864 deque
2947 3795 3084 3850 bello
3129 3799 3363 3865 get-endo
3388 3803 3790 3856 consultarunt.

2220 3884 2441 3942 Interea
2505 3902 2632 3941 vero
2689 3902 2812 3940 cum
2865 3888 3036 3956 copiis
3092 3890 3145 3944 in
3201 3890 3578 3947 Caramaniam
3638 3896 3794 3949 irruit

2224 3976 2596 4043 Scacboculis,
2618 3979 2704 4031 cui
2735 3978 3074 4034 Caramaniie
3116 3980 3298 4044 bassa,
3345 3999 3504 4051 quem
3563 3985 3792 4039 Cbeide-

2222 4085 2336 4123 rem
2371 4071 2584 4125 bassam
2617 4073 2899 4132 vocabant,
2926 4082 2976 4124 et
3002 4070 3299 4141 Saugiaeus
3327 4075 3546 4142 quidam
3615 4078 3666 4129 in
3701 4092 3790 4130 ea-

2223 4158 2343 4213 dem
2376 4159 2681 4229 provincia,
2711 4159 2901 4214 Zindis
2946 4159 3197 4216 Kemales
3237 4163 3428 4232 begus.
3455 4166 3665 4219 obviam
3704 4182 3798 4221 νε·-

2225 4257 2469 4301 nerunt:
2526 4249 2835 4319 praelioque
2881 4251 3053 4303 Culim
3113 4251 3310 4314 adorti,
3356 4268 3459 4307 non
3505 4254 3794 4311 inferiores

2226 4338 2387 4391 modo
2423 4339 2727 4394 discessere
2758 4356 2775 4394 :
2807 4355 2996 4394 verum
3047 4345 3208 4395 etiam
3236 4343 3470 4413 utrique,
3505 4361 3601 4414 pro
3620 4362 3792 4408 more,

2219 4441 2430 4482 resecta
2469 4428 2623 4484 luere
2681 4431 2880 4500 capita.
2909 4432 3165 4489 Seditiosi
3228 4433 3429 4489 deinde
3472 4436 3792 4493 Caramania

552 4535 666 4581 tum
693 4527 805 4580 ﬁeri
839 4525 1029 4595 potuit,
1071 4527 1198 4594 quia
1225 4522 1572 4578 commodum
1606 4525 1656 4577 id
1697 4524 1959 4591 temporis
2007 4523 2114 4576 illic
2150 4512 2192 4568 ι)
2225 4521 2430 4584 relicta,
2483 4537 2678 4577 versus
2716 4524 2996 4590 planitiem
3035 4525 3344 4582 Zibucciam
3370 4529 3748 4598 prolectisunt
3779 4550 3791 4584 :

555 4619 944 4674 anniversaria
989 4619 1243 4672 nundinae
1286 4617 1724 4671 celebrabantur.
1783 4615 1971 4684 Itaque
2025 4630 2117 4669 ca-

556 4721 702 4779 ptam
738 4711 1015 4764 civitatem
1049 4709 1296 4779 diripuit,
1327 4720 1380 4762 et
1409 4709 1632 4762 Cadium
1663 4708 1781 4776 ejus
1811 4711 1864 4761 in
1886 4719 2122 4776 quatuor

558 4801 728 4852 li-usta
799 4797 1082 4861 dissecari,
1151 4811 1212 4848 ac
1266 4797 1378 4862 ipsa
1435 4794 1606 4847 frttsta
1673 4795 1942 4848 distinctis
1991 4794 2120 4846 iocis

556 4888 813 4958 suspendi
847 4888 1035 4956 jussit.
1095 4885 1228 4940 Inde
1259 4885 1437 4939 missis
1469 4887 1518 4937 in
1580 4884 1892 4952 provincias
1941 4884 2121 4951 proxi-

559 4996 672 5034 mas
700 4981 1024 5042 quibusdam
1060 4993 1171 5032 suae
1191 4987 1370 5038 secta',
1391 4991 1715 5041 suarumque
1744 4975 1976 5043 partium
2031 4975 2123 5026 bo-

559 5073 817 5134 minibus,
852 5071 1169 5140 proclamari
1201 5071 1458 5138 pra'mpit
1518 5069 1804 5122 advenisse
1847 5069 1958 5135 jam
1989 5075 2123 5120 tem-

559 5183 679 5236 pus,
706 5165 838 5234 ipsis
861 5172 1249 5231 opportunum,
1275 5166 1465 5215 saltent
1486 5161 1749 5228 correptis
1765 5158 1954 5220 armis,
1977 5159 2042 5211 ad
2069 5173 2126 5212 se

560 5262 932 5326 properarent.
973 5252 1250 5322 Quotquot
1281 5253 1443 5321 igitur
1478 5252 1618 5302 illam
1644 5259 1847 5302 sectam
1873 5249 2119 5316 amplec-

558 5349 832 5407 tebantur.
858 5354 911 5398 et
949 5345 1176 5396 aulo-hac
1202 5357 1318 5394 eam
1345 5350 1556 5395 secreto
1590 5341 1853 5390 duntaxat
1881 5337 2122 5406 proﬁtan

557 5442 908 5506 cogebantur.
932 5439 995 5489 ad
1015 5438 1155 5488 hunc
1174 5450 1237 5486 co
1255 5448 1479 5486 nurnero
1501 5431 1906 5494 conﬂuxerunt,
1929 5440 1986 5482 ut
2007 5445 2125 5492 pcr-

558 5531 707 5584 hrcvi
747 5531 922 5597 spatio
951 5527 1237 5595 temporis,
1285 5524 1567 5578 hominum
1610 5530 1672 5574 ad
1716 5522 1904 5575 decem
1961 5521 2125 5572 millia

558 5637 740 5676 secum
772 5621 822 5674 in
852 5619 1013 5690 336
1043 5621 1233 5672 castris
1258 5617 1498 5670 liabet-et.
1530 5613 1797 5666 Prmtcrca
1831 5611 2138 5679 complures

559 5712 848 5767 e'l‘rkicnsi
879 5711 1151 5778 provincia
1172 5724 1291 5763 cum
1310 5709 1425 5774 ipso
1440 5724 1495 5761 se
1515 5708 1932 5775 conjunxerunt.
1956 5704 2140 5771 Itaque

564 5804 698 5858 tales
728 5817 787 5854 ac
816 5810 991 5855 tantas
1013 5801 1118 5869 join
1154 5808 1478 5852 consecutus
1501 5797 1701 5866 copias,
1723 5795 1898 5853 Antali
1936 5795 2137 5855 relicta,

2229 4614 2374 4681 quod
2407 4629 2528 4668 cum
2563 4617 2646 4668 Ali
2703 4617 2879 4673 bassc
2932 4618 3293 4687 signiﬁcatum
3328 4620 3542 4689 luisset,
3573 4637 3801 4693 magno.

2231 4719 2358 4771 pere
2385 4707 2732 4772 perturbatus
2761 4710 2944 4760 animo
2999 4708 3319 4780 :Qnisquis,
3354 4713 3451 4774 ait,
3499 4729 3581 4768 me
3623 4726 3792 4774 amat.

2231 4796 2433 4862 absque
2463 4812 2613 4849 mora
2641 4801 2974 4852 conscendat
3001 4815 3225 4868 equum,
3255 4804 3572 4873 primusque
3589 4809 3798 4861 caeteris

2230 4884 2478 4946 exemplo
2517 4884 2764 4950 praebito,
2797 4888 3114 4940 conscendit
3167 4904 3367 4956 equum
3403 4906 3418 4942 :
3454 4899 3507 4943 et
3563 4890 3794 4944 vereda-

2234 4970 2437 5022 riorutn
2472 4973 2525 5024 in
2561 4972 3046 5026 rnorenttestinato
3097 4974 3313 5034 itinere.
3367 4975 3675 5040 perduelles
3733 4974 3792 5028 in

2232 5075 2422 5130 campo
2496 5059 2757 5116 Zibuccio
2800 5066 3016 5117 tandem
3076 5074 3362 5119 assecutus
3401 5077 3503 5120 est.
3558 5067 3799 5121 Stacbn-

2235 5154 2374 5205 culis
2406 5164 2607 5217 autem,
2629 5155 3045 5208 Osmanicorum
3076 5157 3307 5211 adventu
3326 5159 3564 5225 cognito.
3595 5157 3740 5211 ibide
3766 5177 3793 5206 ιι

2235 5244 2285 5296 in
2323 5243 2545 5311 planitie
2591 5253 2767 5297 castra
2804 5245 2947 5299 vallo
2977 5249 3357 5311 communivit,
3386 5249 3612 5302 camelis
3635 5249 3796 5300 etiam

2233 5336 2285 5387 iu
2317 5335 2545 5388 circuitu
2571 5334 2856 5403 dispositis
2895 5355 2909 5392 ;
2942 5348 2994 5390 et
3019 5352 3142 5390 cum
3170 5339 3355 5392 animo
3381 5354 3482 5392 suo
3515 5344 3802 5392 constituit

2238 5428 2342 5481 hoc
2370 5428 2487 5480 loco
2518 5426 2702 5480 Martis
2729 5428 2904 5481 aleam
2971 5430 3228 5499 experiri.
3283 5430 3550 5485 Praeterea
3579 5431 3802 5500 quibus-

2240 5521 2363 5571 dam
2401 5527 2707 5570 ca.~.trorum
2740 5518 2793 5571 in
2825 5518 2979 5583 locis,
3013 5520 3116 5574 hoc
3140 5520 3300 5575 modo
3329 5523 3574 5583 munitis,
3619 5530 3798 5574 turres

2245 5607 2502 5661 excitavit
2533 5623 2543 5656 :
2573 5610 2640 5662 de
2658 5607 2862 5677 quibus
2877 5609 3104 5674 suisese
3132 5609 3506 5673 defenderent,
3525 5620 3577 5663 et
3594 5611 3804 5663 hostem

2246 5701 2313 5752 ab
2344 5700 2752 5769 oppugnatione
2779 5709 3086 5754 castrorum
3117 5711 3384 5756 arcerent.
3424 5698 3590 5754 Erant
3641 5698 3805 5768 igitur

2249 5791 2298 5843 bi
2318 5791 2530 5861 egregie
2556 5790 2619 5842 ad
2642 5789 2881 5859 pratlinm
2907 5792 3202 5846 ineundum
3241 5793 3436 5861 parati.
3459 5791 3532 5847 Ea
3555 5792 3804 5853 adverso,
