4212 6288
374 300 483 363 εὲἳ

1618 312 1982 396 ,ΑΝΝΑιῐ-ιε
2019 314 2352 379 runcrcr.

3503 314 3610 381 626

373 411 500 465 licet
525 413 636 464 Alis
662 414 820 468 bassa
860 429 1047 470 secum
1082 426 1137 472 et
1163 416 1281 489 ipse
1312 422 1481 476 multa
1515 421 1685 476 millia
1708 422 1942 477 militum
1976 428 2022 484 Α
2050 422 2104 475 in
2159 422 2479 479 Rornaniarn
2505 425 2771 482 abiturus.
2800 427 2983 499 Itaque
3000 423 3138 481 Cofa
3155 423 3611 485 discedens.Cbi-

373 505 730 569 adduxisset,
782 514 965 562 tamen
1012 508 1142 579 quia
1176 519 1316 565 tutos
1362 512 1479 569 dies
1522 514 1937 583 quatuordecim

373 594 468 648 illo
521 597 717 651 itinere
790 599 1088 658 veredariis
1119 618 1288 673 prope
1335 608 1487 673 paria
1524 605 1755 665 fecerat.
1830 620 1938 658 non

373 687 520 741 viros
548 686 837 750 duntaxat.
870 690 964 745 sed
1005 707 1181 762 equos
1202 694 1366 749 ctiam
1410 695 1693 750 laboribus
1717 697 1925 750 exbau«

371 790 491 833 stos
530 776 790 835 habebat.
816 780 1185 841 Nihilominus
1218 787 1375 841 hoste
1406 798 1703 856 conspecto
1738 807 1750 841 :
1798 786 1939 841 Ten-

378 868 572 921 damus
603 869 657 923 in
689 886 806 937 eos,
830 873 1027 943 inquit.
1061 875 1165 931 Sed
1199 887 1319 932 eral
1353 879 1407 932 in
1441 882 1682 934 exercitu
1714 880 1938 946 quidam

372 957 720 1024 Caramuses.
752 965 1232 1031 stipendiariorum
1264 970 1586 1040 pradectus,
1640 985 1782 1039 quos
1812 968 1942 1023 Ulo-

375 1049 519 1105 fezio
557 1050 769 1116 dicunt.
807 1056 891 1110 vir
918 1058 996 1112 rei
1050 1060 1303 1117 militaris
1372 1060 1661 1130 insigniter
1711 1062 1936 1133 peritus.

379 1143 428 1195 is
460 1144 541 1199 Ali
574 1145 751 1202 basta:
810 1150 1463 1223 respondenszExspec-ta
1496 1154 1771 1221 nonnihil,
1795 1158 1941 1215 ait,o

380 1236 747 1296 l»assa.donce
772 1242 1048 1298 exercitus
1072 1244 1161 1297 alii
1189 1258 1246 1300 se
1270 1245 1551 1301 nobiscum
1571 1245 1932 1315 coniungant.

377 1326 519 1382 Fieri
600 1333 809 1400 nequit,
888 1342 945 1387 ut
1030 1336 1206 1392 hostis
1293 1352 1325 1392 e
1414 1338 1670 1392 manibus
1737 1344 1941 1395 nostris

375 1419 642 1475 i-labatur.
701 1424 781 1476 Ad
813 1441 981 1479 unum
1063 1427 1353 1493 duntaxat,
1410 1429 1715 1485 alterumve
1774 1431 1938 1497 diem,

374 1513 625 1579 prclintn
655 1513 837 1570 dider.
875 1515 1052 1571 Etiam
1080 1517 1412 1578 Rauasanrs
1443 1521 1607 1588 illius,
1627 1522 1940 1577 Adanorum

378 1602 568 1668 begns.
613 1608 768 1660 nobis
799 1607 1047 1664 subsidio
1077 1611 1242 1666 venit.
1270 1611 1426 1680 Sine,
1462 1630 1670 1685 quaeso,
1723 1627 1942 1673 nostras

378 1693 451 1744 uti
482 1694 670 1761 copias
708 1695 940 1752 aliorum
975 1704 1291 1758 accessione
1329 1704 1565 1775 majores
1594 1716 1650 1761 et
1672 1706 1942 1763 ﬁrmiores

374 1785 693 1841 etilciamus.
725 1788 841 1844 Alis
859 1799 1041 1847 autem
1065 1793 1221 1849 bassa
1246 1765 1485 1851 vicissim
1510 1814 1523 1851 :
1556 1796 1712 1863 Quis,
1741 1798 1943 1867 inquit,
1972 1765 2016 1824 ³

376 1887 457 1930 νει
491 1876 604 1933 Alis
635 1878 816 1944 bassa,
846 1881 1039 1947 quisve
1102 1885 1318 1938 tandem
1362 1886 1497 1940 alter
1547 1888 1658 1954 ille,
1691 1888 1849 1943 nobis
1886 1901 1945 1945 ut

376 1970 492 2033 eius
525 1970 597 2022 sit
625 1972 1028 2039 es‘prctaudus
1059 1971 1323 2028 adventus
1363 1975 1388 2029 τ
1435 1976 1701 2031 Nimirum
1750 1979 1862 2033 Alis
1916 1995 1947 2034 e

380 2066 646 2127 potestate
678 2070 826 2115 totus
852 2064 1083 2119 csierat.
1117 2062 1352 2135 ideoque
1385 2069 1534 2122 rabie
1571 2068 1807 2139 quadarn
1853 2084 1946 2124 ac-

380 2159 471 2205 tus
507 2148 717 2207 hostem
750 2153 980 2207 invasit:
1014 2170 1123 2221 quo
1179 2154 1407 2223 factum,
1436 2169 1640 2215 utacre
1696 2162 1945 2230 prmlinm

380 2241 840 2299 committeretur.
884 2242 959 2296 Eo
987 2247 1172 2313 prrelio
1198 2248 1482 2307 Chasanes
1513 2253 1780 2319 Clreliles,
1818 2258 1947 2311 Sca-

377 2353 391 2379 σ
409 2334 622 2389 hoculis
644 2345 812 2404 pater,
835 2339 1033 2408 sagitta
1059 2340 1395 2409 vulneratus,
1416 2357 1471 2401 et
1513 2348 1674 2417 paulo
1696 2361 1817 2417 post
1849 2366 1946 2405 cs-

378 2426 615 2480 stinctus
633 2425 735 2479 fuit
768 2444 781 2478 :
809 2445 921 2497 quo
945 2441 1184 2497 mortuo,
1204 2438 1475 2491 tumultus
1493 2448 1657 2507 atque
1686 2442 1949 2510 strepitus

380 2517 570 2587 ingens
603 2520 778 2574 audiri
797 2524 943 2591 cepit
974 2524 1025 2576 in
1053 2525 1248 2581 castris
1270 2526 1676 2584 seditiosorum.
1700 2531 1943 2601 Quapro~

376 2618 501 2678 pter
525 2611 641 2668 Alis
703 2612 884 2677 bassa,
907 2618 1183 2671 concitato
1217 2620 1524 2676 calcaribus
1556 2638 1718 2689 equo,
1742 2627 1948 2681 medios

380 2706 432 2757 in
458 2706 643 2759 hostes
662 2705 876 2763 delatus
901 2717 951 2762 et
980 2710 1048 2763 ab
1070 2713 1148 2766 cis
1173 2713 1391 2767 occisus
1415 2728 1518 2767 est.
1539 2715 1695 2780 Quod
1729 2721 1946 2787 quidem

381 2792 556 2857 ipsius
576 2796 878 2863 conspicati
904 2800 1127 2865 milites,
1156 2811 1311 2872 terga
1330 2803 1547 2858 dedere.
1589 2806 1949 2864 Scachoculis

382 2888 484 2938 hac
516 2887 720 2954 potitus
782 2889 1029 2956 victoria,
1075 2908 1264 2949 versus
1322 2894 1607 2953 Parthicos
1645 2899 1780 2955 lines
1845 2904 1951 2955 iter

382 2979 602 3040 direxit,
663 2978 973 3035 Tebrisiurn
1019 2985 1407 3054 profecturus;
1442 3005 1566 3043 cum
1628 3005 1796 3061 prope
1832 2993 1947 3062 jam

2042 514 2134 567 lim
2164 515 2430 585 navigavit
2460 534 2472 569 :
2509 516 2650 572 Chili
2683 518 3025 588 Beligradum
3055 515 3223 570 venit.
3255 514 3382 583 Ejus
3420 515 3496 569 rei
3528 512 3607 569 fa-

2039 618 2126 657 ma
2147 605 2664 676 ConstantinOpolim
2690 608 2754 661 ad
2769 608 3046 663 sultannm
3069 606 3365 676 Bajazltem
3383 606 3607 674 perlata.

2042 694 2269 749 Gadium
2306 695 2458 751 urbis
2494 696 2856 766 Sarigresetn,
2885 708 2940 752 et
2998 696 3305 765 Seguancm
3368 695 3607 756 bassam,

2042 786 2248 854 legatos
2267 788 2332 841 ad
2361 787 2530 843 ﬁlium
2554 790 2725 849 misit.
2755 804 2988 858 quorum
3017 788 3336 844 etconsiliis
3367 796 3612 841 uteretur

2041 876 2287 943 Selimea,
2313 888 2367 931 et
2399 879 2623 935 monitis
2654 884 3035 936 instrueretur.
3102 877 3169 933 lii
3201 893 3325 933 cum
3357 876 3423 932 ad
3475 875 3611 931 Scli-

2042 984 2182 1022 mem
2213 971 2604 1037 pervenissent,
2636 982 2888 1026 auctores
2905 972 2955 1024 ei
2978 970 3217 1033 fuerunt,
3258 968 3334 1024 uti
3367 983 3521 1025 suam
3555 969 3610 1021 in

2040 1061 2297 1115 ditionem
2326 1063 2526 1117 rediret
2552 1081 2567 1116 :
2604 1077 2670 1118 ne
2701 1062 2837 1118 forte
2861 1062 3121 1118 fratribus
3144 1063 3309 1118 etiam
3378 1062 3496 1116 suis
3520 1076 3613 1113 oc-

2043 1154 2317 1208 casionem
2353 1152 2639 1222 prabet-et,
2678 1154 2987 1210 consimilia
3037 1155 3287 1223 quzdarn
3342 1151 3608 1207 tentandi.

2042 1242 2122 1296 Ad
2151 1257 2214 1298 ea
2250 1244 2583 1313 respondens
2609 1244 2839 1303 Selimes
2870 1265 2883 1302 :
2937 1249 3131 1303 Annon
3188 1246 3500 1301 mandatum
3528 1242 3610 1298 di-

2045 1335 2246 1390 vinitus
2279 1346 2381 1400 est,
2412 1338 2610 1406 inquit,
2658 1340 2732 1393 uti
2766 1355 2895 1395 suos
2918 1340 3153 1408 quisque
3176 1348 3425 1409 parentes
3452 1336 3612 1389 tertio

2042 1426 2125 1481 vel
2146 1437 2339 1495 quarto
2354 1442 2571 1498 quoque
2591 1445 2734 1484 anno
2764 1430 2998 1485 invisat?
3031 1431 3141 1485 llac
3173 1431 3421 1497 equidem
3442 1442 3610 1483 causa

2042 1532 2240 1583 morus,
2270 1519 2372 1573 iter
2409 1519 2510 1573 hoc
2544 1520 2822 1590 perliciam
2853 1540 2865 1586 ;
2900 1532 3119 1589 ctpatre
3154 1521 3397 1583 visitato,
3434 1534 3610 1572 meam

2043 1612 2096 1665 in
2124 1611 2382 1666 ditionem
2416 1622 2679 1669 revertar.
2713 1615 2789 1667 Ad
2824 1629 3116 1669 summam.
3150 1614 3220 1669 ab
3238 1614 3615 1667 hocinstituto

2044 1704 2204 1773 legati
2244 1701 2500 1759 Selimem
2545 1705 2697 1759 nullo
2744 1704 3024 1759 dimovere
3076 1704 3240 1759 modo
3294 1714 3609 1772 potuerunt.

2046 1796 2281 1865 Ideoque
2318 1795 2609 1851 redeuntes
2645 1798 2707 1849 ad
2742 1796 3031 1865 llajazitem
3086 1796 3179 1851 tllii
3240 1806 3477 1849 nrt-utrm
3549 1809 3613 1846 ac

2046 1890 2370 1942 sententiam
2402 1890 2540 1956 patri
2596 1890 2995 1943 renuntiarunt.
3056 1887 3108 1941 ls
3163 1888 3340 1941 ilo-nuo
3409 1889 3615 1955 legatos

2047 1979 2180 2033 alios
2209 1977 2275 2033 ad
2299 1978 2555 2033 Selimcm
2596 1980 2761 2045 misit,
2794 1994 2858 2034 ac
2896 1979 3006 2032 dici
3032 1978 3142 2031 tilio
3172 1979 3354 2047 jussit,
3383 1976 3461 2030 nti
3517 1975 3614 2029 Sc-

2048 2069 2345 2124 rnrndriaur
2377 2086 2433 2123 se
2467 2076 2734 2139 reciperet
2771 2087 2785 2123 :
2817 2086 2978 2140 quem
3006 2070 3505 2138 ipsesangiaratum
3539 2064 3616 2120 illi

2046 2161 2403 2218 attribuisset.
2446 2162 2675 2233 Negavit
2709 2161 2763 2217 id
2801 2177 2862 2217 se
2911 2161 3188 2217 facturum
3220 2161 3385 2227 ﬁlius,
3440 2162 3617 2215 omni-

2048 2270 2226 2326 noque
2253 2263 2539 2323 sepatrem
2564 2256 2717 2326 prius
2754 2255 3030 2311 aditurum
3064 2254 3367 2324 respondit,
3386 2255 3617 2324 ejusque

2048 2362 2244 2401 manus
2274 2347 2672 2413 osculaturum,
2708 2358 2871 2417 atque
2901 2348 2975 2401 ita
2998 2344 3193 2401 deinde
3222 2345 3615 2401 discessurum.

2051 2436 2358 2493 Evenerunt
2378 2440 2491 2493 haec
2526 2454 2670 2494 anno
2685 2440 2814 2495 9l‘l.

2123 2530 2434 2585 Secundum
2477 2532 2564 2584 illa
2600 2533 2839 2600 perrexit
2872 2531 2928 2586 ln
2982 2531 3177 2587 itinere
3222 2544 3322 2585 suo
3370 2529 3621 2587 sultanns

2052 2620 2306 2685 Selimes,
2338 2632 2391 2677 et
2427 2621 2874 2692 Hadrianopolim
2925 2624 3099 2694 petiit.
3162 2622 3294 2677 inde
3342 2638 3465 2679 cum
3510 2635 3619 2675 non

2050 2713 2238 2779 procul
2263 2714 2504 2775 abesset,
2533 2713 2724 2768 relicta
2752 2713 3022 2783 Bajasites
3060 2712 3470 2781 HadrianOpoli,
3504 2723 3621 2764 ver-

2051 2818 2144 2857 sus
2171 2801 2705 2871 ConstantinOpolirn
2739 2806 2893 2859 abiit.
2940 2803 3182 2859 Habebat
3208 2810 3391 2856 autem
3431 2815 3618 2856 secttui

2049 2909 2243 2950 omnes
2272 2894 2490 2950 Vezires
2524 2912 2675 2961 suos,
2703 2909 2760 2952 et
2793 2901 2955 2968 begos
2990 2897 3293 2964 sangiacos.
3314 2904 3370 2949 et
3399 2894 3619 2949 milites.

2052 2984 2262 3054 Quippe
2288 2988 2557 3042 mandatis
2590 2987 2882 3054 publicatis
2911 2987 3176 3053 edixerat,
3216 2987 3294 3040 uti
3344 3000 3528 3039 ser-nm
3560 3000 3626 3037 cu

382 3067 651 3123 Parthicis
671 3083 701 3120 a
732 3069 931 3129 ﬁnibus
959 3074 1235 3137 abessent.
1305 3078 1521 3133 obviarrr
1569 3081 1651 3136 eis
1681 3096 1948 3138 caravarra
1975 3093 2022 3156 ε

1975 3093 2022 3156 C
2056 3078 2547 3146 proﬁciscerentur.
2585 3079 2701 3144 Qua
2736 3080 2803 3134 de
2840 3094 3006 3133 causa
3036 3090 3345 3135 commotus
3371 3080 3620 3140 Selinus,

386 3162 637 3228 quadam
658 3164 823 3228 venit,
843 3179 1030 3219 secum
1058 3182 1088 3220 e
1107 3164 1323 3221 Parthia
1348 3171 1549 3224 sericas
1572 3182 1623 3225 et
1645 3173 1778 3228 alias
1803 3191 1948 3230 mer-

379 3270 476 3310 ccs
498 3254 717 3313 vehens.
743 3256 872 3313 Eam
896 3273 1219 3314 caravanam
1238 3262 1596 3320 Srachoculis
1622 3266 1872 3334 diripuit,
1899 3280 1950 3322 ιιι

376 3356 654 3419 quotquot
674 3350 816 3405 hanc
843 3351 1248 3406 comitabantur
1282 3354 1553 3419 homines,
1578 3358 1809 3412 interﬁci
1829 3358 1950 3428 jus-

379 3441 460 3495 sit
488 3460 503 3492 :
535 3454 659 3494 cum
688 3440 987 3509 ignoraret,
1020 3457 1142 3499 esse
1170 3458 1299 3512 opes
1320 3444 1439 3499 illus
1458 3445 1705 3502 lsmaelis
1729 3448 1947 3516 Scaclti,

382 3532 487 3587 hoc
515 3543 601 3588 est
622 3533 766 3603 regis
800 3530 1155 3590 Parthorum.
1180 3534 1282 3591 Ubi
1311 3534 1619 3593 Telrrésium
1652 3543 1949 3602 venissent.

381 3623 593 3678 tribuni
625 3625 883 3688 militum,
924 3626 1220 3697 ceterique
1246 3627 1511 3698 praefecti,
1562 3630 1832 3687 Scaclrurn
1880 3632 1954 3687 ls-

385 3715 603 3771 rnailem
664 3715 921 3772 adierunt
957 3725 1056 3772 :et
1111 3718 1177 3772 ad
1220 3722 1385 3785 pedes
1435 3722 1607 3792 ipsius
1656 3725 1951 3793 provoluti,

386 3812 651 3863 honorem
677 3808 729 3863 ei
789 3824 888 3879 pro
911 3823 1064 3863 more
1097 3812 1338 3880 gentium
1366 3812 1607 3880 illarum,
1631 3817 1951 3871 exhibuere.

386 3897 526 3955 Tum
564 3914 691 3954 vero
730 3897 978 3957 Scacbus
1001 3901 1185 3958 lsmail
1215 3922 1226 3955 :
1252 3904 1388 3970 Quis
1412 3914 1600 3959 auctOr
1630 3907 1782 3961 vobis
1827 3908 1954 3977 fuit,

392 3993 589 4061 inquit,
626 4001 683 4047 ut
712 3991 974 4061 adoptivo
1002 3996 1143 4063 patri
1171 4010 1294 4049 meo
1328 3996 1516 4052 bsssas
1547 4007 1601 4052 et
1628 3998 1792 4068 begos
1822 4016 1956 4055 suos

388 4085 735 4147 occideretis,
760 4086 992 4155 ejusque
1049 4095 1310 4153 praeterea
1370 4089 1620 4143 subditos
1668 4093 1834 4147 rebus
1890 4108 1956 4149 ac

387 4178 743 4232 tacultatibns
778 4178 894 4232 suis
923 4179 1231 4245 spoliaretis
1253 4178 1275 4232 τ
1297 4178 1409 4235 illis
1468 4183 1956 4251 respondentibus,

387 4271 440 4324 id
464 4271 562 4324 abs
590 4285 645 4325 se
703 4269 930 4335 factum,
965 4282 1023 4327 ut
1075 4272 1295 4341 ipsimet
1343 4273 1545 4329 lsmaili
1601 4274 1816 4331 Scacho
1845 4293 1958 4331 rem

387 4372 594 4429 gratam
622 4362 889 4428 lacerent,
931 4373 986 4417 et
1029 4364 1284 4419 homines
1314 4378 1344 4417 a
1377 4376 1521 4420 recta
1570 4368 1672 4422 llde
1727 4368 1954 4434 alienos,

2050 3180 2105 3224 et
2136 3172 2483 3226 consiliarios
2551 3186 2682 3228 suos
2734 3171 3053 3240 appellans:
3104 3171 3355 3235 Nullum,
3423 3173 3622 3240 inquit.

2052 3262 2262 3318 hostem
2293 3264 2557 3319 habemus
2586 3263 2728 3317 inter
2761 3262 3205 3333 Hadrianopolim
3257 3273 3311 3316 ct
3354 3261 3624 3316 Constan-

2054 3358 2356 3424 tinopolim.
2382 3357 2491 3409 (Zur
2517 3373 2645 3426 ergo
2663 3366 2738 3410 tot
2767 3370 3039 3422 proceres,
3058 3364 3111 3411 et
3137 3356 3297 3410 talem
3323 3371 3385 3409 ac
3408 3363 3619 3410 tantum

2052 3445 2351 3497 exercitum
2373 3452 2523 3513 pater
2550 3460 2731 3499 secum
2757 3443 2930 3499 ducit?
2958 3443 3291 3500 Haurldubie
3312 3446 3440 3498 nihil
3474 3444 3619 3500 aliud

2055 3536 2169 3588 hac
2198 3537 2552 3602 portendunt,
2586 3549 2745 3603 quam
2776 3536 2920 3605 quod
2951 3534 3175 3590 fratr-em
3205 3550 3409 3599 meum.
3444 3535 3623 3589 sulta~

2054 3642 2185 3680 unm
2215 3628 2550 3690 Achrnetem,
2583 3642 2764 3682 rerum
2826 3629 3289 3684 administrationi
3353 3630 3625 3697 pra-licere

2056 3719 2276 3785 c0gitat.
2310 3715 2544 3785 Ideoque
2567 3730 2779 3771 summa
2812 3730 2945 3772 usus
2984 3717 3282 3783 celeritate,
3335 3733 3441 3771 non
3500 3733 3623 3787 pro-

2056 3808 2143 3860 cui
2174 3823 2201 3861 a
2236 3806 2396 3862 Zorlo
2424 3818 2630 3875 patrem
2665 3821 2951 3864 assecutus
2978 3817 3079 3864 est.
3138 3808 3215 3864 lbi
3274 3819 3388 3862 turn
3449 3808 3627 3877 copiis

2058 3901 2314 3967 utrinque
2341 3900 2817 3963 concurrentibus,
2850 3899 2917 3954 ad
2968 3899 3370 3954 dimicationem
3409 3910 3625 3953 rentum

2059 3991 2187 4046 fuit.
2218 3992 2343 4047 Erat
2376 3992 2428 4046 id
2462 3992 2726 4060 temporis
2763 3990 3035 4046 imbecilla
3091 3990 3360 4060 Bajazitcs
3420 3993 3630 4045 valetu-

2059 4084 2209 4146 dine,
2244 4098 2367 4137 cutn
2391 4098 2491 4137 nec
2521 4083 2747 4151 pedibus
2801 4084 2877 4137 uti
2930 4098 3027 4137 nec
3078 4083 3327 4151 equitare
3396 4092 3628 4150 posset:

2059 4190 2231 4244 eaque
2260 4178 2326 4227 de
2355 4189 2518 4230 causa
2549 4189 2715 4228 curru
2747 4174 3069 4239 vehebatur,
3096 4173 3183 4227 cui
3241 4175 3422 4227 velum
3451 4174 3629 4228 Obdu-

2059 4279 2237 4330 xerat,
2275 4266 2513 4321 numinis
2559 4266 2797 4328 interim,
2820 4264 3247 4335 llahumetisqne
3266 4264 3348 4318 sui
3368 4265 3631 4319 auxilium

2066 4360 2386 4429 implorans.
2413 4358 2549 4411 Cum
2577 4357 2874 4427 perexiguo
2911 4356 3171 4427 temporis
3208 4356 3496 4410 intervallo
3529 4369 3630 4425 pu-

393 4456 675 4516 harbaros,
704 4454 1067 4519 facinorosos,
1109 4456 1177 4510 de
1236 4456 1414 4509 medio
1439 4458 1692 4513 tollerent
1722 4502 1735 4524 ,
1770 4474 1961 4514 rursus
1994 4444 2039 4500 θ

1994 4444 2039 4500 ο
2070 4464 2292 4520 gnatum
2328 4462 2472 4506 esset
2525 4451 2701 4505 victrrs
2760 4446 3015 4511 Selimes,
3041 4447 3191 4501 omni
3255 4448 3511 4501 thesauro
3534 4462 3633 4502 suo

390 4564 487 4604 eos
510 4549 854 4619 compellans
890 4548 1133 4604 Scaclrns
1154 4548 1316 4620 337
1342 4549 1627 4606 Parthicus
1661 4569 1674 4602 :
1713 4554 1772 4607 Et
1834 4554 1961 4622 quid

394 4642 633 4706 turdi-in,
693 4640 947 4709 subjecit,
978 4655 1250 4695 caravana
1267 4640 1723 4710 culpmcunrtnisit
1756 4644 1807 4697 in
1843 4658 1962 4706 vos,

393 4748 500 4801 qua
536 4732 755 4791 irritati.
790 4742 847 4785 et
880 4732 1131 4788 homines
1165 4734 1466 4797 occidistis,
1535 4745 1590 4787 et
1627 4751 1757 4802 opes
1819 4735 1964 4803 ipsas

394 4824 746 4896 rliripuistis?
780 4824 859 4877 Ad
884 4840 1002 4892 qua
1036 4826 1110 4879 illi
1142 4842 1267 4880 cum
1303 4828 1439 4881 nihil
1468 4827 1754 4889 haberent,
1812 4828 1959 4894 quod

395 4916 478 4969 sui
510 4915 775 4986 purgandi
810 4929 976 4969 causa
1024 4917 1078 4969 itr
1116 4916 1353 4969 medium
1409 4917 1668 4971 allen-ent
1701 4932 1715 4967 :
1744 4931 1963 4971 omnem

400 5008 545 5062 illam
584 5008 878 5061 colluviem
911 5008 1195 5061 hominum
1228 5010 1295 5062 ita
1328 5010 1581 5063 distribui
1614 5008 1860 5063 Scaclttts
1895 5010 1964 5061 ls-

401 5100 739 5169 rnailjussit.
775 5109 835 5153 ut
882 5099 1084 5170 singuli
1156 5100 1480 5155 Parthorum
1545 5118 1799 5170 proceres
1847 5104 1967 5172 ejus

404 5192 659 5246 mandato
687 5192 875 5262 viginti
900 5192 967 5245 ad
1018 5207 1077 5247 se
1152 5193 1453 5260 reciperent
1487 5218 1504 5249 .-
1551 5203 1778 5248 creteros
1840 5209 1968 5247 vero

403 5281 707 5351 prafectos,
777 5295 939 5352 atque
978 5284 1231 5339 tribunos
1287 5286 1557 5353 ipsorum,
1612 5286 1967 5341 trucidandos

401 5374 643 5430 Carinis
665 5375 784 5430 suis
812 5374 1032 5444 ubjccit.
1058 5374 1213 5442 Quod
1238 5392 1367 5430 sani:
1402 5392 1527 5429 curn
1578 5379 1787 5440 absque
1816 5394 1967 5430 nrnr'a

405 5469 579 5531 tieret.
648 5466 865 5537 dignam
925 5468 1258 5523 facinoribus
1331 5467 1587 5523 admissis
1666 5470 1968 5522 mercedem

404 5562 596 5616 tulere.

482 5652 615 5705 Dum
648 5651 762 5705 haec
796 5652 849 5704 in
884 5650 1006 5703 Asia
1030 5660 1370 5721 gererentur.
1410 5653 1759 5705 Tarabosaue
1792 5650 1973 5719 prole-

405 5754 529 5798 ctus
548 5743 798 5798 snltanus
834 5742 1085 5806 Selimes,
1110 5742 1327 5808 navigio
1348 5743 1519 5798 Calen
1551 5743 1755 5809 appulit
1784 5762 1798 5807 ;
1824 5743 1971 5798 illinc

2069 4546 2276 4609 relicto,
2301 4543 2439 4614 fugin
2466 4559 2525 4598 sc
2560 4543 2752 4597 dedit:
2790 4556 2853 4596 ac
2884 4543 3101 4595 tandem
3151 4539 3397 4608 pervenit
3446 4538 3500 4593 in
3557 4540 3633 4592 vi-

2066 4651 2191 4691 enm
2224 4634 2728 4704 quetudam,'situm
2772 4636 2836 4688 ad
2871 4649 3041 4696 mare,
3077 4633 3223 4701 quod
3258 4630 3481 4702 Nigrum
3535 4648 3634 4687 vo-

2067 4742 2211 4786 cant.
2245 4730 2302 4782 Ei
2342 4731 2458 4783 vico
2485 4744 2679 4782 nomen
2709 4737 2787 4782 cst
2822 4726 3015 4795 Midge.
3048 4724 3153 4781 llic
3184 4740 3373 4778 navem
3423 4724 3634 4794 ingrcs-

2070 4839 2185 4883 sns.
2217 4824 2507 4875 trannrisso
2543 4821 2700 4883 mari,
2728 4820 2896 4874 Celeo
2933 4834 2991 4874 se
3026 4817 3277 4871 contulit.
3312 4817 3418 4869 Sed
3446 4817 3635 4871 cadent

2074 4914 2251 4967 hieme
2282 4928 2471 4969 rursus
2503 4916 2554 4965 in
2576 4912 2896 4966 llornaniam
2920 4912 3210 4981 navigavit.
3232 4910 3464 4976 Quidam
3490 4909 3633 4964 enim

2072 5021 2325 5075 proceres
2353 5005 2515 5057 anlici
2548 5013 2730 5070 partes
2755 5004 2959 5057 snltaui
3026 5002 3306 5061 Acbmctis
3358 5000 3635 5063 fovebant,

2072 5097 2465 5164 nirniruruipsc
2487 5095 2927 5157 Cadileschcrus,
2965 5104 3018 5147 ct
3068 5093 3389 5152 Nisclranzis
3452 5093 3637 5155 bassa,

2070 5188 2368 5245 etlonnzes
2400 5190 2577 5254 bassa,
2602 5188 2693 5255 qui
2720 5187 3034 5240 muneribus
3059 5184 3290 5241 etiamin
3314 5184 3457 5238 hunc
3476 5183 3637 5236 linem

2073 5282 2298 5349 paratis.
2334 5279 2534 5348 papulo
2571 5287 2957 5347 persuaserant
2988 5276 3260 5331 sultarruru
3321 5275 3636 5327 Achmetcm

2073 5373 2223 5426 brevi
2251 5371 2591 5436 adfuturum,
2622 5378 2675 5423 et
2698 5372 2819 5423 locu
2856 5374 3026 5439 patris
3054 5370 3477 5435 imperaturum.
3542 5364 3639 5421 llic

2073 5474 2253 5518 autent
2290 5472 2517 5516 conatus
2558 5476 2747 5515 eorum
2805 5476 2930 5514 cum
2979 5460 3248 5529 gerrizaris
3290 5457 3638 5520 introtnissct,

2079 5568 2233 5612 nocte
2252 5556 2486 5625 quadam
2524 5556 2577 5609 in
2603 5554 2745 5608 :cdes
2777 5558 3016 5623 ipsorum
3046 5554 3341 5611 irruentes,
3372 5549 3639 5613 quidquid

2077 5651 2241 5704 iueis
2280 5656 2743 5715 rrpcrtu-ncssrt,
2810 5648 3165 5714 diripuerunt.
3226 5648 3411 5696 ltttlcttt
3479 5656 3641 5693 noctu

2079 5741 2349 5794 Chasanis
2382 5740 2555 5793 hasste
2592 5739 2808 5792 domum
2837 5741 3095 5809 aggressi.
3125 5736 3264 5791 finde
3289 5733 3595 5795 spoliarunt
3623 5745 3636 5782 :
