4218 6308
500 406 608 467 627

1763 417 2117 478 ANNALES
2168 419 2516 481 TUBCICI.

3659 429 3767 492 628

501 521 747 589 adeoque
776 520 1101 578 seditionem
1124 525 1433 580 excitavere
1473 528 1786 584 maximam.
1833 530 1996 585 Erant
2024 529 2079 585 id
2111 534 2151 589 Α
2183 535 2248 585 ab
2274 533 2353 588 eis
2387 534 2531 587 dicta
2562 532 2817 597 fuissent,
2851 535 3046 604 exiguo
3111 539 3371 607 temporis
3432 542 3614 610 spatio
3645 544 3767 597 sul-

505 617 767 681 tetnporis
807 615 872 667 ad
900 616 1089 669 urbem
1124 615 1321 670 sultaui
1351 616 1631 673 Aelimetis
1658 620 1816 687 legati
1843 624 1931 691 qui
1968 623 2085 677 Γηγ-

502 708 598 757 tim
649 721 708 760 se
755 705 1082 767 subducere.
1136 708 1410 776 salutique
1467 724 1580 763 suae
1627 709 1749 783 fuga
1801 715 2089 771 consulere

498 797 676 852 coacti
702 795 941 852 fuerunt.
977 796 1288 853 Secundum
1329 784 1441 854 lucc
1475 801 1682 872 legatos
1709 804 1776 860 ad
1806 807 2084 860 sultanum

503 891 764 944 Selimem
788 892 988 945 misere
1012 892 1387 965 genizari,qui
1411 895 1750 958 nuntiarent,
1786 896 1850 948 ad
1894 898 2082 953 urbem

501 983 661 1037 modo
694 984 902 1039 veniret
936 1003 949 1038 :
979 1000 1038 1041 se
1062 989 1317 1043 nimirum
1343 997 1394 1040 et
1418 988 1749 1044 salutatores
1777 992 1949 1060 ipsum
1986 995 2086 1056 im-

503 1083 832 1139 peratorem,
897 1085 950 1130 et
1003 1078 1288 1147 agnituros
1333 1095 1433 1147 pro
1496 1080 1742 1136 domino.
1792 1085 2083 1141 Aclunetes

498 1164 664 1220 etiam
691 1168 882 1222 eodem
909 1177 1153 1239 tempore
1218 1173 1437 1240 propius
1473 1173 1540 1227 ad
1592 1175 1780 1229 urbem
1841 1193 1899 1230 se
1947 1194 2083 1238 con-

502 1254 650 1320 tulit,
682 1259 798 1312 suis
825 1275 949 1312 cum
982 1263 1158 1329 copiis
1190 1262 1254 1316 ad
1281 1263 1620 1329 lsccdaram,
1640 1281 1670 1321 ο
1698 1268 1917 1335 regione
1941 1270 2077 1324 Con-

498 1347 906 1416 stantinopolis,
925 1362 1102 1406 castra
1125 1363 1388 1411 metatus:
1417 1358 1706 1424 missisque
1737 1362 1875 1428 patri
1896 1364 2081 1420 multis

499 1455 792 1495 aureorqu
825 1459 1172 1509 nummorum
1198 1447 1458 1509 millibus.
1492 1469 1602 1520 quo
1642 1466 1862 1514 venerat
1886 1456 2080 1510 itinere

499 1532 781 1588 discessit.
811 1533 1058 1604 Cumque
1097 1539 1403 1608 vectigalia,
1460 1545 1684 1609 tributa,
1745 1557 2081 1616 ueteresque

502 1623 716 1680 fructus
745 1641 808 1680 ac
841 1636 1138 1696 proventus
1168 1631 1405 1700 imperii,
1454 1650 1546 1702 per
1612 1637 1915 1691 Anatoliam
1975 1640 2081 1698 sibi

500 1716 834 1772 vindicasset
859 1735 878 1772 :
902 1719 1168 1781 violenter
1191 1722 1311 1779 illas
1340 1726 1654 1793 provincias
1686 1729 2080 1785 administrare

499 1809 663 1876 cepit.
692 1810 771 1865 Ac
792 1810 914 1866 licet
947 1814 1197 1869 sultanus
1225 1817 1389 1872 etiam
1427 1817 1690 1876 Corcntes
1706 1820 1899 1888 oppida
1930 1837 2081 1891 qua:-

2194 635 2349 678 tantis
2386 624 2653 692 Bajazites
2691 642 2749 684 re
2779 642 2903 682 cum
2940 629 3127 683 animo
3157 644 3258 684 suo
3315 630 3635 696 deliberata,
3668 649 3765 688 ca-

2191 715 2492 786 puterigit,
2525 727 2576 771 et
2617 714 2862 772 :Rernm
2916 719 3191 788 equidem,
3247 721 3443 792 inquit,
3490 739 3762 780 summam

2193 807 2303 859 lilio
2335 823 2475 874 meo,
2511 811 2731 864 sultano
2767 811 2953 865 Selimi
2992 812 3246 866 traditam
3305 817 3614 872 committo.
3639 816 3760 883 Qua

2193 901 2447 972 Bajazitis
2475 905 2722 958 oratione
2751 906 3022 972 geniuris
3064 907 3397 969 renuntiata,
3460 923 3587 964 mox
3621 924 3762 964 una-

2189 995 2363 1049 nimes
2387 996 2453 1053 ad
2488 997 2765 1051 sultanutn
2819 997 3055 1053 Selimen
3103 1017 3162 1056 se
3213 1002 3584 1058 contulerunt.
3641 1002 3770 1061 11η

2189 1095 2368 1146 autem
2403 1098 2553 1157 gesta
2590 1088 2808 1144 (uerunt
2840 1106 2988 1146 anno
3022 1092 3155 1146 i318
3180 1092 3331 1159 (Chr.
3369 1093 3550 1163 1512).

2255 1167 2530 1236 Postridie
2561 1173 2812 1238 suitanus
2851 1182 3122 1253 Bajazitcs
3143 1187 3338 1254 cistas,
3370 1189 3574 1256 quibus
3601 1189 3764 1258 impe-

2188 1275 2376 1329 ratorii
2412 1274 2655 1330 thesauri
2683 1277 3134 1343 continebantur,
3167 1279 3391 1334 sultano
3424 1279 3610 1335 Selimi
3652 1280 3766 1336 ﬁlio

2186 1366 2384 1428 misit:
2422 1382 2486 1420 ac
2536 1368 2764 1434 vezires,
2812 1380 3148 1439 ceterosque
3211 1372 3427 1436 bassas,
3481 1373 3765 1429 dominum

2184 1475 2366 1516 sunm.
2399 1459 2676 1517 sultanum
2713 1461 2972 1518 Selimem
3030 1464 3184 1521 adire
3234 1464 3427 1534 jussit.
3495 1465 3656 1533 eique
3687 1465 3766 1523 si-

2183 1549 2443 1617 gniﬁcare
2478 1555 2858 1608 tantummodo
2881 1555 3004 1620 sibi.
3062 1557 3201 1622 patri
3260 1572 3384 1619 suo.
3443 1558 3767 1614 dilationem

2182 1641 2389 1694 dierum
2431 1641 2501 1696 30
2535 1658 2705 1697 conce
2729 1646 2879 1709 leret,
2910 1647 3110 1715 quibus
3159 1647 3390 1712 exactis,
3419 1648 3767 1705 Dimotueum

2183 1731 2457 1800 abiturus,
2486 1745 2540 1787 et
2585 1735 2866 1805 ,reliqnunt
2914 1739 3114 1793 ibidem
3143 1742 3265 1800 vitae
3310 1744 3548 1810 spatium
3589 1754 3772 1802 trana-

2183 1819 2358 1876 iturus
2391 1832 2536 1876 esset
2567 1842 2579 1884 ;
2613 1825 2829 1881 interim
2853 1826 3085 1882 Selimes
3115 1833 3171 1884 in
3196 1830 3431 1897 hospitio
3451 1831 3768 1889 Genibaxeo

501 1903 626 1956 dam
661 1903 924 1959 Anatolia:
957 1906 1058 1960 sibi
1105 1907 1450 1977 subiecisset,
1494 1911 1729 1965 retinere
1787 1922 1966 1967 tamen
2013 1929 2075 1967 ea
2111 1895 2149 1949 Β
2179 1925 2627 1972 commoraretur.
2668 1915 2792 1972 Ha-c
2813 1934 2940 1974 eum
2970 1920 3043 1973 illi
3087 1895 3312 1976 sultano
3366 1921 3556 1977 Selimi
3584 1941 3753 1990 expo-

501 2011 612 2055 non
641 1997 972 2064 potuil,cunt
1004 1999 1384 2068 praefectorum
1420 2004 1620 2056 sultani
1654 2003 1936 2070 Acbmetis
1965 2021 2078 2057 ma-

496 2089 648 2156 jnres
685 2095 870 2142 essent
919 2092 1079 2144 vlres.
1111 2090 1297 2159 itaque
1357 2092 1649 2149 discedens
1714 2111 1777 2149 ex
1829 2097 1895 2149 iis
1945 2096 2081 2154 locis

497 2177 786 2243 Corcutes,
825 2189 975 2234 trans
1006 2195 1157 2233 mare
1179 2178 1493 2251 Gallipolim
1524 2185 1661 2238 abiit
1698 2203 1711 2238 :
1748 2201 1810 2243 ac
1860 2186 2078 2246 duobus

499 2269 766 2323 duntaxat
805 2285 990 2324 secum
1022 2272 1276 2340 sumptis,
1335 2273 1861 2344 Constantinopolim
1931 2278 2078 2331 navi-

498 2363 669 2428 gavit.
697 2361 772 2415 Eo
802 2377 924 2415 cum
968 2366 1324 2431 pervenisset,
1351 2365 1607 2434 exiguum
1641 2367 1910 2433 quoddam
1936 2380 2073 2421 tem-

501 2455 648 2523 plum
678 2455 955 2523 ingrcssus
982 2465 1082 2521 est,
1122 2456 1265 2511 haud
1295 2458 1480 2527 procul
1512 2473 1538 2511 a
1596 2459 1880 2514 domicilio
1912 2461 2073 2531 geni-

501 2561 776 2604 zarorum.
809 2546 922 2602 lloc
949 2549 1035 2602 ubi
1061 2549 1368 2603 nuntiatum
1426 2550 1660 2604 Sullano
1690 2550 1912 2618 Bajaziti
1944 2553 2075 2606 fuis-

500 2652 629 2705 set.
663 2642 826 2696 aliam
875 2642 926 2696 ei
985 2646 1206 2696 domum
1254 2642 1306 2696 in
1374 2645 1508 2697 urbe
1561 2644 1728 2714 jussit
1783 2649 2073 2716 assignari,

499 2751 690 2800 quam,
719 2745 969 2790 remotus
1004 2753 1032 2789 a
1067 2735 1356 2791 Genizaris
1416 2736 1769 2804 inhabitarct.
1822 2737 1879 2791 lu
1934 2740 2073 2793 lianc

502 2829 672 2901 igitur
706 2829 796 2900 ubi
837 2831 1276 2899 commigrasset,
1311 2829 1454 2884 bona
1510 2845 1635 2888 cum
1663 2830 1812 2884 renia
1868 2840 2072 2898 patrem

503 2918 685 2973 adiit:
727 2919 955 2988 ejusque
996 2935 1215 2974 manum
1241 2920 1615 2984 exosculatus,
1665 2923 1719 2974 in
1773 2921 2071 2990 hospitium

501 3027 664 3077 suum
689 3013 949 3067 reductus
973 3013 1095 3067 fuit.
1130 3011 1361 3067 Zecmen
1389 3011 1441 3066 id
1472 3012 1753 3089 temporis,
1787 3029 1949 3082 quam
1976 3015 2075 3068 mi-

500 3122 687 3160 norem
725 3115 942 3170 vocant,
980 3107 1232 3162 sultauus
1268 3105 1499 3163 Selimes
1551 3107 1867 3168 advenerat.
1904 3107 2072 3165 Cum-

501 3217 609 3266 que
674 3200 895 3270 prepins
969 3199 1495 3270 Constantinopolim
1556 3200 1860 3265 accederet,
1911 3211 2073 3269 atque

2184 2005 2428 2060 suissent
2466 2024 2481 2060 :
2518 2007 2819 2086 Quidquid,
2867 2013 2965 2074 ait,
3033 2013 3173 2080 patri
3235 2023 3290 2068 et
3349 2014 3526 2070 bassis
3586 2017 3766 2073 visum

2183 2093 2349 2150 fuerit
2383 2098 2673 2166 imperare.
2707 2111 2887 2163 ratum
2923 2114 3062 2160 esto.
3110 2102 3220 2160 Res
3267 2106 3417 2160 enim
3472 2107 3652 2162 adhuc
3706 2109 3765 2164 in

2181 2187 2423 2257 ipsorum
2457 2200 2723 2256 potestate
2761 2204 2896 2249 sunt
2924 2203 2978 2247 et
3010 2195 3270 2255 arbitrio.
3309 2195 3582 2253 Postridie
3615 2197 3768 2258 illius

2188 2279 2295 2330 diei
2329 2290 2546 2345 patrem
2585 2281 2816 2337 Selimes
2846 2283 3003 2350 adiit,
3036 2285 3197 2354 eique
3232 2303 3451 2341 manum
3481 2290 3767 2348 osculatus

2176 2375 2280 2419 est.
2309 2368 2444 2422 Tum
2481 2386 2847 2440 verosurgeus
2869 2385 3019 2443 pater
3046 2393 3060 2429 :
3093 2376 3323 2442 Accede,
3354 2377 3449 2443 (ili,
3475 2381 3572 2441 ait,
3601 2392 3767 2451 atque

2179 2457 2282 2511 lioc
2314 2459 2436 2528 loco
2465 2460 2595 2516 sede
2630 2480 2645 2527 ;
2675 2479 2797 2518 cum
2820 2481 3000 2519 rerum
3062 2466 3344 2535 dominus,
3399 2485 3487 2526 me
3541 2472 3763 2540 quidem

2178 2551 2454 2620 abdicato,
2497 2564 2551 2607 et
2589 2555 2885 2625 imperator
2912 2559 3089 2618 laetus
3128 2561 3228 2617 sis.
3253 2563 3334 2618 Ad
3373 2577 3436 2618 ea
3492 2563 3763 2621 Selimes:

2178 2639 2399 2698 Minime
2435 2659 2581 2710 vero,
2612 2649 2681 2700 mi
2721 2657 2894 2719 pater.
2920 2652 3122 2719 inquit.
3181 2651 3317 2708 Nam
3369 2656 3625 2724 equidem
3659 2657 3762 2712 do-

2184 2732 2342 2796 mini,
2375 2737 2664 2806 patrisque
2716 2742 2820 2794 mei
2848 2740 3088 2797 famulus
3112 2759 3233 2798 sum
3273 2764 3288 2799 :
3365 2760 3467 2800 nec
3527 2747 3765 2816 amplius

2177 2825 2476 2900 quidquam
2506 2829 2662 2897 petii,
2696 2846 2860 2900 quam
2888 2844 2947 2886 ut
2971 2835 3103 2887 milii
3127 2835 3325 2890 facient
3377 2847 3523 2890 tuam
3562 2838 3764 2893 intueri

2176 2898 2488 2973 ae'manum
2525 2920 2832 2976 deosculari
2860 2923 3064 2980 liceret.
3097 2926 3152 2980 Id
3176 2941 3301 2982 cum
3333 2928 3759 2997 impetraverim,

2177 3008 2313 3064 bona
2346 3024 2471 3066 cum
2505 3027 2637 3081 pace
2665 3023 2754 3068 tua
2784 3014 2937 3078 mibi,
2971 3014 3174 3072 famulo
3225 3027 3343 3082 tuo,
3405 3033 3552 3072 nunc
3607 3017 3766 3074 abire

2178 3101 2262 3160 fas
2314 3116 2453 3170 esto,
2486 3104 2636 3162 salva
2674 3106 2773 3160 tibi
2806 3121 2986 3161 rerum
3006 3109 3485 3164 administratione
3513 3125 3766 3181 prosper-

2185 3194 2339 3250 rima.
2373 3196 2639 3252 Sultanus
2669 3207 2851 3254 autem
2881 3189 3158 3270 Bajazites
3203 3199 3366 3264 :Fili,
3398 3201 3494 3264 ait,
3526 3210 3640 3256 toto
3671 3218 3768 3272 pe-

503 3264 718 3345 obviam
744 3264 792 3348 ei
819 3292 1059 3362 prodiret
1093 3294 1346 3355 sultanus
1398 3296 1662 3348 Corcutcs
1697 3294 1880 3359 frater,
1919 3291 2078 3359 equis
2106 3264 2150 3326 ο
2183 3298 2334 3345 ctore
2366 3299 2528 3360 atoue
2572 3292 2754 3345 animo
2815 3291 3104 3360 imperium
3156 3292 3254 3347 tibi
3320 3293 3611 3361 resignari.
3657 3292 3766 3352 Sed

500 3385 829 3447 insid-ntes.
852 3402 1046 3441 manus
1105 3386 1206 3439 sibi
1238 3397 1428 3441 mutuo
1457 3396 1841 3455 porrexerunt,
1874 3402 1934 3439 ac
1961 3402 2083 3456 per-

510 3489 757 3535 amanter
784 3479 877 3532 inti
901 3494 926 3531 r
950 3493 1010 3536 se
1038 3478 1290 3531 collocuti
1331 3488 1479 3534 sunt.
1514 3475 1650 3532 Hinc
1669 3478 1852 3533 urbem
1878 3478 2082 3544 ingres—

501 3588 598 3626 sus
626 3571 876 3634 Selimes,
905 3573 958 3625 in
997 3581 1152 3642 prato
1193 3572 1489 3639 genibaxeo
1512 3571 1742 3624 tentoria
1763 3570 1898 3635 llxit,
1920 3569 2086 3644 338

503 3665 742 3719 Corcute
770 3680 928 3720 suum
969 3666 1021 3718 in
1060 3665 1363 3732 hospitium
1423 3665 1708 3722 redeunte.
1755 3663 1893 3719 Tum
1952 3682 2082 3720 vero

503 3762 814 3832 congregati
834 3760 1115 3823 Genizari,
1134 3762 1319 3815 decem
1347 3777 1411 3814 ex
1432 3761 1580 3813 omni
1606 3776 1826 3814 suorum
1855 3752 2084 3816 numero

501 3853 772 3924 delegere,
823 3869 962 3924 quos
989 3857 1057 3908 ad
1095 3855 1286 3910 bassas
1317 3855 1617 3923 ablegatos,
1661 3853 1845 3907 dicere
1896 3853 2083 3920 jusse-

500 3955 669 4000 runt:
699 3961 996 4014 agnoscere
1028 3961 1088 4001 se
1111 3962 1209 4016 pro
1238 3947 1464 4001 domino
1499 3961 1600 4000 suo
1627 3945 1904 3998 sultanum
1940 3945 2084 3998 Seli-

506 4053 672 4104 mem,
703 4036 964 4108 Bajazitis
996 4035 1563 4107 itnperatoris'iilium.
1603 4035 1918 4105 Bajazitem,
1955 4050 2084 4104 pro-

502 4143 624 4199 pter
651 4133 933 4193 adversam
959 4129 1346 4193 valetudinem,
1366 4140 1421 4184 et
1438 4129 1862 4185 imbecillitatem
1891 4130 2081 4182 virium

503 4223 746 4293 nonjam
781 4222 1019 4292 amplius
1046 4224 1112 4275 ad
1139 4222 1278 4281 bella
1326 4223 1564 4289 gerenda
1618 4223 1838 4290 prodire
1901 4234 2079 4288 posse.

501 4315 873 4381 Quamobrem
903 4314 1280 4384 signiﬁcarent
1306 4315 1524 4370 sultauo
1553 4311 1774 4383 Bajaziti
1802 4311 1994 4377 b35523,
2025 4320 2086 4365 ut

502 4417 697 4475 sponte
750 4423 909 4462 suam
938 4423 1122 4468 rerum
1173 4407 1697 4463 administrationem
1760 4403 1945 4457 Solimi
2025 4404 2084 4456 li-

504 4504 578 4557 lio
603 4503 860 4556 traderet.
885 4499 939 4554 Id
972 4501 1076 4564 nisi
1106 4499 1280 4563 ﬁeret,
1322 4500 1376 4562 in
1407 4501 1555 4569 ipsos
1576 4512 1635 4552 se
1662 4496 2076 4562 animadversu-

2187 3371 2354 3436 nntim
2386 3383 2488 3436 hoc
2517 3383 2765 3448 consulo,
2792 3400 2857 3437 ne
2889 3384 3207 3454 sanguinem
3234 3385 3516 3440 innoxium
3544 3384 3766 3454 fundas,

2187 3488 2286 3527 nec
2323 3475 2596 3527 immerito
2618 3490 2952 3545 quemquam
3000 3475 3247 3535 occidas.
3280 3474 3378 3530 Cui
3418 3476 3587 3544 patris
3629 3492 3766 3532 con-

2186 3561 2314 3617 silio
2375 3578 2500 3618 cum
2551 3564 2780 3622 Selimes
2814 3582 2871 3620 se
2931 3565 3239 3637 pariturum
3298 3569 3660 3636 promisisset,
3707 3570 3765 3626 in

2188 3656 2402 3709 hortum
2433 3673 2636 3711 novum
2668 3658 2779 3713 sive
2817 3656 3161 3725 Genibaxen,
3193 3660 3260 3713 ad
3291 3663 3524 3715 tentoria
3573 3676 3672 3728 sua
3705 3679 3764 3716 se

2185 3749 2414 3815 recepit.
2449 3746 2747 3812 Postridie,
2780 3765 2994 3805 summo
3029 3751 3298 3816 diluculo,
3343 3768 3440 3821 pro
3504 3753 3765 3808 tribunali

2186 3838 2345 3903 sedit,
2381 3849 2433 3892 et
2465 3841 2718 3898 advocari
2781 3841 3171 3896 Genizarorum
3222 3857 3375 3911 agam
3424 3842 3626 3912 jussit;
3668 3845 3762 3914 qui

2186 3948 2312 3987 mox
2352 3937 2622 3988 universis
2657 3951 2779 3988 cum
2806 3934 3199 3991 Genizarorum
3237 3936 3412 4004 copiis
3461 3950 3644 3989 coram
3693 3950 3764 3990 eo

2186 4040 2245 4079 sc
2273 4026 2443 4082 stetit.
2473 4023 2560 4079 Ibi
2592 4035 2706 4080 tum
2745 4027 3084 4096 compellatis
3145 4027 3299 4094 ipsis,
3331 4026 3563 4081 Selimes
3601 4027 3766 4081 inter-

2188 4132 2401 4185 rogare,
2437 4132 2567 4170 num
2599 4133 2659 4170 se
2686 4118 2878 4171 vellent
2931 4118 3212 4172 dominum
3262 4129 3315 4172 et
3378 4119 3762 4187 imperatorem

2189 4211 2544 4279 agnoscere?
2574 4209 2803 4268 Cunctis
2851 4213 3184 4267 unanimiter
3215 4213 3671 4280 acclamantibus,
3707 4212 3762 4268 id

2187 4305 2418 4357 omnino
2449 4320 2508 4359 se
2543 4306 2680 4359 velle
2724 4309 2925 4372 facere,
2955 4320 3080 4360 mox
3131 4307 3326 4360 iterum
3388 4306 3618 4362 Selimes
3666 4321 3763 4362 eos

2189 4397 2474 4467 appellans
2510 4417 2523 4452 :
2562 4397 2619 4451 Si
2651 4399 2796 4467 quis,
2855 4398 2955 4462 ait,
3012 4399 3155 4456 inter
3199 4413 3299 4454 vos
3334 4397 3539 4468 aliquid
3590 4398 3765 4469 culpa:

2189 4490 2552 4554 commiserit,
2587 4507 2655 4547 an
2697 4505 2792 4559 per
2823 4506 2917 4547 vos
2954 4491 3088 4545 mibi
3118 4490 3322 4555 licebit.
3375 4500 3431 4546 ut
3478 4492 3628 4546 illum
3659 4507 3760 4561 pu-

505 4614 600 4652 r03
634 4616 647 4652 ;
673 4608 726 4650 ει
760 4605 1020 4664 praeterea
1053 4609 1150 4664 per
1172 4596 1278 4649 vim
1311 4593 1676 4653 collocaturos
1708 4588 1968 4644 Selimetn
2027 4589 2080 4642 in
2120 4614 2163 4669 ι)
2194 4584 2338 4635 niam
2367 4578 2627 4646 ?Licebit
2661 4598 2810 4650 vero,
2845 4585 3182 4640 sueclamant
3211 4597 3425 4640 omnes.
3446 4581 3586 4653 Ergo
3612 4585 3767 4638 dein-

508 4695 769 4748 thronum
790 4693 1020 4760 regium.
1041 4706 1107 4746 ac
1127 4689 1409 4744 dominum
1449 4698 1502 4741 et
1520 4686 1904 4753 imperatorem
1923 4695 2083 4738 suum

505 4785 897 4838 declaraturus.
931 4781 1054 4836 llaec
1072 4796 1198 4836 cum
1223 4781 1411 4841 decem
1458 4778 1531 4836 illi
1569 4777 1949 4842 genizarorum
2010 4771 2088 4827 le-

509 4881 545 4931 ti
578 4876 754 4933 bassis
783 4874 1192 4946 exposuissent,
1230 4874 1401 4927 bassm
1435 4885 1559 4926 eum
1584 4868 1649 4924 iis
1710 4867 1845 4936 ipsis
1896 4867 2084 4920 decem

510 4972 644 5025 siris
675 4971 951 5026 sititanum
1005 4966 1294 5035 Bajazitem
1353 4964 1624 5023 adierunt.
1688 4958 1737 5013 ls
1797 4956 2088 5013 intellectis

508 5078 698 5117 eorum
731 5061 1050 5131 postulatis,
1091 5074 1257 5128 quam
1291 5055 1512 5116 cuidem
1542 5053 1635 5107 diu
1665 5059 1947 5121 superstes
1970 5049 2089 5115 ipse

512 5156 676 5219 foret,
719 5154 1005 5224 imperium
1045 5167 1104 5206 se
1124 5140 1328 5206 nemini
1388 5147 1721 5206 traditurum
1781 5141 2086 5210 respondit.

510 5247 595 5305 Ad
613 5260 678 5301 ea
705 5259 998 5314 supremus
1031 5242 1199 5296 vezir.
1235 5240 1547 5309 Mnstaplias
1606 5237 1765 5290 bassa
1796 5251 1810 5289 :
1845 5232 1970 5298 Vale
1995 5233 2092 5301 igi-

514 5359 624 5405 tur,
662 5341 861 5407 inquit,
903 5339 1199 5405 imperator
1228 5333 1484 5388 maxime.
1517 5329 1648 5387 Nam
1688 5344 1834 5393 mox,
1866 5327 1956 5381 ubi
1991 5326 2088 5380 abs

516 5447 573 5492 te
602 5434 834 5505 digressi
866 5431 1155 5492 fuerimus,
1190 5428 1356 5481 vitam
1387 5426 1439 5478 lii
1473 5424 1632 5479 nobis
1662 5421 1922 5476 adiment.
1952 5419 2089 5482 Tum

512 5530 765 5586 sultauus
809 5545 822 5578 :
860 5523 1140 5593 Siquidem
1169 5521 1278 5589 jam
1306 5532 1404 5573 nos
1430 5516 1664 5586 imperio
1704 5528 1811 5574 non
1867 5511 2092 5566 abdica-

513 5624 778 5680 verimus.
807 5619 901 5685 ait,
936 5633 1001 5670 an
1034 5617 1272 5668 futurum
1302 5612 1523 5679 putatis,
1580 5607 1654 5662 uti
1687 5624 1788 5662 nos
1835 5623 1865 5660 e
1916 5605 2093 5658 medio

515 5711 757 5766 tollant?
790 5708 1010 5762 Minime
1043 5722 1189 5768 vero,
1224 5702 1522 5772 subjiciunt
1544 5700 1640 5763 illi,
1672 5698 1832 5749 vitam
1863 5695 2094 5763 eripient

520 5805 618 5856 tibi
655 5817 666 5855 :
709 5803 802 5857 sed
833 5801 1047 5870 injectis
1078 5798 1228 5852 uncis
1267 5795 1598 5864 siliculorum
1660 5803 1885 5843 suorum
1947 5788 2076 5840 vesti

525 5909 655 5968 tua),
682 5897 746 5954 dc
779 5898 971 5953 tltt‘otto
999 5890 1348 5963 imperatorio
1379 5895 1430 5944 te
1465 5887 1763 5943 ὡειιιιίιιιιιι.
1800 5883 1929 5948 QII-.0
1963 5896 2086 5936 Cum

2191 4690 2339 4740 ceps,
2372 4675 2610 4742 subjecit
2645 4673 2902 4741 Selimes,
2945 4676 3237 4746 imperium
3266 4691 3447 4731 meum
3508 4676 3765 4748 auspica-

2190 4765 2307 4820 bor.
2343 4765 2639 4831 Postridie,
2671 4783 2797 4822 cum
2826 4767 3121 4834 illuxisset,
3158 4767 3354 4823 eodem
3410 4769 3464 4822 in
3516 4767 3634 4822 loco
3666 4783 3765 4837 pro

2193 4858 2450 4912 tribunali
2492 4860 2763 4923 consedit,
2795 4859 3070 4912 veziribus
3095 4868 3148 4913 et
3173 4859 3348 4913 bassis
3378 4858 3635 4913 omnibus
3659 4858 3765 4912 buc

2192 4957 2259 5009 ad
2301 4953 2477 5021 ipsum
2508 4952 2989 5008 convenientibus.
3019 4950 3116 5007 lllo
3142 4950 3230 5006 die
3283 4950 3579 5021 quemdam
3616 4951 3767 5016 geni-

2195 5061 2407 5107 zarum,
2441 5046 2775 5114 quianream
2825 5044 2879 5098 in
2934 5047 3116 5114 capite
3169 5041 3413 5115 gestabat
3466 5042 3755 5105 uscullam,

2192 5141 2308 5196 sive
2343 5140 2564 5209 pilcum,
2593 5136 2982 5206 comprehendi
3035 5136 3225 5206 jussit,
3276 5142 3330 5190 et
3394 5133 3462 5189 ad
3516 5136 3766 5190 arborem

2195 5231 2487 5299 suspendi:
2517 5230 2753 5300 quodam
2777 5230 2943 5283 etiam
2975 5231 3043 5282 de
3099 5225 3472 5281 Ulofeziorum
3536 5241 3769 5282 numero

2196 5328 2374 5391 capite
2403 5332 2677 5375 truncato.
2702 5319 3004 5392 Genisarus
3028 5319 3118 5373 ille
3151 5327 3440 5387 propterea
3466 5317 3769 5385 suspendio

2197 5415 2446 5470 sublatus
2478 5429 2508 5468 e
2548 5413 2726 5480 medio
2744 5412 2872 5475 fuit,
2901 5411 3050 5480 quod
3082 5410 3283 5468 sultani
3339 5408 3618 5465 Acltmetis
3680 5422 3763 5462 so.

2196 5522 2288 5573 cer
2321 5514 2494 5560 esset.
2529 5504 2642 5572 Hoc
2694 5502 2855 5570 modo
2912 5519 3035 5572 cum
3086 5501 3189 5574 sibi
3233 5500 3484 5556 sultauus
3537 5498 3770 5554 Selimes

2197 5597 2482 5664 imperium
2515 5595 2916 5656 constituisset,
2944 5592 3206 5646 Corentes
3228 5605 3527 5646 conscensa
3552 5591 3771 5643 trireme

2197 5689 2514 5751 MillliSaaitl,
2562 5686 2824 5740 ditionem
2885 5700 3063 5750 suam,
3125 5683 3360 5752 repetiit.
3408 5679 3526 5735 Non
3580 5683 3767 5736 multis

2199 5780 2393 5833 diebus
2427 5776 2755 5847 intcrjectis,
2807 5773 3283 5842 Constantinopoli
3329 5771 3617 5826 discedens
3664 5770 3770 5823 li..-

2198 5874 2410 5942 jazitcs,
2446 5870 2782 5929 Dimotucum
2821 5867 2972 5926 abire
2993 5865 3283 5938 cogitabat.
3313 5865 3450 5923 Eum
3509 5865 3765 5921 sultanus
