4212 6288
343 357 454 425 ΘῖΩ

1602 373 1952 435 ANNALES
1985 376 2327 437 TURClCI.

3480 384 3591 446 6'0

342 474 572 529 Selimes
615 484 765 532 extra
824 487 1032 547 portam
1085 479 1690 553 lladrianopolilanam,
1747 486 1909 543 cilicii
1937 491 1986 552 Α
2013 487 2202 545 Tantis
2232 506 2355 546 cum
2389 489 2562 562 copiis
2614 492 2666 546 in
2703 487 2977 548 Parthiam
3011 493 3312 566 profectus,
3362 509 3585 555 manum

339 579 528 630 causa,
558 582 680 622 cum
712 570 1025 627 deduceret.
1059 573 1330 644 Bajazites
1363 593 1394 632 ο
1449 591 1614 634 curru
1647 592 1771 634 cum
1797 579 1909 634 lilio

340 656 678 727 colloquens,
713 661 780 716 de
803 665 985 720 inultis
1017 680 1140 720 eum
1191 671 1356 724 rebus
1416 669 1725 726 admonuit.
1780 670 1910 727 inde

342 762 530 804 mutuo
564 752 667 806 sibi
697 763 850 821 pater
879 765 1043 825 alque
1078 759 1222 813 filius
1241 760 1567 816 vaiedlxere.
1603 761 1710 818 Sed
1756 759 1913 833 Baja-

339 839 473 894 zites
502 843 604 898 boe
633 843 825 900 itinere
853 849 1064 905 delatus
1094 851 1147 905 in
1210 853 1390 907 vicum
1449 855 1764 924 quemdam,
1821 856 1908 909 cui

341 944 539 987 nomen
579 934 813 1005 Cltapse,
839 940 1007 993 vitam
1036 956 1159 996 cum
1194 952 1370 998 morte
1396 945 1778 1001 commutavit.
1807 945 1912 1002 Re—

342 1031 529 1080 vectus
557 1035 739 1082 autem
773 1044 800 1082 a
833 1031 949 1086 suis
982 1031 1545 1105 ConstantinOpolim,
1602 1038 1657 1092 in
1685 1039 1910 1109 templo,

338 1117 482 1184 quod
516 1118 632 1185 ipse
654 1129 1065 1184 construxerat.
1105 1128 1363 1182 conditus
1398 1128 1521 1183 fuit.

414 1206 726 1265 Secundum
755 1213 869 1268 haec
914 1215 1194 1284 profectus
1243 1227 1325 1274 est
1377 1219 1627 1277 sultauus
1683 1219 1913 1279 Selimes

342 1301 610 1359 universis
639 1318 764 1357 eum
792 1307 966 1376 copiis
998 1311 1054 1361 in
1106 1312 1450 1374 Anatoliam,
1511 1328 1749 1382 cumque
1798 1315 1912 1387 iam

342 1393 680 1460 pervenisset
700 1395 987 1466 Engurtm,
1021 1399 1218 1456 fratrer
1248 1401 1388 1470 ejus.
1416 1404 1666 1460 suitauus
1685 1406 1914 1463 Acbme-

342 1497 444 1551 tes,
480 1486 548 1542 ad
581 1488 715 1544 lines
739 1490 1005 1547 Arabicos
1047 1475 1311 1566 protug’it.
1341 1494 1497 1563 Quod
1567 1499 1658 1554 ubi
1686 1500 1915 1556 Selimes

338 1581 658 1647 accepisset,
688 1583 886 1640 itinere
915 1596 1147 1654 mutato,
1187 1587 1418 1646 Prusam
1457 1591 1621 1648 rediit
1660 1609 1677 1648 :
1731 1594 1918 1663 ibique

340 1672 683 1744 Muatapham
719 1675 961 1742 baasam,
991 1694 1116 1735 cum
1145 1681 1359 1750 aliquot
1420 1681 1651 1739 fratrum
1685 1700 1915 1742 suorum

341 1764 492 1827 liliis.
531 1769 865 1839 strangulari
885 1772 1125 1827 curavit.
1187 1771 1315 1829 Inde
1367 1773 1659 1835 Hauissam
1724 1785 1915 1833 contra

2013 597 2136 637 cum
2166 581 2382 637 lsmailu
2409 585 2612 639 scacbo
2641 598 2931 641 conserere
2971 585 3227 642 decrevit.
3251 583 3430 642 lsmail
3457 601 3586 641 vero

2014 673 2214 729 sultani
2281 673 2498 731 Selimis
2565 677 2814 733 instituto
2878 679 3118 747 cognito,
3182 693 3307 734 cum
3371 676 3590 732 Parthis

2014 765 2127 820 suis
2182 775 2236 821 et
2286 767 2400 836 ipse
2461 767 2601 822 boin
2660 769 2876 824 obviam
2938 770 3193 840 prodiit;
3242 785 3306 826 ac
3371 769 3587 825 tandem

2013 860 2323 927 congressis
2385 861 2436 914 in
2501 861 2728 930 pianitie
2787 863 3043 932 quadam,
3109 878 3229 932 qua:
3289 861 3590 918 Zalderana

2015 948 2238 1014 dicitur,
2305 954 2587 1022 utriusque
2640 954 2809 1024 partis
2867 956 3222 1019 exercitibus,
3271 971 3302 1010 a
3351 954 3593 1018 diluculo

2017 1040 2083 1094 ad
2115 1045 2604 1108 postmeridianum
2641 1062 2814 1114 usque
2847 1056 3061 1118 tempus
3087 1047 3415 1103 dimicatum-
3450 1046 3594 1101 inter

2016 1148 2110 1190 eos
2137 1133 2259 1190 fuit.
2299 1134 2531 1193 Istnailis
2562 1139 2745 1192 scacbi
2773 1154 3062 1208 supremus
3087 1138 3211 1198 belli
3243 1139 3378 1204 dux,
3433 1138 3596 1196 Usta’

2023 1225 2190 1282 aelvis
2249 1228 2392 1286 illius
2429 1273 2444 1295 ,
2508 1232 2793 1286 Anatolico
2872 1233 3030 1289 militi
3093 1233 3382 1303 oppositus
3440 1241 3595 1293 erat;

2019 1315 2300 1375 Romaniae
2326 1320 2514 1390 cupias
2560 1321 2793 1391 ipsemet
2822 1324 3055 1380 scacbus
3113 1323 3296 1384 lsmail
3351 1323 3454 1380 sibi
3504 1325 3600 1378 de-

2021 1409 2303 1467 bellandas
2364 1421 2690 1482 sumpserat.
2747 1412 2852 1470 Sed
2912 1416 3179 1476 Anatolite
3243 1415 3599 1486 heglerbegus

2020 1503 2156 1558 adeo
2188 1501 2402 1558 fortiter
2426 1502 2570 1559 hosti
2617 1507 2836 1571 restitit,
2891 1518 2951 1563 ut
3016 1507 3233 1564 tandem
3285 1507 3600 1566 Ustazelves

2019 1595 2381 1650 occideretur.
2422 1597 2501 1652 Ah
2541 1598 2709 1653 altero
2740 1614 2956 1669 quoque
3012 1601 3146 1656 aciei
3195 1599 3364 1656 latere
3389 1616 3599 1672 pugna-

2023 1693 2136 1740 tum
2196 1690 2454 1759 utrinque
2498 1698 2740 1757 strenue,
2779 1692 2951 1746 donec
2983 1693 3051 1746 ad
3099 1700 3409 1749 extremum
3457 1693 3600 1748 Cha-

2024 1793 2186 1834 sanes
2217 1781 2401 1845 bassa,
2455 1780 2738 1838 Romaniae
2788 1783 3163 1854 hegierbegus,
3211 1785 3598 1839 occumberet:

341 1860 1236 1934 ﬁ'atretn,suitanumCorcutem,
1272 1869 1438 1926 movit
1482 1887 1499 1928 :
1558 1869 1658 1926 sed
1707 1872 1756 1927 is
1815 1873 1916 1928 Te.
1948 1839 1994 1900 Β
2023 1839 2397 1928 Nihilominus
2436 1869 2650 1929 Thures
2701 1874 2812 1929 Alis
2857 1839 3085 1946 "begins",
3137 1839 3382 1930 ialcozii
3433 1876 3598 1938 ﬁlius,

339 1948 580 2007 hisnsem
620 1954 675 2008 in
711 1957 1048 2026 provinciam
1080 1959 1216 2016 abiit
1254 1977 1270 2017 :
1326 1976 1438 2032 quo
1497 1966 1738 2035 cognito,
1808 1968 1918 2036 pri-

342 2047 898 2117 mumejauitoribus
934 2051 1070 2112 suis.
1128 2068 1293 2122 quem
1347 2055 1589 2112 Azetuim
1643 2055 1916 2114 Casanam

339 2143 510 2206 Agam
534 2143 822 2209 vocabant,
856 2142 1081 2199 fratrem
1108 2158 1136 2198 a
1170 2152 1324 2217 temo
1348 2149 1602 2219 persequi
1631 2149 1821 2218 jussit.
1869 2151 1920 2206 ls

340 2230 585 2288 adhibita
613 2234 900 2306 diligentia
932 2237 1190 2305 maxima,
1236 2239 1452 2295 tandem
1480 2241 1629 2296 illum
1664 2244 1717 2297 in
1749 2259 1921 2314 specu

341 2329 579 2394 quodam
607 2327 989 2398 deprehendit,
1020 2339 1074 2384 et
1097 2332 1242 2399 cepit
1273 2345 1289 2384 :
1315 2333 1540 2402 jamque
1605 2344 1824 2404 captum
1855 2335 1920 2391 ad

341 2421 534 2474 herum
555 2435 719 2476 suum
738 2419 994 2477 Seiimem
1031 2423 1539 2490 adducens,obvios
1570 2427 1759 2482 habuit
1784 2445 1923 2483 nun-

340 2515 467 2572 tios.
495 2512 637 2582 apud
689 2513 948 2583 Oppidum
997 2512 1164 2584 339
1203 2513 1480 2585 Egrigos:
1543 2516 1636 2571 ubi
1686 2512 1806 2571 niox
1858 2519 1925 2573 de

344 2603 601 2658 mandato
631 2601 855 2659 Selimis
880 2602 1151 2660 Corcutes
1171 2605 1572 2674 strangulatus,
1604 2614 1659 2660 et
1687 2609 1928 2662 cadaver

341 2700 457 2768 ejus
487 2699 715 2757 Prusam
755 2709 995 2766 vectum,
1028 2700 1228 2756 ibidem
1292 2713 1648 2758 monumento
1675 2701 1778 2759 fuit
1811 2703 1928 2757 illa-

413 2887 551 2941 Cum
612 2895 794 2942 autem
857 2885 1108 2943 sultanus
1173 2888 1406 2944 Selimes
1466 2888 1630 2943 etiam
1695 2889 1927 2945 alterum

347 2975 572 3032 fratrem
619 2993 802 3043 suum,
866 2979 1143 3034 suitauum
1193 2978 1531 3043 Acbmetem,
1599 2993 1932 3048 magnopere

346 3079 569 3140 cuperet
592 3071 646 3126 in
697 3079 1022 3141 potestatem
1078 3072 1380 3136 redactum,
1439 3079 1559 3126 astu
1597 3072 1927 3141 excogitato,

347 3165 629 3218 bassarum
660 3171 713 3217 et
763 3163 1141 3232 genizarorum
1182 3162 1404 3218 nomine
1459 3162 1666 3220 litteras
1710 3164 1777 3218 ad
1804 3180 1928 3218 eum

343 3255 610 3324 perscribi
630 3255 819 3325 jussit,
855 3269 1088 3320 quarum
1118 3255 1422 3310 litterarum
1449 3255 1566 3311 hac
1621 3266 1739 3312 erat
1773 3271 1923 3316 sum-

345 3367 432 3405 ma
462 3371 475 3406 :
505 3353 796 3411 Sullanum
839 3349 1096 3407 Selimem
1133 3351 1428 3405 crudeliter
1464 3352 1518 3405 in
1551 3351 1794 3405 omnium
1822 3365 1922 3412 sae-

341 3446 461 3501 vire
497 3445 687 3499 vitam.
716 3445 792 3499 Ea
820 3444 888 3500 de
940 3457 1106 3498 causa
1141 3458 1201 3499 se
1223 3443 1336 3513 jam
1375 3449 1636 3512 pertaesos
1670 3457 1792 3498 esse
1822 3461 1926 3514 pu-

347 3538 587 3593 milionis
645 3537 826 3593 istius.
891 3533 1142 3591 Prodiret
1177 3536 1339 3591 modo
1389 3534 1704 3599 Acbmetes,
1771 3553 1835 3592 ac
1868 3554 1927 3593 se

345 3630 793 3699 conspiciendum
828 3629 1112 3700 praeberet,
1150 3643 1273 3683 mox
1310 3628 1358 3682 ei
1412 3638 1627 3699 captqu
1665 3629 1923 3685 Sclimem

345 3725 667 3780 tradituros.
741 3722 872 3778 Data
940 3737 1072 3776 vero
1132 3719 1234 3782 fuit
1285 3736 1475 3790 opera,
1543 3731 1604 3776 ut
1657 3721 1925 3795 ejusmodi

347 3823 656 3874 litterarum
688 3815 936 3883 exempla
963 3813 1034 3870 50
1063 3812 1143 3867 vel
1173 3811 1243 3867 60
1273 3813 1491 3868 sultano
1517 3813 1766 3868 Acbmeti
1804 3815 1927 3868 red-

347 3914 626 3964 derentur.
695 3905 881 3974 itaque
943 3917 1172 3960 numero
1251 3903 1555 3958 litterarqu
1620 3906 1923 3975 deceptus,

349 3999 616 4054 titlemcis
670 3997 882 4060 habuit,
930 4005 1142 4052 etcum
1212 3997 1386 4051 milite
1446 3995 1755 4064 Caramano
1810 4000 1926 4053 suis

345 4109 376 4145 ε
399 4090 621 4145 latebris
649 4090 700 4142 in
730 4097 977 4159 apertum
1013 4089 1236 4157 prodiit.
1272 4088 1555 4159 Quotquot
1588 4098 1747 4144 erant
1802 4105 1926 4145 cum

345 4197 412 4235 eo
449 4195 720 4250 proceres,
771 4182 912 4235 hanc
951 4178 1340 4250 profectionem
1404 4181 1819 4250 dissuadebant,
1875 4190 1927 4238 et

349 4274 590 4327 futurum
653 4273 871 4337 aiebant
927 4280 985 4327 ut
1050 4275 1556 4330 circumveniretur.
1617 4275 1722 4332 Sed
1786 4276 1927 4347 ipse,

349 4366 542 4421 litteris
569 4367 678 4421 illis
699 4366 954 4421 exhibitis
974 4380 1038 4420 ac
1063 4366 1349 4436 perlectis:
1376 4367 1597 4432 Demus,
1620 4367 1718 4430 ait.
1749 4384 1932 4423 exem-

350 4458 433 4525 pla
462 4454 650 4528 viginti
674 4457 866 4511 barum
897 4455 1203 4510 litterarum
1252 4469 1375 4510 esse
1410 4454 1544 4510 falsa
1569 4466 1625 4511 et
1652 4471 1928 4511 commen-

2024 1975 2132 2014 una
2157 1976 2280 2016 cum
2307 1960 2474 2016 fratre
2503 1979 2624 2029 suo,
2655 1973 2762 2018 tam
2789 1967 2984 2021 acriter
3018 1969 3120 2022 hoc
3156 1966 3343 2034 praelio
3369 1983 3427 2022 se
3473 1982 3601 2038 ges-

2025 2052 2117 2116 sit,
2173 2064 2232 2109 ut
2277 2055 2528 2112 hostibus
2589 2057 2856 2128 disjectis,
2905 2061 2970 2114 ad
3020 2058 3248 2116 lsmailis
3294 2059 3600 2118 scachive-

2022 2144 2211 2199 lilium
2238 2144 2556 2215 primarium
2612 2158 2953 2216 penetraret,
2990 2150 3201 2218 ipsique
3255 2151 3456 2210 scacbo
3489 2149 3604 2202 vul-

2024 2253 2128 2292 nus
2164 2237 2453 2309 inlligeret.
2485 2240 2681 2294 Verum
2710 2256 2738 2294 a
2767 2241 2952 2295 scacbi
3003 2240 3328 2299 satellitibus
3373 2251 3601 2312 uterque

2027 2340 2298 2387 mactatus
2323 2332 2541 2388 cecidit.
2570 2331 2684 2389 Sub
2717 2334 2924 2388 exitum
2979 2335 3084 2388 diei
3115 2333 3292 2391 fessus
3332 2334 3442 2404 jam
3479 2348 3603 2386 cum

2027 2425 2144 2478 suis
2167 2424 2464 2493 prmiiando
2495 2419 2750 2490 scacbus,
2781 2425 2926 2481 hosti
2956 2427 3142 2488 cessit,
3172 2437 3225 2482 et
3249 2426 3429 2496 fugam
3466 2425 3602 2479 arri-

2029 2515 2450 2584 puitzordaque
2477 2531 2600 2579 sua,
2635 2529 2759 2570 cum
2823 2517 3081 2571 ontnibus
3129 2517 3292 2572 rebus
3348 2531 3466 2585 qua;
3516 2518 3605 2571 illa

2029 2606 2474 2671 continebantur,
2503 2607 2674 2662 hostis
2725 2607 2955 2662 arbitrio
3006 2609 3216 2671 relicta,
3295 2605 3606 2668 ’[ebrisium

2031 2715 2091 2757 se
2117 2698 2342 2764 recepit.
2376 2696 2561 2766 itaque
2587 2696 2781 2764 Turcis
2817 2698 2949 2763 orda
2973 2699 3196 2754 schachi
3227 2699 3420 2770 praeda:
3481 2696 3605 2761 fuit,

2031 2791 2124 2859 qui
2153 2793 2315 2845 etiam
2348 2791 2401 2843 in
2432 2805 2494 2845 ea
2567 2800 2830 2861 ceperunt
2880 2806 3044 2845 unam
3079 2789 3146 2845 de
3200 2789 3383 2845 scaclti
3420 2789 3606 2844 uxori-

2036 2883 2160 2946 bus,
2191 2896 2316 2934 cum
2375 2892 2587 2936 cauerat
2647 2879 2931 2946 mulieres,
2991 2895 3116 2949 qua
3185 2881 3371 2935 illisiu
3412 2881 3612 2938 castris

2035 2971 2271 3036 fuerant,
2303 2972 2508 3043 pedites
2555 2986 2680 3027 cum
2738 2972 2954 3041 reiiquo
2994 2972 3319 3028 Parthorum
3366 2972 3620 3040 exercitu.

2035 3061 2343 3119 Tebrisium
2371 3065 2652 3119 abiissent.
2686 3061 2932 3120 Scachus
2954 3073 3161 3125 autem,
3198 3063 3388 3118 relicto
3413 3062 3608 3118 Tehri-

2037 3156 2140 3220 sio,
2169 3170 2291 3210 cum
2334 3169 2446 3210 non
2494 3168 2684 3224 magna
2741 3168 2965 3209 suorum
3000 3167 3165 3208 manu
3218 3151 3518 3209 Suftaniam
3550 3169 3610 3209 se

2032 3247 2282 3304 contulit.
2341 3246 2549 3302 Interea
2600 3246 2912 3302 Tebrisium
2963 3260 3284 3318 progressus
3347 3246 3602 3308 Selimes.

2028 3355 2221 3396 omnes
2268 3339 2420 3397 urbis
2469 3340 2728 3402 artillces,
2751 3353 2943 3394 omnes
2964 3339 3196 3396 eximios
3223 3338 3446 3407 opifices
3499 3342 3611 3394 col-

2027 3435 2227 3497 lectos.
2278 3432 2812 3501 Constantinopolim
2865 3432 3033 3488 misit.
3074 3431 3327 3501 Cumque
3357 3432 3449 3486 illa
3487 3430 3607 3486 hie-

2030 3542 2121 3583 me
2149 3527 2415 3597 cogitaret
2440 3526 2494 3579 in
2522 3524 2771 3588 hibernis
2816 3525 2884 3580 ad
2935 3522 3279 3595 Carabagum
3340 3524 3599 3580 subsiste-

2030 3635 2114 3685 re,
2146 3635 2257 3674 non
2285 3620 2390 3678 hoc
2416 3633 2540 3673 eum
2593 3615 2992 3682 tumultuantes
3047 3615 3229 3672 facere
3261 3618 3403 3686 passi
3458 3617 3614 3672 fuere

2030 3711 2293 3782 genizari.
2326 3711 2667 3781 Quapmpter
2723 3709 3007 3765 Amasiam
3064 3709 3291 3764 reducto
3344 3710 3607 3773 exercitu,

2031 3804 2232 3858 ibidem
2266 3802 2590 3866 hibernavit,
2637 3806 2740 3857 sub
2776 3802 2990 3857 initium
3017 3799 3224 3866 amatis
3275 3800 3610 3861 Camaciunu

2033 3900 2331 3967 proiectus,
2353 3914 2470 3952 eam
2498 3899 2776 3954 civitatem
2830 3896 3136 3966 occupavit.
3169 3895 3392 3950 Interim
3450 3895 3608 3949 Sina-

2033 4006 2158 4044 nem
2186 3991 2401 4044 bassam
2438 3990 2753 4043 eunuchum
2785 3989 2838 4042 in
2881 3987 3331 4056 Dulgadireusem
3390 3988 3607 4055 provin-

2035 4086 2171 4137 ciam
2201 4081 2491 4151 ablegavit,
2526 4081 2619 4151 qui
2666 4080 2859 4135 ducem
2911 4079 3034 4149 ejus
3087 4078 3324 4148 regionis
3375 4079 3609 4132 Aladeu-

2034 4177 2137 4230 lem
2171 4176 2312 4238 bello
2343 4176 2641 4228 inuaderet.
2672 4173 2721 4228 ls
2745 4171 3090 4240 Dulgadirem
3124 4173 3420 4238 ingressus,
3474 4171 3602 4225 Aia-

2033 4271 2248 4328 deulem
2275 4268 2500 4323 minime
2531 4271 2875 4323 resistentem
2900 4269 3042 4335 cepit
3078 4275 3133 4320 ct
3157 4267 3333 4335 capite
3384 4274 3606 4321 trunca-

2034 4367 2131 4428 vit,
2186 4377 2499 4434 quanquam
2568 4361 2660 4415 alii
2723 4361 2940 4429 tradant
2988 4354 3285 4429 suspendio
3349 4373 3601 4415 necatum

2038 4459 2225 4512 fuisse.
2258 4455 2526 4510 Ditionem
2577 4469 2705 4508 vero
2767 4455 3018 4509 sultanus
3065 4453 3294 4508 Sclimes
3341 4455 3423 4506 Ali
3477 4453 3612 4524 bngo

351 4549 505 4610 titia;
560 4564 687 4602 num
729 4547 870 4602 idem
921 4546 989 4603 de
1037 4547 1250 4603 ceteris
1303 4562 1520 4617 quoque
1578 4549 1920 4619 pronuntiari
1957 4562 2000 4618 ι)
2029 4549 2320 4612 cencessit,
2351 4545 2444 4616 qui
2476 4563 2538 4600 ex
2573 4545 2847 4598 Aladeuiis
2879 4544 3043 4599 fratre
3068 4554 3226 4599 natus
3256 4557 3393 4600 erat.

348 4641 596 4710 oportet?
627 4639 818 4710 Itaque
872 4652 1030 4698 suam
1083 4647 1307 4700 secutus
1362 4640 1698 4710 opinionem,
1743 4642 1926 4711 copias

350 4737 403 4786 in
443 4732 665 4787 fratrem
687 4732 865 4786 duxit.
893 4730 1031 4786 Cum
1063 4730 1119 4786 in
1149 4729 1435 4800 planitiem
1470 4734 1810 4801 pervenisset
1856 4729 1924 4788 ad

350 4824 626 4892 Eeapolim
655 4823 1016 4890 Caramaniae,
1071 4824 1141 4879 ab
1169 4823 1414 4878 exercitu
1445 4823 1647 4878 sultani
1704 4822 1928 4880 Selimis

351 4920 600 4982 obrutus,
637 4933 830 4987 parum
867 4932 992 4973 cum
1048 4915 1162 4971 suis
1192 4923 1415 4972 strenue
1451 4930 1564 4970 rem
1615 4916 1813 4985 gessit:
1866 4930 1930 4970 ac

353 5013 549 5074 victus,
593 5009 732 5078 fuga
765 5025 825 5064 se
876 5008 1059 5072 dedit;
1103 5010 1156 5062 in
1186 5023 1293 5077 qua
1320 5007 1445 5076 fuga
1477 5014 1670 5076 captus
1701 5008 1931 5060 Acinne-

353 5115 455 5167 tes,
487 5112 541 5157 et
579 5099 954 5171 strangulatus
981 5097 1114 5156 fuit:
1141 5097 1406 5155 Exstincti
1436 5101 1670 5154 cadaver
1700 5099 1926 5154 l‘rusam

354 5198 722 5263 deportatum,
747 5205 802 5248 et
824 5195 1022 5249 ibidem
1045 5194 1097 5247 in
1125 5201 1480 5247 monumento
1503 5193 1596 5248 iuit
1621 5193 1928 5250 conditum.

357 5287 478 5340 lianc
502 5297 680 5340 autem
725 5285 1038 5342 acciderunt
1063 5301 1206 5338 anno
1241 5284 1348 5340 9‘20
1373 5283 1524 5353 (Chr.
1552 5285 1735 5356 1515).

428 5376 689 5431 Sultanus
711 5393 840 5446 ergo
875 5378 1104 5433 Selimes
1152 5379 1264 5446 jam
1303 5377 1453 5432 solus
1488 5377 1717 5447 imperio
1780 5389 1930 5432 tran-

355 5469 527 5537 quillo
548 5469 766 5536 petitus,
793 5467 855 5522 ad
889 5467 1087 5522 bellum
1121 5467 1412 5534 gerendum
1467 5469 1725 5523 adversus
1760 5467 1929 5523 Isma-

360 5562 506 5622 ilcm,
533 5561 789 5615 schacum
816 5558 1164 5622 Parthorum,
1194 5574 1251 5613 se
1280 5560 1651 5627 comparavit:
1703 5568 1757 5613 et
1803 5575 1932 5615 cur-

357 5654 508 5708 ribus
549 5653 616 5706 ad
647 5653 886 5707 vehenda
927 5662 1214 5714 tormenta,
1277 5653 1594 5722 caelerisqne
1648 5653 1808 5707 rebus
1841 5668 1932 5708 ue-

361 5758 597 5799 ressaris
636 5743 956 5807 instructus,
979 5757 1168 5797 omnes
1197 5757 1330 5799 suos
1377 5743 1649 5798 exercitus
1695 5744 1928 5815 collegit,

363 5837 417 5890 in
450 5836 649 5906 quibus
675 5847 830 5894 erant
867 5835 1147 5894 hominum
1211 5834 1278 5892 ad
1311 5834 1704 5908 quadringenta
1737 5836 1926 5894 millia.

2106 4639 2223 4694 iloc
2260 4647 2512 4708 tempore
2547 4635 2812 4691 'Genizari
2867 4650 3090 4711 magnas
3132 4636 3365 4691 Amasiae
3421 4635 3613 4691 turbas

2030 4734 2359 4793 excitavere,
2389 4745 2512 4785 cum
2540 4730 2593 4781 in
2648 4728 2788 4782 Piris
2839 4727 3014 4782 bassaa
3042 4736 3222 4782 castra
3267 4744 3362 4796 per
3389 4729 3613 4782 seditio-

2032 4840 2153 4878 uem
2187 4826 2476 4877 irruerent.
2521 4823 2646 4876 Erat
2686 4830 2801 4876 tum
2836 4820 3034 4883 sultani
3082 4818 3301 4873 Sciimis
3333 4820 3608 4874 veziraze-

2034 4931 2172 4978 mes,
2201 4918 2487 4970 Acbmctcs
2531 4915 2712 4978 Ιιειεεε,
2752 4912 3018 4982 Ducagiui
3046 4913 3219 4966 filius:
3257 4929 3416 4982 quem
3470 4913 3611 4968 Seli-

2035 5025 2146 5063 mcs
2185 5006 2414 5060 interfici
2475 5006 2662 5075 jussit,
2717 5006 2910 5060 collata
2958 5004 3010 5058 in
3042 5019 3167 5060 eum
3225 5007 3405 5073 culpa,
3467 5008 3611 5075 quod

2033 5099 2262 5169 hujusce
2294 5099 2672 5167 genizurorum
2705 5096 2991 5152 seditionis
3020 5107 3076 5150 et
3128 5096 3384 5152 conscius
3417 5102 3470 5150 et
3518 5112 3615 5150 au—

2034 5203 2156 5246 ctor
2188 5191 2506 5250 exstitisset.
2562 5187 2698 5243 llinc
2753 5189 2969 5242 Amasis
3021 5188 3312 5244 discedens
3361 5185 3612 5252 Sciitnes,

2033 5281 2565 5352 Constantinopolim
2597 5281 2763 5343 abiit:
2791 5281 2879 5334 ubi
2899 5297 3156 5350 generum
3183 5297 3364 5342 suum,
3394 5280 3614 5336 Isclten-

2033 5373 2218 5429 dcrem
2274 5373 2664 5439 bassam,una_
2703 5387 2827 5427 cum
2885 5370 3152 5427 Tazisade
3206 5371 3609 5440 Cadilescbcro,

2035 5477 2091 5520 et
2149 5466 2263 5521 Bali
2322 5465 2491 5521 Graue
2545 5462 2795 5534 Seguane
2851 5466 3034 5527 bassa,
3086 5465 3357 5534 supplicio
3419 5466 3614 5535 capitis

2034 5557 2249 5621 aﬂccit;
2308 5556 2454 5627 quod
2501 5555 2650 5625 ipsos
2682 5560 2845 5610 etiam
2882 5557 3088 5611 diceret
3135 5558 3412 5610 Amasiani
3463 5559 3613 5626 geni-

2037 5665 2288 5704 zarorum
2348 5651 2610 5703 tumultus
2667 5659 2917 5703 :ltlclOIcs
2994 5649 3182 5704 fuisse.
3251 5648 3611 5718 Contigerant

2037 5744 2150 5798 lucc
2176 5759 2322 5799 anno
2347 5742 2454 5807 921
2482 5743 2629 5800 (Chr.
2659 5743 2844 5810 1514).

2109 5837 2418 5892 Secundum
2449 5837 2559 5893 haec
2587 5835 2828 5893 collectis
2879 5832 3112 5890 Seiimes
3138 5834 3392 5890 omnibus
3437 5832 3608 5903 copiis
