4218 6308
617 311 719 376 631

1894 329 2246 388 ANNALES
2282 334 2608 393 'I'Ullt’ZICl.

3756 343 3871 405 63?.

617 429 752 486 δηί-έ·
791 430 1258 498 (λυηκίδηίίιιουοιί
1294 437 1574 504 “Vill-$3005!
1600 440 1651 492 in
1681 441 2012 508 Attaloliam,
2060 460 2181 496 cum
2214 449 2260 503 Δ
2291 465 2412 502 reos
2465 449 2750 502 trucidari.
2806 448 3116 505 Secmulutn
3178 451 3292 506 btet:
3347 451 3871 510 Cudsiiuubarecum

617 522 842 574 alteram
872 538 931 575 se
964 533 1150 577 contra
1187 524 1415 582 Parthos
1440 532 1838 597 expeditionem
1870 535 2183 588 moliturum

615 609 913 664 simularet.
950 611 1021 666 De
1054 614 1154 667 bac
1205 615 1422 673 Sclimis
1467 620 1804 686 profectiOue
1853 625 2058 679 certior
2101 628 2186 679 fa-

614 709 735 756 ctus
762 699 1039 758 Cansaves
1077 706 1294 768 (ἕλω-ῖς.
1341 712 1590 764 sultanus
1645 714 1864 778 Aieairi,
1917 718 2184 770 maximo-

618 807 743 858 pere
766 808 890 845 cum
913 795 1029 849 suis
1073 800 1392 865 proecribus
1434 814 1486 856 et
1536 802 1848 859 Mantelucis
1901 809 2184 875 perturba-

614 895 722 947 lus,
748 887 950 939 coartis
979 889 1244 945 militibus
1265 894 1404 956 suis,
1431 907 1675 950 armatus
1695 897 1990 966 Chalepunt
2029 898 2182 953 adiit.

611 974 726 1038 Qua
762 993 818 1029 re
843 981 1059 1033 sultauo
1093 981 1276 1037 Seiimi
1312 986 1581 1051 nuntiato,
1612 990 1778 1043 misso
1811 990 2003 1044 itinere
2051 990 2179 1044 Par—

609 1069 854 1130 tttico,itt
886 1072 1161 1127 sultanum
1211 1076 1579 1132 Alcairensem
1627 1081 1812 1134 movit.
1879 1080 2010 1148 Ejus
2055 1098 2179 1136 cum

613 1163 745 1213 tines
805 1158 1093 1233 attigisset,
1150 1181 1214 1220 ac
1262 1171 1535 1223 sultanum
1591 1171 1731 1223 baud
1792 1175 2020 1242 impigre
2076 1174 2181 1228 sibi

608 1261 980 1305 occurrentem
1014 1259 1375 1324 conspiceret,
1451 1263 1604 1329 grati
1671 1279 1793 1316 cum
1857 1280 1921 1317 eo
1993 1266 2181 1328 pradio

607 1339 870 1406 conﬂixit,
934 1344 988 1398 in
1043 1360 1152 1414 quo
1192 1351 1441 1405 sultanus
1493 1353 1610 1421 ipse
1661 1355 1938 1408 Causast
1982 1355 2179 1410 (lauris

606 1446 777 1486 caesus
810 1433 928 1500 luit,
953 1439 1186 1508 ejusque
1214 1443 1381 1510 capite
1403 1443 1680 1512 tliSStpnlu:
1714 1445 1877 1517 35,0
1901 1446 2173 1516 fugerunt.

607 1524 734 1577 l‘ost
770 1525 911 1580 hanc
938 1543 1172 1596 pugnam
1226 1530 1454 1586 Selimcs
1479 1535 1652 1588 vietor
1677 1552 1869 1590 onmes
1917 1538 2176 1591 munitio-

604 1631 702 1668 nes
730 1625 782 1668 et
810 1632 981 1682 arces,
1025 1620 1078 1672 in
1111 1622 1309 1676 linibus
1345 1630 1504 1689 sitas,
1537 1629 1826 1688 occupavit
1878 1644 1892 1681 :
1927 1644 1991 1684 ac
2048 1646 2180 1698 pra:-

606 1703 760 1756 sidiis
817 1707 869 1758 in
922 1707 1165 1777 singulas
1218 1712 1509 1778 impositis,
1559 1713 1860 1783 Cbalepum
1912 1723 2173 1786 perrexit.

605 1792 677 1846 lbi
704 1811 826 1848 cum
851 1801 1028 1853 omnia
1054 1803 1287 1872 Citaiepo
1313 1807 1486 1858 vicina
1523 1807 1637 1861 loca
1668 1811 1750 1863 sui
1773 1810 1913 1878 juris
1932 1812 2173 1877 fecisSct,

607 1888 769 1953 t-cgos
793 1893 1079 1958 sangiacos
1125 1897 1412 1961 provinciae
1461 1899 1721 1967 praticcit.
1775 1904 2014 1971 ljbalepo
2069 1905 2176 1960 Da-

604 1995 847 2033 mascum
876 1984 1103 2042 abiit.et
1136 1989 1322 2041 urbem
1369 2004 1492 2043 cum
1541 1993 1689 2044 omni
1742 2008 1874 2057 agro
1922 1995 2172 2059 finitimo,

601 2087 812 2124 summa
835 2075 1110 2130 celeritate
1138 2093 1239 2130 suo
1283 2081 1513 2148 subjecit
1562 2083 1815 2153 imperio.
1868 2085 2170 2152 Mameluci,

600 2163 695 2227 qui
723 2173 776 2215 et
803 2163 1062 2228 Circassi,
1093 2167 1362 2221 Alt-airum
1388 2168 1512 2240 luga
1533 2171 1692 2228 delati
1715 2173 2170 2247 Tommambaim,

601 2255 693 2322 qui
761 2265 877 2309 erat
925 2257 975 2309 id
1043 2262 1301 2327 temporis
1365 2262 1466 2316 Ulu
1530 2265 1825 2334 Duvcidar,
1887 2273 2168 2328 sultanum

597 2358 874 2402 crearunt.
906 2349 967 2403 Et
999 2349 1097 2404 Ulu
1127 2351 1396 2408 Duveidar
1428 2358 1571 2426 apud
1615 2359 1764 2428 ipsos
1792 2365 2002 2430 primus
2055 2378 2172 2420 erat

599 2443 861 2509 dignitate
897 2451 1016 2510 post
1059 2444 1358 2500 sultauum.
1402 2447 1612 2503 Potitus
1666 2465 1843 2507 autem
1903 2455 2171 2512 Damasci.»

594 2533 845 2596 Seiimes,
908 2535 1165 2590 Siuanem
1217 2539 1431 2593 bassam
1500 2559 1624 2596 cum
1690 2547 1887 2601 selecta
1935 2549 2167 2604 militum

593 2643 754 2682 manu
786 2625 985 2682 Gazam
1043 2632 1326 2698 praemisit.
1368 2633 1590 2702 Aliquot
1627 2638 1751 2692 inde
1801 2641 1994 2696 diebus
2051 2647 2166 2696 ela-

591 2722 727 2786 psis.
765 2721 926 2774 etiam
962 2721 1080 2791 ipse
1128 2724 1343 2792 reliquo
1397 2741 1521 2780 cum
1570 2731 1811 2784 exercitu
1840 2738 2166 2790 subsecutus

590 2810 1012 2874 fuit,Alcairum
1047 2815 1331 2869 ducturus.
1366 2814 1442 2870 Ex
1477 2819 1643 2873 altera
1667 2833 1818 2890 parte
1843 2825 2163 2881 Damascum

591 2903 996 2961 Tommambais
1029 2905 1332 2963 lleliculem
1368 2907 1650 2975 Umeram,
1685 2914 1788 2968 hoc
1812 2927 1916 2981 est,
1948 2920 2163 2987 bcgler-

590 3000 781 3064 begun)
817 2997 1088 3061 Damasci,
1127 2998 1472 3054 Zamberdim
1507 3001 1768 3070 Casalitn,
1829 3023 1952 3062 cum
2012 3023 2166 3080 parte

2295 541 2573 609 profectus
2596 553 2698 611 est,
2727 542 2977 614 Cumque
3000 543 3102 598 sub
3162 560 3438 614 vesperam
3492 562 3557 600 eo
3612 547 3870 608 venisset,

2290 643 2505 687 noctem
2544 636 2689 690 illam
2742 636 2865 690 istic
2904 651 3124 690 manere
3184 636 3354 689 voluit
3411 651 3477 690 ac
3543 639 3872 707 vespertinis

2293 726 2550 794 precibus
2576 728 2630 780 in
2657 729 2770 783 Axa
2808 730 3053 791 messita,
3086 730 3375 784 nocturnis
3411 730 3465 783 in
3483 729 3637 785 cubei
3690 731 3871 788 Saba-

2291 833 2345 870 ra
2372 821 2627 887 perat-tis,
2656 823 2840 876 omnia
2893 823 3006 876 loca
3064 837 3218 876 saera
3280 823 3542 878 visitavit.
3598 824 3870 880 Postridie

2289 909 2432 962 circa
2493 912 2776 966 meridiem
2834 928 3088 966 reversus
3150 913 3217 967 ad
3277 915 3599 979 exercitum,
3663 914 3868 970 Gazam

2287 1004 2600 1057 contendit:
2634 1004 2724 1057 ubi
2783 1004 2951 1059 Sinan
2983 1006 3163 1064 bassa,
3213 1007 3418 1073 potitus
3471 1008 3870 1077 iusiguivicto—

2288 1096 2389 1156 ria,
2422 1109 2550 1148 suas
2571 1111 2693 1148 cum
2719 1096 2840 1165 ipso
2863 1099 3051 1165 copias
3083 1099 3386 1166 conjunxit.
3421 1099 3566 1154 Gaza
3621 1099 3872 1155 Bertble-

2289 1186 2499 1238 bemam
2552 1185 2850 1254 prolectus,
2911 1188 3002 1241 illo
3051 1205 3269 1256 quoque
3326 1190 3448 1245 loco
3499 1206 3686 1260 preces
3736 1209 3868 1246 suas

2284 1277 2574 1345 concepit:
2636 1280 2838 1346 quibus
2889 1280 3167 1341 absolutis.
3225 1284 3276 1334 iu
3331 1284 3576 1337 animum
3629 1284 3864 1349 induxit,

2284 1369 2558 1421 Alcairum
2587 1380 2790 1439 petere.
2823 1371 3090 1426 Pt'ttnilsil
3143 1390 3273 1438 ergo
3327 1375 3586 1430 Siuanem
3623 1377 3863 1438 bassam,

2283 1461 2375 1526 qui
2413 1462 2527 1513 suis
2561 1477 2684 1515 cum
2719 1467 2892 1530 copiis
2961 1468 3229 1532 reliquum
3291 1470 3596 1523 exercitum
3648 1481 3867 1524 antece-

2285 1549 2458 1604 deret.
2512 1550 2725 1621 Quippe
2752 1556 3210 1621 proliCISCt-udum
3241 1558 3320 1608 eis
3345 1573 3440 1625 per
3470 1558 3615 1612 illam
3670 1561 3866 1614 solitu-

2284 1639 2463 1692 dinem
2528 1654 2646 1695 erat
2682 1685 2697 1707 ,
2761 1662 2923 1712 quam
2979 1661 3105 1699 ante
3144 1647 3194 1699 id
3264 1653 3527 1718 temporis
3583 1668 3860 1724 nunquam

2213 1777 2252 1832 υ
2285 1743 2391 1784 tam
2422 1751 2746 1789 numerosus
2773 1741 3043 1791 exercitus
3076 1740 3385 1795 transierat.
3434 1743 3496 1794 Et
3531 1743 3689 1796 aliam
3725 1761 3864 1813 quu-

2283 1840 2389 1890 que
2419 1841 2640 1879 causam
2673 1829 2904 1882 habebat
2933 1848 3032 1884 cur
3080 1849 3205 1885 eum
3264 1835 3656 1900 pra-mitteret:
3712 1839 3860 1900 quod

2284 1928 2562 1971 vereretur
2583 1922 2815 1986 scilicet,
2844 1938 2908 1976 ne
2956 1926 2998 1976 si
3032 1931 3177 1977 tanta
3228 1926 3510 1981 homirnam
3567 1929 3863 1986 multitudo

2279 2009 2571 2075 etmjuucta
2624 2021 2892 2074 maneret,
2928 2012 3030 2067 iter
3061 2015 3192 2067 illud
3238 2030 3332 2082 per
3384 2018 3734 2072 solitudinem
3802 2035 3862 2078 se

2279 2109 2634 2168 susci'pturos
2659 2115 2940 2172 negarent,
2995 2116 3156 2174 atque
3189 2106 3295 2161 hoc
3328 2110 3489 2163 modo
3529 2111 3858 2166 dillluerent.

2280 2191 2575 2260 Sultauini,
2616 2196 2832 2263 quidem
2886 2196 2988 2250 hoc
3015 2199 3292 2253 desertum
3355 2217 3572 2268 semper
3625 2203 3864 2256 antehac

2275 2301 2372 2354 pro
2397 2287 2547 2342 urbis
2570 2290 2873 2344 Alcairaute
2922 2294 3330 2362 propugnaculo
3385 2296 3622 2364 quodam
3653 2299 3861 2352 habue-

2277 2387 2420 2430 rant.
2480 2376 2672 2432 Verum
2728 2381 2978 2436 suitauus
3027 2383 3258 2438 Selimes
3311 2385 3480 2451 jacta,
3527 2390 3670 2454 quod
3721 2391 3860 2440 dici—

2276 2478 2383 2532 tur,
2434 2471 2572 2528 alea.
2637 2473 2872 2524 militem
2941 2474 3416 2529 cohortationibus
3469 2479 3734 2532 animosis
3789 2479 3859 2532 ad

2273 2562 2671 2631 capescendum
2701 2562 2804 2616 hoc
2836 2563 2936 2616 iter
2961 2565 3195 2632 impulit.
3225 2563 3325 2621 Ubi
3372 2577 3592 2620 ventum
3638 2570 3706 2620 ad
3740 2570 3853 2636 pti-

2273 2672 2359 2710 tua
2387 2667 2564 2709 castra
2590 2655 2807 2716 fuisset,
2839 2657 2891 2708 in
2941 2671 3098 2724 pago,
3142 2659 3233 2724 qui
3287 2657 3445 2712 Deire
3476 2672 3721 2723 voratur,
3756 2676 3858 2715 ve-

2272 2750 2437 2801 zirem
2487 2763 2671 2811 suum,
2734 2747 3063 2802 Chuseinem
3107 2750 3343 2812 bassam,
3393 2753 3621 2808 interﬁci
3652 2754 3853 2823 jussit,

2271 2839 2413 2910 quod
2442 2839 2646 2894 dixisse
2678 2841 3088 2910 perbiberetur,
3140 2859 3254 2897 non
3315 2853 3516 2897 temere
3569 2862 3668 2915 per
3710 2847 3858 2916 ejus-

2270 2934 2414 2986 modi
2445 2935 2818 2996 solitudinem,
2848 2941 3001 2987 tanto
3031 2949 3152 2986 cum
3179 2938 3442 3000 exercitu,
3499 2938 3858 3004 proﬁciscen-

2269 3028 2419 3080 dum.
2449 3028 2625 3094 Atque
2665 3027 2764 3079 hoc
2801 3027 2961 3078 modo
3016 3027 3368 3082 solitudinem
3421 3030 3705 3096 ingressus
3747 3043 3857 3093 est,

590 3092 674 3146 sui
707 3093 983 3147 exercitus
1035 3094 1281 3146 miserat.
1315 3093 1365 3147 Is
1414 3111 1537 3148 cum
1595 3112 1623 3149 a
1655 3098 1798 3152 Gaza
1859 3116 2024 3170 pr0pe
2060 3105 2164 3167 iam
2193 3111 2237 3174 ς

2193 3111 2237 3174 C
2271 3134 2394 3187 qua:
2448 3119 2598 3171 arida
2650 3133 2900 3187 prorsus,
2967 3118 3123 3187 aquis
3177 3119 3513 3174 destituitur.
3579 3123 3715 3175 Cum
3785 3125 3855 3178 ds

589 3189 823 3250 abesset,
855 3189 1019 3241 etiam
1050 3189 1216 3241 Snan
1255 3189 1414 3243 bassa
1447 3191 1685 3244 llemlem
1719 3196 1959 3262 advenit,
1992 3213 2166 3267 eoque

592 3288 710 3333 mro
738 3296 915 3335 castra
953 3293 1190 3335 metatus
1247 3293 1352 3336 est.
1420 3284 1667 3354 Cumque
1726 3290 1929 3344 certior
1987 3290 2165 3347 factus

593 3375 808 3428 fuisset.
865 3389 988 3427 esse
1039 3375 1278 3428 Gasalim
1339 3390 1463 3428 cum
1525 3380 1768 3433 exercitu
1828 3381 1880 3432 in
1942 3383 2161 3446 vicinia,

589 3478 754 3522 noctu
815 3467 1079 3520 militibus
1138 3466 1342 3521 indicta
1409 3470 1769 3536 profectione,
1840 3485 1984 3528 tanta
2040 3493 2162 3528 cum

592 3560 975 3628 properatione
1024 3561 1088 3614 ad
1138 3560 1353 3614 hostem
1383 3564 1638 3627 arcessit,
1696 3576 1750 3617 ut
1815 3566 1987 3633 prima
2038 3581 2162 3620 cum

594 3660 711 3706 luce
739 3652 954 3707 Gasalis
984 3653 1170 3722 copias
1215 3663 1520 3714 assecutus,
1575 3670 1681 3707 non
1713 3656 1874 3710 modo
1907 3674 2029 3712 cum
2087 3661 2166 3713 t-is

592 3744 940 3812 conﬂigeret:
984 3760 1168 3797 verum
1228 3746 1390 3798 etiam
1443 3747 1666 3799 violet-ia
1716 3751 2000 3817 potiretur,
2055 3766 2166 3804 nia-

591 3853 864 3908 suumquo
890 3835 1315 3890 Mamclucorum
1375 3839 1490 3891 sive
1533 3840 1911 3895 (lineassoruau
1975 3860 2165 3897 nume-

592 3944 712 3984 rum
744 3928 1112 3983 internecione
1161 3929 1390 3993 deleret,
1450 3932 1834 3996 superstitibus
1873 3933 1994 4002 fuga
2027 3935 2162 3987 dila-

593 4023 722 4088 psis,
754 4031 808 4075 et
837 4021 889 4075 in
923 4021 1242 4076 solitudines
1273 4022 1487 4075 i|!orum
1523 4024 1763 4077 locorum
1800 4037 1970 4079 Semet
2027 4029 2160 4081 rcci-

592 4115 884 4186 pientibus.
938 4113 1149 4178 Quibus
1203 4116 1367 4169 rebus
1416 4116 1627 4184 gestis,
1683 4117 1888 4185 placuit
1950 4119 2164 4175 sultano

592 4207 776 4260 Solimi
811 4206 1039 4273 legatum
1067 4207 1131 4257 ad
1165 4202 1598 4261 Tommambaim
1660 4211 1897 4267 mittere.
1956 4212 2164 4282 Quippe

592 4302 946 4353 domesticum
975 4300 1265 4370 quemdam
1292 4301 1544 4367 habebat,
1574 4307 1794 4360 natione
1821 4306 2160 4372 Cit-cassum,

592 4409 754 4455 quem
785 4392 944 4461 volgo
997 4391 1259 4446 .‘llurateru
1319 4392 1630 4450 Circassum
1689 4401 2053 4468 appellabant.
2114 4404 2163 4455 ls

590 4484 657 4540 ad
690 4483 961 4538 sultanuui
996 4484 1074 4536 ire
1116 4486 1325 4553 jussus,
1390 4486 1682 4553 impetrare
1726 4509 1832 4544 non
1887 4496 2068 4561 potuit
2109 4508 2166 4550 ut

590 4595 618 4627 a
677 4575 1053 4631 Tonttuambai
1102 4580 1179 4632 vel
1229 4579 1282 4632 in
1349 4595 1702 4650 conspectum
1763 4585 2164 4652 admitteretur,

593 4669 672 4722 vel
702 4671 1015 4722 audiretur:
1054 4670 1303 4738 adeoque
1326 4688 1448 4724 cum
1484 4675 1550 4727 iis
1589 4689 1729 4739 quos
1755 4675 1965 4729 itineris
2000 4679 2166 4730 couti-

595 4774 673 4816 tes
725 4777 913 4815 secum
981 4764 1304 4824 adduxerat,
1362 4765 1521 4827 jussu
1587 4765 1993 4823 Tommambats
2066 4769 2170 4822 luit

593 4852 934 4908 interfectus.
970 4857 1084 4917 Qua
1119 4855 1274 4921 legali
1317 4855 1400 4907 sui
1452 4857 1600 4908 czcde
1652 4867 1949 4925 comperta,
2005 4861 2168 4913 motis

594 4942 823 5001 Scliutes
854 4948 1048 5002 castris
1083 4947 1323 5000 ιὶιειιιιυιιι
1355 4948 1529 5016 petiit.
1560 4947 1636 5001 Eo
1659 4967 1779 5005 cum
1812 4952 2167 5018 pervenisset,

594 5039 955 5109 signiﬁcatum
990 5040 1064 5092 tlii
1092 5039 1190 5092 fuit
1216 5041 1365 5093 cives
1400 5040 1712 5095 llemlcuses
1765 5043 1815 5094 id
1880 5047 2165 5112 temporis,

593 5146 705 5196 quo
735 5132 901 5186 Siuau
931 5131 1088 5185 bassa
1125 5130 1314 5185 lle-rule
1382 5142 1650 5186 nocturno
1707 5133 1900 5187 itinere
1967 5135 2170 5190 disces—

594 5235 741 5280 serat
806 5236 862 5279 ut
915 5224 1231 5279 Zambcrdis
1305 5224 1514 5278 Casalts
1569 5227 1756 5294 cupias
1813 5228 2168 5292 adoriretur,

597 5318 868 5385 sparsisse
928 5332 1206 5370 rumorem
1276 5317 1343 5371 de
1422 5318 1541 5386 luga
1606 5319 2073 5375 Osmanicorum;
2119 5337 2174 5376 et

594 5419 865 5479 quotquot
905 5409 958 5461 in
1013 5407 1211 5461 castris
1267 5406 1486 5462 Sinonis
1545 5409 1718 5466 bassaa
1776 5425 2174 5470 remamseraut

600 5517 706 5553 uou
731 5501 906 5557 solum
939 5512 1228 5564 mactasse,
1258 5517 1442 5554 verum
1473 5501 1633 5555 etiam
1666 5504 1970 5558 occisorum
2012 5509 2172 5558 cada-

593 5607 721 5647 vera
771 5594 974 5662 passim
1032 5594 1085 5645 iu
1121 5605 1310 5660 puteos
1344 5605 1396 5646 et
1446 5597 1618 5648 lossas
1679 5596 1997 5663 projectssc.
2054 5603 2171 5663 Quo

603 5685 972 5742 Retulcttsium
1005 5687 1280 5741 intellecto
1312 5691 1574 5746 lautiore,
1601 5688 1830 5744 Selitncs
1863 5699 1913 5742 ct
1943 5706 2167 5756 congre—

607 5779 722 5849 gati
782 5779 944 5847 jussit
996 5782 1314 5851 oppidanos.
1379 5797 1426 5835 et
1512 5798 1702 5837 omnes
1750 5785 1893 5837 tibus
1954 5785 2173 5839 sceleris

2269 3213 2356 3263 die
2402 3211 2455 3262 iu
2505 3211 2649 3263 diem
2699 3211 3114 3277 pIOgredeI-etur
3169 3212 3421 3276 ulterius,
3483 3214 3685 3282 placuit
3742 3215 3856 3270 Deo

2271 3302 2450 3370 largiri
2479 3303 2716 3369 pluviam
2747 3317 2759 3352 τ
2785 3315 2897 3368 quo
2950 3303 3150 3354 factum
3185 3312 3245 3356 ut
3296 3303 3562 3359 universa
3617 3306 3722 3360 illa:
3751 3322 3851 3361 co-

2271 3394 2370 3459 piae
2400 3392 2546 3445 nulla
2604 3402 2983 3458 premerentur
3036 3406 3192 3458 aqua:
3235 3394 3481 3459 penuria.
3541 3394 3640 3448 libi
3694 3397 3856 3449 Salu-

2269 3484 2465 3551 cbigen
2507 3493 2827 3550 perventum
2901 3481 3115 3542 luisset,
3162 3483 3273 3549 jam
3330 3485 3576 3540 vicerant
3621 3488 3851 3553 scilicet,

2268 3579 2522 3634 superata
2585 3570 2901 3624 solitudine.
2972 3569 3320 3641 Quapropter
3400 3577 3641 3630 oneratis
3702 3593 3845 3648 aqua

2270 3662 2488 3729 potabili
2543 3661 2826 3726 iumentis,
2887 3662 3163 3716 Alcairutu
3224 3679 3600 3731 perrexerunt.
3641 3669 3852 3727 Interea

2269 3753 2676 3806 'l'ommambais
2707 3752 3198 3818 Alcairisultanus,
3237 3755 3354 3808 suis
3400 3767 3455 3811 et
3502 3758 3617 3827 ipse
3676 3764 3854 3831 copiis

2270 3852 2591 3917 instructus,
2620 3869 2687 3904 ex
2732 3853 2867 3906 urbe
2909 3853 3135 3906 militem
3189 3854 3410 3908 eduxit:
3460 3869 3637 3925 eoque
3687 3859 3856 3911 modo

2269 3956 2444 3997 castra
2474 3955 2731 4010 metatus,
2763 3956 2819 3996 ut
2848 3947 3037 3998 urbem
3085 3962 3112 3998 a
3143 3954 3296 4012 tergo
3350 3947 3599 4012 haberet,
3649 3948 3852 4004 ibidem

2268 4037 2533 4091 substitit.
2565 4035 2827 4099 Cocgerat
2858 4039 3002 4089 enim
3052 4038 3351 4091 maximum
3408 4042 3736 4105 exercitum,
3795 4043 3852 4094 iu

2266 4146 2376 4195 quo
2433 4127 2739 4182 militabant
2788 4126 3100 4197 Albiopes,
3153 4146 3275 4184 cum
3343 4130 3466 4185 aliis
3516 4134 3850 4187 nationibus.

2269 4221 2581 4273 'i‘--rmeutis
2605 4221 2767 4273 etiam
2819 4221 3028 4276 bellicis
3087 4237 3150 4274 ea
3202 4224 3600 4278 cummuuicrat
3632 4227 3852 4293 itinera,

2269 4315 2469 4382 quibus
2497 4315 2667 4368 hostis
2699 4322 2961 4368 venturus
3015 4316 3462 4382 exspectabatur.
3512 4317 3618 4372 Sed
3673 4331 3856 4373 trans-

2273 4409 2391 4474 luga
2410 4406 2627 4475 quidam
2666 4420 2732 4459 ex
2755 4406 2954 4460 castris
2983 4405 3156 4475 ipsius
3185 4407 3250 4460 ad
3277 4407 3554 4462 sultanum
3587 4407 3852 4469 Selitnetu

2273 4517 2331 4552 se
2361 4499 2612 4561 contulit,
2647 4498 2809 4566 eique
2837 4498 3065 4552 consilia
3096 4508 3149 4560 et
3183 4498 3410 4554 insidias
3439 4499 3674 4553 hostium
3703 4501 3857 4558 dcte-

2279 4587 2608 4655 xit.Quibus
2645 4588 2875 4644 Selimes
2927 4590 3183 4659 cognitis,
3249 4591 3466 4645 diverso
3506 4592 3701 4648 itinere
3761 4609 3856 4648 co-

2276 4684 2391 4750 pias
2419 4682 2696 4737 Alcairum
2731 4683 2907 4737 duxit.
2940 4684 3067 4738 Hac
3096 4693 3245 4752 gesta
3308 4684 3528 4740 fuerunt
3556 4700 3701 4741 anno
3745 4685 3857 4743 922

2275 4775 2424 4842 (Chr.
2468 4774 2654 4829 15w).

2346 4864 2444 4919 hic
2473 4865 2542 4918 ‘28
2581 4865 2784 4919 mensis
2824 4864 3098 4937 Silchizis,
3149 4879 3273 4921 ante
3308 4869 3619 4937 prandium,
3662 4870 3855 4940 ingens

2274 4968 2326 5010 et
2389 4968 2674 5011 cruentum
2729 4957 2975 5027 pt'arlium
3033 4961 3388 5014 commissum
3451 4963 3575 5028 luit,
3633 4979 3742 5033 quo
3796 4966 3852 5018 in

2277 5049 2464 5116 praelio
2495 5048 2662 5102 Siuau
2702 5052 2880 5109 bassa.
2915 5064 3089 5104 caesus
3125 5052 3178 5102 iu
3216 5052 3408 5105 dextro
3460 5070 3652 5117 cornu,
3686 5070 3853 5109 oecu-

2276 5139 2413 5193 buit.
2441 5139 2678 5192 Tandem
2743 5151 2928 5194 tamen
2988 5139 3296 5205 Mameluci,
3329 5143 3420 5210 qui
3481 5155 3535 5197 et
3585 5144 3848 5208 Circassi,

2275 5230 2520 5298 dissipati
2602 5231 3024 5300 pi'olligatique,
3108 5233 3304 5299 partim
3366 5249 3554 5288 versus
3616 5249 3850 5296 montes.

2275 5326 2472 5392 partim
2506 5323 2558 5376 iu
2614 5323 2988 5386 solitudinem,
3043 5327 3240 5392 partim
3307 5327 3372 5378 ad
3433 5327 3606 5394 ipsum
3665 5329 3851 5383 urbem

2277 5415 2591 5483 profugere.
2630 5413 2828 5468 Verum
2866 5417 2954 5468 ubi
3011 5430 3130 5467 mox
3183 5416 3467 5470 Selimiaui
3523 5420 3728 5473 milites
3762 5437 3854 5472 ur—

2278 5510 2398 5557 bem
2426 5517 2810 5573 occupassent,
2866 5508 3105 5573 reliquite
3147 5507 3524 5563 Circassorum
3567 5524 3618 5564 et
3654 5511 3854 5564 Mame—

2280 5601 2549 5663 lut'orum,
2613 5602 2745 5657 urbe
2800 5600 3036 5664 deserta,
3101 5601 3151 5652 in
3212 5602 3485 5669 regionem
3547 5604 3850 5662 Saiteusertt

2279 5709 2335 5746 si:
2397 5710 2666 5761 recepere.
2727 5694 2956 5746 Sclimes
3007 5704 3226 5762 propter
3282 5696 3489 5760 urbem,
3553 5701 3620 5750 ad
3670 5698 3850 5750 Nilum

2277 5787 2524 5840 mtuum.
2591 5789 2785 5840 castris
2843 5787 3019 5840 locum
3063 5789 3238 5855 t‘cpil;
3290 5807 3397 5858 quo
3444 5793 3496 5843 in
3547 5793 3666 5844 loco
3721 5791 3852 5845 dum
