4218 6308
484 366 591 429 635

1748 370 2106 431 ANNAI.ES
2149 375 2482 434 TURCiCi.

3640 362 3748 424 636

482 478 634 542 fecti,
670 494 795 533 cum
836 495 945 550 quo
977 496 1064 535 res
1099 493 1285 538 essent
1315 483 1433 539 loco
1486 497 1796 551 cernerent,
1852 487 2052 541 litteris
2087 511 2135 569 Α
2164 490 2306 542 unde
2357 504 2464 542 non
2501 504 2700 557 magno
2730 500 2795 541 es
2832 484 3117 539 intervallo
3144 484 3195 537 in
3250 482 3501 536 Rhodum
3560 491 3745 534 trans—

481 582 536 625 et
582 572 686 641 ipsi
724 573 1062 644 perscriptis.
1100 578 1414 646 praefectum
1452 577 1825 647 ispachiorum
1868 580 1933 633 ad
1960 582 2062 633 So-

483 661 774 720 leitnanem
834 665 1123 722 Manissam
1170 667 1527 737 ablegarunt,
1575 668 1969 737 signiﬁcantes,
2005 681 2064 723 ιιι

487 756 694 823 absque
726 772 875 812 mora
928 759 1139 814 veniret
1195 763 1516 831 priusquam
1573 762 1640 814 de
1686 763 1859 831 patris
1911 764 2063 816 obitu

483 851 725 918 genizari
762 853 1052 923 exterique
1104 854 1280 909 Porta:
1334 856 1559 919 milites.
1600 857 1854 923 quiddam
1901 857 2058 911 inau-

480 941 713 1004 dissens,
748 956 815 996 ne
851 943 992 998 finde
1034 944 1299 1013 direptam
1337 947 1528 1001 urbem
1579 947 1794 1001 excidio
1845 946 2057 1001 darent.

484 1032 671 1101 itaque
708 1033 1067 1101 Soleimanes.
1116 1053 1173 1092 re
1213 1046 1322 1093 tota
1376 1039 1594 1108 penitus
1631 1041 1874 1108 cognita,
1924 1055 2061 1095 cono

485 1123 666 1178 festim
700 1138 871 1181 semet
915 1129 1154 1185 accinxit
1193 1130 1373 1185 itineri
1415 1150 1427 1183 :
1466 1146 1565 1185 nec
1598 1130 1702 1185 ulla
1741 1132 1823 1186 vel
1870 1143 2057 1199 noctu,

487 1215 571 1268 vel
622 1216 863 1273 interdiu
910 1221 1101 1289 quiete
1156 1223 1501 1291 interposita.
1555 1224 1804 1291 pervenit
1842 1222 2060 1279 lseoda-

482 1320 599 1358 ram
643 1324 672 1360 e
708 1308 933 1378 regione
981 1313 1489 1381 Constantinopolis
1546 1314 1729 1369 sitam.
1793 1314 1907 1369 Hoc
1957 1313 2062 1369 loci

482 1393 738 1453 tribunus
780 1398 1166 1468 'genizarorum
1202 1404 1269 1458 ad
1295 1404 1472 1472 ipsum
1516 1406 1684 1468 venit,
1712 1422 1821 1474 quo
1853 1406 2062 1460 -eomite

486 1486 761 1541 triremem
826 1488 1131 1559 ingressus,
1163 1493 1690 1565 Constantinopolim
1742 1496 2056 1565 transiecit,

484 1576 540 1630 in
596 1593 888 1636 occursum
954 1585 1353 1653 prodeuntibus
1427 1588 1701 1659 genizaris
1766 1586 2057 1643 universis.

487 1669 529 1721 Ε
576 1672 785 1728 triremi
829 1687 955 1730 cum
1020 1678 1429 1744 esscendisset,
1480 1680 1861 1749 genizarorum
1922 1695 2057 1750 aga,

484 1778 619 1821 suos
654 1768 994 1837 compellans
1033 1772 1322 1839 genisaros
1357 1790 1371 1826 :
1407 1771 1505 1828 Hic
1550 1773 1807 1827 dominus
1854 1782 2055 1839 vester,

2161 580 2379 649 jicitur.
2445 580 2632 649 itaque
2686 577 2953 636 militibus
2990 576 3117 632 hinc
3152 576 3206 629 in
3258 574 3509 627 lihodum
3561 583 3746 626 trans-

2168 674 2422 739 portatis.
2459 672 2680 727 tandem
2723 679 2776 725 et
2810 674 2927 740 ipse
2961 684 3062 724 suo
3110 683 3234 732 cun)
3265 667 3530 720 comitatu
3565 675 3747 718 trans-

2166 775 2356 817 vectus
2397 765 2451 817 in
2494 764 2754 828 insulam,
2800 763 2951 837 gravi
2986 762 3177 815 urbem
3214 760 3505 817 obsidione
3548 759 3744 811 cinxit.

2163 854 2387 910 Obsessi
2418 856 2726 911 Christiani
2774 869 2963 909 muros
3001 855 3199 925 pannis
3252 867 3420 907 cocco
3460 852 3665 912 tinctis.
3693 860 3750 902 rt

2164 945 2379 1006 sericis.
2417 954 2471 999 et
2497 960 2633 1000 auro
2674 946 3005 1011 intertestis,
3051 943 3362 1006 ornabant,
3397 957 3461 997 ac
3491 938 3745 1009 plurimis

2166 1038 2219 1090 in
2252 1037 2389 1091 urbe
2419 1037 2563 1091 ludis
2602 1047 2655 1090 et
2692 1035 3051 1106 spectaculis,
3106 1035 3170 1088 ad
3218 1036 3578 1089 oblectandos
3628 1030 3747 1083 ani-

2165 1143 2307 1195 mos,
2359 1129 2678 1183 utebantur.
2723 1127 2859 1183 Cum
2900 1130 3046 1183 serio
3098 1127 3333 1196 denique
3364 1140 3747 1197 oppugnaren-

2165 1228 2274 1283 tur,
2334 1221 2496 1290 longo
2550 1220 2817 1288 temporis
2868 1219 3045 1290 spatio
3096 1233 3153 1272 se
3183 1217 3549 1273 defendebant
3588 1229 3745 1270 acer-

2164 1311 2302 1365 rime
2324 1352 2339 1375 ,
2379 1310 2525 1378 quod
2554 1312 2743 1365 urbem
2768 1312 2836 1366 ab
2862 1311 3016 1364 hoste
3049 1309 3200 1363 nullo
3231 1308 3392 1363 modo
3422 1309 3542 1376 capi
3578 1321 3744 1376 posse

2163 1405 2268 1457 sibi
2325 1404 2761 1471 persuasissent.
2813 1405 2890 1458 Ac
2948 1402 3280 1458 Soleimanis
3344 1416 3477 1455 sane
3535 1414 3620 1452 res
3675 1412 3742 1450 eo

2162 1496 2375 1550 tandem
2409 1497 2512 1551 loci
2548 1496 2780 1551 redactas
2819 1497 3058 1560 fuerant,
3094 1504 3150 1549 ut
3201 1507 3438 1564 quanam
3469 1494 3535 1545 ad
3566 1505 3739 1558 expu-

2162 1584 2432 1653 gnandam
2497 1584 2775 1640 civitatem
2840 1586 2924 1641 via
2981 1586 3239 1655 deinceps
3295 1583 3735 1655 progrederetur.

2163 1677 2462 1746 ignoraret.
2501 1676 2643 1743 Qnia
2682 1686 2865 1733 tamen
2896 1693 3053 1734 mons
3086 1678 3309 1748 quidam
3352 1673 3497 1730 haud
3546 1674 3737 1743 procul

2162 1772 2229 1825 ab
2296 1773 2432 1826 urbe
2461 1772 2722 1837 distabat.
2772 1788 2835 1827 es
2871 1788 2937 1828 eo
2991 1784 3191 1828 terram
3245 1773 3374 1842 peti,
3426 1785 3537 1839 qua
3586 1767 3739 1825 urbis

484 1858 577 1912 hic
632 1863 933 1928 imperator
962 1870 1067 1926 est,
1102 1865 1201 1917 ait.
1240 1865 1354 1932 Qua
1391 1864 1468 1919 illi
1510 1879 1642 1919 voce
1678 1865 1887 1927 audita.
1934 1880 2060 1919 mox
2094 1861 2139 1923 Β
2168 1860 2328 1917 fossa:
2366 1866 2870 1932 complanarentur,
2911 1864 3104 1921 edixit.
3128 1863 3296 1917 Actis
3328 1870 3589 1932 praeterea
3642 1876 3740 1915 cu-

481 1953 673 2005 ordine
705 1966 936 2009 caeteros
967 1957 1299 2026 antegressi,
1338 1956 1615 2010 sultanum
1645 1970 1804 2010 suum
1853 1954 1917 2008 ad
1962 1956 2063 2009 im-

486 2053 799 2112 peratorum
858 2046 1111 2102 Saraium
1168 2048 1540 2103 deduxerunt.
1598 2047 1739 2103 Hine
1795 2046 2061 2115 largiores

486 2152 755 2197 annonas.
802 2147 856 2192 et
894 2140 1152 2194 donativa
1204 2142 1412 2206 petiere
1444 2156 1458 2194 ε
1491 2140 1712 2196 sultano
1750 2138 2061 2193 Soleimaue

488 2230 776 2295 pustulatis
804 2230 1048 2299 ipsorum
1078 2238 1374 2285 annuente.
1408 2230 1670 2286 Postridie
1721 2230 1895 2300 prima
1943 2230 2061 2285 luce

486 2316 653 2371 funus
678 2315 896 2374 Selitnis
934 2320 985 2373 iu
1026 2319 1215 2375 urbem
1249 2320 1545 2376 deductum
1581 2320 1701 2385 fuit,
1740 2323 1899 2389 eique
1921 2320 2061 2373 cele-

488 2410 667 2464 brata:
725 2413 778 2464 in
822 2412 1021 2480 templo
1066 2414 1183 2469 sive
1233 2429 1391 2467 auma
1444 2415 1646 2468 sultani
1700 2413 2060 2467 Muclicmetis

480 2503 773 2570 exsequim.
834 2504 1007 2559 Pedes
1044 2516 1169 2559 ante
1207 2516 1500 2575 paternum
1551 2504 1717 2559 funus
1774 2504 2061 2560 incedebat

483 2595 739 2649 sultanus
785 2594 1151 2661 Suleimanes,
1208 2598 1375 2665 idque
1424 2597 1792 2651 comitabatur
1841 2597 1907 2651 ad
1962 2610 2059 2650 zu~

483 2701 625 2737 mam
687 2688 753 2739 ab
802 2687 921 2755 ipso
970 2686 1171 2745 Selime
1219 2688 1519 2752 conditam.
1571 2690 1660 2743 ubi
1708 2695 2060 2743 munumento

482 2792 581 2827 suo
619 2776 721 2828 fuit
756 2776 965 2833 illatus.
996 2778 1127 2834 inde
1173 2777 1521 2834 Soleimanes
1556 2779 1624 2832 ad
1659 2778 1922 2846 palatium
1976 2792 2059 2830 re-

483 2883 693 2931 versus,
755 2871 807 2921 itt
865 2872 1119 2923 thronum
1160 2870 1573 2935 imperatorium
1630 2884 1689 2924 se
1744 2868 2056 2936 collocavit,

485 2968 540 3011 et
590 2959 738 3027 regni
782 2958 1322 3019 administrationem
1373 2961 1696 3031 auspicatus
1748 2970 1855 3027 est,
1912 2975 2058 3016 anno

482 3050 587 3104 926
617 3047 768 3117 (Chr.
816 3050 1001 3122 i520),
1031 3053 1120 3108 die
1153 3053 1365 3109 decima
1389 3053 1621 3125 septima
1645 3054 1851 3109 mensis
1880 3053 2053 3110 Sche-

487 3144 642 3199 ιηιιε.

557 3236 754 3292 Factus
792 3237 903 3304 iam
955 3240 1110 3309 plene
1148 3256 1328 3295 rerum
1387 3241 1643 3296 dominus
1687 3239 2045 3303 Soleimanes,

484 3326 686 3396 elapsis
720 3329 934 3394 aliquot
976 3329 1281 3390 mensibus.
1318 3344 1511 3383 omnes
1540 3343 1669 3383 suos
1696 3328 1898 3381 milites
1924 3339 2052 3379 cou-

484 3420 672 3474 venire
703 3417 892 3501 jussit,
927 3428 982 3473 et
1034 3434 1159 3474 cum
1202 3420 1285 3476 eis
1323 3434 1513 3474 versus
1566 3420 1759 3475 Albam
1808 3418 2047 3473 Graecam

483 3508 761 3579 profectus
780 3519 886 3572 est,
917 3525 1064 3566 anno
1092 3512 1199 3568 99.7
1245 3511 1399 3581 (Chr.
1444 3511 1623 3582 l52i).

551 3602 689 3657 Cum
722 3617 889 3672 prope
915 3604 1025 3675 jam
1056 3606 1274 3659 abesset
1320 3604 1388 3659 ab
1410 3604 1565 3669 Alba,
1600 3605 1831 3659 vezircm
1869 3619 2050 3669 suum,

482 3694 801 3751 Aehmetem
828 3697 1067 3763 bassam,
1089 3712 1214 3750 cum
1239 3694 1520 3752 Romaniae
1538 3698 1709 3767 copiis
1728 3699 1793 3751 ad
1814 3696 2052 3766 Burgur—

483 3788 640 3842 delen
688 3793 767 3845 ire
812 3790 998 3859 jussit.
1053 3791 1104 3845 ls
1170 3789 1300 3845 illuc
1334 3790 1424 3844 ubi
1459 3794 1715 3853 venisset,
1765 3792 2054 3845 tormentis

487 3880 693 3935 bellicis
728 3882 927 3937 munia
959 3881 1199 3950 disjecit.
1246 3882 1473 3936 militem
1522 3882 1766 3945 immisit,
1806 3890 1861 3935 et
1903 3881 2059 3950 oppi-

485 3975 617 4027 dum
657 3973 822 4043 cepit.
848 3972 1001 4027 Ilulti
1028 3983 1209 4026 tamen
1246 3971 1300 4027 in
1328 3973 1449 4043 ejus
1482 3974 1882 4044 expugnatione
1916 3973 2059 4027 Tur-

485 4070 532 4122 ci
566 4066 717 4119 fuere
749 4066 1028 4131 trucidati,
1052 4082 1118 4122 ac
1149 4065 1391 4122 vicissim
1423 4064 1716 4119 Achmetes
1755 4064 1913 4120 bassa
1946 4064 2059 4118 sul-

488 4170 616 4213 tanu
674 4155 977 4212 Soleimani
1041 4172 1307 4213 caesorum
1363 4155 1807 4212 Christianorum
1856 4154 2054 4225 capita,

488 4265 611 4305 cum
638 4250 967 4318 quibusdam
996 4252 1230 4319 captivis
1259 4258 1313 4304 et
1340 4248 1679 4311 vulneratis,
1712 4247 1881 4301 misit.

560 4340 872 4398 Secundum
932 4340 1021 4394 illa
1069 4340 1236 4396 Pirim
1292 4341 1509 4395 bassam
1540 4338 1845 4407 praecedere
1896 4337 2061 4407 jussit

492 4432 858 4495 Soleimanes,
903 4433 996 4501 qui
1055 4432 1204 4487 Albae
1235 4430 1438 4485 Graeca:
1486 4432 1652 4486 situm
1706 4446 1772 4483 ac
1808 4430 2064 4483 munitio-

496 4540 638 4589 nem,
688 4524 1044 4577 circumfusis
1102 4521 1297 4592 copiis,
1356 4521 1731 4591 specularetur
1779 4537 1792 4573 :

492 4631 599 4686 que
641 4614 808 4669 Pirim
852 4624 1095 4678 secutus,
1146 4613 1463 4668 universum
1513 4611 1816 4665 exercitum
1874 4612 2067 4663 mumi-

500 4711 597 4762 hus
638 4704 905 4769 admovit,
944 4716 1125 4759 castra
1160 4703 1303 4756 vallo
1336 4702 1589 4767 munivit,
1628 4710 1899 4755 tormenta
1946 4699 2067 4769 jus-

497 4800 568 4854 sit
607 4797 869 4867 espediri,
912 4811 1101 4851 muros
1135 4809 1357 4849 eversos
1386 4794 1504 4848 solo
1534 4793 1789 4863 aequavit,
1835 4806 1901 4846 ac
1947 4801 2072 4846 tan-

500 4894 620 4944 dem
650 4890 839 4944 Albam
862 4896 1194 4957 expugnant
1220 4886 1308 4939 die
1342 4884 1606 4939 vicesima
1638 4884 1829 4951 quinta
1862 4881 2069 4936 mensis

504 4984 847 5046 iit-mannis,
906 4995 1049 5034 anno
1107 4978 1211 5033 927
1271 4976 1424 5046 (Chr.
1487 4975 1651 5043 1521)
1707 4989 1814 5048 qua
1864 4975 2070 5044 potitus

502 5074 1039 5143 Constanlittopuiittt
1064 5070 1245 5125 rediit.

574 5172 733 5223 Anno
766 5167 1014 5237 sequenti
1060 5165 1313 5236 proximo
1340 5162 1444 5218 9‘38
1476 5160 1630 5231 (Chr.
1666 5160 1825 5227 i522)
1858 5160 1946 5215 die
1991 5160 2069 5212 vi.

496 5260 699 5316 crsima
750 5261 955 5313 mensis
984 5256 1244 5320 nesebis,
1282 5255 1482 5308 iterum
1518 5251 1860 5306 Soleimancs
1910 5264 2071 5319 cxpe-

502 5353 707 5406 ditione
752 5359 1026 5418 suscepta,
1068 5350 1259 5416 cupias
1318 5345 1609 5399 universas
1661 5342 1713 5396 itt
1759 5341 2069 5394 Anatoliam

504 5447 838 5510 transduxit,
869 5444 1061 5498 Rhodo
1098 5443 1299 5497 bellum
1326 5442 1577 5494 illaturus
1632 5438 1751 5492 Jam
1789 5449 1916 5490 ante
1944 5450 2073 5488 vero

505 5536 845 5605 Muslupitaln
895 5536 1110 5589 bassam
1152 5533 1355 5601 insigni
1418 5546 1541 5586 cum
1586 5532 1761 5583 classe
1818 5525 2071 5580 Rhodum

504 5630 761 5697 naviga-ie
812 5629 1068 5694 iusserat.
1130 5628 1245 5695 ipse
1306 5640 1429 5678 cum
1494 5621 1836 5693 pedestribus
1904 5619 2074 5687 repiis

507 5720 819 5775 Anatolium
854 5721 1155 5788 ingressus,
1182 5719 1231 5770 in
1271 5717 1523 5785 oppidum
1552 5714 1829 5783 quoddam
1866 5711 2071 5765 Mente-

512 5810 680 5867 siuti!
733 5812 984 5878 ditionis,
1012 5812 1098 5867 cui
1154 5824 1351 5865 nomen
1377 5807 1659 5873 ilermcrc,
1699 5821 1755 5861 se
1787 5805 2023 5861 contulit
2058 5823 2069 5859 :

2165 1954 2386 2019 niculis,
2425 1955 2642 2013 suﬂ‘ossi
2681 1954 2833 2011 fuere
2882 1957 3021 2012 muri
3045 1996 3060 2021 ,
3096 1964 3488 2011 tormentorum
3518 1966 3739 2023 quoque

2164 2048 2212 2101 vi
2256 2062 2449 2117 magna
2476 2064 2541 2103 ex
2578 2057 2733 2119 parte
2762 2049 2951 2102 diruti.
3006 2045 3345 2116 Quapropter
3370 2046 3638 2098 exhausto
3664 2046 3740 2094 la-

2165 2138 2394 2195 boribus
2435 2155 2500 2195 ac
2527 2140 2795 2197 molestiis
2833 2139 3275 2196 Christianorum
3306 2137 3581 2206 praesidio,
3614 2151 3740 2190 cunt

2163 2230 2353 2285 urbem
2388 2246 2501 2284 non
2536 2231 2708 2285 multo
2738 2244 2859 2300 post
2889 2230 2944 2283 in
2979 2231 3214 2284 hostium
3244 2237 3566 2297 potestatem
3611 2241 3740 2279 ven-

2163 2332 2341 2375 turam
2393 2322 2599 2376 nemini
2648 2322 2875 2376 dubium
2916 2332 3107 2377 esset:
3163 2322 3406 2390 ipsorum
3462 2321 3737 2388 princeps.

2162 2428 2324 2482 quem
2356 2412 2602 2479 Megalen
2636 2414 2869 2467 Mastora
2903 2415 3190 2471 vocabant,
3231 2413 3479 2465 inducias
3522 2419 3734 2477 pactus.

2165 2506 2355 2557 urbem
2432 2520 2492 2559 se
2571 2504 2885 2557 dediturum
2956 2503 3307 2573 significavit,
3382 2501 3542 2555 modo
3607 2500 3740 2571 ipsis

2162 2596 2397 2650 abeundi
2444 2606 2688 2666 potestas
2722 2596 2899 2661 fleret,
2934 2598 3102 2651 salvis
3135 2596 3485 2651 facultatibus
3520 2597 3655 2658 suis.
3682 2604 3739 2649 et

2162 2687 2605 2743 Christianorum
2658 2704 2857 2743 uxores
2891 2700 3055 2757 atque
3109 2690 3266 2743 liberi
3308 2688 3440 2742 nulli
3488 2685 3737 2741 servituti

2160 2782 2631 2849 manciparentur.
2657 2781 2711 2836 in
2752 2795 2847 2833 eas
2884 2781 3233 2834 conditiones
3272 2780 3523 2833 sultattus
3559 2777 3735 2832 Soiei-

2164 2888 2351 2925 manes
2386 2873 2595 2939 absque
2625 2888 2777 2925 mora
2814 2875 3116 2927 consensit.
3156 2873 3343 2941 itaque
3368 2886 3494 2926 cum
3525 2869 3735 2925 obsessi

2161 2980 2386 3018 munera
2422 2966 2640 3019 sultano
2678 2965 2953 3031 quaedam,
2992 2964 3046 3019 in
3078 2964 3197 3033 ejus
3237 2972 3589 3033 conspectum
3636 2963 3734 3017 adv

2161 3058 2339 3118 missi,
2402 3058 2758 3120 obtulissent,
2816 3072 2943 3110 cum
3004 3058 3168 3113 rebus
3227 3069 3291 3108 ac
3358 3051 3736 3117 facultatibus,

2164 3163 2285 3201 cum
2317 3148 2504 3201 liberis
2530 3156 2581 3200 et
2615 3148 2882 3201 usurihus
2918 3148 3036 3201 suis
3085 3161 3252 3201 naves
3276 3144 3532 3215 ingressi,
3571 3144 3737 3199 Turci

2162 3238 2355 3294 Rhodo
2390 3251 2699 3306 cesserunt,
2750 3250 2822 3294 et
2859 3240 2910 3292 in
2947 3239 3153 3292 Italiam
3186 3237 3531 3307 navigarunt.
3572 3240 3739 3303 Quot-

2158 3341 2292 3403 quot
2320 3342 2477 3386 erant
2511 3332 2565 3387 itt
2614 3334 2746 3389 urbe
2788 3331 2986 3401 captivi
3016 3331 3203 3396 Turci,
3254 3330 3491 3386 libertati
3543 3330 3740 3401 pristi.

2160 3441 2242 3481 na:
2269 3426 2511 3481 restituti
2552 3425 2727 3483 fuere.
2757 3426 2925 3495 Capta
2951 3440 3079 3479 vero
3107 3425 3212 3479 fuit
3240 3422 3460 3480 Rhodus
3501 3424 3590 3479 die
3628 3434 3737 3478 ter-

2163 3518 2237 3571 tio
2288 3519 2495 3573 mensis
2544 3516 2792 3581 Seﬂ'eris.
2850 3533 2993 3573 anno
3039 3516 3163 3572 ωε).
3202 3516 3374 3571 Simul
3410 3517 3573 3573 etiam
3609 3532 3733 3571 cum

2166 3610 2359 3665 Rhodo
2408 3609 2572 3666 Turci
2622 3627 2804 3667 arcem
2851 3610 3136 3674 Stancoin,
3168 3618 3222 3665 et
3276 3608 3537 3673 Bedrum,
3571 3610 3733 3663 aliam

2164 3716 2345 3755 arcem
2392 3701 2444 3755 in
2484 3701 2735 3758 Auatolia
2766 3705 2947 3765 sitam.
2991 3708 3043 3759 in
3081 3711 3405 3774 potestatem
3456 3701 3731 3769 redegere,

2166 3790 2508 3850 Soleimanes
2558 3794 2685 3850 inde
2741 3794 3271 3865 Constantinopolim
3326 3807 3581 3847 reversus
3630 3801 3735 3850 est.

2237 3882 2508 3939 Caeterum
2540 3900 2646 3954 quo
2708 3892 2950 3954 tempore
2992 3886 3059 3942 ad
3088 3883 3445 3942 obsidendam
3484 3882 3733 3935 ltbndum

2168 3973 2441 4043 proﬁcisci
2501 3975 2803 4045 cogitabat,
2863 3972 3153 4031 Ferbatcm
3203 3974 3418 4028 bassam
3477 3973 3739 4027 adversus

2167 4065 2310 4119 Alim
2354 4066 2573 4134 begum,
2605 4064 2799 4121 Scachi
2836 4065 3129 4122 Suareusis
3166 4064 3364 4130 lilium,
3394 4064 3489 4134 qui
3544 4079 3737 4135 peran-

2169 4157 2319 4227 tiquo
2353 4159 2620 4228 majorum
2654 4173 2881 4213 suorum
2909 4160 3031 4229 jure
3060 4158 3473 4229 Duigadirensis
3501 4156 3738 4227 regionis

2171 4250 2278 4302 dux
2339 4260 2473 4312 erat,
2534 4264 2659 4303 cum
2713 4249 2888 4319 enpiis
2919 4250 3207 4319 ablegavit.
3242 4250 3377 4304 Nam
3416 4247 3551 4303 falso
3590 4246 3739 4302 dela-

2171 4352 2257 4395 tus
2310 4341 2355 4394 is
2395 4340 2573 4395 fuerat
2619 4340 2780 4413 3&3
2827 4342 2968 4411 apud
3020 4344 3295 4395 sultanum
3348 4339 3735 4403 Suleimanem,

2171 4442 2224 4488 et
2259 4434 2547 4487 accedebat
2578 4434 2681 4487 alia
2731 4449 2921 4497 causa,
2954 4432 3101 4502 quod
3130 4431 3439 4489 Osmanida:
3465 4435 3736 4487 neminem

1847 4520 2061 4573 statim—
2094 4549 2147 4609 Ι)
2175 4527 2342 4581 veteri
2394 4534 2584 4578 natum
2623 4524 2829 4579 familia
2866 4540 2968 4580 suo
2995 4526 3047 4578 in
3081 4526 3310 4595 imperio
3343 4525 3575 4578 tolerare
3618 4540 3741 4589 pos-

2173 4628 2323 4674 sunt.
2364 4616 2465 4671 Ubi
2500 4618 2611 4687 jam
2646 4625 2816 4687 prope
2856 4616 3114 4673 Ferhates
3144 4618 3331 4671 aberat
3364 4619 3432 4671 ab
3466 4618 3579 4671 Alis
3623 4619 3737 4686 begi

2172 4711 2398 4771 ditione,
2454 4710 2718 4765 insidioso
2774 4720 2897 4763 astu
2943 4710 3223 4765 hominem
3279 4710 3345 4764 ad
3391 4726 3449 4764 se
3499 4709 3739 4778 pellexit.

2173 4799 2383 4871 Quippe
2421 4802 2671 4854 morbum
2711 4801 2999 4865 simulans,
3045 4803 3343 4872 signiﬁcari
3374 4801 3690 4871 begojussit
3721 4845 3735 4867 ,

2173 4891 2311 4944 velle
2356 4904 2415 4946 se
2454 4898 2842 4945 testamentum
2892 4890 3150 4953 condere.
3207 4899 3369 4960 atque
3405 4892 3583 4959 ‘ipsius
3615 4889 3738 4943 ﬂdci

2173 4984 2473 5037 exercitum
2526 4984 2891 5038 committere.
2928 4982 3044 5048 Qua
3086 4985 3358 5037 voluntate
3385 4982 3629 5037 Ferhatis
3660 4984 3742 5037 itt-

2176 5074 2411 5137 tetlecta,
2468 5088 2593 5127 mox
2624 5073 2741 5128 Alis
2778 5074 2970 5145 hegus.
3019 5074 3152 5126 nihil
3189 5073 3254 5129 ab
3283 5074 3592 5137 Osmanieis
3648 5089 3741 5143 pe-

2177 5166 2336 5219 riculi
2387 5167 2618 5229 veritus,
2659 5165 2859 5233 quibus
2914 5164 3042 5218 inde
3088 5179 3257 5232 usque
3303 5180 3330 5216 a
3364 5165 3537 5232 prima
3585 5173 3742 5218 aetate

2177 5258 2314 5311 (idus
2348 5258 2462 5327 ipse
2487 5253 2685 5317 fuerat,
2720 5270 2844 5308 cum
2875 5265 3106 5324 utroque
3156 5255 3265 5307 tilio
3300 5254 3513 5308 bassam
3561 5253 3733 5307 adiit:

2175 5348 2265 5415 qui
2303 5358 2354 5400 et
2402 5355 2631 5415 patrem,
2664 5356 2716 5399 et
2752 5347 2917 5407 filios,
2961 5347 3280 5399 innocentes
3334 5345 3509 5399 occidi
3554 5344 3738 5413 jussit.

2178 5441 2290 5493 [ioc
2348 5438 2588 5491 facinore
2638 5446 2873 5507 patrato,
2908 5436 3171 5491 Ferltates
3208 5436 3273 5491 ad
3308 5438 3583 5490 sultanum
3636 5437 3740 5490 Su-

2177 5528 2489 5590 leituaucm,
2543 5528 2796 5581 Rhodum
2837 5526 3205 5587 obsidentem.
3259 5528 3452 5582 Rhodo
3508 5529 3736 5582 nectiutu

2176 5633 2355 5689 capta,
2390 5636 2640 5674 reversus
2665 5630 2769 5674 est.

2248 5716 2381 5767 Cum
2423 5724 2599 5766 autent
2636 5714 2881 5767 confecto
2920 5713 3055 5767 bello
3088 5712 3320 5778 Rhodio,
3355 5714 3744 5775 Constantino.-

2179 5807 2285 5876 poli
2352 5806 2688 5861 Soleimancs
2748 5807 2967 5875 quietus
3024 5806 3279 5873 degeret,
3350 5804 3600 5861 Genizari
3658 5807 3743 5862 die
