4218 6308
447 397 556 463 631

1709 406 2057 468 ANNALES
2087 409 2430 471 TUllCICI.

3570 415 3678 477 638

447 526 708 578 vicesimo
749 525 906 580 tertio
940 525 1147 581 tnensis
1201 526 1428 580 llezcbis
1464 527 1786 581 seditionem
1823 542 2010 580 move-
2037 528 2081 581 Α
2111 542 2234 594 pars
2276 533 2574 581 corrueret.
2628 525 2700 578 Ea
2747 542 2805 581 re
2840 527 3100 595 perfecta,
3151 528 3332 583 subito
3377 544 3499 584 cum
3553 531 3684 585 nive

444 627 596 680 runt,
635 625 690 669 et
738 615 951 684 Aigasis
1004 615 1197 680 lassae,
1251 617 1603 684 supremique
1657 617 2010 677 thesaurarii.

442 708 824 762 Abduselantis
855 707 999 761 aedes
1027 721 1371 776 expugnatas
1403 707 1768 776 diripuerunt.
1803 709 2012 763 Postri-

444 801 572 866 die,
622 800 714 868 qui
753 799 1001 853 Murcurii
1046 798 1164 854 dies
1207 809 1365 860 erat,
1423 808 1583 852 noctu
1631 799 1916 852 lbrahimis
1948 813 2013 853 ac

445 893 744 960 Mustapba
801 893 1079 945 bassarntn
1132 893 1326 945 domos
1383 891 1571 944 itidem
1640 889 1883 943 adhibita
1959 890 2008 944 vi

443 998 726 1051 aperuere:
779 984 873 1037 sed
930 998 994 1037 ea
1049 997 1173 1035 cum
1232 981 1640 1046 moderatione,
1696 982 1897 1036 nullam
1954 991 2013 1036 ut

444 1075 569 1129 inde
610 1074 844 1144 praedam
873 1071 1170 1127 auferrent.
1191 1071 1503 1139 Composito
1533 1073 1766 1141 denique
1797 1073 2013 1140 geniu-

444 1178 628 1220 rorutn
657 1163 890 1218 tumultu
915 1201 931 1226 ,
963 1162 1301 1218 Soleimanes
1332 1165 1382 1216 in
1419 1161 1710 1232 Ungariam
1742 1162 2010 1231 proﬁcisci

444 1256 668 1312 statuit:
707 1267 762 1308 et
788 1255 1028 1310 collectis
1060 1253 1412 1324 quiquaginta
1440 1256 1518 1309 vel
1565 1256 1841 1324 sexaginta
1890 1255 2011 1310 util-

446 1347 589 1406 libns
645 1356 1026 1412 artnatorum,
1089 1347 1349 1415 pontibus
1410 1345 1654 1409 Savnm,
1712 1344 2005 1405 .Dravutn.

449 1440 842 1508 Danultiunque
895 1438 1116 1492 ﬂumina
1165 1438 1384 1506 iunxit:
1419 1448 1472 1492 et
1500 1437 1825 1492 Varadinum
1863 1437 2011 1489 Perri

442 1547 566 1586 cum
598 1532 718 1585 aliis
750 1531 887 1584 locis
932 1529 1159 1584 munitis
1208 1528 1534 1598 occupavit,
1583 1528 1788 1584 Budam
1837 1529 2010 1596 ipsam

444 1638 566 1684 cum
598 1622 841 1680 exercitu
876 1623 1162 1689 petiturus.
1202 1619 1272 1675 Ea
1305 1620 1632 1677 Soleimanis
1662 1620 2004 1689 expeditione

442 1714 683 1782 cognita,
713 1727 772 1768 se
799 1728 1015 1782 quoque
1045 1728 1136 1767 rex
1173 1712 1424 1779 Ungarus
1454 1712 1520 1769 ad
1548 1713 1746 1766 bellum
1777 1713 2009 1781 paravit;

441 1812 497 1860 et
533 1815 658 1856 eum
706 1801 878 1856 milite
915 1817 1038 1868 suo,
1078 1801 1172 1870 qui
1215 1800 1361 1858 ferro
1399 1810 1544 1860 totus
1583 1813 1829 1857 armatus
1856 1811 2006 1869 erat,

441 1891 663 1952 obvium
697 1905 758 1946 se
800 1866 1030 1954 sultano
1063 1866 1362 1946 ἐριθίαιαηὶ
1409 1891 1577 1947 dedit.
1627 1891 1722 1946 Die
1769 1866 2008 1960 quodam
2041 1866 2081 1920 Β

444 1980 737 2044 Mercurii.
786 1983 936 2037 circa
1001 1991 1218 2050 tempus
1273 1982 1482 2048 lkindi,
1543 1982 1808 2053 utrinque
1855 1991 2008 2038 tanto

440 2084 840 2132 concurrerunt
861 2075 1138 2131 exercitus
1170 2076 1393 2144 impetu,
1438 2076 1607 2130 multa
1637 2085 1693 2130 ut
1723 2075 2004 2129 hominum

440 2168 610 2227 millia
659 2169 728 2223 ab
777 2179 1002 2238 utraque
1057 2177 1210 2238 parte
1252 2183 1392 2225 casa
1442 2170 1734 2234 caderent,
1788 2168 2008 2239 plurimi

441 2263 878 2316 vulnerarentur.
909 2259 1008 2314 Din
1043 2266 1339 2329 pugnatum
1371 2273 1495 2313 cum
1525 2259 1752 2322 fuisset,
1789 2258 2003 2311 tandem

441 2365 622 2409 tamen
658 2352 829 2406 victus
865 2368 959 2406 rex
1001 2350 1277 2418 Ungarus,
1309 2351 1475 2404 etiam
1503 2351 1616 2418 ipse
1646 2349 1828 2418 periit.
1858 2348 2010 2402 Actis

438 2457 622 2510 autem
657 2445 709 2496 in
741 2443 922 2512 fugam
960 2441 1189 2512 Ungaris
1211 2479 1228 2507 ,
1277 2440 1440 2496 Turci
1472 2443 1682 2496 hostem
1716 2442 2008 2508 persecuti,

441 2535 611 2590 multa
665 2535 908 2603 ipsorum
956 2535 1122 2588 millia
1172 2535 1314 2588 inter
1365 2531 1679 2603 fugiendum
1728 2534 2008 2587 contruci-

438 2630 655 2681 darunt.
710 2625 1047 2680 Soleimanes
1100 2640 1154 2679 re
1199 2626 1334 2679 bene
1385 2633 1574 2693 gesta,
1624 2623 1829 2678 Bndam
1879 2639 2008 2678 suos

439 2716 629 2781 duxit,
670 2723 722 2769 et
755 2715 888 2770 urbe
926 2715 1044 2769 sine
1073 2715 1337 2783 sanguine
1374 2716 1579 2783 politus
1616 2723 1732 2782 est,
1767 2714 2010 2783 cujusvis

441 2825 608 2861 sexus
630 2820 681 2859 et
707 2808 882 2861 inlatis
931 2807 1243 2862 hominibus
1275 2806 1329 2860 in
1375 2807 1691 2860 servitutem
1726 2805 1961 2864 redactis
1983 2849 2000 2871 ,

440 2915 586 2953 anno
625 2896 730 2954 952
776 2898 908 2952 Chr.
957 2896 1164 2965 0526).
1217 2896 1346 2956 Post
1395 2909 1715 2965 oreupatam
1762 2897 2005 2963 llndam,

442 3005 694 3048 reversus
721 2999 808 3045 cst
836 2987 1298 3058 Hadrianopolim,
1333 2997 1388 3044 et
1415 2992 1484 3044 ad
1518 2997 1736 3060 tempus
1785 2988 2008 3060 aliquod

439 3095 500 3140 se
527 3081 693 3150 quieti
724 3079 894 3134 dedit.

512 3167 641 3222 Erat
693 3179 820 3223 tunc
879 3168 1098 3236 quidam
1152 3169 1205 3222 in
1254 3170 1528 3234 Anatolia.
1592 3169 1688 3241 qui
1743 3169 2009 3225 Caleuder

437 3261 654 3318 Zelebis
700 3261 1108 3331 appellabatur,
1157 3275 1225 3315 ex
1255 3260 1458 3317 [atnilia
1492 3261 1692 3324 Cbazis
1739 3261 2003 3319 Bectasis.

435 3354 635 3417 Colunt
663 3362 843 3408 autem
875 3351 1040 3408 Turci
1068 3352 1290 3409 Cbazitn
1332 3353 1638 3419 Beetasem,
1686 3370 1784 3410 ceu
1811 3354 1998 3408 divum

436 3446 753 3515 quemdam,
772 3455 936 3515 atque
960 3447 1121 3500 etiam
1157 3448 1434 3505 invocant.
1460 3446 1558 3510 llic
1588 3461 1718 3518 ergo
1739 3446 2006 3501 Calender

435 3537 649 3594 Zelebis
705 3539 972 3594 seditione
1035 3548 1211 3602 mota,
1270 3554 1391 3591 cum
1455 3554 1562 3591 non
1620 3553 1816 3609 magno
1872 3536 2003 3593 Der-

439 3632 703 3685 visinrum
741 3647 990 3696 numero,
1026 3630 1319 3699 Sangiacos
1353 3631 1562 3698 aliquot
1595 3630 1766 3692 ludit.
1800 3639 1854 3686 et
1883 3630 2003 3684 uni-

435 3741 647 3780 versnm
686 3721 993 3777 Anatolium
1025 3723 1087 3776 ad
1130 3739 1278 3776 arma
1310 3724 1623 3778 concitavit.
1658 3722 1997 3778 Solcimanes

433 3827 657 3884 accepto
691 3825 870 3870 motus
898 3815 1123 3883 hujusce
1157 3817 1370 3876 nu‘ntio,
1400 3815 1725 3868 lbrahitnetn
1761 3817 2000 3878 bassam,

435 3908 628 3975 insigni
673 3922 795 3960 cum
840 3908 1103 3970 exercitu,
1154 3906 1321 3968 misit,
1377 3905 1456 3959 uti
1501 3905 1849 3980 Calenderem
1897 3904 1999 3960 Ze-

433 3998 594 4052 lebim
657 3998 798 4052 bello
853 4013 1185 4067 aggressus,
1259 3997 1315 4049 in
1398 3998 1644 4051 ordinem
1698 3996 1990 4065 redigeret.

435 4089 732 4144 lbrahimes
764 4088 1118 4151 Calenderetn
1149 4104 1270 4144 cum
1301 4089 1474 4157 copiis
1504 4097 1808 4151 assecutus,
1861 4103 1994 4156 prac-

431 4182 561 4236 linm
595 4183 870 4248 iniitzquo
892 4179 1206 4234 dimicatum
1228 4180 1295 4234 ab
1322 4190 1550 4249 utraque
1577 4188 1731 4250 parte
1756 4178 1992 4244 fortiter,

428 4289 493 4328 eo
547 4283 722 4329 tamen
785 4282 1029 4338 eventu,
1077 4272 1344 4327 Calender
1397 4285 1459 4337 ut
1534 4272 1653 4345 ipse
1707 4287 1808 4329 sua
1871 4287 1994 4328 cum

431 4366 668 4432 factione
700 4366 876 4419 victus
903 4366 1271 4420 occumberet.

495 4455 824 4526 Compositis
870 4456 1133 4511 Anatoliae
1183 4455 1396 4519 turbis,
1449 4455 1515 4510 ad
1569 4454 1730 4509 aliam
1787 4468 1846 4510 se
1897 4453 1998 4514 So-

2116 617 2286 682 frigus
2319 616 2455 669 adeo
2485 617 2774 671 vehemens
2799 617 3004 677 incidit.
3035 629 3091 669 ut
3119 618 3166 670 ei
3194 618 3474 670 tolerando
3504 633 3685 686 neque

2116 709 2337 771 milites,
2375 724 2549 776 neque
2577 709 2819 775 iumenta
2848 709 3174 762 sullicerent.
3201 706 3433 777 Ideoque
3460 710 3688 762 destitu~

2117 807 2202 852 tus
2247 801 2392 851 omni
2435 814 2530 868 spe
2560 797 2765 852 Vienna
2792 799 3054 864 potiundi.
3085 799 3424 853 obsidionem
3478 799 3689 853 solvere

2114 899 2336 945 coactus
2378 892 2520 945 fuit:
2565 888 3160 957 “Constantinopolim
3205 906 3456 946 reversus
3488 891 3556 944 ad
3586 895 3689 946 ali-

2113 978 2257 1048 quod
2291 989 2502 1047 tempus
2538 994 2566 1030 a
2602 979 2755 1031 bellis
2782 977 3062 1031 abstinuit.
3093 977 3258 1032 Gesta
3293 995 3424 1034 vero
3462 978 3684 1034 fuerunt

2114 1071 2227 1124 haec
2260 1086 2402 1122 anno
2448 1069 2554 1124 955
2585 1070 2739 1140 (Chr.
2777 1067 2958 1139 1529).

2185 1163 2319 1215 Dum
2363 1162 2836 1230 Constantinopoli
2888 1164 3111 1230 quietus
3174 1161 3380 1227 heret,
3443 1160 3686 1218 invitatis

2116 1272 2308 1325 magna
2335 1255 2678 1308 solemnitate
2702 1254 2876 1309 bassis
2905 1255 3162 1308 omnibus
3185 1263 3238 1307 et
3261 1255 3603 1325 proceribus,
3631 1263 3688 1308 et

2113 1346 2782 1416 exterorutn'prineipum
2854 1345 3084 1415 legatis,
3159 1347 3416 1414 omnique
3482 1361 3680 1414 genere

2115 1440 2545 1507 Spectaculorum
2578 1437 2631 1491 in
2655 1434 2982 1491 Atmindane
3017 1435 3483 1505 Constantinopoli
3527 1435 3688 1491 exhi-

2116 1534 2248 1598 bito,
2309 1533 2444 1585 ﬁlios
2471 1546 2636 1596 suos,
2684 1530 2962 1584 sultanum
3025 1528 3350 1598 Ilustapba,
3397 1529 3679 1583 sultanttm

2114 1622 2544 1685 Muchemctem,
2587 1632 2640 1676 et
2687 1622 2963 1674 sultannm
3023 1618 3284 1674 Solimem
3356 1618 3681 1674 circumcidi

2114 1712 2367 1775 curavit,
2400 1726 2544 1765 anno
2576 1711 2682 1767 938
2713 1709 2865 1778 (Chr.
2900 1709 3083 1780 1532).

2185 1801 2382 1856 Eodem
2436 1816 2579 1856 anno
2637 1801 2840 1858 mensis
2894 1800 3218 1857 Remasanis
3270 1801 3362 1856 die
3417 1801 3680 1856 vicesimo

2111 1900 2327 1957 octavo,
2351 1892 2821 1962 Constantinopoli
2849 1890 3139 1957 discessit,
3189 1891 3430 1960 Hispano
3475 1890 3678 1945 bellum

2113 1985 2384 2038 illaturus.
2438 1983 2683 2052 Cumque
2757 1982 3098 2053 pervenisset
3176 1982 3230 2037 in
3297 1981 3680 2045 Alamaniam,

2109 2075 2340 2130 duorum
2374 2075 2639 2128 mensium
2671 2078 2847 2143 spatio
2887 2074 3075 2145 copias
3111 2073 3239 2128 hinc
3285 2075 3404 2128 inde
3440 2074 3681 2127 circum-

2111 2170 2299 2234 duxit,
2331 2168 2473 2222 ferro
2499 2174 2553 2222 et
2587 2167 2695 2237 igni
2722 2175 2915 2221 cuncta
2946 2178 3165 2222 vastans
3192 2175 3354 2233 atque
3385 2165 3669 2234 diripiens.

2109 2264 2308 2318 Nullus
2352 2276 2382 2316 a
2425 2258 2749 2315 Christianis
2792 2259 3076 2331 oppositus
3117 2258 3168 2314 ei
3213 2257 3315 2313 fuit
3361 2259 3677 2320 exercitus,

2111 2370 2382 2425 nusquam
2415 2369 2604 2409 eorum
2635 2360 2942 2423 conspectae
2971 2352 3138 2416 acies,
3177 2351 3246 2407 ab
3278 2361 3512 2418 utroque
3535 2350 3682 2403 dun-

2112 2456 2260 2503 taxat
2285 2447 2453 2500 latere
2481 2444 2810 2499 Soleimanis
2839 2445 3056 2514 agmina
3084 2443 3414 2512 carpebant,
3444 2455 3509 2494 ac
3536 2439 3680 2494 mul-

2111 2546 2195 2592 tos
2255 2537 2584 2605 interceptos
2637 2537 2720 2589 vel
2775 2534 3139 2597 occidebant,
3202 2532 3284 2588 vel
3335 2531 3682 2587 abducehant

2107 2625 2370 2692 captivos.
2403 2623 2543 2678 Misit
2572 2633 2750 2677 autem
2777 2623 3024 2678 sultanus
3054 2621 3414 2682 Soleimanes.
3445 2620 3676 2674 ductore

2107 2716 2316 2771 Casane
2354 2716 2608 2780 Vaivoda,
2631 2720 2723 2785 qui
2763 2716 3044 2772 Michaelis
3093 2715 3215 2784 begi
3249 2714 3392 2768 illius
3423 2721 3573 2774 erat,
3620 2722 3680 2766 et

2115 2809 2373 2875 Vaivoda,
2399 2810 2683 2863 duodecim
2717 2809 2879 2862 millia
2915 2808 3168 2870 militum,
3199 2807 3468 2877 adiunctis
3496 2806 3672 2858 eidem

2109 2899 2402 2964 Acanziis,
2457 2900 2550 2970 qui
2605 2899 2854 2969 regiones
2903 2899 3023 2953 illas
3053 2898 3281 2954 ulterius
3301 2895 3566 2952 incendiis
3620 2905 3677 2950 et

2109 2993 2313 3061 rapinis
2371 2993 2868 3060 depopularentur,
2932 3003 3093 3060 atque
3151 2991 3353 3046 incolas
3420 2989 3674 3045 servituti

2112 3087 2456 3154 mancipatus
2475 3085 2771 3156 abigerent.
2795 3082 2949 3152 Quod
2973 3099 3096 3137 cum
3116 3083 3192 3137 illi
3216 3084 3475 3148 facerent,
3493 3083 3675 3151 opima

2113 3177 2268 3244 potiti
2302 3177 2452 3231 fuere
2485 3176 2685 3245 praeda.
2731 3175 2929 3230 Verum
2959 3175 3014 3229 in
3045 3174 3222 3229 reditu
3269 3172 3407 3229 forte
3453 3171 3674 3227 fortuna

2109 3274 2163 3328 in
2194 3271 2628 3328 Christianorum
2659 3268 2897 3327 incidere
2921 3269 3285 3340 copias,.cum
3315 3267 3513 3338 quibus
3544 3266 3674 3324 licet

2111 3364 2376 3423 acerrime
2400 3362 2724 3418 dimicarent
2750 3401 2766 3428 ,
2789 3376 2849 3417 ac
2881 3359 3095 3415 fortiter
3124 3359 3266 3414 hosti
3309 3359 3626 3414 resisterent
3651 3401 3670 3426 ,

2111 3457 2320 3509 tandem
2343 3454 2603 3510 tamenfad
2623 3454 3066 3517 internecionem,
3089 3449 3255 3525 3“
3271 3450 3461 3521 majori
3480 3450 3673 3505 saltem

2106 3565 2167 3603 ex
2201 3557 2374 3617 parte,
2409 3562 2531 3600 cum
2564 3546 2681 3614 ipso
2707 3543 2918 3598 Caune
2983 3540 3240 3610 Vaivoda,
3268 3545 3389 3597 cassi
3417 3543 3676 3612 captique

2107 3641 2346 3694 fuerunt.
2379 3639 2442 3695 Et
2476 3643 2694 3710 Quando
2718 3642 2828 3710 jam
2862 3644 3036 3696 lncms
3097 3638 3421 3710 appetebat,
3465 3644 3677 3691 mutato

2108 3733 2449 3789 Soleimanes
2485 3734 2715 3799 itinere,
2769 3731 3296 3802 ConstantinOpolim
3347 3730 3530 3788 rediit:
3575 3728 3670 3783 ubi

2102 3841 2227 3881 cum
2260 3825 2323 3879 ad
2358 3834 2568 3893 tempus
2603 3825 2819 3894 aliquod
2857 3828 3181 3894 quiesceret,
3215 3825 3434 3877 sultano
3463 3822 3668 3877 Insta-

2104 3915 2222 3983 pha:
2247 3914 2355 3967 tilio
2381 3913 2671 3967 llanissam
2717 3915 2984 3980 attribuit,
3010 3928 3153 3968 anno
3176 3913 3280 3970 938
3305 3911 3453 3982 (Chr.
3485 3909 3668 3981 l532).

2173 4004 2384 4063 interea
2413 4021 2542 4060 vero
2587 4006 2716 4060 dum
2755 4005 2937 4060 aberat
2955 4020 3174 4076 peregre
3206 4006 3453 4059 sultauus
3482 4004 3656 4058 Sulci-

2103 4114 2312 4163 tnanes,
2341 4100 2394 4151 in
2424 4098 2704 4152 Alamania
2760 4099 2958 4154 bellum
2996 4113 3207 4169 gerens,
3241 4111 3530 4167 supremus
3572 4094 3668 4150 lli-

2101 4188 2255 4258 spani
2278 4189 2472 4244 classis
2499 4187 2801 4257 prmfectns,
2829 4189 3073 4243 Andreas
3098 4187 3280 4248 Doria,
3305 4202 3427 4240 cum
3458 4184 3667 4254 Megale

2100 4277 2372 4345 Mastore,
2418 4279 2510 4348 qui
2545 4277 2917 4347 superioribus
2953 4280 3113 4333 aonls
3157 4277 3350 4332 Rhodo
3381 4289 3620 4330 cesserat
3649 4317 3667 4338 ,

2099 4371 2400 4440 corrogatis
2423 4381 2743 4425 cazterorum
2775 4386 2990 4440 quoque
3019 4370 3324 4440 principum
3356 4368 3666 4422 ltalicorum

2105 4459 2347 4526 auxiliis,
2380 4475 2630 4531 magnam
2665 4461 2800 4515 mari
2831 4462 3064 4516 classem
3102 4460 3324 4524 eduxit,
3355 4476 3458 4530 qua
3496 4473 3667 4513 naves

424 4550 687 4624 lcimanes
735 4549 1133 4618 expeditionem
1175 4549 1418 4620 paravit,
1476 4549 1763 4620 Ungariam
1805 4564 1993 4611 rursus
2025 4570 2069 4626 ι)
2099 4552 2494 4623 quinquaginta
2546 4552 2803 4620 majores.
2862 4560 2916 4605 et
2967 4550 3357 4622 quinquaginta
3413 4551 3669 4605 triremes

423 4642 738 4696 invasurus:
775 4641 1002 4710 ideoque
1032 4641 1257 4696 militem
1281 4684 1295 4706 ,
1335 4642 1626 4711 publicatis
1661 4642 1885 4708 edictis,
1919 4643 1985 4697 ad

421 4731 612 4786 Albam
662 4729 905 4784 Cra-cam
948 4731 1240 4786 convenire
1279 4731 1473 4800 jussit,
1523 4747 1631 4795 quo
1678 4731 1895 4800 quidem
1939 4742 1994 4786 et

423 4822 538 4890 ipse
569 4838 626 4877 se
666 4823 913 4876 contulit.
955 4821 1158 4875 Budam
1203 4822 1324 4875 inde
1359 4831 1729 4892 perrecturus.
1794 4822 1906 4886 Hoc
1936 4823 1989 4876 in

423 4915 617 4969 itinere
642 4914 770 4969 dum
807 4925 970 4979 esset,
1003 4913 1200 4969 Erdelii
1235 4915 1415 4970 Battus
1443 4915 1508 4970 ad
1541 4931 1662 4970 eum
1693 4915 1858 4979 venit,
1891 4915 1992 4969 de-

422 5006 652 5076 latisque
675 5008 790 5062 suis
832 5007 1103 5077 obsequiis
1123 5051 1137 5072 ,
1171 5007 1495 5063 Soleimanis
1522 5009 1750 5076 imperio
1778 5023 1836 5063 se
1864 5008 1992 5063 sub-

422 5100 590 5164 misit,
624 5116 747 5154 eunt
782 5111 834 5154 et
868 5117 1092 5154 munera
1125 5117 1308 5158 secum
1342 5102 1506 5158 ferret
1537 5104 1899 5172 amplissima,
1939 5113 1992 5158 et

419 5209 637 5249 manum
670 5194 789 5263 eius
821 5195 1254 5249 exoscularetur.
1306 5195 1437 5260 Quae
1468 5196 1688 5265 quidem
1736 5211 1824 5248 res
1853 5194 1990 5248 adeo

418 5295 572 5355 grata
624 5284 920 5341 Soleitnani
975 5286 1206 5348 accidit.
1266 5296 1324 5340 ut
1375 5301 1496 5340 eum
1559 5301 1682 5340 mox
1744 5285 1991 5356 Ungat-ia

420 5392 601 5444 regem
655 5388 884 5432 crearet.
938 5377 1252 5433 Secundum
1306 5378 1396 5432 illa
1446 5377 1650 5432 Budatn
1706 5377 1988 5447 profectus

417 5479 536 5534 cst,
588 5485 696 5538 qua
746 5481 1046 5538 occupata,
1094 5469 1357 5524 Viennam
1410 5471 1707 5524 Contendit.
1761 5468 1835 5521 Eo
1865 5483 1986 5521 cunt

417 5563 776 5630 pervenisset,
809 5563 1064 5619 Germani
1092 5602 1106 5625 ,
1154 5563 1244 5632 qui
1309 5581 1370 5617 se
1428 5564 1567 5617 intra
1601 5564 1799 5616 somnia
1832 5572 1982 5614 tene-

421 5658 566 5720 bant,
593 5656 782 5710 urbem
824 5657 1241 5710 communiere:
1286 5671 1450 5723 quant
1491 5655 1750 5709 Sullanus
1823 5655 1985 5708 Sulci

420 5762 606 5800 manes
636 5748 921 5802 tormentis
949 5746 1156 5803 bellicis
1181 5748 1245 5801 ad
1277 5749 1461 5819 viginti
1489 5748 1604 5801 dies
1634 5746 1983 5816 oppugnavit,

421 5839 556 5895 actis
591 5839 750 5896 etiam
782 5839 966 5897 subter
994 5854 1180 5896 muros
1221 5838 1486 5898 cuniculis
1509 5879 1524 5906 ,
1569 5839 1740 5896 donec
1779 5854 1966 5894 curunt

2097 4644 2537 4698 continebantur.
2569 4639 2636 4695 Et
2666 4650 2817 4696 erant
2851 4641 2904 4695 in
2937 4642 3023 4696 his
3048 4643 3282 4695 militum
3307 4642 3372 4696 ad
3396 4641 3665 4708 quinqua-

2096 4736 2240 4804 ginta
2271 4734 2460 4788 millia.
2493 4731 2613 4799 Quo
2642 4747 2765 4788 cum
2817 4735 3056 4789 exercitu
3103 4732 3338 4788 Moream
3387 4731 3667 4800 inopinato

2096 4827 2273 4880 adorti
2305 4827 2481 4896 primo
2525 4826 2796 4881 Coronam
2840 4826 3028 4880 urbem
3077 4840 3205 4879 cum
3256 4839 3403 4887 arec,
3462 4821 3664 4876 deinde

2097 4917 2332 4971 insulam
2367 4919 2519 4982 Bato,
2549 4929 2600 4972 et
2628 4917 2858 4972 Badram
2893 4917 3152 4987 oppidum
3176 4959 3191 4985 ,
3234 4933 3355 4972 cum
3387 4915 3505 4970 aliis
3537 4916 3660 4985 (μιᾶς

2097 5009 2326 5062 busdam
2357 5007 2595 5063 castellis
2621 5017 2928 5078 ceperunt:
2963 5015 3019 5062 et
3074 5009 3334 5063 immissis
3385 5009 3437 5059 in
3488 5008 3662 5075 ipsam

2096 5097 2369 5165 regionem
2403 5099 2743 5168 pedestribus
2775 5098 3231 5167 equeStribusque
3280 5097 3454 5167 copiis
3476 5137 3492 5161 ,
3529 5097 3653 5150 uni-

2096 5205 2309 5244 versam
2338 5190 2646 5261 depopulati
2676 5190 3076 5261 sunt,.ingcnti
3131 5190 3383 5253 marium,
3435 5188 3664 5242 femina-

2101 5299 2242 5344 rum,
2276 5297 2675 5353 puerorumque
2708 5281 3053 5337 multitudine
3078 5297 3261 5337 secum
3289 5279 3343 5333 in
3373 5280 3662 5350 captivita-

2098 5385 2205 5428 tem
2237 5378 2490 5429 abducta.

2167 5467 2552 5534 Superioribus
2588 5465 2746 5519 annis
2781 5465 3000 5533 quidam
3045 5475 3205 5520 natus
3247 5465 3299 5517 in
3333 5463 3506 5517 insula
3557 5462 3656 5518 lli-

2095 5563 2290 5630 lyit'ltt',
2347 5559 2432 5611 cui
2495 5573 2686 5612 nomen
2718 5557 3093 5620 Chairadines,
3138 5559 3416 5626 insigniter
3456 5559 3660 5611 navalis

2093 5651 2296 5703 militiae
2352 5649 2556 5716 peritus
2621 5656 2916 5702 evaserat:
2955 5665 3016 5704 ac
3066 5649 3346 5718 piraticam
3391 5662 3657 5699 exercens

2094 5741 2366 5794 multoties
2420 5737 2555 5790 mari
2605 5753 2726 5791 cum
2777 5737 3102 5792 Christianis
3155 5736 3489 5793 conﬂixerat.
3554 5733 3653 5790 Ubi

2087 5834 2200 5904 jam
2225 5845 2336 5886 rem
2360 5829 2603 5895 fecisset,
2633 5843 2794 5886 naves
2816 5829 3019 5900 aliquot
3053 5828 3338 5893 instruxit;
3372 5825 3650 5883 adiuncto-
