4218 6308
500 285 605 347 639

1767 291 2116 350 ANNALES
2150 289 2246 348 TU
2263 291 2480 349 RCICI.

3632 284 3748 346 €40

499 415 604 467 que
651 400 747 450 sibi
796 401 1045 453 sodalitio
1077 401 1437 470 quorumdam
1490 404 1832 472 egregiorum
1881 405 2055 458 homi-
2091 411 2131 465 Α
2164 405 2351 475 begns,
2397 404 2592 455 bellum
2629 403 2801 454 intulit
2840 417 3053 466 :eoqne
3086 402 3426 467 interempto,
3477 397 3740 452 ditionem

497 507 647 552 num,
683 501 736 545 et
767 492 1001 545 numinis
1025 492 1365 546 addictorum
1410 495 1636 562 imperio
1664 536 1676 558 ,
1710 510 1832 548 cum
1873 496 2065 548 iisdem

497 585 553 637 in
581 583 894 638 llarbariam
928 584 1225 652 profectus,
1257 586 1444 638 urbem
1469 586 1743 639 Cesairem
1765 588 2065 653 occupavit,

495 691 558 727 ac
589 675 689 728 sibi
730 677 974 728 retinuit.

567 764 684 829 Qua
715 767 932 831 quidem
969 782 1024 820 re
1054 767 1282 820 feliciter
1313 766 1558 821 confecta
1585 811 1596 829 ,
1631 783 1724 836 per
1759 767 2066 822 universam

497 855 702 910 ltaliam
738 873 929 910 natnen
963 859 1131 924 ipsius
1167 861 1459 913 inclaruit:
1490 859 1828 927 inditumque
1872 859 1973 913 fuit
2017 861 2066 914 ei

496 963 795 1016 cngnnmen
821 951 888 1002 ab
919 949 1083 1013 Italis,
1119 951 1197 1005 uti
1225 951 1381 1017 vulgo
1412 950 1737 1004 Barbarossa
1771 950 2066 1006 diceretur.

496 1037 638 1093 Idem
671 1044 963 1106 quotannis
990 1045 1206 1096 sultat:o
1233 1043 1423 1096 Selimi
1445 1050 1498 1097 et
1519 1042 1808 1094 δυιιιίηιτηιί
1843 1057 2067 1096 munera

494 1132 739 1198 quadam
779 1134 1106 1189 missitahat.
1157 1135 1401 1199 Quorum
1454 1133 1630 1200 alter,
1688 1134 2065 1201 Soleimanes,

495 1223 594 1273 viri
631 1225 868 1284 virtute.
929 1241 1218 1294 rerumque
1267 1236 1542 1296 gestarum
1603 1226 1744 1280 fama
1801 1228 2062 1296 cognita,

495 1315 676 1368 missis
705 1317 912 1385 legalis,
940 1316 1186 1370 invitatit
1207 1318 1480 1372 hominem
1520 1319 1593 1371 uti
1625 1317 1692 1372 ad
1725 1333 1784 1373 se
1833 1320 2064 1373 veniret.

493 1404 852 1459 Cbairadines
880 1407 1076 1460 idom-o
1103 1409 1310 1462 Ccsairi
1342 1409 1595 1478 prasidio
1623 1409 1899 1475 imposito.
1923 1418 2065 1462 stre-

497 1508 847 1563 nuorumqne
881 1499 1122 1549 virorum
1153 1535 1167 1558 ,
1215 1507 1270 1550 et
1308 1498 1407 1551 sibi
1446 1497 1906 1551 amicissimorum
1940 1497 2062 1551 lidei

494 1585 714 1638 civitate
742 1586 975 1652 ere-lita,
1009 1589 1259 1644 triremes
1292 1589 1499 1656 aliquot
1528 1591 1700 1643 milite
1747 1590 2058 1656 complevit.

490 1687 547 1728 et
569 1676 1098 1745 Conmantinopolitn
1134 1679 1406 1747 profectus
1441 1693 1544 1734 est.
1572 1680 1648 1734 Εο
1667 1696 1789 1735 cum
1816 1682 2059 1750 appulis-

2175 495 2346 561 ipsius
2368 494 2419 544 in
2440 501 2761 561 potestatem
2783 493 3007 561 redegit.
3034 493 3104 544 Ea
3129 507 3184 543 re
3207 491 3420 544 sultano
3439 490 3736 542 Soleimani

2171 587 2444 645 nuntiata.
2475 599 2787 654 supremum
2816 585 3044 637 venirem
3073 597 3252 642 suum,
3287 583 3584 633 lhahimem
3613 581 3741 634 bas—

2170 693 2308 744 sam,
2332 679 2421 745 qui
2445 677 2585 746 apud
2610 677 2886 730 sultanum
2915 690 3141 731 summa
3168 675 3507 728 auctoritatis
3537 681 3649 726 erat
3679 681 3738 726 et

2171 771 2456 837 potentiae.
2492 782 2656 836 supra
2687 765 2875 821 bassas
2910 782 2974 819 ac
3009 767 3216 819 vczires
3256 781 3448 820 omnes
3483 775 3737 827 erectus,

2169 861 2332 929 idque
2358 874 2551 914 nomen
2584 859 2650 911 ab
2670 873 2736 913 eo
2757 865 3104 922 consecutus,
3149 868 3206 909 ut
3230 854 3331 909 Scr
3358 855 3520 910 Alter
3540 855 3742 908 sultani

2173 951 2562 1011 nominaretur,
2597 948 3065 1015 Constantinopoli
3116 947 3382 1010 ablegavit
3415 947 3465 998 iu
3528 950 3753 998 Anato-‘

2167 1041 2317 1105 liam,
2344 1051 2399 1094 et
2421 1040 2700 1094 Romaniae
2724 1039 3098 1106 Auatolia-que
3119 1038 3291 1105 copiis
3322 1037 3583 1105 prafecit:
3613 1051 3742 1087 cuin

2169 1134 2364 1200 quibus
2399 1133 2488 1186 ille
2518 1132 2816 1196 Chalcpnm
2849 1131 2999 1184 adiit.
3038 1140 3092 1183 et
3120 1130 3244 1184 inde
3283 1129 3732 1184 Carachemidatn

2170 1222 2424 1290 perrexit.
2461 1220 2577 1274 lluc
2610 1222 2696 1276 ubi
2724 1222 2979 1284 venisset,
3008 1221 3260 1276 Ulumam
3294 1223 3487 1288 hegum
3529 1221 3740 1287 [πεπιε-

2170 1317 2242 1365 sit
2276 1312 2330 1365 in
2359 1312 2634 1366 Parthiam
2661 1353 2675 1374 ,
2711 1312 2802 1381 qui
2838 1311 2946 1365 dux
2981 1309 3192 1365 itineris
3223 1319 3389 1366 esset:
3426 1320 3588 1378 atque
3621 1311 3738 1378 ipse

2169 1404 2418 1470 vestigiis
2452 1403 2599 1457 illius
2655 1404 2946 1464 inhaerens,
2979 1417 3010 1456 a
3043 1411 3191 1471 tergo
3213 1411 3434 1457 secutus
3459 1412 3564 1468 est,
3593 1414 3739 1455 anno

2165 1493 2260 1547 tm
2295 1492 2446 1560 (Chr.
2476 1492 2661 1563 tsss).

2242 1584 2354 1638 Hoc
2389 1584 2549 1638 modo
2581 1585 2897 1640 continuata
2927 1582 3286 1653 profectione,
3326 1583 3545 1638 nomine
3599 1583 3740 1637 resi.

2165 1684 2365 1740 stente,
2426 1674 2733 1730 Tebrisium
2792 1675 2867 1728 illi
2913 1686 3294 1746 pervenerunt.
3359 1675 3558 1728 Aberat
3590 1675 3736 1728 enim

493 1777 576 1821 set
605 1808 619 1828 ,
683 1785 900 1821 manum
941 1785 1038 1836 pro
1067 1785 1218 1822 more.
1265 1772 1481 1827 sultano
1512 1771 1807 1826 Soleimani
1838 1773 2056 1827 oscula-
2089 1758 2132 1812 Β

2089 1758 2371 1819 BScadus
2404 1766 2451 1820 id
2510 1767 2771 1833 temporis
2831 1765 2900 1818 ab
2947 1766 3037 1818 illa
3067 1767 3371 1836 provincia,
3426 1766 3621 1820 bellum
3683 1767 3740 1817 in

492 1868 582 1912 tus
637 1867 740 1910 est.
803 1857 1024 1926 Excepit
1067 1860 1340 1914 hominem
1402 1863 1653 1915 sultanus
1709 1877 1842 1917 sane
1897 1878 2057 1928 quant

494 1951 789 2004 honorifice
818 1990 831 2014 ,
881 1952 1284 2021 constitutoque
1332 1953 1533 2007 salario
1573 1954 1902 2024 quadragies
1934 1969 2061 2009 cen-

492 2053 605 2096 tum
640 2043 864 2094 millium
891 2057 1175 2111 asprorum
1205 2059 1415 2104 annuo,
1469 2043 1858 2113 Beglerbegnm
1896 2047 2064 2099 maris

493 2152 804 2201 supremum
844 2138 1064 2200 creavit,
1096 2145 1147 2188 et
1180 2134 1246 2189 ad
1273 2137 1463 2190 reziris
1483 2138 1803 2204 dignitatem
1843 2140 2021 2190 evexit
2048 2154 2062 2196 :

494 2229 636 2280 unde
669 2243 864 2281 nomen
896 2229 942 2280 ei
971 2227 1177 2292 datum,
1204 2237 1261 2282 ut
1292 2228 1644 2282 Chairadines
1677 2244 1792 2298 app.
1817 2230 2060 2282 llaretnr.

499 2318 705 2372 Nactus
735 2334 864 2383 ergo
897 2320 1053 2387 plena
1087 2335 1210 2373 cum
1249 2327 1512 2387 potestate
1549 2319 1714 2372 maris
1751 2320 2064 2388 imperium,

492 2421 704 2464 rentum
742 2410 989 2463 triremes
1027 2409 1078 2462 in
1111 2425 1260 2464 mare
1291 2409 1483 2464 deduci
1521 2418 1573 2462 et
1605 2409 1822 2469 instrui.
1863 2411 2066 2463 milite-

491 2519 596 2569 que
644 2503 902 2568 e0mplcri
931 2503 1118 2571 jussit.
1151 2511 1204 2558 et
1236 2519 1358 2557 cum
1393 2504 1460 2556 iis
1487 2503 1723 2556 Moream
1757 2504 1910 2557 adiit.
1942 2502 2056 2567 Qua

493 2609 549 2646 re
593 2593 923 2650 Christianis
949 2597 1217 2660 nuntiata,
1245 2611 1366 2650 mox
1397 2595 1470 2648 illi
1504 2596 1858 2664 regioni-met
1884 2610 2066 2658 arces,

489 2699 628 2751 quas
670 2695 1094 2753 occupaverant,
1129 2685 1375 2740 desertas
1401 2686 1687 2756 reliquere,
1719 2689 2067 2740 conscensis-

488 2791 596 2841 que
630 2774 860 2829 navibus
892 2777 1027 2839 suis,
1057 2775 1182 2830 inde
1205 2777 1596 2832 discesserunt.
1627 2779 1670 2828 A
1726 2779 2067 2833 Christiano-

496 2880 612 2918 rum
648 2866 822 2930 abitu,
860 2867 1088 2921 trecenti
1121 2864 1397 2931 Geuizari,
1436 2869 1712 2938 Azapique
1744 2870 1968 2924 totidem
2004 2871 2058 2924 in

487 2972 552 3008 ea
585 2956 733 3010 fuere
765 2957 882 3010 inca
927 2958 1116 3023 missi,
1151 2960 1242 3026 qui
1279 2969 1333 3014 et
1365 2958 1616 3023 Coronae,
1645 2971 1694 3014 et
1725 2962 1937 3030 Oppidis
1961 2977 2067 3016 ca:-

496 3049 628 3101 tetis
663 3049 915 3118 praesidio
953 3060 1154 3103 essent.
1187 3050 1315 3104 Inde
1348 3050 1709 3107 Chairadines
1744 3053 1902 3107 bassa
1936 3067 2063 3107 cum

491 3137 682 3190 eadem
715 3139 888 3190 classe
921 3138 972 3191 in
1008 3137 1326 3194 llat-bariam
1364 3139 1663 3208 profectus,
1698 3142 1886 3198 urbem
1921 3144 2064 3198 cele-

497 3229 643 3279 lll‘t'lll
679 3227 1020 3292 Tunisinam,
1048 3245 1168 3299 qua:
1195 3247 1220 3284 a
1264 3231 1465 3285 Mauris
1500 3231 1775 3295 incolitur,
1816 3248 2060 3301 occupa-

496 3328 600 3374 tam
634 3337 734 3373 suo
789 3321 1020 3390 subjecit
1065 3324 1314 3390 imperio,
1350 3337 1494 3377 anno
1521 3322 1624 3377 940
1652 3325 1803 3392 (Chr.
1837 3323 2015 3393 1534).

565 3414 762 3466 Eodem
785 3417 884 3467 hoc
903 3425 1142 3482 tempore
1155 3425 1322 3482 (κηρυκι
1346 3431 1371 3465 a
1392 3414 1718 3469 Chairadine
1733 3419 1891 3469 bassa
1906 3414 2071 3469 Tuni-

492 3508 590 3567 sis,
607 3505 824 3573 q't‘dam
844 3522 872 3559 e
892 3521 1120 3560 numero
1141 3505 1512 3559 Parthicnrum
1536 3520 1819 3573 procerum
1841 3504 2070 3563 Ultimas

495 3595 686 3662 hegus,
718 3609 746 3645 a
787 3597 986 3648 scacho
1020 3593 1305 3648 Techmasi
1340 3594 1450 3647 lilio
1474 3595 1654 3648 scachi
1681 3593 1934 3660 lsmailis,
1967 3597 2058 3651 de-

494 3682 657 3748 feclt‘,
686 3685 809 3738 licet
833 3685 1002 3749 ipsius
1025 3685 1207 3738 scachi
1231 3699 1470 3737 sororem
1498 3685 1716 3738 haberet
1763 3687 2065 3756 conjugem.

497 3779 676 3840 Itaque
717 3773 977 3844 profugus
1006 3790 1037 3829 e
1072 3773 1848 3842 Parthia.Constantinopolim
1891 3789 2070 3830 acces—

493 3868 562 3917 sit
591 3883 602 3919 :
632 3873 683 3918 ct
711 3869 949 3932 praestito
989 3865 1346 3935 subjectionis
1390 3876 1732 3920 sacramento
1776 3868 2070 3923 Soleimani

494 3976 552 4010 se
600 3969 766 4012 totum
798 3959 1026 4013 addixit.
1057 3959 1131 4014 De
1169 3961 1328 4028 hujus
1387 3960 1484 4012 viri
1547 3961 1776 4014 consilio
1820 3961 2070 4016 sultanus

494 4052 830 4106 Snleiinanes
870 4051 1266 4118 expeditionem
1313 4052 1621 4108 Parthicam
1666 4054 1947 4120 autSt-iocre
1971 4071 2066 4109 co-

499 4144 724 4209 gitabat,
746 4159 866 4197 eam
895 4153 1195 4213 praetexens
1216 4144 1343 4197 belli
1364 4160 1608 4206 causam,
1634 4147 1778 4214 quod
1801 4146 2067 4210 Scachus,

496 4236 611 4288 suis
652 4250 774 4287 cum
818 4234 1132 4302 pI'OCt'f'lbllS
1172 4244 1226 4288 et
1266 4235 1498 4287 subditis
1524 4276 1538 4299 ,
1583 4237 1807 4288 minime
1863 4247 2064 4292 rectam

495 4325 769 4395 religiOnis
798 4325 1206 4391 amplecteretur
1235 4325 1581 4384 sententiam,
1619 4341 1715 4377 nec
1735 4325 1914 4377 debito
1939 4340 2068 4393 qua—

2166 1857 2482 1911 Chorasane
2531 1865 2720 1911 contra
2763 1855 2960 1910 Kezien
3019 1859 3235 1912 bassam
3294 1872 3508 1926 gerens,
3566 1859 3738 1923 quici

2164 1947 2530 2002 Chorasanem
2557 1949 2764 2016 eripere
2797 1950 3028 2002 volebat.
3059 1948 3190 2002 Cum
3213 1949 3432 2018 propius
3461 1948 3528 2003 ad
3551 1946 3740 2002 Tebri-

2166 2040 2304 2093 sium
2348 2041 2725 2100 accessissent,
2754 2043 2940 2094 urbem
2975 2042 3230 2094 invenere
3257 2041 3552 2095 desertam.
3577 2039 3740 2111 355

2165 2140 2218 2182 et
2250 2130 2643 2182 habitatoribus
2677 2145 2921 2184 vacuam.
2956 2131 3282 2185 lbrahimem
3325 2145 3450 2187 vero
3490 2133 3735 2201 praemis-

2165 2235 2284 2273 sum
2320 2223 2384 2273 ad
2418 2222 2816 2288 expeditionem
2853 2223 3012 2284 hanc,
3056 2238 3198 2277 anno
3231 2221 3326 2274 9i!
3365 2222 3517 2291 (Chr.
3553 2221 3738 2292 1535).

2167 2321 2389 2362 secutus
2416 2319 2498 2361 est
2543 2310 2764 2376 ipsemet
2809 2310 3163 2377 Soleimanes,
3215 2327 3337 2365 cum
3365 2313 3636 2379 genituris
3689 2327 3742 2368 ct

2166 2399 2287 2450 aliis
2333 2396 2508 2451 Porta:
2548 2399 2741 2466 copiis,
2794 2416 2854 2452 ea
2902 2400 3197 2466 celeritate,
3244 2411 3300 2454 ut
3345 2417 3455 2467 quo
3500 2412 3742 2470 tempore

2169 2488 2470 2543 Tebrisium
2529 2489 2826 2545 lbrahimes
2894 2491 3174 2561 ingressus
3208 2501 3328 2555 est,
3403 2493 3741 2549 Soleimanes

2169 2577 2546 2633 Carahemidte
2616 2584 2784 2648 purus
2851 2582 3181 2636 immineret.
3237 2581 3445 2638 Interea
3509 2587 3742 2641 scachus

2168 2674 2332 2726 etiam
2371 2672 2701 2727 Techmases
2741 2674 2966 2740 prOpius
3029 2674 3093 2728 ad
3128 2672 3434 2729 Tebt'isium
3471 2691 3599 2732 suus
3632 2679 3738 2732 ad-

2140 2765 2433 2835 .duxerat,
2475 2773 2537 2818 ut
2575 2763 2695 2817 istic
2731 2764 3053 2818 lbrahimem
3127 2767 3347 2820 bassam
3384 2775 3738 2838 opprimeret.

2174 2853 2475 2907 lhrahimes
2533 2854 2704 2909 hostis
2759 2867 2957 2908 conatu
2992 2859 3208 2925 cognito
3251 2905 3265 2926 ,
3323 2860 3529 2928 absque
3590 2879 3742 2915 mora

2170 2945 2532 3001 Soleimanem
2566 2949 2852 3002 certiorem
2883 2948 3133 3008 reddidit;
3164 2955 3254 3019 qui
3283 2953 3576 3021 duplicatis
3604 2971 3744 3021 quo-

2177 3039 2725 3104 tidianisitinetibns,
2765 3042 3050 3096 celerrime
3083 3043 3388 3098 'l‘ehrisium
3441 3048 3732 3111 advolavit,

2172 3142 2368 3188 etcum
2388 3133 2659 3188 lbrahime
2679 3149 2736 3188 se
2753 3135 3307 3205 conjunxittluunpie
3326 3153 3417 3207 per
3436 3140 3742 3208 explorato-

2166 3241 2255 3279 res
2295 3224 2707 3290 intellexissent,
2748 3226 2949 3295 quibus
2974 3229 3023 3281 in
3062 3230 3195 3282 locis
3220 3230 3540 3284 l'arthorutn
3583 3247 3744 3286 exer—

2168 3317 2307 3372 citus
2335 3319 2575 3388 degeret,
2601 3333 2746 3376 recta
2772 3323 2824 3373 in
2848 3336 2942 3378 eos
2961 3324 3187 3379 timere.
3209 3325 3348 3378 Tum
3376 3339 3503 3379 vero
3531 3323 3743 3393 Parthi,

2168 3411 2263 3480 qui
2290 3413 2358 3466 de
2397 3411 2721 3468 Soleimanis
2755 3414 2989 3468 adventu
3021 3428 3145 3469 cum
3181 3417 3447 3484 genizaris
3473 3433 3537 3472 ac
3569 3418 3747 3476 Porta

2171 3501 2432 3556 militibus
2467 3503 2676 3556 caeteris
2711 3514 3071 3571 acceperant.
3115 3517 3280 3572 seque
3321 3505 3414 3558 tali
3456 3507 3744 3561 machina-

2171 3608 2292 3647 rum
2323 3592 2639 3648 bellicarum
2675 3595 2978 3663 apparatni,
3025 3597 3301 3662 tantisque
3337 3597 3508 3666 copiis
3534 3614 3742 3667 nequa-

2171 3699 2333 3752 quam
2361 3687 2615 3739 resistere
2635 3700 2795 3754 posse
2819 3697 3123 3750 cernerent,
3145 3686 3449 3741 Sultaniani
3480 3691 3744 3761 profuge-

2173 3782 2318 3827 runt.
2376 3773 2649 3828 Osmanici
2713 3775 2875 3828 nimia
2944 3786 3383 3838 tormentorum,
3448 3793 3680 3835 annonae
3717 3823 3734 3842 .

2171 3864 2553 3925 tentoriorum,
2588 3879 2867 3928 curruum,
2901 3879 2954 3919 et
2990 3867 3220 3922 aliarum
3260 3873 3439 3939 magni
3481 3873 3738 3941 ponderis

2172 3970 2351 4008 rerum
2386 3956 2542 4025 copia
2574 3957 2779 4024 gravaﬁ
2811 3997 2823 4019 ,
2863 3967 3129 4014 tormenta
3168 3977 3286 4015 cum
3326 3964 3739 4032 impedimentis

2168 4049 2380 4100 cat-teris
2413 4057 2773 4101 tIeCeutorurn
2807 4051 3205 4118 genimrorunt,
3233 4067 3294 4106 ac
3326 4055 3488 4109 trium
3527 4059 3740 4126 sangia-

2169 4152 2358 4191 eorum
2407 4141 2657 4206 prasidio
2716 4144 2946 4208 munita,
3002 4145 3307 4200 'l'ebrisiuut
3386 4153 3738 4216 remiserunt.

2168 4236 2331 4294 atque
2388 4232 2488 4284 hoc
2545 4233 2702 4287 modo
2761 4233 2889 4290 facti
2952 4237 3355 4304 expeditiores.
3426 4241 3735 4297 Parthicum

2169 4320 2393 4372 militum
2451 4324 2709 4376 acritera
2765 4336 2916 4397 tergo
2975 4335 3229 4399 persequi
3297 4347 3508 4401 cepere.
3599 4335 3740 4390 Tum

496 4429 618 4470 tuor
674 4416 998 4469 Malmmclis
1039 4419 1327 4483 prophetas
1386 4419 1590 4470 honore
1629 4429 2065 4484 prosequeretur.
2099 4433 2143 4488 υ
2176 4425 2302 4463 vero
2331 4408 2515 4480 fugere
2543 4412 2746 4481 Parthi,
2774 4418 3108 4488 fugientibus
3164 4425 3368 4478 instare
3434 4425 3738 4486 Osmauici;

499 4508 610 4562 Ilac
642 4510 708 4560 de
740 4524 901 4561 causa
927 4509 1280 4573 dignissimos
1315 4511 1589 4569 censebat,
1629 4509 1830 4576 quibus
1867 4508 2063 4559 bellum

495 4602 807 4666 inferretur,
839 4602 930 4667 qui
990 4601 1388 4666 occidi-rentur,
1442 4603 1687 4668 adeoque.
1720 4602 1938 4666 penitus
1973 4616 2066 4656 ex-

497 4693 871 4759 stirparentur.
904 4690 1086 4758 Itaque
1133 4690 1468 4746 Soli-imaues
1519 4695 1621 4745 hoc
1648 4693 1787 4745 bello
1820 4692 2066 4754 decreto,

496 4783 874 4851 Sangiacatum
914 4783 1117 4836 Ultimm
1176 4784 1310 4854 bego
1370 4800 1535 4851 supra
1589 4786 1895 4848 nominato,
1959 4802 2064 4838 non

495 4879 680 4945 procul
738 4893 767 4928 a
815 4874 1174 4928 Carahemida
1210 4915 1223 4934 ,
1295 4878 1583 4927 concessit.
1653 4873 1876 4929 Ulumas
1936 4891 2066 4929 vero

495 4969 924 5036 Conslalinopoli
991 4967 1320 5034 quibusdam
1385 4967 1670 5020 conductis
1729 4967 1943 5034 copiis,
2015 4968 2067 5019 in.

496 5061 877 5129 sangiacatum
914 5076 1023 5113 suzc
1054 5060 1315 5114 creditum
1345 5059 1465 5112 fidt‘i
1516 5075 1638 5112 cum
1663 5059 1744 5113 eis
1797 5059 2071 5126 profectus

495 5161 600 5204 cst.
649 5150 810 5203 Missa
838 5167 1054 5220 quoque
1079 5150 1299 5204 fuerunt
1328 5151 1393 5203 ad
1425 5161 1654 5204 ceteros
1679 5151 1824 5203 illius
1854 5153 2071 5219 provin-

495 5241 594 5292 cia!
625 5242 918 5308 Sangiacos
951 5259 979 5292 ει
1010 5243 1227 5294 sultano
1263 5238 1572 5293 Soli-imane
1619 5241 1896 5295 tttandata.
1947 5242 2062 5308 qni-

502 5334 600 5385 bus
630 5334 1046 5402 praecipiebatur
1076 5344 1131 5386 ut
1176 5331 1378 5386 Ultima:
1433 5334 1589 5400 nego,
1631 5336 1847 5400 quoties
1886 5334 1936 5384 in
1976 5333 2071 5387 ho-

500 5434 633 5476 stem
663 5422 1000 5489 profecturus
1023 5431 1186 5485 esset,
1216 5422 1663 5488 obsequerentur.
1701 5420 1923 5476 Ulumas
1945 5436 2074 5490 ergo

495 5515 774 5564 dei-return
800 5513 900 5565 sibi
927 5511 1308 5580 Sangiacalum
1343 5512 1644 5580 ingressus,
1675 5514 1918 5566 Collectis
1948 5514 2068 5580 ejus

497 5604 735 5671 regionis
793 5605 1111 5673 proceribus
1176 5603 1480 5673 Sangiacis,
1557 5606 1794 5674 ipsorum
1843 5605 2065 5672 adjutus

497 5697 740 5764 auxiliis,
781 5697 1131 5752 Curdistauio
1171 5697 1421 5766 principi,
1480 5698 1564 5751 cui
1614 5713 1808 5751 nomen
1855 5696 2069 5751 Screfes

2171 4505 2341 4557 donec
2373 4505 2513 4557 hami
2545 4510 2729 4574 proettl
2757 4512 2823 4561 ab
2853 4513 3049 4580 oppido
3079 4513 3389 4569 liemedane
3420 4528 3739 4586 perventum

2172 4594 2380 4648 fuisset.
2410 4596 2480 4648 lbi
2510 4613 2632 4651 cum
2679 4600 2897 4667 pluviis,
2925 4615 2980 4656 et
3006 4619 3234 4660 annonae
3258 4611 3504 4676 penuria,
3532 4621 3740 4665 tantum

2172 4681 2342 4752 frigus
2365 4687 2686 4740 Usmanicos
2713 4701 3022 4758 oppressit,
3067 4707 3124 4746 ut
3157 4695 3374 4762 plurimi
3410 4708 3516 4750 tam
3547 4715 3742 4756 manus

2170 4791 2333 4844 quant
2369 4778 2529 4845 pedes
2567 4794 2595 4832 a
2633 4780 2831 4850 frigore
2869 4782 3023 4838 lacsos
3065 4786 3397 4849 amitterent.
3460 4805 3523 4843 ac
3566 4791 3745 4844 incre-

2171 4870 2354 4923 dibilis
2387 4871 2669 4923 hominum
2699 4913 2714 4936 ,
2749 4873 3234 4948 jumentorumque
3272 4870 3564 4936 multitudo
3601 4885 3743 4940 fame

2175 4964 2437 5016 interiret.
2480 4964 2746 5018 l’ra'terea
2799 4968 3069 5034 contigit,
3135 4981 3192 5023 ut
3243 4975 3294 5025 in
3358 4975 3475 5044 ipso
3537 4988 3741 5031 conatu

2185 5059 2590 5112 transmittendi
2620 5060 2817 5123 atnnis,
2849 5063 2941 5129 qui
2973 5060 3151 5118 Docus
3172 5065 3338 5121 Cczid
3364 5081 3610 5133 vocatur,
3648 5073 3748 5126 flu-

2175 5164 2295 5201 men
2328 5149 2460 5201 illud
2495 5150 2650 5217 aquis
2686 5149 2885 5218 pluviis
2927 5151 3220 5207 adauctum
3271 5158 3617 5214 vehementer
3666 5163 3749 5214 in-

2176 5248 2526 5294 tumesceret.
2574 5241 2806 5310 Ideoque
2851 5244 2959 5297 dici
3008 5260 3115 5299 non
3170 5257 3374 5314 potest,
3430 5261 3564 5318 quot
3621 5253 3748 5305 istic

2177 5333 2440 5397 homines,
2461 5335 2726 5402 jntnenta,
2752 5351 2929 5389 rerum
2959 5340 3187 5390 aliarum
3215 5342 3442 5392 sarcinm
3469 5344 3750 5409 perierint;

2179 5423 2420 5492 adeoque
2449 5425 2515 5478 de
2547 5441 2641 5477 sua
2681 5427 2910 5494 quilibet
2942 5432 3116 5481 salute
3154 5431 3494 5497 desperabat.
3520 5430 3751 5497 Quando

2179 5510 2341 5581 igitur
2397 5518 2668 5568 exercitus
2765 5516 3051 5572 l’arthicus
3112 5535 3380 5587 nusquam
3438 5527 3749 5590 apparebat,

2182 5619 2283 5656 nec
2337 5605 2466 5658 sciri
2521 5617 2755 5673 poterat,
2816 5625 3053 5673 quonam
3106 5625 3162 5664 sc
3221 5616 3514 5682 recepisset
3559 5633 3574 5680 ;
3612 5616 3750 5669 alia-

2178 5708 2281 5762 quo
2303 5694 2449 5747 nulla
2484 5699 2629 5763 ιιιίςω
2654 5695 2921 5768 Bagadatc
2952 5701 3142 5767 propin
3167 5701 3308 5763 tuinr
3333 5713 3470 5766 erat,
3495 5719 3616 5774 qua:
3639 5706 3710 5758 tui
3729 5733 3749 5744 -
