4212 6288
456 412 558 482 641

1733 414 1937 477 ᾹΝΝΑ
1950 416 2093 478 LES
2127 419 2462 480 TURCICI.

3614 424 3721 487 6ἂὲ

455 572 559 611 nus
580 554 791 610 hiberni
820 552 1058 624 frigoris.
1084 562 1134 609 et
1155 554 1276 622 plus
1294 553 1496 608 calet-is
1517 552 1777 613 haberet;
1807 553 1860 606 in
1886 552 2025 607 hanc
2057 552 2100 609 Λ
2130 535 2568 604 ⁰⁰η³¹¹³ίῧ¹⁹πθ¹¹ίο
2642 535 2721 587 All
2787 550 3056 589 mmmam
3081 577 3096 596 ο
3152 535 3353 605 “mimi
3439 535 3717 603 τοαῑοηεηι

453 648 558 703 sibi
598 646 936 702 Soleimanes
978 646 1283 700 ducendum
1323 646 1512 699 statuit
1555 646 1875 701 exercitum.
1920 645 2021 701 Ubi

453 744 674 810 propius
703 741 767 792 ad
800 740 987 794 urbem
1026 738 1367 800 accessisset.
1405 738 1608 806 apertis
1659 740 1848 792 incolae
1905 754 2027 807 potu

458 838 563 896 tis,
599 847 718 887 eam
757 829 1086 884 Soleimanis
1127 828 1380 899 potestati
1418 830 1741 900 permisere.
1778 828 2029 898 Quapro.

456 932 572 993 pter
614 924 927 993 ingressus,
969 923 1212 976 nonnihil
1249 922 1370 977 istic
1413 937 1472 978 se
1510 923 1798 977 recreavit.
1839 919 2032 976 Omnis

455 1016 617 1068 etiam
649 1013 869 1085 Bagdati
901 1011 1128 1067 ﬁnitima
1165 1015 1310 1084 regio
1339 1028 1396 1067 se
1446 1012 1773 1067 Soleimanis
1804 1013 2033 1081 imperio

454 1105 730 1162 submisit.
778 1103 898 1171 Quo
947 1104 1170 1169 factum,
1237 1114 1295 1158 nt
1352 1103 1735 1174 bcgierbegum
1790 1103 1845 1156 in
1898 1103 2033 1156 urbe

454 1194 851 1256 constitueret,
892 1191 1175 1261 ipsamque
1214 1191 1550 1261 provinciam
1594 1192 1645 1245 in
1687 1194 2032 1262 sangiacatns

454 1284 779 1350 partiretur.
836 1280 1103 1337 Praeterea
1153 1280 1411 1351 Bagadati
1439 1281 1673 1336 militare
1720 1282 2030 1349 prmsidium

458 1372 741 1443 imposuit.
775 1373 934 1441 eique
963 1374 1031 1427 de
1065 1373 1353 1427 tormentis
1389 1372 1598 1426 bellicis
1631 1382 1684 1424 et
1717 1373 1837 1425 aliis
1872 1374 2033 1427 rebus

456 1465 803 1523 necessariis.
836 1478 1175 1532 annona'quc
1207 1465 1359 1533 copia
1399 1466 1694 1535 prospexit:
1736 1480 1855 1517 cum
1880 1466 2033 1534 prius

457 1559 646 1612 urbem
686 1556 968 1611 muniisset
989 1596 1004 1621 ,
1035 1568 1088 1608 ct
1119 1571 1315 1627 aquam
1353 1570 1382 1609 e
1410 1555 1631 1609 ﬂumine
1661 1554 1945 1607 dirivatam
1979 1556 2032 1608 in

458 1649 635 1705 fossas
670 1650 907 1703 urbanas
941 1648 1279 1705 immisisset.
1314 1645 1426 1701 Hoc
1460 1657 1704 1717 tempore
1735 1662 2028 1716 supremus

459 1740 859 1814 Depbterdarus
893 1742 1007 1796 sive
1064 1741 1338 1795 maximus
1370 1739 1547 1794 aerarii
1588 1737 1876 1810 prmfectus
1898 1779 1913 1804 ,
1957 1737 2034 1792 Is-

457 1824 693 1892 ebender
720 1834 958 1901 lelebis,
985 1835 1128 1905 apud
1163 1834 1441 1889 sultanum
1479 1832 1847 1887 Soleimancm
1883 1831 2031 1887 dela-

458 1939 547 1984 tus
572 1928 698 1993 fuit,
746 1928 818 1983 ob
863 1936 1123 1981 tractatos
1170 1925 1421 1994 nequiter
1476 1926 1762 1979 thesauros
1806 1924 1985 1994 regios
2014 1940 2031 1978 :
2065 1950 2111 2012 Β

456 2036 618 2091 quem
658 2028 813 2075 extra
866 2019 1053 2073 urbem
1107 2019 1207 2071 hoc
1256 2018 1477 2071 nomine
1534 2016 1794 2085 suspendi
1843 2015 2027 2085 jussit,

458 2114 727 2180 universis
762 2110 1109 2167 facultatibus
1141 2110 1265 2179 ejus
1304 2109 1435 2163 lisco
1471 2108 1786 2179 applicatis.
1825 2106 2032 2161 Interea

457 2220 620 2268 vero.
676 2204 803 2260 dum
863 2202 1203 2258 Soleimanes
1266 2203 1406 2256 intra
1458 2198 1746 2270 Bagadatis
1803 2212 2032 2260 muros,

456 2298 732 2357 exercitus
777 2295 912 2349 foris
949 2296 1003 2349 in
1047 2293 1291 2349 hibernis
1331 2292 1591 2357 hauebat,
1626 2290 1825 2361 prodiit
1851 2292 2035 2345 denuo

453 2388 688 2446 sesehus
718 2386 1051 2443 Tecbmases
1085 2387 1139 2441 in
1175 2392 1420 2455 apertum
1453 2384 1570 2441 suis
1602 2398 1728 2438 cum
1751 2382 1945 2452 copiis,
1981 2391 2033 2439 et

454 2481 762 2538 'l’ebrisium
793 2481 896 2536 iter
927 2479 1178 2535 instituit.
1214 2477 1345 2533 Inde
1370 2491 1495 2533 cum
1521 2481 1698 2545 ipsum
1732 2476 1872 2529 haud
1908 2488 2030 2545 ιιι-ος

459 2575 551 2629 cui
590 2575 783 2629 abesse
850 2572 1023 2627 relicti
1060 2571 1129 2626 ad
1168 2568 1480 2625 Tehrisium
1521 2565 1759 2633 sangiaci
1789 2574 1842 2619 et
1879 2565 2036 2637 geni-

453 2666 587 2725 tari.
639 2665 707 2719 de
747 2663 947 2731 quibus
989 2675 1153 2732 supra
1189 2660 1419 2721 dictum,
1477 2656 1838 2724 accepissent,
1890 2653 2025 2723 quid

450 2755 721 2828 agendum
751 2755 853 2808 sibi
892 2755 993 2809 hoc
1027 2767 1161 2808 casu
1192 2750 1331 2807 foret
1358 2791 1373 2815 ,
1402 2746 1744 2818 ignorabant.
1772 2744 1909 2813 Qui:
1946 2756 2032 2802 ta-

453 2864 580 2903 men
626 2848 1149 2907 animadverterent.
1203 2857 1303 2896 nec
1352 2841 1419 2895 ad
1452 2838 1831 2894 aesisteridum
1884 2839 2027 2893 hosti

457 2951 564 2994 tam
596 2938 799 3007 potenti
827 2952 886 2992 se
914 2936 1159 2992 sumcere
1184 2948 1283 2988 nec
1311 2936 1363 2987 in
1396 2941 1642 2999 tempore
1676 2930 1778 2985 sibi
1806 2944 2033 2986 succur-

460 3034 503 3084 ri
540 3045 719 3099 posse,
756 3031 999 3084 sarcinas
1034 3041 1253 3090 oumes,
1288 3035 1343 3080 et
1376 3034 1645 3079 tormenta
1680 3022 1873 3078 bellica
1904 3037 2029 3076 cum

458 3123 622 3177 rebus
654 3121 717 3174 ad
739 3137 801 3173 ca
829 3120 1175 3182 necessariis,
1198 3128 1252 3172 et
1274 3115 1535 3171 custodiae
1562 3128 1676 3170 sure
1701 3114 2029 3179 commissis,

459 3214 656 3267 ibidem
689 3213 1044 3279 reliquerunt.
1080 3225 1145 3263 ac.
1178 3208 1301 3280 fuga
1330 3207 1488 3261 saluti
1518 3220 1632 3260 sua
1662 3209 2015 3261 consuluere.

2132 625 2278 679 illam
2311 626 2620 680 universam
2666 627 2879 680 escidio
2940 626 3162 690 afﬂixit,
3229 629 3455 695 direptis
3486 630 3716 680 misero~

2135 731 2254 771 rum
2322 716 2619 769 incolarum
2685 718 3073 782 facultatibus,
3127 731 3180 772 et
3237 720 3537 788 absumptis
3599 734 3720 773 om-

2133 808 2294 863 nibus
2360 808 2649 877 iumentis.
2714 810 2838 864 Post
2894 810 3031 864 hanc
3086 811 3480 871 vastationem.
3539 811 3717 866 Solei-

2135 916 2325 955 manes
2353 902 3102 958 exercitumCurabo-uillam
3144 904 3381 956 reduxit.
3430 903 3493 956 Et
3530 904 3714 972 dispu-

2134 993 2271 1047 situs
2323 1009 2385 1047 ac
2436 996 2654 1047 relictus
2706 1004 2823 1048 erat
2872 1011 2899 1047 τι
2954 1006 3103 1065 tergo
3157 996 3392 1058 dnmlar,
3452 1004 3509 1045 ut
3547 992 3712 1048 'l‘nrci

2135 1091 2327 1136 vocant
2354 1100 2368 1137 :
2394 1083 2560 1155 356
2583 1086 2725 1152 quod
2764 1100 3119 1139 vereretur-ne
3153 1085 3204 1137 in
3230 1087 3345 1152 ipsa
3383 1085 3719 1154 profectione

2135 1175 2366 1228 srachus
2397 1177 2756 1245 impressione
2778 1176 2954 1231 subita
2984 1193 3114 1233 suos
3136 1179 3541 1247 aggrederetur.
3564 1179 3717 1239 Ouod

2134 1268 2350 1333 quidem
2385 1268 2456 1322 ita
2490 1285 2711 1339 prorsus
2740 1271 2959 1326 accidit.
2995 1269 3126 1325 Nam
3168 1271 3424 1335 scachus,
3449 1272 3720 1330 intellecto

2137 1359 2383 1411 discessu
2419 1359 2767 1425 Soleimanis,
2818 1362 3014 1417 sclecta
3068 1363 3421 1416 Cm-izzornm
3470 1364 3714 1432 quinque

2139 1449 2303 1502 millia
2353 1465 2537 1501 sccum
2575 1454 2827 1519 sumpsit.
2866 1467 2929 1507 ac
2982 1454 3384 1506 t-ercdarim‘mn
3420 1456 3470 1507 in
3508 1468 3718 1506 merent

2135 1538 2459 1595 Osmauicos
2491 1559 2519 1594 a
2551 1554 2699 1612 tergo
2724 1553 2944 1597 secutus
2972 1553 3053 1597 cst
3084 1585 3097 1607 ,
3134 1545 3186 1597 in
3216 1547 3318 1597 hoc
3343 1560 3511 1597 unum
3544 1546 3719 1597 inton-

2139 1641 2245 1691 tus.
2279 1640 2336 1684 ut
2365 1648 2458 1686 ens
2494 1632 2677 1701 aliquo
2718 1634 3045 1689 detrimento
3076 1635 3328 1692 alliceret.
3391 1636 3630 1689 Tandem
3662 1638 3719 1689 in

2138 1738 2329 1792 agmen
2357 1723 2490 1778 illud
2519 1734 2823 1780 extremum
2859 1727 3070 1791 incidit,
3102 1729 3245 1796 quod
3279 1728 3494 1782 (lundar
3529 1730 3716 1797 appel-

2139 1816 2299 1874 latur.
2331 1817 2406 1870 uti
2434 1815 2715 1873 iliximms.
2750 1820 2881 1888 Ejus
2902 1820 3097 1875 ductor
3126 1832 3244 1875 crat
3276 1820 3499 1877 Ulumas
3526 1827 3714 1894 begus.

2138 1909 2224 1958 cui
2250 1916 2441 1975 praeter
2461 1908 2699 1978 quinque
2726 1911 3032 1979 sangiacos,
3067 1914 3453 1981 septemdecim
3478 1912 3711 1967 millium

2138 2008 2484 2053 strennorum
2512 2001 2737 2055 militum
2765 2000 3106 2058 Soleimanes
3130 2006 3474 2061 attribuezat.
3504 2009 3580 2060 Ad
3616 2009 3720 2065 hos

2138 2107 2262 2147 cum
2299 2094 2537 2149 srachus
2602 2090 2911 2154 advolasse't
2972 2099 3222 2168 propius,
3262 2116 3384 2156 mox
3421 2105 3470 2157 in
3510 2119 3601 2158 cos
3637 2105 3714 2160 ir-

2137 2186 2269 2245 ruit.
2295 2194 2350 2240 et
2373 2202 2535 2243 manu
2582 2200 2855 2245 conserta.
2880 2193 3127 2263 superior
3151 2194 3287 2264 ipse,
3313 2194 3510 2252 Turcis
3534 2202 3714 2263 caesis.

2136 2277 2329 2331 evasit.
2370 2279 2698 2351 interempta
2734 2283 2885 2338 fuere
2946 2282 3249 2342 Turcorum
3300 2289 3365 2343 ad
3427 2271 3715 2346 duodecim

2138 2367 2331 2435 millia,
2362 2367 2772 2441 desideratiquc
2804 2384 2915 2428 tres
2948 2376 3210 2448 sangiaci.
3242 2375 3485 2445 Quartus
3511 2381 3564 2435 in
3604 2385 3720 2435 ho—

2133 2473 2175 2517 ε·
2189 2459 2298 2515 ium
2318 2471 2640 2531 potestatem
2659 2469 3054 2535 venit,quintus
3072 2487 3194 2524 cum
3212 2472 3405 2527 Ultima
3426 2475 3561 2545 bego
3579 2477 3719 2546 fuga:

2137 2554 2400 2611 beneficio
2418 2557 2724 2615 discrimini
2748 2574 2921 2617 semet
2950 2565 3166 2633 eripuit.
3197 2566 3442 2624 Scachns
3472 2570 3573 2624 hoc
3603 2580 3713 2624 tum

2137 2646 2371 2703 feliciter
2392 2662 2634 2722 pugnate
2659 2655 2847 2724 prmlio
2879 2668 3195 2720 contentus.
3230 2662 3363 2715 nihil
3402 2664 3714 2734 periclitan—

2135 2739 2264 2794 dum
2290 2744 2499 2811 putavit
2533 2746 2782 2813 ulterius,
2806 2750 2950 2817 quod
2975 2752 3119 2804 hosti
3148 2744 3211 2805 ex
3240 2753 3419 2825 aliqua
3437 2766 3587 2826 parte
3616 2773 3717 2827 par

2135 2834 2249 2902 pari
2273 2835 2499 2892 relatum
2517 2839 2891 2895 arbitraretur:
2919 2842 3037 2899 ideo
3052 2860 3159 2915 que
3177 2855 3320 2900 retro
3338 2863 3401 2902 cu
3411 2865 3458 2901 ιιι
3484 2851 3718 2905 victrici-

2136 2927 2237 2985 bus
2254 2929 2425 2997 cepiis
2456 2932 2524 2985 ad
2545 2946 2676 2987 suos
2702 2932 2855 2988 abiit.
2875 2934 2993 3006 ipse
3014 2916 3585 3008 quoqueSoleimanes
3601 2944 3713 3013 jam

2133 3024 2494 3081 Carahemida
2544 3027 2900 3091 discesserat.
2937 3030 3234 3102 Clialepum
3292 3046 3500 3105 petens,
3563 3040 3711 3094 unde

2134 3116 2433 3188 digressus,
2491 3119 2578 3174 die
2606 3123 2821 3177 decimo
2850 3136 3045 3194 quarto
3084 3127 3290 3182 mensis
3323 3127 3714 3186 Rczebtstlon-

2135 3210 2542 3278 stantinopolim
2595 3214 2844 3284 appulit,
2880 3231 3024 3270 anno
3051 3217 3155 3271 952
3184 3220 3337 3289 (Chr.
3386 3223 3565 3293 1556).

459 3300 703 3357 Scachus
729 3300 1032 3355 Tebrisium
1066 3301 1366 3369 ingressus,
1397 3313 1586 3352 omnes
1618 3297 1750 3350 istas
1786 3296 2029 3350 sarcinas
2056 3298 2099 3356 C
2207 3301 2343 3355 Dum
2388 3303 2498 3358 illic
2528 3304 2593 3358 ad
2635 3315 2848 3376 tempus
2890 3310 3106 3380 aliquod
3143 3327 3173 3367 a
3229 3314 3387 3370 bellis
3426 3318 3713 3376 abstini-na

454 3401 508 3447 ct
541 3392 927 3461 impedimenta
950 3392 1104 3446 militi
1133 3405 1232 3444 suo
1253 3390 1555 3459 diripienda
1587 3387 1878 3442 concessit:
1912 3387 2025 3439 bel-

456 3485 557 3539 lica
586 3499 713 3539 vero
741 3491 1006 3539 tormenta
1031 3521 1047 3547 ,
1085 3498 1207 3536 cum
1242 3482 1496 3537 universo
1522 3482 1586 3534 ad
1619 3496 1681 3534 ea
1712 3480 2019 3549 pertinente

454 3587 742 3646 apparatu,
773 3574 1109 3629 concremari
1141 3573 1327 3643 jussit;
1371 3580 1427 3627 et
1464 3571 1730 3642 quidquid
1787 3571 1853 3625 de
1888 3586 2015 3624 ma-

456 3668 639 3723 chinis
674 3666 885 3722 bellicis
920 3664 1360 3735 colliquefactum
1406 3663 1637 3717 ﬂammis
1671 3663 1885 3716 absumi
1921 3677 2027 3715 non

455 3768 725 3829 potuerat,
778 3758 844 3813 ad
897 3757 1185 3829 signaudos
1232 3772 1521 3827 titangnros
1573 3754 1885 3809 destinavit.
1926 3754 2028 3809 Ubi

450 3854 563 3921 jam
590 3850 781 3906 dutior
817 3851 1010 3905 hiemis
1041 3861 1333 3918 tempestas
1396 3851 1749 3918 praeterierat,
1787 3848 2025 3917 Bagdate

456 3947 791 4000 Soleimanes
833 3945 1000 3999 movit
1031 3945 1233 4009 pedem
1290 3958 1435 3996 anno
1487 3942 1585 3997 9H
1642 3942 1793 4010 (Chr.
1841 3941 2024 4011 i536),

455 4054 517 4092 ac
538 4038 719 4093 denuo
758 4036 1065 4092 chrisinm
1106 4036 1297 4091 duxit:
1342 4036 1483 4091 unde
1523 4051 1647 4088 cum
1693 4050 1798 4089 non
1828 4050 2027 4105 magno

453 4133 670 4184 abesset
696 4129 1001 4197 intervallo,
1022 4144 1237 4182 rursum
1269 4143 1393 4183 cum
1428 4129 1545 4182 suis
1573 4123 1904 4181 Tecbinases
1933 4125 2022 4180 fu-

453 4236 533 4292 ga
575 4234 633 4275 se
667 4222 855 4276 dedit:
892 4230 1054 4291 atque
1082 4219 1159 4273 uti
1188 4218 1498 4273 facultatem
1547 4215 1631 4273 sui
1660 4218 2024 4288 persequendi

453 4314 763 4373 Osmanicis
804 4314 1088 4380 adimeret,
1129 4326 1284 4368 suam
1328 4312 1553 4379 ipsemet
1615 4312 1891 4383 regionem
1929 4328 2025 4367 va-

452 4409 636 4467 Stavit.
670 4421 942 4460 annonam
985 4420 1201 4459 onmem
1238 4403 1483 4471 corrupit
1529 4411 1583 4456 et
1605 4404 1849 4466 exussit.
1896 4405 2026 4460 sub-

452 4499 597 4555 dites
621 4513 753 4553 suos
781 4497 982 4567 passim
1013 4495 1214 4565 abegit.
1243 4492 1341 4549 Ubi
1368 4492 1678 4547 chrisium
1707 4494 1870 4549 Turci
1898 4510 2020 4565 per-

451 4589 751 4653 venissent,
780 4588 1119 4642 Sulelmanes
1147 4584 1414 4654 Optimum
1447 4599 1726 4654 quemque
1753 4600 1981 4641 suorum
2004 4628 2020 4651 ,

449 4690 506 4738 et
563 4681 865 4752 prasertim
922 4679 1156 4749 egregiis
1205 4676 1502 4732 instructos
1555 4677 1751 4747 equis,
1801 4677 2021 4749 delegit,

449 4776 641 4845 eisque
728 4771 1009 4827 mandavit
1070 4780 1128 4825 ut
1187 4783 1403 4823 summa
1462 4769 1542 4824 usi
1599 4768 1882 4824 celeritate
1936 4772 2034 4824 ho-

455 4878 596 4925 stem
629 4866 825 4920 alicubi
857 4873 1297 4933 assequcrcntur.
1326 4861 1481 4928 Quod
1505 4877 1628 4917 eum
1651 4862 1726 4916 illi
1760 4861 2022 4927 facerent,

449 4960 744 5026 omniaque
773 4959 973 5012 misere
1004 4962 1210 5009 vastata
1239 4955 1646 5023 conspicerent,
1683 4954 1748 5008 ad
1780 4957 2022 5009 animum

451 5052 534 5104 eis
584 5048 803 5109 accidit,
851 5048 966 5101 ﬁeri
1012 5060 1172 5115 posse
1224 5054 1283 5097 ut
1322 5044 1376 5097 itt
1431 5045 1649 5098 redacta
1707 5045 1926 5114 penitus
1959 5050 2025 5101 ad

450 5141 799 5197 solitudinem
854 5138 1077 5208 regione
1134 5136 1359 5205 aliquod
1423 5136 1556 5206 ipsis
1618 5137 2025 5192 incommodum

450 5238 716 5292 eveniret.
746 5237 981 5304 ideoque
1007 5248 1275 5289 converso
1326 5232 1520 5287 itinere
1550 5230 1858 5288 Tebrisium
1906 5238 2025 5290 red-

448 5330 582 5387 iere.
616 5332 751 5383 Cum
786 5338 966 5383 autem
1000 5326 1340 5380 Soleimanes
1369 5324 1471 5379 hoc
1499 5325 1660 5379 modo
1685 5325 1939 5381 delusum
1967 5341 2027 5383 se

451 5422 681 5485 videret,
720 5420 1028 5474 vehementi
1060 5427 1367 5469 commotus
1400 5415 1501 5473 ira.
1539 5418 1721 5470 scachi
1754 5413 2024 5471 Techma-

450 5516 528 5568 sis
547 5522 603 5567 et
624 5513 894 5579 majorum
925 5511 1095 5581 ipsius
1111 5508 1285 5578 regias
1303 5522 1629 5575 animmque
1656 5508 1875 5579 palatia,
1898 5523 2026 5564 cum

448 5607 625 5674 ipsius
691 5604 894 5659 sultaui
983 5601 1204 5670 Jacupis
1284 5599 1536 5662 aedilicio,
1633 5600 1778 5669 quod
1864 5600 2029 5655 llcste

451 5698 662 5755 behiste
689 5697 912 5763 dicitur,
962 5704 1017 5750 et
1044 5693 1300 5750 omnibus
1360 5708 1485 5746 cum
1538 5691 1805 5760 paradisis
1859 5694 2024 5759 dirui,

450 5790 672 5852 vastari,
739 5788 976 5844 cremari
1041 5785 1225 5857 jussit.
1274 5782 1543 5838 Praeterea
1599 5783 1861 5852 plurimos
1922 5784 2025 5839 Teo

448 5884 630 5940 brissii
679 5885 828 5938 cives
879 5879 1167 5951 compulit,
1230 5885 1290 5932 ut
1344 5875 1469 5931 inde
1492 5874 2023 5946 Constantinopolim

2131 3395 2388 3466 quiescit,
2422 3408 2713 3467 suspectus
2745 3402 2794 3454 ei
2831 3402 2970 3470 copit
3023 3420 3143 3461 esse
3179 3406 3477 3465 lbrahimcs
3528 3413 3708 3474 hassn.

2131 3486 2289 3555 cujus
2314 3497 2368 3542 et
2399 3504 2463 3543 ex
2491 3502 2643 3559 parte
2678 3491 2780 3547 fuit
2812 3496 3021 3551 detecta
3051 3499 3297 3565 perfidia.
3328 3502 3539 3575 Quippe
3563 3506 3709 3559 ferc-

2132 3579 2293 3633 batur
2323 3596 2445 3636 cum
2484 3582 2630 3639 italis
2664 3601 2883 3657 quoque
2906 3599 3122 3646 secreto
3179 3594 3449 3664 pepigisse
3505 3598 3706 3661 foedus.

2133 3680 2192 3725 ιιι
2223 3673 2513 3743 imperium
2546 3674 2850 3733 Turcmum
2904 3683 2957 3734 in
2990 3699 3049 3738 se
3079 3687 3422 3741 transferret.
3460 3688 3709 3760 Quapro-

2131 3774 2250 3833 pter
2282 3782 2407 3823 eum
2439 3767 2781 3825 Soleimanes
2809 3774 2895 3828 die
2928 3778 3164 3845 quodam
3197 3778 3471 3846 Mercurii,
3508 3788 3600 3852 qui
3632 3785 3710 3838 vi-

2129 3856 2370 3913 cesimus
2389 3867 2665 3918 secundus
2685 3866 2888 3921 mensis
2910 3867 3231 3924 Reinasanis
3248 3881 3388 3932 erat.
3408 3874 3474 3927 ad
3495 3890 3707 3931 caenam

2128 3945 2374 4003 invitavit
2399 3966 2413 4003 :
2438 3967 2542 4019 qna
2561 3950 2874 4014 ftuita.cum
2898 3957 2965 4010 de
2997 3959 3162 4013 certis
3205 3962 3437 4030 negotiis
3476 3965 3617 4019 inter
3649 3983 3708 4019 se

2128 4039 2405 4107 collocuti,
2429 4041 2540 4109 jam
2563 4046 2805 4099 cubitum
2829 4061 3134 4115 pergerent,
3160 4050 3460 4109 lbrahimes
3484 4054 3708 4127 quoque

2129 4149 2290 4189 Suum
2304 4135 2369 4188 ad
2388 4138 2649 4191 conclave
2675 4139 2920 4203 secessit,
2941 4150 2988 4194 et
3030 4140 3082 4195 in
3119 4143 3260 4198 lecto
3293 4161 3351 4201 se
3376 4156 3705 4217 composuit.

2128 4224 2339 4297 Quippe
2353 4227 2566 4295 quoties
2584 4227 3029 4287 azl'Solcimanem
3052 4244 3216 4291 noctu
3235 4239 3633 4304 arcessebatur.
3653 4245 3711 4297 in

2128 4317 2298 4381 ipsius
2332 4317 2674 4385 imperatoris
2708 4322 2891 4376 saraio
2914 4324 3169 4383 cubabat.
3218 4328 3355 4383 Cum
3382 4333 3714 4389 obdormiis-

2126 4411 2480 4481 set,:interllci
2510 4412 2781 4468 hominem
2816 4416 3062 4472 sultanus
3099 4418 3285 4489 jussit,
3307 4437 3606 4496 omnesque
3628 4428 3714 4482 fn-

2126 4505 2355 4560 cultates
2400 4504 2572 4575 ipsius
2606 4510 3259 4579 ctopes.liscoaddictas,
3285 4519 3560 4574 thesauris
3591 4526 3709 4577 suis

2059 4632 2102 4686 υ
2134 4596 2188 4650 in
2225 4596 2378 4653 ferri.
2414 4597 2638 4653 Factum
2670 4602 2771 4655 hoc
2813 4602 2911 4656 fuit
2944 4617 3085 4659 anno
3113 4604 3218 4660 9ιὶ
3248 4606 3398 4677 (Chr.
3420 4609 3601 4671 1556).

2207 4687 2451 4743 Diximus
2481 4700 2661 4758 antea,
2689 4692 3073 4749 Chairadinem
3104 4697 3321 4752 bassam
3354 4717 3544 4770 magna
3578 4720 3701 4757 cum

2132 4778 2307 4835 classe
2345 4780 2653 4850 profectum
2690 4783 2743 4837 in
2794 4783 3137 4851 Barbariam,
3193 4787 3398 4845 Mauris
3441 4792 3708 4849 famosam

2132 4872 2319 4926 urbem
2351 4871 2599 4927 Tunisitu
2618 4875 2905 4942 eripuisse,
2926 4892 2989 4930 ac
3009 4878 3207 4932 ibidem
3233 4881 3338 4933 sibi
3364 4884 3712 4941 constituisse

2129 4961 2492 5019 domicilium.
2530 4964 2578 5019 Is
2610 4964 2715 5020 hoc
2758 4975 3001 5036 tempore
3029 4984 3195 5025 naves
3246 4983 3411 5041 atque
3456 4976 3711 5031 triremes

2130 5052 2183 5104 in
2213 5058 2414 5106 terram
2440 5053 2801 5118 subduxerat,
2831 5072 3014 5110 rerum
3044 5060 3259 5114 scilicet
3296 5077 3519 5117 suarum
3549 5065 3712 5134 plane

2128 5159 2380 5209 securus,
2406 5159 2617 5214 suoque
2653 5148 2917 5201 duntaxat
2966 5147 3282 5221 indulgebat
3323 5155 3505 5216 aeiiio.
3555 5157 3708 5211 Prin-

2128 5248 2257 5304 ceps
2288 5234 2506 5289 interim
2546 5236 2794 5298 Maurus.
2827 5240 2914 5291 cui
2948 5242 3100 5307 prius
3141 5256 3204 5294 ca
3256 5256 3519 5312 paruerat
3549 5245 3707 5311 ditio,

2126 5325 2409 5395 profectus
2466 5328 2520 5403 in
2575 5327 2914 5398 Hispaniam,
2954 5347 3111 5401 opem
3161 5332 3387 5402 Hispani
3445 5337 3711 5409 principis

2129 5418 2462 5487 imploravit.
2551 5419 2823 5490 Hispanus
2909 5423 2974 5474 ad
3066 5426 3359 5480 consilium
3453 5440 3711 5486 revocato

2128 5511 2370 5581 negotio,
2421 5514 2710 5566 verebatur
2765 5530 3049 5581 propterea
3102 5518 3249 5585 quod
3298 5518 3543 5575 Tunisim
3579 5522 3708 5577 Bar-

2129 5602 2355 5657 barossa
2438 5604 2691 5670 cepisset,
2751 5616 2812 5657 nt
2874 5605 3126 5677 llispants
3188 5610 3333 5664 idem
3416 5615 3709 5681 aliquando

2129 5700 2390 5751 damnum
2440 5696 2570 5749 inii-1
2588 5707 2689 5749 ru-t.
2744 5696 2925 5751 Far-ile
2968 5701 3189 5767 putabat
3219 5702 3393 5770 ignem
3435 5706 3708 5773 exstingui

2129 5804 2308 5858 posse,
2335 5792 2378 5844 si
2418 5792 2570 5859 prius
2619 5790 3078 5859 supprimcrctur,
3119 5807 3283 5862 quam
3336 5794 3496 5851 latins
3521 5813 3710 5851 erum-

2131 5893 2298 5949 pet-ct.
2346 5879 2532 5951 anue
2593 5881 2658 5935 de
2690 5896 2853 5935 tausa
2901 5882 3044 5935 datis
3095 5885 3162 5937 ad
3219 5883 3437 5941 Italicos
3496 5889 3700 5956 princi-
