4212 6288
585 342 692 407 643

1863 328 2218 400 ANNALES
2257 324 2589 397 TURCICI.

3721 328 3820 395 uti.

588 478 686 533 pes
727 461 940 528 litteris,
966 461 1040 516 uti
1089 461 1335 518 subsidio
1367 461 1483 516 sibi
1539 460 1800 521 venirent,
1836 457 2009 527 petiit.
2049 455 2158 508 Μει-
2187 460 2241 519 Α
2267 456 2562 508 exercitum
2599 453 2649 505 in
2702 450 2937 506 Albanos
2971 449 3277 520 perduelles
3330 449 3579 511 immisit,
3611 449 3702 519 qui
3739 464 3820 502 res

587 553 711 624 guis
786 567 913 622 ergo
951 552 1193 607 collectis
1239 553 1428 620 cupiis,
1471 562 1525 606 et
1582 551 1780 620 insigni
1837 549 2008 602 rlasse
2059 563 2154 615 pa-

589 656 729 706 rata,
760 646 935 699 eidem
971 644 1238 698 Andream
1281 645 1494 697 Dor-iam
1537 657 1790 712 suprema
1845 655 1966 696 cum
2006 649 2153 708 pote-

588 748 731 794 state
770 737 1037 806 praefecit,
1071 747 1235 805 atque
1285 740 1355 790 ita
1389 735 1710 790 Tunisinam
1753 732 2151 802 expeditionem

591 830 851 885 instituit.
872 827 1228 883 Chairadines
1254 840 1623 896 recomperta,
1650 826 1843 880 Ilaisos
1871 839 1998 878 suos
2018 836 2155 876 eon-

589 921 826 985 voravlt,
864 921 1055 989 eisque
1093 919 1505 972 deliberandum
1551 917 1831 987 pr0posuit
1875 916 2002 984 quid
2050 913 2155 967 hoc

585 1010 1024 1065 Christianorum
1077 1022 1224 1065 motu
1271 1011 1586 1066 faciundum
1622 1005 2028 1064 reiiscrent.llli
2072 1020 2158 1059 re-

588 1103 857 1164 spondere
892 1089 1132 1157 classem
1185 1104 1317 1156 mari
1364 1104 1516 1171 prius
1555 1099 1933 1156 instruendam
1993 1113 2153 1167 quam

585 1191 880 1247 Christiani
920 1209 977 1247 sc
1002 1194 1397 1262 coujuugereut
1450 1194 1785 1261 omninoque
1818 1192 2158 1262 praipediun-

588 1286 710 1351 dos,
736 1302 802 1340 ne
836 1287 1128 1340 convenire
1157 1294 1396 1352 possent.
1426 1287 1507 1341 Ad
1549 1300 1610 1341 ea
1642 1286 1880 1341 vicissim
1931 1284 2156 1340 Chatra-

586 1378 745 1431 dincs
768 1377 924 1431 bassa
957 1393 974 1430 :
1010 1377 1066 1430 Si
1105 1375 1469 1446 tulipandum,
1508 1378 1709 1447 inquit,
1742 1388 1922 1431 meum
1964 1377 2158 1429 dunta-

592 1478 682 1520 xat
707 1467 922 1522 excelso
946 1467 1180 1536 quodam
1213 1469 1265 1521 in
1297 1469 1419 1523 loco
1445 1482 1611 1537 super
1648 1469 1860 1523 hastam
1891 1468 2153 1532 deﬁxere,

589 1574 621 1613 a
663 1559 992 1615 Christianis
1017 1568 1077 1614 ut
1135 1560 1378 1630 conspici
1441 1562 1619 1630 possit
1692 1560 1984 1616 formidine
2038 1576 2158 1614 eor-

593 1653 758 1721 rcpti,
805 1653 872 1704 ad
927 1652 1136 1722 aliquot
1194 1652 1363 1708 millia
1403 1664 1548 1707 retro
1621 1652 1872 1723 fugient:
1948 1661 2158 1706 tantum

590 1742 744 1796 abest
798 1751 852 1796 ut
906 1742 1102 1797 bellum
1155 1743 1316 1796 nobis
1388 1741 1590 1798 illaturi
1663 1743 1790 1797 sint.
1851 1741 1962 1796 Hac
2031 1758 2158 1808 ergo

2256 561 2442 600 eorum
2468 554 2710 615 agerent,
2742 544 2966 609 ferrent,
2998 558 3061 597 ac
3104 543 3309 598 liberos
3340 552 3393 597 et
3428 555 3628 597 uxores
3657 540 3822 594 servi—

2257 645 2360 697 tuti
2386 642 2782 710 manciparent,
2821 642 2948 696 licet
2970 641 3058 694 hic
3079 649 3308 696 conatus
3326 655 3513 694 eorum
3539 641 3591 694 in
3613 640 3821 694 irritum

2257 735 2489 787 caderet.
2523 735 2787 788 Praeterea
2814 733 3090 787 Romaniae
3126 732 3529 802 beglerbegum,
3561 745 3689 784 cum
3719 729 3826 785 Ro-

2262 827 2457 880 maniae
2492 827 2683 895 copiis,
2715 825 2768 878 iu
2799 826 3051 895 Apuliam
3087 836 3240 879 trans
3295 837 3445 877 mare
3482 821 3636 877 niisit
3670 838 3685 874 :
3732 821 3823 890 qui

2257 933 2319 972 ea
2355 918 2407 971 in
2442 918 2664 986 regione
2690 919 2938 985 quaedam
2970 916 3228 985 Oppidula
3251 930 3377 969 cum
3398 915 3550 984 pagis
3573 912 3818 979 diripuit.

2257 1007 2392 1064 Cum
2425 1009 2660 1080 denique
2693 1010 2921 1066 Turcica
2954 1011 3150 1066 classis
3190 1010 3482 1078 Corcyram
3525 1015 3721 1076 praeter
3752 1006 3824 1059 le-

2257 1112 2428 1170 geret,
2456 1116 2520 1154 ex
2552 1089 2878 1172 Corcyrensi
2909 1101 3160 1170 praesidio
3189 1100 3486 1156 Christiani
3517 1098 3696 1152 navim
3724 1111 3823 1149 an-

2262 1193 2566 1256 nonariam,
2599 1209 2718 1263 qum
2751 1195 2983 1250 classem
3037 1195 3390 1264 sequebatur,
3439 1191 3652 1247 bellicis
3692 1190 3826 1259 peti-

2260 1293 2369 1339 tam
2405 1286 2674 1340 machinis
2701 1286 3034 1341 demersere.
3067 1285 3410 1340 Soleimanes
3439 1280 3826 1337 animadversa

2261 1375 2586 1432 Venetorum
2627 1377 2852 1446 perfidia
2906 1388 3072 1448 quam
3121 1391 3186 1434 ex
3232 1377 3354 1431 aliis
3391 1374 3554 1430 etiam
3611 1372 3828 1427 indiciis

2260 1469 2475 1524 abunde
2531 1479 2922 1538 perspexerat;
2982 1483 3088 1524 non
3145 1483 3338 1538 parum
3391 1466 3826 1523 emendes-cens.

2257 1561 2573 1617 Chairadini
2606 1562 2871 1633 Lutsique
2894 1561 3070 1617 bassis
3101 1558 3361 1630 praecpit
3391 1558 3468 1612 uti
3510 1571 3632 1612 cum
3652 1555 3828 1608 classe

2257 1654 2548 1727 Corcyram
2575 1655 2804 1711 insulam
2838 1663 3105 1724 peterent,
3135 1651 3390 1722 oppidula
3418 1664 3543 1704 eum
3577 1647 3710 1701 vicis
3729 1644 3829 1699 de.

2263 1749 2664 1815 praedarentur,
2695 1746 3056 1815 hominesque
3104 1745 3350 1814 captivos
3383 1757 3570 1798 secum
3600 1738 3832 1791 ηιδόιιςρά

589 1835 884 1890 securitate
929 1835 1128 1902 suique
1165 1834 1494 1890 conﬁdentia
1524 1845 1777 1900 emeatus,
1835 1851 2051 1889 omnem
2089 1851 2150 1888 ex
2187 1833 2228 1886 Β
2259 1846 2397 1892 rent.
2440 1836 2494 1890 Id
2529 1837 2602 1891 illi
2632 1852 2758 1891 eum
2791 1837 3074 1897 fecissent,
3098 1837 3313 1904 navigia
3356 1829 3830 1900 mancipiisChri-

592 1925 776 1979 animo
803 1924 1220 1978 sollicitudinem
1243 1936 1297 1979 ct
1324 1939 1506 1979 curam
1535 1927 1806 1997 deposuit.
1832 1923 2030 1980 Verum
2051 1942 2159 1979 non

593 2019 765 2072 multo
795 2025 918 2086 post
942 2017 1187 2071 Tunisim
1214 2025 1519 2086 praepotens
1542 2018 1988 2072 Christianorum
2019 2019 2158 2072 clas-

591 2105 669 2160 sis
701 2107 929 2174 appulit.
968 2104 1038 2159 Ea
1066 2118 1188 2159 cum
1216 2106 1356 2161 istnc
1372 2109 1717 2172 accessisset,
1755 2110 1996 2163 occurrit
2019 2107 2158 2162 busti

592 2197 949 2252 Cbairadines
978 2204 1134 2250 extra
1159 2199 1345 2251 urbem
1380 2201 1495 2254 suis
1541 2215 1666 2253 cum
1696 2202 1894 2271 copiis,
1949 2201 2162 2254 tametsi

592 2293 679 2347 vix
717 2309 908 2347 novem
950 2296 1205 2349 deecmve
1245 2294 1474 2347 militum
1506 2294 1824 2347 idoneorum
1870 2294 2034 2348 millia
2073 2311 2163 2349 sc-

593 2397 719 2438 cum
752 2384 1026 2439 educeret.
1056 2387 1132 2439 Ad
1147 2386 1586 2441 Christianorum
1613 2388 1782 2441 aciem
1817 2401 2160 2456 progressus,

595 2473 842 2528 animose
868 2489 993 2527 cum
1013 2477 1094 2529 eis
1126 2474 1389 2530 conﬂixit.
1418 2476 1480 2529 Et
1509 2493 1820 2548 quanquam
1848 2477 2040 2546 ingens
2072 2479 2164 2531 lio-

596 2567 803 2620 minum
839 2567 1128 2620 multitudo
1169 2567 1222 2621 in
1255 2567 1690 2622 Christianorum
1719 2580 1862 2622 esset
1893 2570 2160 2634 exercitu,

596 2657 741 2712 fama
788 2669 968 2713 tamen
1001 2660 1340 2729 perhibetur,
1379 2662 1542 2714 multa
1568 2662 2004 2716 Christianorum
2036 2663 2163 2716 mil-

596 2749 670 2803 lia
700 2759 814 2805 tum
844 2765 981 2804 casa
1014 2749 1203 2813 fuisse,
1258 2765 1383 2806 cum
1430 2767 1497 2806 cx
1542 2755 1766 2807 adversa
1814 2753 2164 2809 Cbairadinis

599 2853 754 2910 parte
789 2841 897 2895 duo
919 2843 1183 2897 duntaxat
1206 2843 1484 2898 hominum
1507 2846 1676 2901 millia
1702 2833 2162 2901 desiderarentur.

595 2934 734 2990 Cum
754 2945 936 2988 autem
970 2936 1328 2992 Chairadiues
1345 2938 1502 2992 hoste
1519 2954 1578 2994 sc
1602 2939 1806 2994 videret
1827 2939 2163 3002 inferiorem,

600 3042 864 3084 conversa
890 3043 1115 3082 suorum
1137 3030 1274 3092 acie,
1296 3032 1361 3085 ad
1385 3032 1575 3086 urbem
1607 3046 1665 3085 se
1691 3033 1912 3100 recepit.
1941 3030 2017 3086 Eo
2042 3047 2165 3087 curn

600 3130 827 3173 ventum
866 3120 1075 3184 luisset,
1128 3121 1404 3175 occlusam
1448 3121 1672 3191 reperit,
1700 3130 1758 3174 et
1792 3121 1844 3175 in
1891 3125 2165 3177 manibus

597 3211 739 3265 elata
768 3211 1204 3267 Christianorum
1259 3213 1457 3266 vexilla
1486 3214 1793 3281 conspexit.
1830 3213 2044 3284 Quippe
2071 3231 2162 3268 ca-

601 3305 873 3373 ptivorum
899 3304 1341 3360 ChriStiauorum
1370 3306 1578 3376 aliquot
1601 3307 1654 3360 in
1687 3307 1820 3360 urbe
1872 3307 2041 3360 millia
2079 3323 2164 3360 re-

601 3395 854 3464 liquerat,
881 3397 1210 3465 quiquidem
1237 3398 1464 3457 interea,
1495 3398 1622 3451 dum
1658 3406 1810 3450 extra
1843 3413 2028 3451 muros
2049 3397 2166 3466 ipse

601 3503 727 3542 cum
775 3487 1019 3542 exercitu
1067 3486 1509 3542 Christianorum
1565 3489 1923 3554 prmliaretur,
1959 3489 2171 3559 perfra-

604 3579 708 3633 ctis
762 3579 1097 3642 carceribus,
1129 3587 1184 3632 et
1241 3579 1472 3647 arreptis
1523 3579 1709 3642 armis,
1767 3590 1952 3648 portas
2019 3581 2171 3636 urbis

601 3672 938 3735 clauserant,
988 3681 1044 3725 et
1083 3670 1139 3725 in
1175 3671 1446 3725 moenibus
1497 3671 1691 3724 vexilla
1727 3668 2167 3725 Christianorum

603 3772 915 3823 erexerant.
942 3763 997 3819 Id
1044 3779 1171 3818 vero
1208 3777 1332 3817 cum
1369 3763 1680 3831 accidisset,
1712 3763 1886 3832 major
1915 3779 2043 3832 pars
2072 3765 2174 3817 mi-

607 3854 763 3910 litum
794 3851 1144 3909 Chairadinis
1189 3866 1355 3917 casa,
1415 3861 1726 3924 cunctaque
1780 3855 1993 3924 navigia
2045 3869 2172 3910 cum

615 3944 882 3999 machinis
909 3951 965 3998 et
997 3953 1260 4013 apparatu
1293 3942 1492 3998 bellico
1513 3943 1738 3999 fuerunt
1761 3946 1982 3999 amissa.
2014 3945 2176 4001 Chai-

615 4036 829 4091 radines
853 4049 977 4090 cum
1025 4035 1251 4103 reliquis
1277 4050 1506 4090 suorum
1546 4046 1767 4105 propter
1793 4039 1984 4091 urbem
2019 4037 2177 4092 aufu-

609 4128 710 4197 git,
735 4134 788 4180 et
812 4126 867 4180 in
897 4126 1220 4181 solitudines
1260 4140 1320 4179 se
1351 4140 1477 4179 cum
1532 4126 1614 4180 eis
1645 4126 1857 4181 abdidit
1892 4143 1909 4179 :
1939 4142 2174 4196 quorum

609 4232 804 4288 magna
839 4232 966 4287 pars
989 4215 1151 4281 fame,
1180 4217 1297 4280 siti,
1328 4227 1384 4271 et
1445 4226 1581 4270 astu
1631 4218 1812 4286 periit.
1842 4218 1960 4286 Ipse
1997 4218 2178 4272 varias

608 4319 867 4378 expertus
887 4323 1183 4373 aerumnas,
1218 4309 1435 4364 tandem
1464 4310 1531 4362 ad
1563 4309 1752 4363 urbem
1786 4322 1940 4363 suam
1994 4307 2181 4362 Cesai-

611 4417 724 4455 rem
762 4400 940 4456 evasit
972 4418 987 4455 :
1018 4402 1163 4455 unde
1216 4416 1342 4454 cum
1379 4401 1573 4455 decem
1600 4411 1654 4455 et
1690 4408 1815 4455 octo
1863 4399 2180 4454 triremibus

2265 1927 2485 1991 stianis,
2514 1929 2759 1997 cujusvis
2795 1929 2970 1983 aetatis
2990 1938 3041 1983 et
3074 1943 3262 1990 sexus,
3285 1935 3584 1982 onerarunt
3618 1941 3630 1974 :
3667 1932 3830 1987 aliiue

2263 2021 2339 2075 ita
2360 2020 2886 2091 Constantinopolim
2930 2023 3157 2076 rediere.
3186 2020 3303 2085 Quo
3355 2018 3539 2083 delati,
3567 2015 3831 2070 Christia-

2273 2131 2336 2168 na
2397 2114 2664 2183 mancipia
2703 2128 2866 2182 supra
2883 2113 3136 2183 oppidum
3167 2111 3434 2173 Gaiatam,
3471 2123 3539 2162 eo
3569 2109 3708 2170 loco,
3731 2105 3827 2174 qui

2262 2205 2503 2260 Besictas
2535 2205 2695 2273 vulgo
2725 2205 2931 2260 dicitur
2989 2205 3056 2259 ad
3092 2215 3294 2260 terram
3317 2215 3620 2268 exposuere
3646 2238 3661 2251 .
3693 2199 3830 2250 mis-

2263 2296 2448 2366 sisque
2500 2295 3030 2365 Constantinopolim
3078 2294 3444 2364 prrceonibus,
3502 2288 3830 2359 proclamari

2258 2387 2561 2457 jusserunt,
2590 2397 2647 2441 ut
2675 2388 2721 2442 si
2753 2388 2880 2456 quis
2904 2387 3173 2457 mancipia
3205 2385 3539 2445 Christiana,
3571 2381 3827 2440 feminas.

2265 2495 2462 2543 mares,
2484 2478 2739 2547 juvenes,
2774 2494 2934 2535 senes
2962 2479 3195 2532 mercari
3219 2479 3401 2540 vellet,
3435 2475 3497 2529 ad
3529 2475 3827 2529 indicatum

2265 2575 2426 2626 modo
2474 2572 2649 2625 locum
2683 2573 2917 2635 veniret,
2957 2571 3159 2626 ibidem
3200 2568 3520 2638 bnjusmodi
3558 2564 3828 2633 mancipia

2263 2662 2557 2734 perexiguo
2578 2675 2996 2734 comparaturus
3016 2665 3213 2733 pretio.
3238 2662 3394 2728 Quod
3414 2660 3633 2730 quidem
3658 2663 3732 2714 ita
3758 2657 3835 2712 fac

2263 2767 2409 2810 ctum
2443 2756 2568 2821 fuit,
2600 2765 2708 2810 tam
2762 2757 2851 2810 vili
2892 2758 3070 2825 pretio
3125 2756 3345 2810 miseris
3387 2755 3496 2809 illis
3527 2754 3830 2814 distractis,

2267 2847 2344 2899 uti
2375 2848 2622 2917 plerique
2652 2847 2867 2901 duobus
2915 2849 3163 2902 tribusve
3210 2845 3504 2901 sultaninis
3550 2844 3837 2901 venirent.

2269 2940 2370 2992 hac
2394 2939 2508 3008 ipsa
2535 2940 2760 3007 pecunia
2789 2939 2952 3007 regiis
2977 2931 3250 2994 thesauris
3275 2939 3443 2991 illata.
3470 2935 3837 3002 Posteaquam

2269 3033 2492 3087 domum
2551 3032 2696 3084 itura
2752 3033 2950 3085 classis
2996 3031 3344 3104 discesserat,
3380 3031 3540 3084 etiam
3578 3027 3834 3083 sultanus

2271 3124 2611 3178 Soleimanes
2657 3123 2820 3176 motis
2853 3122 3051 3177 castris
3083 3122 3188 3175 iter
3216 3121 3520 3192 ingressus,
3574 3120 3661 3173 die
3693 3132 3841 3172 nono

2270 3217 2471 3271 mensis
2516 3216 2687 3278 illius,
2721 3217 2812 3284 qui
2851 3214 3121 3269 Zemaziel
3177 3215 3345 3269 Achir
3378 3212 3574 3267 Turcis
3610 3212 3835 3271 dicitur,

2269 3305 2796 3375 Constantinopolim
2813 3320 3064 3360 reversus
3081 3313 3183 3371 est,
3199 3319 3340 3359 anno
3357 3305 3461 3358 9“
3474 3305 3625 3373 (Chr.
3650 3301 3837 3368 i538).

2339 3399 2475 3451 Cmn
2527 3398 2649 3451 istic
2686 3397 3000 3465 aliquandiu
3037 3396 3306 3458 haesisset,
3337 3397 3507 3448 armis
3549 3395 3601 3445 in
3637 3394 3843 3447 Ilolda-

2270 3505 2400 3544 vum
2434 3488 2724 3556 expeditis,
2768 3490 3054 3542 undecimo
3096 3488 3184 3542 die
3218 3487 3426 3542 mensis
3465 3485 3664 3541 Seferis
3693 3484 3842 3540 Con-

2273 3583 2623 3652 stantinopoli
2654 3595 2932 3653 egressus,
2958 3580 3281 3635 Moldaviam
3307 3595 3502 3636 versus
3532 3579 3838 3634 contendit.

2273 3674 2372 3731 Ubi
2401 3675 2465 3729 ad
2493 3674 2833 3743 oppidulum,
2877 3673 3024 3742 quod
3059 3672 3364 3726 lshacluam
3395 3682 3613 3734 vocant,
3647 3684 3845 3739 pervc—

2283 3769 2475 3833 nisset,
2513 3767 2841 3821 transmisso
2892 3765 3158 3829 Danubio,
3188 3763 3504 3817 Moldaviam
3564 3764 3846 3830 ingressus

2274 3869 2380 3914 est.
2407 3860 2484 3915 Ibi
2521 3869 2632 3913 tum
2658 3859 2780 3929 fuga
2809 3859 2912 3913 sibi
2941 3858 3234 3914 consulere
3269 3856 3502 3911 Vaivoda
3541 3855 3842 3920 Iloldavus,

2278 3966 2377 4007 nec
2405 3966 2638 4019 usquam
2681 3952 2734 4004 in
2770 3960 3017 4020 apertum
3062 3948 3283 4018 prodire
3313 3965 3329 4003 :
3365 3949 3557 4002 incolae
3585 3962 3715 4003 vero
3753 3962 3845 4001 re-

2276 4044 2452 4114 gionis
2481 4044 2699 4098 sultano
2747 4057 2806 4099 se
2859 4043 3087 4107 dedere,
3127 4041 3220 4112 qui
3255 4041 3457 4096 limites
3511 4039 3722 4111 imperii
3756 4040 3844 4096 sui

2277 4138 2343 4192 ad
2379 4149 2592 4189 amnem
2623 4149 2797 4204 usque
2823 4133 3072 4188 Berutem
3106 4133 3413 4202 prolatavit.

2349 4230 2476 4282 Erat
2513 4229 2565 4281 in
2600 4227 2824 4280 adversa
2853 4227 2967 4292 ripa
3007 4225 3278 4294 quoddam
3313 4221 3657 4292 oppidulum,
3690 4220 3840 4290 quod

2284 4316 2536 4388 Sangiaci
2566 4316 2847 4371 domicilio
2872 4315 3005 4369 satis
3031 4322 3176 4368 esset
3199 4313 3475 4366 idoneum.
3501 4311 3844 4381 Quapropter

2280 4422 2344 4462 eo
2374 4409 2492 4462 loco
2527 4406 2856 4476 Sangiacum
2896 4403 3207 4458 constituit.
3239 4400 3584 4470 Sequebatur
3611 4400 3665 4454 id
3699 4407 3843 4453 tem-

608 4490 1138 4559 Constantinopolim
1175 4489 1454 4560 profectus
1480 4498 1585 4553 est,
1612 4504 1958 4558 quacumque
1991 4487 2180 4542 tende-
2213 4513 2260 4572 υ

2178 4517 2180 4523 ν
2213 4513 2260 4572 D
2294 4498 2444 4568 poris
2475 4499 2695 4551 Portam
2723 4495 2924 4551 snitani
2950 4493 3275 4548 Soleimanis
3325 4492 3546 4560 quidam
3584 4500 3744 4545 natus
3777 4504 3841 4543 ex

613 4592 718 4644 ret,
749 4583 1017 4635 damnum
1045 4580 1375 4635 Christianis
1404 4579 1672 4635 inferens.
1704 4579 2036 4634 Acciderunt
2070 4579 2185 4633 bmc

609 4685 756 4725 anno
777 4671 885 4726 943
909 4669 1057 4738 (Chr.
1085 4670 1266 4737 l557).

683 4762 905 4814 Solebat
933 4764 1036 4815 hoc
1069 4769 1315 4829 tempore
1345 4759 1821 4827 Constantinopoli
1844 4756 2181 4812 Soieimanes

613 4854 933 4922 plerumque
955 4853 1171 4922 degere.
1210 4851 1408 4905 Verum
1441 4853 1540 4904 ista
1567 4865 1690 4905 cum
1717 4852 2022 4912 evenirent.
2043 4848 2184 4903 forte

615 4948 942 5014 migraverat
972 4942 1445 5014 Hadrianopolim,
1468 4955 1522 4998 nt
1545 4945 1669 4997 istic
1703 4944 2039 4996 hibernaret.
2066 4941 2180 4995 Sub

615 5038 822 5091 aestatis
861 5036 1076 5090 initium
1103 5050 1359 5091 reversus
1383 5034 1942 5104 Constantinopolim,
1977 5033 2043 5088 ad
2070 5033 2183 5088 bei-

621 5130 732 5180 ium
785 5141 843 5180 se
878 5126 1038 5198 347
1076 5128 1310 5195 paravit,
1339 5137 1391 5180 et
1420 5124 1806 5180 Chairadinem
1865 5125 2186 5195 Lutsimquc

617 5220 808 5272 bassas
837 5233 1030 5286 magna
1083 5233 1205 5273 cum
1253 5218 1428 5272 classe
1462 5217 1692 5283 dimisit,
1738 5219 1831 5285 qui
1892 5216 2028 5270 niari
2069 5231 2182 5270 rem

616 5319 910 5381 gererent:
960 5311 1078 5378 ipse
1135 5311 1606 5381 Constantinopoli
1665 5313 1968 5380 digressus,
2019 5309 2183 5364 Alba-

621 5404 766 5454 niam
797 5403 969 5472 petiit.
996 5403 1288 5456 Avelonam
1312 5417 1435 5457 cum
1462 5405 1816 5472 pervenisset,
1840 5405 2002 5456 etiam
2025 5402 2185 5456 Chai-

623 5495 842 5545 radines
862 5501 915 5545 et
945 5490 1126 5546 Lutsis
1156 5493 1343 5548 eodem
1374 5507 1497 5547 eum
1522 5494 1697 5549 classe
1730 5493 2060 5555 triremium,
2081 5507 2182 5546 cat-

621 5588 862 5652 terisque
915 5598 1038 5637 cum
1077 5585 1335 5655 navigiis,
1367 5585 1712 5654 appulerunt.
1751 5585 2092 5640 Soleirnanes
2129 5585 2181 5637 in

616 5678 733 5728 loca
765 5683 1052 5728 montuosa
1079 5676 1382 5744 proiectus,
1403 5677 1598 5729 ibidem
1623 5691 1745 5728 cum
1785 5675 1959 5729 Porta
1992 5673 2179 5725 militi-

618 5771 721 5823 bus
747 5778 801 5822 et
861 5770 1117 5820 comitatu
1165 5769 1364 5821 castris
1427 5768 1607 5822 locum
1661 5768 1848 5836 cepit:
1913 5766 2180 5835 reliquum

2291 4589 2498 4643 familia
2532 4589 2901 4643 Vaivodarum
2931 4585 3231 4646 Idoldaviat,
3263 4585 3350 4638 cui
3381 4593 3437 4638 et
3457 4598 3686 4637 annonae
3715 4597 3853 4651 pra).

2287 4681 2572 4734 bebantur.
2612 4678 2768 4733 Hunc
2820 4677 3161 4731 Soleimanes
3219 4675 3498 4730 Moldavia:
3553 4672 3848 4726 Vaivodam

2284 4770 2547 4842 praefecit.
2576 4769 2727 4835 Quod
2765 4771 2910 4838 prior
2942 4769 3030 4821 ille
3065 4768 3306 4822 Vaivoda
3359 4781 3483 4822 cum
3514 4765 3851 4825 rescivisset,

2286 4869 2499 4929 portam
2527 4867 2916 4928 praepotentem
2945 4858 3175 4925 ipsemet
3200 4853 3355 4919 adiit,
3390 4864 3449 4910 et
3480 4869 3508 4907 a
3534 4853 3851 4907 Soleimanu

2287 4951 2559 5019 postulata
2602 4951 2999 5018 impetrataque
3025 4948 3221 5016 gratia,
3276 4946 3560 5001 restitutus
3605 4945 3659 4998 in
3714 4945 3847 4997 inte-

2285 5058 2440 5115 grum
2475 5042 2601 5098 fuit.
2654 5041 2991 5096 Soleimanes
3023 5054 3054 5092 e
3099 5037 3363 5091 Moldavia
3421 5045 3719 5100 revertens,
3748 5032 3853 5092 lla-

2286 5135 2650 5204 drianOpoIim
2684 5147 2745 5187 sc
2794 5131 3068 5183 contulit:
3126 5130 3217 5182 ubi
3268 5137 3459 5183 exacta
3497 5127 3696 5190 hieme,
3749 5129 3853 5181 sub

2286 5226 2429 5281 veris
2461 5226 2676 5280 initium
2723 5219 3258 5287 Constantinopolim
3311 5217 3467 5281 abiit,
3502 5227 3557 5271 ct
3589 5215 3759 5286 quieti
3793 5232 3855 5271 se

2286 5319 2453 5383 dedit,
2503 5333 2647 5372 anno
2675 5315 2780 5372 915
2815 5314 2966 5383 (Chr.
2997 5312 3176 5376 l539).

2362 5406 2673 5460 Secundum
2729 5402 2817 5456 illa
2870 5402 3048 5454 denuo
3072 5414 3196 5452 cum
3253 5397 3430 5453 classe
3469 5394 3853 5452 Cbairadincm

2287 5496 2424 5551 mari
2456 5493 2745 5564 ablegavit.
2787 5492 2835 5545 Is
2863 5501 3044 5546 autem
3075 5490 3290 5559 egregie
3318 5489 3643 5552 instructus,
3669 5496 3725 5540 ut
3758 5488 3854 5538 bo-

2287 5592 2423 5640 stem
2453 5600 2636 5649 suum,
2698 5583 2969 5637 Andream
3032 5580 3270 5643 Doriam,
3294 5587 3564 5647 quareret
3598 5597 3613 5632 :
3646 5578 3856 5642 absque

2290 5677 2402 5729 ullo
2432 5676 2816 5744 impedimento
2840 5673 3139 5742 penetravit
3164 5671 3215 5723 in
3249 5670 3481 5732 Italiam,
3513 5670 3695 5738 ibique
3722 5682 3858 5720 non-

2289 5769 2434 5822 nulla
2466 5783 2589 5821 cum
2648 5767 2778 5822 vicis
2810 5765 3064 5835 oppidnla
3112 5761 3493 5830 depopulatus,
3529 5763 3690 5815 etiam
3734 5771 3857 5811 mu-
