4212 6288
481 389 585 456 605

1741 385 2087 455 ANNALES
2111 383 2443 447 TURCICI.

3627 374 3733 436 6‘6

481 516 614 556 nera
641 503 942 574 majoribus
965 518 996 559 a
1025 502 1339 559 civitatibus
1362 501 1596 574 accepit.
1629 502 1765 557 Cum
1805 505 1895 558 diu
1932 502 2056 558 hinc
2087 502 2133 559 Α
2233 496 2544 550 Secundum
2596 494 2708 546 haec
2742 504 2959 545 rursum
2994 503 3187 560 magna
3225 503 3349 542 cum
3394 488 3568 544 classe
3601 491 3732 542 mis-

481 594 608 650 inde
641 596 974 660 oberrassct,
999 597 1280 668 inopinato
1295 596 1566 652 Andream
1590 596 1806 650 [loriam
1831 595 2054 664 reperit,

2158 605 2255 644 sus
2301 587 2402 642 fuit
2433 585 2806 645 Chairadines.
2827 593 2884 636 ut
2909 597 3088 637 arcem
3115 580 3345 644 Novam,
3368 596 3532 650 quam
3566 581 3728 636 Chri.

481 693 538 741 et
586 697 813 744 strenue
858 704 981 743 cum
1013 705 1078 744 eo
1120 689 1442 760 conﬂigens.
1467 703 1632 741 naves
1679 687 1903 742 hostiles
1955 686 2058 739 ali-
2158 680 2320 734 stiani
2379 684 2808 747 occupaverant,
2854 680 3203 742 recuperaret
3241 689 3255 725 :
3293 677 3732 743 imperatumque

481 789 612 846 quot
664 780 983 840 submersit.
1043 789 1099 834 et
1143 781 1390 835 triremes
1458 779 1667 847 aliquot
1701 778 1860 846 cepit.
1896 775 2058 830 Doria

483 870 700 925 tandem
747 871 889 925 hosti
931 885 989 926 se
1028 873 1292 941 imparem
1327 870 1791 932 animadverteris,
1819 885 1943 923 cum
1973 883 2058 923 re-

480 961 668 1032 liquiis
698 977 812 1018 sua
842 962 1042 1018 classis
1072 962 1304 1034 aufugit.
1338 961 1403 1016 Et
1425 962 1550 1032 quia
1577 974 1706 1018 tunc
1738 963 1911 1015 hiems
1958 963 2058 1014 im-

479 1052 742 1118 minebat,
771 1055 944 1109 versis
967 1053 1321 1109 Cbairadines
1363 1053 1499 1108 velis
1527 1053 2059 1124 Constantinopolim

480 1145 660 1209 rediit,
691 1161 834 1202 anno
858 1146 961 1202 945
988 1146 1140 1219 (Chr.
1178 1148 1360 1218 1539).

555 1237 647 1292 Die
674 1237 849 1304 lovis.
909 1241 1002 1308 qui
1041 1240 1287 1294 decimus
1341 1239 1564 1310 quintus
1619 1239 1825 1294 mensis
1859 1235 2065 1294 Seferis

482 1339 620 1391 erat.
658 1332 760 1385 sub
826 1347 1131 1401 vesperam,
1193 1333 1506 1389 incendium
1563 1331 2060 1407 Constantinopoli,

484 1436 591 1474 non
618 1423 802 1490 procul
845 1423 913 1480 ab
958 1423 1178 1478 illorum
1235 1440 1480 1489 carcere,
1519 1426 1612 1494 qui
1653 1425 1944 1482 criminum
1986 1426 2062 1479 rei

485 1514 898 1581 custodiuntur,
923 1516 977 1570 in
1014 1530 1202 1570 eorum
1237 1516 1480 1572 tabernis
1501 1527 1753 1572 exortum
1788 1517 1890 1572 fuit
1919 1535 1932 1582 ;
1967 1517 2060 1587 qui

486 1604 684 1672 picem,
709 1606 966 1671 resinam,
1000 1605 1317 1676 axungiam,
1346 1608 1590 1678 aliasque
1628 1624 1714 1662 res
1744 1609 1883 1664 tales
1931 1624 2066 1662 ven-

485 1702 642 1750 dunt.
671 1696 772 1752 Hic
811 1698 951 1770 ignis
983 1714 1050 1754 ex
1084 1699 1336 1754 indicatis
1363 1699 1603 1755 tabernis
1644 1701 1699 1752 in
1730 1700 1903 1769 ipsam
1947 1707 2064 1753 tur-

486 1786 612 1852 rim,
647 1789 760 1844 sive
797 1804 1072 1846 carcerem
1120 1791 1466 1860 pradictum,
1510 1792 1688 1845 evasit
1726 1807 1740 1844 :
1780 1792 1872 1860 qui
1907 1791 2063 1845 clau-

488 1896 582 1938 sus
604 1897 726 1938 cum
759 1894 926 1950 esset,
973 1883 1226 1939 homines
1266 1884 1319 1938 in
1351 1899 1418 1938 eo
1447 1883 1773 1954 septingenti
1829 1881 2064 1938 ﬂammis

489 1976 670 2032 exusti
718 1975 1017 2045 perierunt.
1073 1973 1150 2030 Ex
1190 1990 1256 2031 eo
1286 1976 1405 2031 loco
1444 1976 1730 2030 dilatatum
1765 1976 1818 2029 in
1873 1976 2064 2030 urbem

491 2066 827 2136 incendium,
869 2084 900 2124 a
940 2069 1149 2125 dextris
1172 2080 1228 2126 et
1250 2068 1494 2124 sinistris
1526 2070 1712 2141 vagari
1765 2069 1930 2140 cepit.
1982 2068 2065 2124 Ad

492 2159 912 2234 publicanorum
956 2173 1232 2217 carcerem
1279 2176 1404 2216 cum
1473 2161 1834 2230 pervenisset,
1877 2167 2065 2231 aperto

491 2254 729 2310 carceris
755 2254 918 2321 ostio,
964 2253 1178 2309 dimissi
1223 2252 1374 2308 fuere
1425 2251 1719 2322 publicani.
1751 2251 1871 2318 Quo
1896 2252 2064 2318 facto.

493 2341 659 2397 turris
692 2344 829 2411 ipsa,
851 2343 965 2397 sive
993 2356 1210 2406 carcer,
1243 2343 1427 2396 itidem
1461 2341 1842 2412 conﬂagravit.
1877 2341 2065 2398 Latius

494 2433 621 2490 inde
649 2434 871 2503 serpsit.
901 2448 1075 2504 usque
1105 2434 1172 2488 ad
1217 2443 1428 2503 portam
1464 2436 1638 2501 urbis,
1671 2449 1834 2505 quam
1863 2433 2067 2505 Ligna-

489 2527 629 2582 riam
659 2536 878 2593 vocant,
904 2525 994 2581 ubi
1036 2526 1278 2582 taberna
1307 2537 1434 2582 sunt
1466 2525 1747 2583 fabrorum
1808 2527 2067 2582 ferrario-

488 2633 636 2673 rum.
668 2617 736 2676 Iis
765 2621 818 2672 in
855 2617 990 2672 locis
1010 2618 1202 2673 omnia
1230 2617 1465 2674 ﬂammis
1493 2620 1782 2689 absumpta
1820 2618 2062 2676 fuerunt.

491 2707 624 2766 lude
652 2724 713 2766 se
741 2709 1118 2766 convertitbic
1157 2710 1300 2780 ignis
1341 2711 1409 2765 ad
1439 2710 1587 2766 aedes
1611 2709 1759 2765 Baiis
1796 2711 1952 2782 Agar.
1971 2712 2067 2780 qui

493 2803 748 2859 tribunus
779 2803 910 2859 olim
965 2804 1353 2873 genizarorum
1394 2801 1596 2869 fuerat,
1650 2810 1877 2872 totaque
1919 2803 2069 2860 istaec

496 2893 814 2966 deﬂagravit
842 2895 1015 2962 regio.
1050 2896 1241 2950 Postea
1278 2893 1520 2964 perrexit
1553 2893 1620 2948 ad
1649 2895 1945 2950 Caravanae
1981 2909 2069 2950 sa-

497 2985 696 3050 raium,
723 2987 867 3042 unde
889 2988 1144 3041 tabernas
1172 3001 1362 3040 eorum
1397 2985 1619 3048 invasit,
1651 2987 1744 3056 qui
1774 2996 1934 3040 torno
1966 3001 2071 3057 ca;-

499 3073 636 3138 2aot,
670 3089 898 3142 quarum
920 3075 1110 3130 ordine
1133 3077 1304 3131 series
1329 3089 1524 3146 magna
1546 3075 1898 3143 conspicitur.
1934 3075 2071 3134 Hinc

500 3165 566 3220 ad
596 3180 715 3221 eam
766 3167 946 3237 erupit
991 3182 1199 3234 arcam,
1224 3182 1345 3239 qua
1375 3166 1601 3222 Tacbtal
1646 3167 1777 3249 Cala
1816 3169 2014 3224 dicitur
2049 3186 2064 3222 :

500 3259 645 3313 unde
675 3274 869 3315 rursus
895 3259 958 3315 ad
986 3259 1170 3315 labros
1196 3261 1441 3324 aerarios,
1475 3261 1543 3314 ah
1573 3262 1660 3315 his
1695 3261 1760 3315 ad
1793 3262 2070 3318 vitriarios

497 3353 822 3424 penetravit,
873 3353 1036 3407 etiam
1100 3352 1190 3407 illa
1259 3353 1488 3423 regione
1535 3353 1791 3409 incendio
1832 3371 2071 3424 prorsus

497 3443 786 3508 exhausta,
806 3458 928 3513 qua:
952 3445 1156 3514 pictum
1183 3443 1436 3500 balneum
1459 3445 1652 3499 ambit.
1683 3445 1922 3518 Longius
1946 3448 2071 3502 inde

499 3543 871 3611 progressum,
910 3539 976 3594 ad
1006 3538 1320 3594 Iudaeorum
1356 3541 1605 3610 pervenit
1658 3542 1822 3607 aedes,
1865 3543 2069 3597 ibidem

499 3632 740 3684 maximo
761 3647 884 3685 cum
910 3632 1236 3686 detrimento
1259 3641 1564 3702 grassatum
1590 3642 1896 3701 propterea,
1924 3636 2071 3703 quod

499 3723 790 3777 admodum
856 3723 962 3776 illa:
1008 3723 1112 3778 sibi
1164 3725 1431 3793 contiguas
1483 3725 1613 3779 sint.
1661 3725 1799 3779 Hinc
1865 3741 2070 3796 sparsa:

501 3812 723 3869 fuerunt
747 3812 977 3869 ﬂammae
1011 3828 1185 3883 usque
1218 3815 1284 3869 ad
1325 3825 1536 3886 portam
1564 3816 1667 3870 fori
1697 3816 1864 3889 358
1892 3818 2071 3888 pisca-

501 3906 589 3972 rii,
650 3914 706 3961 et
749 3906 1015 3977 quidquid
1067 3906 1423 3963 aedificiorum
1465 3915 1584 3961 erat
1624 3908 1764 3962 inter
1811 3910 1977 3974 bane,
2018 3922 2072 3965 et

499 3983 808 4054 Judaaorutn
841 4007 1076 4068 portam,
1100 4013 1325 4068 prorsus
1343 3998 1413 4053 ab
1437 4003 1562 4070 igne
1575 4000 1814 4055 deletum
1840 4002 2070 4056 fuit.‘Ad

499 4100 793 4153 summam,
827 4089 1216 4158 propemodum
1238 4089 1504 4143 universa:
1522 4087 1838 4147 Iudaeorum
1866 4090 2072 4148 domus

500 4177 655 4234 fuere
701 4189 1083 4236 concrematas.
1150 4178 1286 4235 Nam
1339 4179 1528 4237 aestivo
1559 4191 1808 4252 tempore
1839 4183 2075 4255 contigit

499 4272 603 4328 hoc
638 4272 1115 4338 incendium,cum
1156 4274 1348 4344 ingens
1385 4282 1531 4328 esset
1565 4274 2076 4332 siccitas.Arbores

498 4363 661 4419 etiam
700 4362 895 4419 virides
922 4365 1092 4419 instar
1108 4363 1384 4433 sulphuris
1434 4378 1640 4420 arsere.
1669 4361 1864 4418 Nullus
1889 4365 2077 4420 incen-

497 4457 569 4512 dii
598 4457 966 4527 restinguendi
998 4457 1196 4511 modus
1232 4456 1466 4511 inveniri
1495 4465 1729 4526 poterat.
1780 4455 1928 4511 Nihil
1987 4472 2076 4511 ar-

2161 771 2441 841 Sangiacis
2465 769 2720 825 omnibus
2744 769 2861 836 ejus
2887 763 3200 836 provincias,
3238 776 3297 818 ut
3328 763 3598 818 universis
3616 764 3734 815 suis

2161 881 2282 920 cum
2317 862 2513 933 copiis,
2536 871 2590 916 et
2615 870 2878 932 apparatur
2921 859 3138 922 bellico,
3169 857 3236 911 ad
3275 871 3393 911 eam
3421 871 3477 909 se
3513 856 3732 909 confer-

2163 956 2662 1010 rentobsidionem.
2705 951 2805 1006 llbi
2837 950 3029 1007 classis
3065 949 3392 1019 appulisset,
3442 964 3471 1000 e
3501 947 3732 1016 navibus

2165 1047 2218 1101 in
2252 1056 2448 1099 terram
2487 1045 2747 1116 exposita:
2823 1041 2977 1096 fuere
3009 1041 3282 1095 machinae
3333 1039 3727 1098 tormenta-ise.

2165 1136 2493 1208 propiusque
2517 1135 2738 1190 militari
2789 1148 2943 1188 more
2969 1133 3214 1189 deductae
3245 1132 3313 1188 ad
3344 1131 3549 1186 castelli
3606 1145 3730 1183 mu-

2166 1246 2278 1291 ros,
2331 1237 2385 1281 et
2414 1239 2520 1284 tam
2574 1229 2663 1282 diu
2696 1227 2970 1297 displosa),
3009 1226 3185 1282 donec
3219 1226 3547 1280 mteniorum
3606 1238 3734 1292 pars

2166 1324 2388 1392 disiecta
2413 1328 2715 1387 corrueret,
2748 1335 2812 1374 ac
2839 1334 2934 1386 per
2964 1319 3112 1390 ipsas
3135 1311 3324 1372 ruinas
3365 1317 3521 1372 miles
3544 1315 3609 1370 ad
3637 1330 3736 1370 ex-

2165 1421 2508 1486 pugnandam
2551 1428 2733 1469 arcem
2757 1412 3165 1467 immitteretur.
3198 1410 3368 1465 Erant
3395 1412 3447 1464 in
3468 1407 3733 1480 praesidio

2168 1507 2375 1560 castelli
2413 1505 2609 1559 milites
2640 1501 2934 1557 Christiani
2959 1502 3183 1556 virtutis
3236 1501 3473 1564 eximis,
3500 1500 3590 1567 qui
3622 1507 3732 1552 tam

2167 1598 2381 1652 fortiter
2409 1598 2546 1652 hosti
2579 1594 2922 1660 resistebant,
2965 1604 3029 1650 ut
3076 1594 3145 1649 ab
3177 1603 3404 1662 utraque
3429 1603 3581 1662 parte
3610 1593 3734 1661 plu-

2166 1691 2290 1743 rimi
2318 1692 2588 1745 caderent.
2624 1687 2702 1740 Ad
2732 1696 3036 1741 extremum
3082 1696 3266 1739 tamen
3302 1684 3611 1739 animorum
3639 1698 3734 1737 ar-

2169 1780 2302 1834 dore
2345 1781 2588 1850 remisso,
2612 1777 3016 1832 succubuerunt
3048 1795 3064 1843 ;
3097 1784 3155 1833 et
3185 1775 3387 1832 occisis
3443 1789 3736 1846 propemo-

2096 1859 2294 1925 Bdum
2368 1870 2661 1929 universis.
2732 1872 3019 1941 captisque
3092 1868 3496 1938 superstitibus.
3564 1868 3736 1922 evasit

2166 1977 2347 2017 nemo.
2383 1960 2532 2017 Nova
2557 1968 2794 2030 recepta,
2819 1959 3087 2031 quidquid
3129 1968 3247 2014 erat
3284 1960 3426 2014 inter
3482 1961 3735 2027 captivos

2165 2055 2341 2108 aetatis
2369 2064 2592 2122 vegetat,
2620 2053 2932 2107 damnatum
2982 2051 3086 2106 fuit
3112 2051 3179 2105 ad
3232 2051 3510 2104 triremes.
3543 2049 3732 2104 Itidem

2167 2155 2380 2215 reperta
2408 2145 2462 2199 in
2495 2159 2622 2201 arce
2674 2142 2948 2212 mancipia
2987 2137 3242 2208 Tu'rcica,
3295 2141 3570 2195 vindicata
3609 2151 3737 2196 sunt

2166 2239 2222 2296 in
2251 2239 2579 2297 libertatem.
2612 2239 2708 2296 His
2753 2238 2918 2294 rebus
2953 2237 3143 2308 gestis,
3172 2248 3226 2293 et
3251 2239 3397 2294 arcis
3431 2237 3731 2300 manibus.

2167 2345 2272 2401 qua
2300 2331 2481 2385 diruta
2505 2330 2743 2395 fuerant,
2770 2330 3021 2396 refectis,
3049 2330 3409 2386 Cbairadines
3439 2329 3587 2385 illinc
3607 2345 3733 2386 cum

2167 2424 2343 2480 classe
2371 2425 2667 2496 digressus,
2699 2423 2906 2495 aliquot
2948 2425 3161 2493 navigia
3210 2425 3486 2480 mercibus
3535 2433 3734 2480 onusta

2167 2513 2493 2573 Christianis
2537 2517 2763 2580 ademit.
2819 2524 2874 2571 et
2929 2516 3204 2587 oppidulis
3240 2516 3567 2586 quibusdam
3625 2532 3738 2571 rua-

2169 2610 2368 2666 ritimis
2403 2609 2638 2667 ﬂammis
2679 2625 2744 2665 ac
2772 2609 2920 2664 ferro
2951 2609 3179 2673 coactis,
3226 2608 3736 2663 utincolumitatem

2168 2718 2324 2758 suam
2342 2703 2570 2774 pecunia
2599 2701 2947 2766 redimerem,
2987 2700 3518 2770 Constantinopolim
3553 2701 3736 2767 rediit,

2170 2809 2315 2850 anno
2337 2795 2442 2852 946
2468 2795 2623 2864 (Chr.
2659 2795 2842 2867 1540).

2243 2885 2500 2942 Sullanus
2531 2897 2711 2942 autem
2758 2885 3103 2943 Soleimanes
3134 2887 3224 2942 die
3262 2887 3504 2944 secundo
3534 2890 3742 2946 mensis

2173 2976 2474 3035 Schabanis
2504 2979 2978 3050 Constantinopoli
3011 2981 3312 3050 profectus,
3368 2981 3742 3052 lladrianopo-

2171 3070 2265 3126 lim
2297 3073 2547 3139 accessit,
2587 3083 2643 3127 et
2687 3073 2885 3127 ibidem
2943 3073 3230 3128 hibernum
3265 3085 3480 3146 tempus
3510 3077 3692 3144 exegit
3727 3090 3743 3130 :

2171 3179 2281 3233 quo
2297 3163 2547 3226 durante,
2566 3171 2813 3218 exortum
2837 3164 3145 3218 incendium
3173 3165 3225 3217 in
3249 3167 3431 3218 saraio
3455 3179 3747 3235 novo,quq

2175 3257 2448 3310 conclusa:
2475 3255 2676 3310 sultani
2704 3269 2922 3318 uxores,
2943 3255 3123 3318 liberi,
3154 3255 3346 3321 puellas
3378 3255 3616 3324 virgines
3649 3257 3746 3311 ha-

2174 3346 2346 3401 bitare
2371 3348 2568 3412 solent,
2604 3356 2775 3402 totum
2829 3346 2961 3400 illud
3021 3346 3313 3402 aediﬁcium
3373 3363 3497 3403 cum
3560 3349 3743 3420 magni

2173 3441 2330 3510 pretii
2366 3440 2529 3495 rebus
2595 3439 2829 3494 exussit.
2878 3437 3094 3494 Rursus
3135 3445 3315 3492 tamen
3353 3441 3498 3497 haud
3545 3457 3746 3513 magno

2175 3532 2438 3599 temporis
2458 3532 2640 3600 spatio
2671 3530 3014 3597 splendidius
3035 3540 3122 3585 est
3155 3533 3548 3596 instauratum,
3578 3547 3746 3602 quam

2173 3621 2354 3676 fuerat
2401 3624 2570 3690 prius.
2625 3622 2754 3678 lude
2815 3622 3157 3678 Soleimanes
3219 3623 3750 3694 Constantinopolim

2171 3715 2258 3769 die
2285 3714 2517 3782 septimo
2553 3715 2758 3770 mensis
2786 3714 3039 3770 Silchizis
3086 3729 3365 3782 reversus,
3423 3717 3632 3772 ibidem
3677 3719 3745 3774 ad

2172 3808 2389 3876 aliquod
2431 3817 2645 3877 tempus
2677 3809 2855 3875 haesit,
2900 3822 3046 3862 anno
3073 3807 3177 3863 9η
3212 3808 3364 3877 (Chr.
3403 3809 3584 3877 ιδιι).

2245 3898 2612 3969 Esposuintus
2663 3915 2826 3970 supra
2890 3902 3259 3957 Soleimanem
3312 3905 3598 3974 complura
3653 3920 3750 3976 per

2175 3990 2466 4060 Ungariam
2497 3993 2721 4062 oppida,
2755 4009 2882 4050 cum
2921 3995 3037 4062 ipsa
3084 3997 3234 4064 regni
3283 3997 3569 4064 metropoli
3604 3996 3752 4053 Buda

2173 4083 2774 4153 cepissezmotumque
2798 4085 3068 4156 singuiari
3121 4087 3356 4155 quadam
3406 4089 3603 4158 gratia,
3645 4089 3752 4144 Ba-

2180 4188 2311 4228 nnm
2344 4172 2546 4228 Erdelii
2573 4188 2792 4228 creasse
2839 4189 3014 4243 regem
3075 4171 3326 4244 Ungarim
3356 4191 3374 4230 :
3401 4189 3524 4230 cum
3555 4177 3620 4231 ad
3656 4176 3757 4231 ali-

2175 4276 2312 4335 quot
2343 4281 2517 4322 annos
2549 4266 2638 4320 ille
2665 4279 2837 4336 regno
2864 4265 3020 4334 plena
3047 4280 3172 4319 cum
3205 4273 3475 4334 potestate
3506 4267 3759 4336 praefuis-

2176 4367 2280 4424 set,
2309 4357 2479 4413 lllium
2510 4358 2750 4414 moriens
2783 4357 3003 4427 reliquit
3029 4357 3326 4420 lueredem,
3362 4357 3455 4426 qui
3490 4373 3583 4426 per
3629 4367 3760 4414 acta-

2179 4465 2286 4510 tem
2323 4455 2774 4510 administranda‘.
2815 4453 3134 4524 reipublicae
3172 4467 3278 4506 non
3322 4461 3440 4508 erat
3484 4452 3754 4508 idoneus:

498 4546 694 4602 borum
716 4556 1046 4601 rescctarum
1066 4544 1466 4614 dejectio,nibi|
1485 4560 1626 4613 aqua
1645 4545 1891 4616 juvabat.
1918 4544 2074 4602 Unde
2101 4551 2154 4615 Ι)
2180 4563 2350 4618 eaque
2382 4547 2448 4603 de
2477 4562 2640 4603 causa
2689 4556 2866 4602 mater
2893 4546 3048 4616 pueri
3106 4545 3566 4615 gubernationem
3599 4545 3666 4598 ad
3699 4560 3760 4601 se

498 4639 726 4704 factum,
771 4646 828 4690 ut
859 4647 972 4691 tota
1001 4648 1159 4691 nocte
1183 4639 1429 4692 duraret.
1462 4636 1635 4691 Erant
1662 4637 1941 4692 distributi
1977 4652 2074 4708 per

496 4745 690 4784 omnes
720 4728 872 4784 urbis
911 4730 1163 4800 regiones
1217 4727 1488 4798 genizari,
1537 4727 1632 4797 qui
1691 4725 1942 4781 ﬂammas
1972 4745 2074 4783 ex-

498 4823 838 4888 stinguerent
876 4836 891 4873 :
928 4818 1025 4874 sed
1057 4818 1696 4874 incassumlaborabant.
1735 4817 1948 4872 Etenim
1981 4834 2080 4888 po-

497 4915 689 4969 stridie
718 4914 864 4968 illius
887 4913 1064 4976 diei,a
1092 4914 1269 4983 primo
1298 4913 1542 4967 diluculo
1586 4928 1758 4981 usque
1788 4911 1855 4966 ad
1887 4928 2076 4981 vespe-

501 5021 640 5071 ram,
666 5007 741 5060 ita
770 5006 1163 5068 desaevierunt,
1192 5006 1444 5058 utetiam
1483 5004 1707 5057 maximi
1741 5004 1898 5073 pretii
1934 5019 2078 5057 mer-

498 5112 589 5153 ces
620 5107 714 5154 aut
741 5097 1190 5162 absumerentur,
1214 5104 1310 5149 aut
1336 5095 1739 5162 direptionibus
1765 5105 1952 5150 essent
1977 5111 2075 5149 ex-

500 5189 714 5256 positae.
744 5186 955 5258 Quippe
972 5187 1171 5257 quibus
1203 5185 1257 5240 in
1285 5185 1422 5241 locis
1453 5186 1606 5240 urbis
1630 5199 1938 5256 grassatum
1975 5187 2078 5242 fuit

502 5279 842 5344 incendium,
889 5279 944 5334 in
983 5280 1051 5334 iis
1093 5279 1286 5350 majori
1323 5294 1388 5333 ex
1413 5286 1568 5347 parte
1598 5289 1985 5346 mercatorum,
2026 5290 2080 5336 et

499 5371 735 5426 aliorum
778 5369 1020 5424 taberna
1049 5369 1399 5423 consistunt:
1445 5370 1676 5438 ideoque
1732 5371 1912 5440 potior
1952 5387 2078 5440 pars

499 5463 654 5516 urbis
682 5463 737 5514 in
769 5461 983 5516 cineres
1003 5461 1159 5526 abiit,
1197 5475 1319 5515 cum
1353 5460 1497 5516 idem
1525 5462 1796 5517 accideret
1821 5464 2078 5518 omnibus

497 5553 766 5620 aediliciis,
819 5566 939 5622 qua:
970 5561 1123 5609 extra
1168 5567 1356 5608 muros
1406 5553 1561 5608 urbis
1594 5567 1622 5607 a
1685 5552 1804 5608 foro
1837 5555 2080 5623 piscario

501 5646 604 5700 sita
643 5654 774 5701 sunt
797 5645 850 5699 in
903 5646 1084 5699 littore
1131 5645 1324 5699 maris.
1359 5644 1564 5700 Eodem
1620 5653 1865 5713 tempore
1908 5646 2077 5714 pestis

502 5739 668 5791 etiam
708 5737 766 5794 in
807 5735 941 5793 urbe
968 5737 1348 5808 grassabatur,
1390 5745 1687 5805 utrumque
1719 5736 1812 5791 Dei
1844 5739 2078 5808 contigit

505 5835 663 5894 nutu,
684 5841 832 5882 anno
854 5826 959 5884 946
989 5825 1140 5892 (Chr.
1188 5823 1370 5897 1540).

2187 4642 2492 4702 transtulit.
2525 4639 2640 4695 Hoc
2673 4640 3002 4710 permoleste
3035 4636 3238 4703 ferens,
3275 4636 3497 4707 quidam
3522 4653 3586 4693 ex
3635 4653 3762 4708 pro.

2185 4737 2402 4812 ceribus
2432 4733 2692 4804 ngaris,
2721 4731 2913 4789 Petrus
2939 4731 3225 4798 Pereuius,
3246 4732 3363 4788 suis
3384 4732 3451 4787 ad
3477 4746 3596 4788 eam
3625 4733 3762 4787 mis-

2186 4829 2264 4884 sis
2304 4826 2637 4886 hominibus.
2672 4824 2786 4878 haec
2814 4823 3115 4894 signiﬁcari
3165 4821 3372 4892 jussit:
3425 4837 3546 4877 esse
3586 4822 3759 4892 ipsam

2187 4914 2406 4971 feminei
2457 4927 2642 4978 sexus,
2675 4921 2730 4967 et
2761 4910 3028 4969 institutis
3076 4911 3349 4980 majorum
3384 4912 3608 4966 minime
3639 4927 3761 4981 per-

2188 5007 2349 5070 mitti,
2381 5014 2437 5058 ut
2473 5005 2526 5059 in
2553 5001 2792 5074 Ungaria
2827 5003 3019 5056 mulier
3044 5003 3193 5072 regia
3216 5017 3340 5056 cum
3374 5011 3644 5071 potestate
3664 5005 3757 5058 sit.

2186 5099 2551 5165 Quamobrem
2587 5095 2938 5166 metrOpolim
2975 5094 3129 5163 regni
3159 5094 3371 5149 Budam
3406 5094 3632 5151 Perenio
3661 5094 3759 5150 de-

2189 5195 2357 5248 deret.
2392 5190 2506 5247 Nisi
2537 5189 2760 5255 faceret,
2791 5198 3086 5245 venturum
3114 5203 3242 5244 cum
3279 5192 3548 5254 exercitu,
3577 5199 3632 5244 et
3665 5205 3759 5245 ur-

2189 5286 2311 5340 bem
2346 5284 2396 5337 vi
2426 5292 2850 5353 occupaturum.
2898 5281 3088 5335 Mulier
3117 5280 3312 5349 legatis
3343 5283 3644 5350 respondit,
3674 5297 3768 5335 ur-

2189 5379 2309 5432 bem
2339 5374 2544 5429 Budaut
2578 5389 2685 5428 non
2709 5389 2868 5428 suam
2896 5388 3040 5436 esse,
3063 5371 3155 5426 sed
3181 5372 3384 5426 sultani
3409 5370 3719 5426 Osmanidae
3751 5391 3765 5426 :

2190 5481 2218 5520 a
2250 5481 2360 5535 quo
2386 5466 2432 5520 si
2469 5463 2735 5520 Pereuius
2765 5478 2885 5516 eam
2943 5471 3234 5530 repeteret,
3305 5477 3370 5515 ac
3418 5463 3760 5531 impetraret,

2189 5560 2417 5613 omnino
2441 5571 2500 5608 se
2531 5555 2860 5609 deditionem
2912 5553 3203 5607 facturam.
3235 5551 3333 5607 Ubi
3373 5552 3638 5609 Perenius
3670 5559 3768 5606 huc

2195 5655 2262 5706 ab
2301 5667 2363 5705 ea
2403 5663 2723 5717 responsum
2762 5648 2996 5710 tulisset,
3024 5663 3147 5699 cum
3178 5646 3338 5700 nanis
3363 5655 3416 5699 et
3446 5649 3770 5716 pruccrihus

2191 5735 2406 5791 caeteris
2469 5736 2523 5789 in
2571 5734 2900 5803 colloquium
2956 5734 3204 5795 veniens.
3265 5750 3481 5788 summo
3516 5735 3769 5789 dedecori

2194 5828 2465 5887 universis
2497 5827 2851 5884 dominatum
2899 5825 3049 5882 illum
3078 5827 3400 5884 muliebrem
3454 5843 3574 5885 esse
3608 5829 3768 5882 dixit.
