4218 6308
426 321 533 382 649
1520 322 1614 383 SU
1626 321 1894 381 PPLEM.
1945 323 2028 380 ΛΝ

2064 322 2202 381 VM.
2258 322 2572 382 TURCIC.
3559 317 3668 379 οδω

431 438 605 507 copiis
633 438 751 492 suis
790 439 1017 498 coactis.
1055 436 1257 506 insigni
1298 452 1422 492 cum
1477 447 1741 509 apparatu
1799 436 1887 492 die
1928 439 1993 493 19
2025 443 2068 500 Α
2101 438 2268 502 turni,
2299 451 2599 506 parumque
2631 435 2922 498 lructuOsi,
2974 432 3172 490 ledere
3196 431 3381 502 etrapit.
3430 431 3669 503 ideoque

422 529 626 581 mensis
666 527 890 593 Seleris,
911 543 1056 582 anno
1090 527 1194 583 955
1218 527 1370 598 (Chr.
1411 529 1591 593 £549),
1613 529 2003 584 Constantino-
2104 527 2288 583 dolum
2309 528 2699 597 excogitantes,
2758 536 2818 582 ut
2842 526 3137 580 vindictam
3170 530 3238 578 de
3259 531 3485 578 auctore
3541 523 3667 580 belli

423 617 529 685 poli
572 617 871 687 digressus,
918 618 972 671 in
1018 617 1324 672 Anatolium
1379 615 1698 682 transmittit,
1748 630 2002 689 rectaque
2105 618 2300 672 Ercase
2330 627 2622 684 sumerent,
2674 619 2839 673 variis
2866 633 2991 672 eum
3022 614 3321 670 mendaciis
3365 615 3506 684 apud
3563 613 3667 669 So-

421 705 696 761 Parthiam
729 723 917 763 versus
933 709 1105 761 duxit.
1130 706 1322 763 Postea
1347 724 1510 779 quam
1542 713 1818 780 ingressus
1866 711 1998 766 luis-

419 808 499 850 set
533 799 826 863 hosticum,
876 809 983 852 tam
1015 801 1222 860 arcem.
1264 815 1428 867 quam
1456 799 1734 856 civitatem
1762 798 1996 854 Waunnt

422 887 668 944 Wastani
700 891 933 945 obsedit.
967 888 1168 944 Parum
1197 891 1338 944 ltosti
1385 893 1580 946 civitas
1613 894 1870 947 resistere
1897 907 1992 961 po-

416 983 540 1047 tuit,
571 983 624 1036 in
645 998 806 1049 quam
838 982 907 1036 ab
929 983 1075 1034 omni
1097 992 1247 1051 parte
1277 991 1484 1050 pateret
1508 983 1689 1039 aditus
1714 983 1840 1046 ;sed
1870 999 1998 1039 arce

420 1087 528 1125 non
556 1073 660 1128 nisi
689 1088 886 1141 magno
913 1075 1100 1129 labore
1124 1072 1460 1129 Soleimanes
1488 1074 1690 1143 potitus
1719 1085 1822 1137 est,
1849 1076 1993 1145 quod

417 1163 613 1218 idoneo
671 1165 1047 1221 Parthicarum
1118 1165 1356 1220 militum
1427 1165 1683 1235 praesidio
1741 1155 1996 1221 defende-

414 1266 589 1308 retur.
628 1253 732 1310 Ubi
761 1254 997 1312 Wanum
1029 1273 1210 1313 arcent
1239 1257 1580 1312 Soleimaues
1608 1267 1990 1328 expugnasset,

414 1362 638 1416 sparsus
669 1364 764 1417 per
791 1365 1012 1404 omnem
1038 1350 1314 1418 regionem
1341 1350 1497 1403 miles
1520 1350 1844 1412 sultanicus,
1870 1366 1989 1403 eam

416 1438 622 1507 rapinis
649 1447 704 1492 et
752 1437 902 1493 t‘crro
939 1441 1194 1493 vastavit.
1233 1438 1510 1507 Nusquam
1540 1438 1779 1494 Scaebus
1816 1441 1990 1493 Tech-

416 1545 594 1583 mascs
649 1533 895 1599 reperiri,
951 1547 1219 1600 nusquam
1275 1530 1438 1602 350
1479 1533 1719 1600 conspici
1792 1534 1985 1600 potuit,

413 1634 684 1689 nusquam
711 1621 852 1676 hosti
879 1637 937 1676 se
962 1625 1243 1693 opposuit.
1281 1624 1511 1676 Ercases
1542 1637 1671 1677 vero
1742 1624 1985 1677 laborem

412 1715 620 1768 nullum
651 1729 936 1778 recusans,
963 1717 1093 1769 dum
1126 1717 1251 1768 hinc
1289 1715 1414 1770 inde
1441 1731 1565 1769 cum
1591 1715 1705 1769 suis
1727 1729 1981 1770 excurre-

412 1814 516 1866 ret,
574 1818 929 1874 quoscunque
993 1808 1280 1860 thesauros
1341 1805 1565 1872 adipisci
1620 1809 1810 1876 potuit,
1883 1804 1984 1858 So—
2019 1782 2059 1838 Β

412 1895 628 1950 leimani
696 1899 866 1951 misit.
933 1897 1172 1951 Tandem
1232 1895 1764 1952 tatttcuOsmntIiCtts
1796 1914 1984 1966 proce-

409 2003 518 2048 res.
548 2000 612 2041 ac
634 1986 805 2042 duces
837 1989 1125 2053 militares,
1159 2004 1484 2058 magnopere
1523 1990 1649 2044 belli
1686 2000 1796 2044 tam
1852 1990 1983 2045 diu-

413 2209 776 2224 ~—

2104 711 2393 765 leimauetn
2447 711 2684 764 delatum
2760 718 3083 762 onerarunt.
3147 705 3370 759 Summa
3425 705 3504 760 rei
3553 705 3666 758 lucc

2101 815 2243 869 erat,
2269 803 2412 872 quod
2439 803 2674 870 lcptll‘t'llt
2727 801 3132 862 dimittendum,
3164 812 3354 852 canem
3388 809 3520 850 vero
3578 810 3668 850 ca-

2103 894 2361 964 piendum
2394 891 2718 946 suadebant.
2742 888 2878 942 Cum
2909 889 3137 942 Ercases
3159 887 3348 939 lmirsa
3388 883 3667 952 conspira-

2101 987 2300 1038 tionem
2339 983 2578 1050 ipsorum
2619 978 3100 1042 animadverteret,
3145 986 3310 1046 atque
3352 975 3518 1028 etiam
3540 989 3663 1042 per-

2098 1077 2333 1143 spiccrct
2363 1090 2459 1128 eos
2508 1074 2627 1126 rita!
2657 1087 2767 1126 sua-
2806 1070 3081 1134 insidiari,
3102 1069 3458 1122 vehementer
3482 1068 3665 1118 animo

2097 1168 2475 1234 perturbatus,
2504 1165 2556 1218 in
2588 1179 2769 1219 art-em
2785 1161 3074 1231 cujusdam
3098 1159 3438 1215 Curtiistanii
3465 1158 3666 1226 prioci-

2098 1260 2197 1325 pis,
2220 1273 2329 1327 pra
2362 1256 2656 1312 formidine
2675 1272 2732 1311 se
2755 1255 2975 1324 recepit;
3000 1253 3212 1308 tametsi
3232 1267 3299 1305 ne
3320 1252 3537 1320 quidem
3558 1251 3666 1304 illic

2093 1351 2274 1406 vitare
2329 1351 2698 1405 calamitatem
2768 1349 3145 1402 imminentem
3205 1347 3400 1415 pmuit.
3451 1345 3666 1413 Quippe

2095 1443 2594 1496 Curdistattiusillc
2619 1441 2872 1508 princeps
2901 1439 3154 1491 lmirsnm
3219 1446 3435 1505 captum
3498 1433 3661 1487 fratri

2092 1530 2306 1587 Scacho
2331 1532 2621 1586 Terbmasi
2647 1533 2825 1594 misit,
2853 1530 2945 1599 qui
2969 1529 3227 1596 deinceps
3244 1543 3369 1582 eum
3401 1524 3663 1579 custodire

2091 1627 2460 1695 mancipatum
2497 1624 2549 1677 in
2583 1638 2806 1677 carcere
2849 1623 3102 1676 detinuit.
3148 1620 3432 1688 Espeditio
3492 1617 3664 1671 Sulci-

2092 1717 2274 1770 Inanis
2309 1731 2512 1770 annum
2547 1715 2769 1768 duravit
2804 1715 3096 1783 integrum,
3122 1727 3248 1766 cum
3281 1725 3481 1765 novem
3512 1723 3662 1761 men-

2089 1796 2261 1862 siﬂts.
2298 1809 2474 1874 Atque
2527 1807 2610 1858 his
2668 1805 2833 1860 rebus
2874 1804 3064 1874 gestis,
3120 1801 3658 1871 Constantinopolim

2093 1898 2433 1952 Soleitttanes
2456 1897 2636 1967 primo
2665 1898 2750 1950 die
2781 1897 2985 1950 mensis
3038 1894 3312 1959 Silcltizis,
3362 1907 3506 1948 anno
3551 1891 3663 1947 Ma-

2093 1993 2389 2046 Itttmctano
2416 1988 2520 2044 956
2555 1988 2707 2057 (Chr.
2738 1987 2927 2058 1550),
2989 2001 3242 2042 reversus
3267 1993 3376 2041 est.

996 2374 2470 2554 “‘SUPPLEMEN
2482 2373 2950 2554 TUM

1655 2695 2410 2812 ANNALIUM

550 2931 704 3004 QUO
743 2934 890 2995 RES
927 2933 1282 2996 TURCIC/E
1303 2933 1936 3003 CONTINUANTUR,
1968 2933 2068 2993 AD
2108 2934 2386 2996 ANNUM
2423 2929 3041 2996 MAIIUMETANUM
3084 2925 3518 2992 DCCCCXCVI.

1280 3049 1415 3121 QUI
1451 3046 1977 3108 CHRISTIANUS
2007 3049 2149 3109 EST
2179 3050 2294 3109 CID
2319 3048 2391 3108 ID
2411 3048 2786 3109 LXXXVIII.

1381 3200 1489 3260 Ea:
1520 3199 1790 3260 Joannis
1851 3198 2222 3262 Leunclavit’
2249 3198 2667 3262 Adversariis.

463 3548 622 3602 Auno
647 3542 1154 3599 llahumetano956
1182 3542 1336 3611 (Chr.
1365 3537 1524 3608 1550)
1555 3541 1777 3592 ineunte
1821 3551 1969 3600 vere,
2000 3549 2042 3608 ε
2077 3535 2370 3602 Aphricnm
2419 3533 2612 3602 copiis.
2643 3531 2929 3604 Tripolim,
2955 3546 3134 3587 arcem
3160 3543 3213 3588 et
3257 3534 3518 3604 oppidum
3573 3533 3657 3589 di-

397 3638 655 3706 Dragutrs
681 3637 900 3703 liaisus,
926 3637 1100 3706 pirata
1125 3635 1376 3698 celebris,
1413 3633 1669 3702 oppidum
1695 3628 1967 3685 Barbaria:

393 3732 495 3801 (sic
527 3731 819 3795 Aphiicam
847 3727 1177 3781 maritimam
1204 3724 1366 3778 hodie
1402 3737 1681 3785 vocamus,
1731 3719 1967 3788 appella-

388 3824 536 3876 tione
564 3819 826 3873 Romanis
848 3819 1010 3872 etiam
1038 3815 1281 3870 historiis
1326 3830 1431 3870 non
1464 3811 1671 3883 ignota)
1693 3811 1835 3882 quod
1860 3810 1965 3864 Ma-

393 3912 592 3966 badian
649 3910 819 3964 Ilauri
872 3909 1098 3975 dicunt,
1152 3909 1447 3978 Aphricam
1497 3907 1694 3969 nostri,
1752 3917 1964 3959 veteres

389 3996 800 4066 Aphrodisium,
823 3997 1051 4050 solerter
1080 3997 1389 4063 orcupavit,
1418 4009 1480 4049 ac
1506 3995 1758 4064 prcsidio
1784 3995 1964 4047 muni~

389 4090 486 4143 vit.
514 4089 633 4153 Quo
657 4091 896 4158 cognito,
926 4088 1117 4141 Karuli
1159 4087 1312 4155 Augu
1349 4087 1390 4139 ti
1423 4085 1618 4139 classis
1645 4087 1963 4154 imperator,

388 4182 633 4234 Andreas
658 4179 842 4242 Duria,
877 4189 1089 4233 mature
1111 4177 1414 4232 cavendum
1449 4186 1625 4240 ratus,
1655 4190 1720 4229 ne
1747 4177 1877 4245 quid
1898 4193 1961 4229 es

385 4285 453 4324 eo
481 4271 601 4325 loco
629 4271 894 4324 barbarus
919 4270 1231 4323 detrimenti
1263 4268 1595 4336 reipublicae,
1646 4281 1711 4321 ac
1737 4281 1964 4336 prmer-

388 4364 485 4416 tim
512 4362 879 4430 Neapolitanis
905 4369 959 4415 et
983 4361 1290 4430 llispanicis
1324 4361 1599 4416 littoribus
1621 4359 1778 4415 daret
1802 4376 1815 4413 :
1838 4375 1961 4411 cunt

385 4456 561 4509 classe
590 4453 868 4519 militeque
904 4452 1178 4521 protectus
1204 4452 1257 4505 in
1314 4453 1634 4520 Aphrieam,
1684 4450 1961 4504 Monaste—

388 4548 525 4598 ritttn
554 4545 832 4612 Oppidum,
858 4542 1188 4613 Apltrodisio
1245 4543 1578 4612 proximum.
1640 4551 1911 4613 expugnat
1943 4559 1959 4608 ;

385 4637 539 4689 cassis
567 4650 630 4688 cx
664 4635 897 4686 hostium
918 4634 1171 4703 pmsidio
1201 4633 1328 4696 300,
1347 4633 1598 4687 abductis
1647 4633 1788 4688 ηοο
1810 4648 1959 4686 matt-

385 4727 562 4794 eipiis.
608 4725 738 4778 inde
785 4724 1090 4792 conjunctis
1137 4739 1262 4778 cum
1319 4722 1666 4778 Ferdinando
1708 4723 1958 4793 Gonzaga

385 4834 484 4886 pro
512 4831 634 4887 rege
671 4816 869 4869 Sicilia:
894 4816 1086 4883 copiis,
1115 4813 1505 4883 Aphrodisium
1531 4815 1744 4869 obsidet
1771 4832 1786 4868 :
1811 4815 1956 4884 quod

2088 3628 2259 3681 tionis
2307 3629 2556 3696 equitum
2609 3626 2996 3692 Melitensium,
3043 3643 3353 3695 eorumque
3404 3629 3656 3696 praesidio

2075 3723 2369 3784 munitam,
2401 3720 2688 3774 obsidione
2714 3729 2996 3775 tentarunt
3029 3737 3042 3785 ;
3076 3735 3139 3775 ac
3171 3721 3360 3776 fraude
3403 3721 3656 3791 Dragutis

2074 3825 2125 3866 ct
2158 3811 2316 3872 Sabe,
2352 3811 2592 3878 prator-ti
2623 3810 2882 3877 Gasparis
2910 3811 3126 3865 Vallerii
3147 3811 3284 3864 Galli
3331 3812 3652 3865 credulitate

2074 3904 2322 3972 Argosini
2353 3903 2569 3969 Hispani
2597 3904 2906 3966 formidine.
2958 3904 3260 3972 proditione
3297 3903 3533 3972 denique
3553 3917 3649 3956 cu-

2067 3997 2287 4068 jusdam
2324 4014 2386 4050 et
2421 4013 2483 4048 ea
2513 4005 2665 4065 parte
2697 3996 2996 4064 provincize
3042 3993 3411 4048 Narbonensis
3465 3994 3652 4046 oriun-

2077 4090 2155 4152 di,
2178 4104 2297 4158 qua:
2327 4087 2575 4141 ltotnano
2609 4089 2852 4158 pontiiici
2887 4089 2986 4143 sub
3037 4088 3402 4142 Avenionensi
3451 4088 3654 4142 dititme

2072 4188 2245 4246 paret,
2303 4179 2355 4229 in
2420 4186 2741 4245 potestatem
2805 4178 3152 4244 redegerunt.
3201 4176 3409 4232 Collata
3468 4185 3648 4231 tamen

2072 4271 2343 4336 praecipue
2370 4270 2530 4339 culpa
2563 4271 2667 4325 fuit
2701 4270 2914 4324 amiss:e
2966 4271 3291 4326 munitionis
3341 4271 3528 4339 hujus,
3583 4276 3653 4325 ab

2072 4362 2191 4429 ipso
2224 4359 2468 4428 equitttm
2506 4359 2870 4413 Melitensiutn
2898 4376 3095 4430 magno
3115 4364 3396 4433 magistro,
3421 4365 3650 4432 ejusque

2070 4452 2323 4519 collegio,
2360 4459 2524 4521 atque
2554 4452 2699 4514 aliis,
2733 4451 2786 4504 in
2818 4452 3248 4507 Aramontanum
3294 4452 3481 4509 Gallia:
3508 4457 3651 4525 regis

2070 4543 2290 4598 llcnrici
2330 4545 2566 4614 legatum
2605 4561 2618 4597 :
2651 4546 2740 4613 qui
2775 4544 3103 4598 Soleimanis
3127 4556 3184 4597 ttt
3252 4561 3404 4600 arma
3461 4551 3646 4601 conri-

2073 4643 2216 4690 taret
2281 4636 2336 4690 in
2397 4636 2668 4689 Karulum
2724 4636 3054 4706 Augustum,
3112 4637 3646 4709 Constantinopolim
3711 4669 3714 4672 ~

2069 4727 2291 4790 missus,
2326 4728 2432 4782 huc
2461 4727 2783 4796 appulerat;
2810 4738 2863 4779 ct
2897 4728 3001 4781 sub
3029 4736 3293 4796 praetextu
3343 4730 3648 4785 coniiciun-

2066 4819 2147 4873 ὼε
2193 4817 2364 4886 pacis,
2432 4818 2845 4888 obsidionisth
2923 4820 3217 4884 solvendas,
3275 4819 3647 4877 Melitcnsibus

385 4923 571 4962 mense
601 4907 761 4960 tertio
796 4904 1011 4959 tandem
1045 4906 1100 4959 in
1119 4914 1453 4975 potestatem
1483 4907 1649 4959 venit.
1697 4904 1838 4960 (Σκσί
1892 4921 1957 4958 cx
1993 4900 2034 4953 D
2067 4909 2243 4963 fraudi
2272 4909 2440 4964 fuisse
2465 4911 2804 4978 perhibetur.
2837 4909 3116 4979 Occupata
3150 4910 3251 4966 fuit
3292 4911 3532 4980 Tripolis
3558 4913 3650 4968 die

383 4998 631 5054 barbaris
670 4998 912 5067 plttrtttti,
949 5005 1105 5064 capta
1143 4997 1389 5066 capitum
1441 4998 1507 5050 ad
1562 4996 1722 5050 7600.
1777 4995 1952 5050 Velie-

380 5101 594 5144 menter
645 5088 746 5140 ltoc
789 5088 986 5142 sultani
1025 5088 1350 5141 Soleimauis
1381 5089 1644 5142 tanimum
1701 5088 1950 5158 pupugit,

380 5181 470 5236 cui
500 5197 556 5235 se
586 5196 691 5234 non
718 5183 789 5232 ita
824 5180 1057 5247 pridem,
1077 5194 1411 5245 Operamque
1471 5194 1622 5232 suam
1685 5179 1952 5249 Dragutes

378 5274 681 5328 addixerat.
700 5269 935 5324 Czesaris
953 5282 1084 5323 vero
1099 5268 1284 5322 Karuli
1299 5269 1461 5338 jussu
1481 5269 1726 5325 funditus
1741 5271 1951 5341 Aphro~

377 5366 575 5420 disiutn
614 5364 714 5416 luit
742 5376 1018 5416 eversum.

446 5457 604 5512 Auno
629 5457 874 5524 sequenti
900 5453 1147 5522 proximo
1169 5453 1418 5507 sultanus
1446 5452 1784 5509 Soleimancs
1815 5457 1949 5510 clas-

377 5564 491 5603 sem
524 5547 800 5608 instruxit,
831 5546 990 5613 eique
1020 5542 1281 5596 Siuanem
1313 5542 1533 5597 bassam
1570 5544 1829 5613 prmfccit,
1856 5545 1954 5599 ad-

375 5638 584 5710 junctis
630 5637 758 5692 huic
806 5637 1060 5706 Dragute,
1130 5630 1366 5702 Salaque
1425 5633 1606 5690 Baisis
1640 5655 1654 5691 :
1689 5638 1782 5705 qui
1825 5653 1950 5692 cum

379 5744 562 5784 arcent
593 5728 923 5783 llcliteosetn
958 5727 1161 5779 frustra
1194 5732 1519 5790 tentassent,
1551 5729 1854 5796 tratisjcctis
1899 5733 1952 5782 in

727 5824 999 5884 ΡΑτιιυι..
1047 5825 1166 5884 Gtt.
1217 5820 1414 5882 CLIX.

2060 5003 2128 5055 15
2153 5003 2357 5056 mensis
2392 5003 2644 5070 Augusti,
2697 5017 2841 5055 anno
2888 5001 3270 5056 .llahuntetaim
3324 5006 3424 5059 957
3492 5005 3646 5074 (Chr.

2059 5093 2239 5160 1551),
2259 5093 2344 5146 cui
2379 5093 2626 5145 sultauus
2657 5093 2995 5147 Soleimaues
3033 5094 3314 5163 Dragutetn
3339 5112 3462 5151 cum
3492 5102 3652 5164 impe'

2065 5184 2146 5236 rio
2177 5181 2428 5253 Saugiaci
2465 5183 2583 5252 begi
2621 5184 2878 5253 praarccit.
2899 5185 2948 5238 Is
2978 5186 3233 5253 deinceps
3262 5186 3493 5241 infestus
3517 5189 3651 5241 Car-

2059 5288 2247 5328 vennte
2274 5274 2405 5343 regi,
2436 5275 2593 5340 cujus
2621 5274 2752 5328 ditio
2771 5276 2874 5329 ὅου
2905 5275 3228 5332 milliaribus
3255 5276 3453 5333 Italicis
3482 5293 3510 5330 a
3533 5277 3653 5331 Tri-

2061 5367 2170 5434 poli
2203 5364 2394 5428 distat,
2427 5365 2494 5416 ob
2532 5364 2853 5434 denegatam
2898 5381 3056 5435 Opem
3109 5370 3337 5422 obsesso
3382 5370 3652 5438 Aphrodi-

2067 5455 2172 5519 sio,
2207 5455 2397 5523 majori
2428 5465 2578 5523 parte
2611 5454 2838 5508 ditionis
2854 5471 2979 5510 eum
3005 5457 3191 5512 exuit:
3225 5458 3438 5527 aliaque
3461 5460 3649 5528 gessit,

2073 5547 2138 5600 de
2162 5547 2360 5615 quibus
2390 5561 2491 5598 suo
2528 5546 2642 5599 loco
2678 5547 2910 5601 dicetur.

2139 5638 2532 5708 Superioribus
2561 5638 2721 5692 anuis
2754 5637 2903 5709 (Chr.
2931 5640 3087 5707 15η,
3113 5641 3446 5710 1519,1550)
3468 5641 3652 5696 Ferdi-

2067 5729 2278 5784 naudus
2301 5727 2502 5793 Caesar,
2526 5727 2796 5800 ngarite,
2823 5728 3206 5802 Boltemiteque
3232 5748 3346 5800 res,
3378 5748 3496 5803 post
3525 5735 3651 5789 obi-

3088 5825 3163 5886 21
