4212 6288
550 366 659 428 ﬁlii

1770 361 2096 423 301‘thle
2134 360 2596 422 LEUNCLAVII

3690 363 3801 426 (ii-‘2

563 492 680 538 tutu
714 479 942 546 l'creuii,
977 478 1218 549 Agriani,
1253 478 1503 549 Ungatia‘
1562 480 1943 549 municipium,
1984 479 2126 547 quod
2162 486 2199 539 Α
2231 495 2353 531 cum
2382 492 2564 549 pra-tet
2618 481 3041 535 ‘Osmanidarutu
3075 495 3279 533 mntem
3334 480 3625 533 Sftlt'llllalll
3679 483 3792 539 leti—

558 574 735 627 Erlam
757 571 912 639 vulgo
931 582 1145 636 vocant,
1169 570 1251 624 sui
1276 572 1415 639 juris
1443 573 1673 626 fecerat:
1693 582 1746 623 et
1768 570 2118 625 illustrissin‘i

555 665 783 717 Comitis
804 662 1102 718 Salmcnsis
1135 664 1335 717 Nicolai
1357 680 1517 732 opera
1536 667 1880 732 Zabraginm,
1898 664 2115 727 Levant,

554 755 848 827 Zytltnatn,
892 756 1180 809 hiut-anum
1204 767 1557 824 expugnarat.
1585 756 1694 809 Nec
1744 757 1913 809 multo
1972 764 2113 822 post,

551 846 797 916 ejusdem
831 846 973 915 regis
994 846 1272 909 mandato,
1332 844 1661 900 Zolnoccttm
1720 845 1882 915 352
1925 844 2119 899 Turcis

552 940 845 1009 Agrienses
872 938 1204 1007 eripuerant.
1230 934 1340 991 llas
1370 937 1440 989 ob
1478 952 1675 992 causas
1709 937 1956 991 irritatus
2014 938 2118 991 So-

551 1026 835 1093 luimanes,
870 1023 1264 1080 Tentcsuarum
1290 1040 1385 1094 per
1415 1038 1548 1079 suos
1577 1026 1814 1089 obsedit,
1864 1037 1916 1080 et
1959 1026 2114 1079 dedi-

550 1120 702 1172 tione
734 1116 896 1187 cepit,
922 1116 1210 1171 interfecto
1248 1130 1344 1183 per
1377 1115 1557 1169 scelus
1590 1116 1797 1169 violatae
1830 1116 1950 1168 ﬁdei
1992 1114 2116 1169 Ste-

553 1214 733 1281 phano
755 1209 1046 1273 Losoueio,
1077 1210 1223 1263 illius
1268 1210 1369 1263 loci
1434 1219 1873 1279 propugnatore;
1904 1208 2115 1277 Lipam,

551 1303 902 1362 b‘olimosutu,
932 1298 1311 1364 Chianadiatn,
1344 1314 1466 1352 cum
1499 1298 1621 1353 aliis
1661 1298 1904 1352 castellis
1954 1311 2113 1351 occu-

548 1392 694 1461 pavit
720 1407 737 1457 ;
761 1389 1043 1445 Erasmutn
1079 1386 1370 1453 Teifclum,
1391 1386 1720 1443 Fertliuandi
1753 1388 1970 1453 ducem,
1992 1402 2113 1439 cum

546 1481 1101 1545 SfmtiaPalavicino,
1124 1492 1177 1535 et
1227 1483 1532 1548 Augustino
1590 1480 1955 1545 Sbardellato,
2015 1478 2119 1534 Va-

546 1577 719 1631 ciensi
773 1576 1005 1644 prrsule
1053 1574 1129 1629 .ad
1171 1574 1467 1641 Palastnm,
1499 1575 1613 1631 Alis
1655 1576 1823 1629 liassm
1857 1575 2120 1628 Budensis

545 1669 731 1730 ductu,
770 1669 963 1720 cveidit
992 1684 1004 1719 :
1038 1682 1211 1736 eaque
1246 1667 1446 1735 potitus
1502 1667 1749 1725 victoria.
1811 1667 2117 1736 Dregeltusn

546 1772 752 1817 arcem,
784 1754 1148 1817 Giarmatum,
1188 1754 1476 1815 Zezenum,
1510 1755 1722 1824 aliath
1769 1756 1883 1808 lora
1940 1756 2126 1831 \iCll.

2224 572 2355 624 time
2384 570 2678 640 nupsisset,
2711 575 2775 622 de
2809 573 3040 627 filiorum
3079 574 3132 624 in
3194 574 3418 641 imperio
3454 576 3801 626 successione

2221 659 2479 718 sollicita,
2527 660 2806 714 Rustetnis
2828 663 3010 729 generi
3040 664 3605 721 etiminatiunibusmt
3647 681 3777 716 rene

2220 749 2722 818 liciisquibusdam.
2756 755 2825 804 ah
2866 751 3090 807 lit-linea
3125 754 3308 821 .striga
3353 756 3797 814 subministrata.

2221 840 2785 896 faseluatum‘sultani
2841 846 3102 906 animum,
3151 861 3179 897 ο
3237 848 3515 914 ilustapha
3575 861 3801 913 prorsus

2221 933 2575 987 abalienaret.
2615 931 2852 988 Fuerant
2884 944 2938 987 et
2984 936 3485 1003 nassa-cujusdam
3524 938 3659 1002 p-otri
3708 953 3801 989 er-

2222 1023 2409 1076 ltibita'
2454 1025 2667 1087 littera},
2701 1028 2898 1093 quibus
2919 1026 2986 1079 ad
3020 1028 3224 1080 Rttsten
3249 1030 3589 1095 ctu-scriptis
3624 1030 3797 1081 enuti-

2224 1118 2472 1181 uehatur,
2509 1118 2575 1169 de
2600 1118 2955 1173 matrimonio
2987 1120 3128 1173 inser
3158 1117 3518 1187 Hustapham,
3548 1131 3600 1173 et
3630 1120 3793 1174 tiliam

2222 1207 2400 1259 seachi
2439 1204 2736 1263 Persarum
2802 1208 3138 1272 Tecltmasis.
3192 1226 3431 1281 quocum
3496 1208 3795 1266 Soleimaui

2221 1297 2468 1366 pluribus
2522 1301 2592 1353 ab
2625 1301 2786 1355 annis
2840 1302 3039 1357 bellum
3090 1313 3228 1365 erat,
3284 1303 3529 1358 tractari.
3577 1304 3799 1359 Mirificae

2221 1392 2614 1459 suspiciosum,
2650 1410 2715 1447 ex
2750 1394 2869 1449 aliis
2894 1411 3110 1465 quoque
3139 1397 3531 1461 delationibus,
3555 1397 3792 1449 animum

2221 1484 2387 1553 patris
2414 1500 2476 1539 ea
2500 1500 2590 1542 res
2622 1487 2977 1555 perturbare:
3004 1487 3147 1557 quod
3178 1499 3479 1548 vereretur,
3502 1504 3570 1541 ne
3598 1488 3799 1541 ﬁliusta-

2220 1576 2357 1644 phas
2384 1575 2704 1632 Techmasis
2738 1578 2961 1647 adjutus
3001 1580 3253 1647 auxiliis,
3307 1582 3539 1650 imperio
3588 1589 3791 1648 patrem

2220 1681 2517 1724 excuteret.
2543 1670 2730 1739 itaque
2758 1672 2964 1725 missus
2990 1673 3259 1728 l'uitanno
3286 1672 3392 1727 958
3448 1671 3603 1741 (Chr.
3658 1673 3796 1726 1552

2223 1770 2277 1812 et
2309 1760 2469 1829 1555)
2523 1777 2646 1814 cum
2675 1764 2918 1817 exercitu
2954 1762 3239 1817 Rustemes
3259 1765 3406 1818 t'ezir
3438 1767 3797 1831 azentes,.stth

546 1852 649 1904 sub
670 1851 855 1920 jugum
891 1847 1057 1902 misit.
1120 1847 1251 1901 Tam
1282 1863 1542 1916 prospero
1593 1864 1773 1901 rerum
1848 1863 2109 1901 successu
2146 1843 2186 1898 Β
2218 1864 2483 1923 praetextu
2512 1854 2732 1922 quide
2760 1854 2885 1908 belli
2912 1855 3129 1911 Parthis
3156 1856 3447 1918 inferendi,
3476 1858 3569 1912 sed
3603 1875 3793 1924 reapse

544 1944 717 1995 elatus
744 1939 855 1993 Alis
893 1938 1047 1991 bassa
1074 1935 1361 2000 Btttlettsis,
1398 1952 1555 2003 quem
1582 1936 1799 1999 Caram,
1842 1936 1959 1991 sive
2016 1933 2109 1985 Ni-

546 2049 702 2105 grum
726 2035 862 2087 Alim
893 2033 1177 2092 vocabant.
1202 2032 1460 2099 adjuncto
1486 2029 1588 2085 sibi
1625 2029 1882 2082 Acltmete
1908 2027 2102 2081 Roma-

546 2127 649 2180 nia:
677 2124 1016 2198 bcglcrbcgo,
1050 2131 1105 2177 et
1127 2121 1374 2184 Casauae,
1399 2120 1627 2189 aliisque
1652 2119 1897 2189 pluribus
1937 2118 2111 2186 begis,

544 2216 875 2271 Zoluoccum
908 2214 1156 2271 adoritur
1188 2230 1416 2283 :coque,
1442 2212 1792 2283 prtesidiariis
1818 2213 1904 2267 die
1932 2210 2113 2279 480p-

546 2310 773 2365 tetnbt-is
800 2310 942 2363 ultro
970 2308 1306 2368 redeutibus.
1340 2315 1398 2358 ut
1428 2306 1665 2372 Agriani.
1708 2320 1827 2373 quae
1854 2302 2111 2358 momenti

549 2403 772 2471 majoris
795 2411 935 2464 erat,
956 2401 1218 2456 adversus
1276 2398 1487 2455 b05tem
1541 2395 1915 2458 defenderent,
1970 2395 2112 2463 poti-

546 2507 654 2549 tur.
684 2494 811 2549 inde
840 2495 1109 2565 promotis
1144 2490 1211 2546 ad
1252 2491 1465 2561 Agriani
1494 2476 1716 2555 castris,
1750 2502 1968 2541 summo
1989 2486 2113 2557 qui-

544 2589 669 2641 dem
699 2588 845 2641 illam
880 2589 1083 2654 impetu
1112 2584 1500 2655 aggrediuntur
1532 2594 1585 2636 et
1620 2590 1956 2651 oppugnant.
2014 2580 2111 2633 sed

547 2681 706 2734 irrito
737 2689 962 2743 conatu,
989 2687 1043 2731 et
1070 2693 1263 2745 magno
1292 2691 1417 2730 cum
1464 2677 1745 2730 bassarum
1800 2673 2065 2729 dedecore
2094 2690 2108 2725 :

543 2773 691 2842 quod
724 2769 957 2825 feliciter
985 2784 1013 2823 a
1039 2769 1333 2838 Stepltauis
1364 2767 1585 2821 Dobone
1616 2765 1892 2831 Buscano,
1934 2764 2113 2819 Mezi-
2154 2828 2155 2831 η

543 2866 579 2919 ι
615 2866 690 2928 lo,
722 2862 954 2930 Zoltaio,
988 2859 1257 2933 Gregorio
1326 2862 1514 2922 Iliaco,
1574 2857 1785 2911 Joanne
1841 2857 2110 2928 Figedazo.

546 2968 708 3026 atque
738 2956 861 3012 aliis
886 2955 1119 3011 fortibus
1143 2958 1283 3010 viris
1301 2953 1715 3009 defenderetur.
1771 2952 1935 3007 Gesta
1990 2952 2110 3006 fue-

544 3058 672 3105 runt
699 3049 811 3104 haec
835 3064 982 3103 anno
1014 3048 1394 3101 Maliuiuelano
1418 3047 1521 3103 958
1560 3046 1711 3115 (Chr.
1740 3044 1920 3114 1552).

616 3142 830 3198 Dictum
856 3142 1017 3212 paulo
1037 3151 1183 3205 ante,
1210 3140 1394 3193 Callia:
1413 3155 1587 3210 regem
1608 3139 1923 3202 llenrieutn,
1947 3139 2113 3192 misso

542 3236 743 3304 legato,
775 3234 1053 3289 sultanum
1092 3232 1459 3286 Soleimanem
1520 3232 1784 3286 adversus
1852 3230 2113 3285 Karulum

542 3330 964 3398 Augustum,”
997 3326 1113 3394 lege
1174 3324 1345 3398 mutui
1422 3322 1667 3387 ltndcris,
1715 3323 1875 3391 cujus
1927 3334 2115 3375 auctor

542 3395 870 3473 Franciseus
906 3425 1055 3484 pater
1114 3395 1425 3479 exstiterat,
1487 3414 1767 3467 incitasse.
1830 3410 2114 3465 Pcrmotus

544 3510 615 3563 ab
648 3509 1017 3565 Aramontano
1060 3506 1413 3568 Soleitnanes,
1445 3507 1537 3574 qui
1592 3504 1658 3556 ad
1690 3503 1935 3558 Persicos
1982 3503 2115 3556 lines

529 3598 832 3670 postulatis
862 3598 981 3666 ejus
1013 3596 1223 3662 adnuit,
1256 3612 1381 3649 mox
1404 3595 1637 3650 classem
1662 3595 1905 3663 expediri
1937 3595 2114 3662 jubet,

538 3707 663 3763 quae
688 3690 907 3746 Gallicis
931 3693 1115 3761 juncta
1142 3689 1336 3757 copiis,
1375 3685 1561 3741 Karuli
1620 3686 1854 3740 ditiones
1907 3685 2115 3738 mariti-

542 3800 662 3839 mas
704 3785 1015 3839 infestaret.
1053 3782 1209 3847 Quod
1235 3780 1456 3850 quidem
1494 3795 1562 3834 ex
1597 3787 1722 3832 voto
1754 3778 2053 3847 praestitum
2084 3790 2113 3831 a

540 3876 664 3931 tidis
698 3875 884 3935 sociis.
919 3873 1351 3942 gravissimeque
1395 3868 1767 3938 Neapolitanis
1821 3878 1875 3921 et
1916 3870 2114 3924 Siculis

537 3966 813 4023 littoribus
865 3965 1008 4018 illata
1042 3966 1255 4017 damna.
1306 3961 1525 4017 Corsica
1576 3976 1813 4030 quoque,
1858 3959 2113 4016 Genuen-

537 4058 680 4114 sium
731 4058 930 4120 insula,
959 4063 1115 4124 capta
1138 4054 1287 4118 fuit;
1326 4061 1380 4107 et
1429 4054 1619 4107 incola:
1646 4066 1790 4106 ‘cutn
1844 4054 2118 4121 pra-sidia-

537 4150 637 4204 riis
666 4159 861 4218 parum
918 4148 1067 4212 επεὶ,
1117 4146 1311 4215 partim
1368 4144 1662 4199 crudeliter
1714 4144 1931 4211 habiti;
1967 4144 2112 4213 quod

537 4242 758 4310 quidem
788 4239 983 4293 accidit
1021 4254 1166 4293 anno
1193 4234 1296 4292 959
1325 4236 1476 4307 (Chr.
1512 4234 1688 4307 [55%).
1712 4236 1822 4291 Nec
1863 4236 2112 4290 restituta

536 4331 918 4387 Genuensibus
952 4330 1177 4383 Corsica
1232 4330 1380 4398 prius
1423 4329 1544 4393 fuit,
1593 4343 1757 4398 quam
1820 4342 1920 4395 pax
1975 4328 2115 4380 inter

535 4426 846 4494 Philippum
922 4432 978 4477 et
1016 4420 1628 4490 lleuricum,Hispaniae
1675 4418 1973 4488 Galliaeque
2030 4434 2114 4471 re-

2214 1960 2338 1999 eum
2375 1948 2600 2000 secretis
2631 1947 2830 2000 sultani
2882 1948 3171 2008 mandatis.
3196 1958 3255 2002 ιιι
3311 1964 3638 2018 quocunque
3676 1966 3794 2004 mo-

2214 2037 2283 2090 do
2313 2036 2650 2107 Mustnpham
2679 2052 2709 2091 e
2742 2038 2921 2092 medio
2944 2038 3179 2092 tolleret.
3212 2037 3501 2096 liustemes
3531 2042 3584 2093 in
3610 2041 3792 2095 Asiam

2216 2127 2509 2195 profectus.
2539 2126 2905 2183 Soleimanem
2942 2127 3149 2197 trepide
3188 2129 3477 2185 certiorem
3512 2132 3665 2195 facit,
3698 2147 3794 2201 per

2214 2218 2543 2273 calumniam
2570 2229 2775 2283 tamen,
2800 2220 2853 2273 lu
2906 2234 3103 2289 magno
3161 2234 3275 2273 rem
3327 2223 3537 2277 versari
3600 2224 3795 2278 discri-

2217 2310 2363 2364 tniue
2398 2328 2410 2361 :
2450 2310 2761 2378 genizaros,
2785 2320 3125 2381 ca‘terosque
3150 2312 3351 2367 milites
3394 2315 3467 2367 ita
3500 2314 3796 2382 Mustaplu‘.

2215 2403 2457 2466 studere.
2488 2402 2553 2459 de
2577 2402 2747 2471 patris
2776 2412 2835 2455 ιιι
2871 2413 3048 2456 actum
3081 2403 3309 2473 imperio
3339 2406 3607 2461 videatur.
3660 2406 3795 2460 Nul-

2218 2493 2328 2548 lum
2361 2490 2505 2547 aliud
2531 2508 2817 2563 superesse
2849 2484 3186 2559 remedium,
3240 2512 3402 2564 quam
3465 2506 3523 2551 ut
3565 2498 3799 2565 ipsemet

2215 2588 2271 2643 in
2306 2586 2519 2658 Syriam
2560 2586 2858 2641 advolaret.
2887 2586 3137 2643 Territus
3168 2590 3273 2641 ltoc
3300 2591 3490 2642 nuntio
3531 2590 3797 2646 Soleima-

2218 2694 2337 2740 nes.
2371 2679 2553 2732 suliito
2578 2679 2875 2747 Chalepum
2910 2694 3033 2732 cum
3060 2681 3302 2734 exercitu
3341 2693 3614 2750 properat,
3635 2687 3795 2751 quasi

2213 2772 2432 2827 Partitis
2458 2772 2661 2827 bellum
2692 2770 2935 2825 facturus
2968 2781 3133 2825 esset.
3166 2771 3480 2826 Arcessitur
3507 2790 3601 2843 per
3646 2776 3797 2829 litte-

2217 2877 2304 2916 ras
2330 2860 2493 2925 lilius,
2522 2860 2597 2913 uti
2639 2859 2937 2930 Cbalepum
2983 2860 3046 2913 ad
3099 2872 3307 2930 patretn
3360 2864 3479 2916 sine
3534 2879 3684 2917 mora
3734 2882 3799 2917 se

2215 2953 2509 3008 ennlerret.
2574 2952 2889 3019 Mustapltas
2921 2990 2938 3016 ,
2992 2953 3119 3006 licet
3174 2952 3241 3008 de
3295 2956 3798 3025 paternis-insidiis

2219 3045 2545 3109 inaudisset,
2584 3045 2931 3114 monitusque
2960 3054 3179 3098 secreto
3213 3044 3406 3101 fuisset
3437 3047 3504 3101 ab
3533 3048 3799 3105 Admete

2220 3135 2403 3199 bassa,
2434 3134 2629 3190 salutis
2662 3143 2719 3187 ut
2751 3148 2861 3188 sua:
2887 3135 3152 3189 rationem
3178 3136 3405 3192 haberet
3437 3156 3450 3189 :
3484 3138 3798 3194 innocentia

2226 3236 2413 3281 tamen
2445 3240 2544 3279 sua
2576 3226 2766 3290 fretus,
2789 3227 2960 3294 pattis
3014 3227 3243 3297 imperio
3303 3239 3477 3297 paret.
3524 3231 3579 3283 lu
3611 3243 3794 3285 castra

2214 3332 2338 3371 cum
2367 3316 2624 3379 venisset.
2656 3319 2723 3371 ad
2753 3318 3052 3370 tentorium
3087 3330 3368 3387 paternum
3400 3331 3544 3375 recta
3574 3323 3747 3392 pergit
3776 3341 3793 3377 :

2219 3409 2306 3463 ubi
2335 3417 2488 3477 patre
2517 3407 2682 3461 mutis
2716 3408 2925 3477 aliquot
2951 3410 3212 3475 robustis,
3246 3428 3386 3479 quos
3444 3416 3642 3469 sultaui
3690 3414 3797 3470 Os-

2216 3498 2464 3568 ntanigae,
2498 3497 2775 3552 velutihie
2809 3499 2974 3552 etiam
3034 3498 3274 3556 Murales
3330 3502 3419 3568 Ill,
3478 3506 3534 3559 in
3583 3507 3797 3562 deliriis

2218 3588 2417 3643 habere
2458 3590 2656 3653 solent,
2720 3590 3008 3645 minaciter
3074 3592 3359 3657 innuente.
3398 3600 3791 3664 prosternitur,

2215 3677 2718 3747 injectoquenerro
2774 3682 3168 3748 strangulatur.
3222 3682 3347 3738 lude
3399 3684 3642 3757 Ziangtr.
3695 3693 3790 3757 qui

2215 3771 2475 3839 gilihosus
2502 3779 2640 3833 erat.
2668 3773 3034 3845 minimusque
3061 3785 3188 3830 natu
3232 3777 3559 3837 Soleiniauis
3621 3784 3791 3849 tilins,

2215 3876 2243 3915 ιι
2278 3871 2427 3931 patre
2460 3863 2616 3931 quasi
2662 3879 2758 3931 per
2790 3866 2977 3920 ludum
3000 3883 3063 3921 ac
3085 3867 3296 3937 jocutn,
3342 3871 3639 3941 Mustapha:
3678 3875 3791 3936 fra-

2217 3955 2305 4016 tri,
2338 3970 2499 4023 quem
2524 3967 2774 4011 necatum
2814 3956 3119 4026 ignorabat,
3150 3961 3364 4015 obviam
3391 3965 3609 4032 prodire
3636 3968 3790 4033 iulio-

2217 4054 2329 4101 tur.
2375 4046 2423 4100 ls
2466 4048 2554 4101 ubi
2592 4050 2814 4118 propius
2855 4050 2920 4101 ad
2955 4048 3254 4106 fraternum
3301 4057 3537 4112 cadaver
3602 4074 3790 4114 acces-

2213 4140 2397 4203 SlSacl,
2422 4141 2673 4210 quamvis
2700 4153 3051 4196 censternato
3089 4160 3214 4199 mox
3250 4148 3557 4219 interempti
3597 4152 3786 4207 fratris

2213 4234 2361 4303 equi,
2393 4232 2682 4302 mancipia,
2702 4237 2957 4297 tentoria,
2984 4238 3245 4301 thesauri,
3280 4250 3603 4297 ornamenta
3626 4255 3787 4302 caeteb

2215 4340 2295 4388 ra,
2323 4338 2443 4377 cum
2478 4324 2772 4379 Atuasiana
2808 4327 3105 4393 provincia,
3137 4332 3389 4384 inundate
3414 4333 3587 4401 patris
3618 4334 3784 4391 oli’er-

2214 4425 2423 4481 rentur,
2459 4423 2639 4470 tamen
2682 4419 2763 4471 his
2798 4419 3056 4472 omnibus
3079 4421 3298 4489 spretis,
3354 4432 3409 4477 et
3454 4426 3783 4495 exprobrata

536 4532 651 4585 ges,
716 4528 859 4568 anno
897 4522 1019 4581 post
1050 4522 1205 4567 sexto
1236 4511 1513 4566 t-oivisset.
1561 4510 1770 4579 Quippe
1791 4524 1896 4563 non
1937 4512 2111 4565 multo
2144 4522 2188 4578 ι)
2218 4506 2354 4574 patri
2387 4507 2569 4562 verbis
2604 4509 2979 4564 acerbissimis
3002 4521 3109 4565 tant
3163 4514 3331 4581 impio
3374 4517 3602 4586 diroque
3654 4522 3785 4572 faci-

536 4618 655 4677 post
684 4601 986 4657 cuttfectatn
1017 4603 1157 4655 hanc
1204 4615 1415 4670 pacem,
1476 4600 1765 4655 infeliciter
1827 4605 2100 4657 exstincto

535 4710 706 4769 patre,
735 4695 1057 4752 Franciscus
1081 4696 1146 4762 ll,
1181 4692 1396 4749 llenriei
1432 4696 1475 4747 ll
1530 4694 1589 4747 [ε’.
1647 4712 1709 4749 cx
1772 4698 1925 4765 pacis
1978 4710 2099 4750 eam

534 4790 743 4856 legibus
793 4787 1104 4857 reipublicae
1129 4785 1398 4841 Genuensi
1436 4785 1690 4839 reddidit.

610 4882 736 4935 Erat
760 4880 977 4933 sultano
1033 4877 1328 4930 Soleitnani
1382 4877 1526 4929 filius
1578 4878 1916 4946 hlustapltas,
1969 4890 2099 4933 natu

536 4974 826 5035 maximus,
867 4986 932 5024 ex
981 4969 1300 5022 muliercula
1338 4969 1609 5034 Circassa,
1664 4969 1875 5023 servilis
1914 4972 2101 5024 condi-

537 5070 699 5121 tionis
726 5066 844 5120 :cui
868 5074 1019 5131 pater
1048 5061 1203 5114 initio
1226 5058 1578 5129 Magnesiam,
1607 5061 1730 5115 inde
1750 5062 2096 5116 Amasianatu

534 5159 865 5231 provinciam
888 5155 1133 5218 dederat,
1168 5151 1258 5205 ubi
1281 5167 1402 5204 cum
1439 5162 1613 5205 matre
1648 5153 1871 5220 degeret
1906 5170 1920 5205 :
1950 5153 2098 5207 deui-

531 5267 637 5321 que
670 5248 1079 5304 Cat'altentitlatn
1110 5244 1529 5311 Mesopotatttix,
1572 5244 1818 5298 Persicos
1860 5244 1925 5297 ad
1963 5244 2095 5296 lines

532 5347 715 5406 sitam,
750 5340 1076 5409 assignant.
1109 5337 1277 5391 Erant
1296 5334 1469 5389 eidem
1500 5346 1553 5389 et
1587 5335 1678 5388 alii
1723 5334 1905 5399 liberi,
1957 5351 2097 5402 quos

533 5450 599 5487 cx
634 5432 836 5485 femina
864 5427 1055 5481 forma:
1088 5426 1275 5496 (veluti
1311 5426 1528 5494 quidem
1566 5424 1901 5494 perhibetur)
1957 5427 2095 5479 line.

529 5525 683 5587 ralis,
721 5523 937 5574 natione
973 5516 1164 5579 (iussa.
1190 5520 1302 5571 sive
1335 5517 1630 5576 Roxolana.
1656 5520 1951 5572 sustulerat
1984 5535 2095 5573 nta—

530 5631 620 5669 res
648 5624 905 5680 quatuor,
959 5609 1347 5673 Mucltentetes,
1402 5609 1652 5675 Solones,
1702 5610 1987 5675 Bajazites,
2044 5622 2096 5665 et

527 5706 747 5774 Ziangir
777 5721 789 5757 :
821 5704 979 5758 unica
1001 5703 1215 5759 femella
1247 5702 1558 5763 Cbatner‘ta,
1590 5718 1752 5770 quam
1778 5702 1866 5755 alii
1897 5704 2094 5757 Came-

530 5814 653 5852 nam
689 5805 903 5861 wCant,
948 5798 1223 5853 ltustcmis
1257 5796 1449 5848 \‘t‘lll'ls
1507 5812 1663 5849 tuor.
1716 5794 1839 5849 llxe
1898 5795 2090 5861 liossa,

2211 4617 2362 4663 nore.
2388 4609 2570 4658 statim
2596 4605 2714 4660 suis
2743 4606 2999 4660 manibus
3024 4608 3076 4660 in
3108 4606 3317 4662 viscera
3358 4610 3647 4680 pugionem
3670 4612 3782 4663 :nli-

2207 4693 2306 4760 git,
2334 4701 2387 4745 et
2410 4694 2661 4749 cadaveri
2696 4695 2884 4750 fratris
2955 4696 3299 4763 incarnbens,
3352 4702 3612 4770 exspirat.
3676 4702 3784 4754 Nec

2210 4786 2383 4839 multo
2419 4797 2561 4854 post,
2589 4788 2835 4856 ejusdem
2892 4788 3078 4843 ltossre
3134 4792 3291 4843 malls
3352 4792 3562 4848 artibus
3618 4795 3779 4847 etiam

2209 4878 2370 4931 unico
2394 4878 2687 4944 Mustaplia:
2710 4878 2825 4933 ﬁlio
2860 4879 3075 4945 Murati,
3109 4885 3198 4949 qui
3228 4882 3411 4935 Prusae
3464 4884 3607 4951 apud
3669 4902 3781 4939 tita-

2208 4980 2342 5023 trem
2374 4971 2731 5035 educabatur,
2760 4985 2923 5039 opera
2971 4970 3260 5027 lbrahimis
3319 4976 3554 5028 eunuchi
3612 4977 3780 5029 lassa:

2205 5061 2406 5127 injecto
2435 5075 2601 5113 nervo
2620 5070 2808 5129 guttur
2840 5061 3074 5121 eliditur.
3100 5063 3269 5130 ipsius
3308 5064 3395 5116 ari
3427 5062 3619 5125 jnsxu:
3654 5079 3777 5117 eum

2204 5152 2252 5204 ei
2282 5151 2609 5220 perieulunt,
2639 5151 2799 5222 353
2836 5153 2975 5221 quod
3010 5169 3037 5205 a
3103 5162 3299 5221 ιιιοριτιε
3357 5164 3541 5221 posset
3598 5156 3769 5208 iunni~

2207 5258 2351 5303 nere,
2378 5242 2535 5309 cujus
2565 5253 2772 5311 patrem
2813 5244 3053 5313 gcnizari
3105 5253 3387 5312 tantopere
3455 5244 3773 5308 coluissent,

2205 5348 2482 5399 nunquam
2518 5334 2605 5386 illa
2660 5333 2801 5385 furia
2856 5334 3133 5387 desineret
3174 5337 3266 5387 'ob
3327 5335 3517 5389 oculos
3558 5351 3775 5405 ponere.

2203 5424 2557 5493 Contigerant
2588 5424 2701 5478 [nec
2740 5440 2881 5479 anno
2912 5424 3014 5480 959
3051 5425 3204 5495 (Chr.
3242 5426 3425 5494 1555).

2274 5513 2405 5569 Post
2434 5515 2666 5569 solutam
2700 5530 2842 5570 anno
2868 5519 3172 5584 superiore.
3206 5535 3405 5587 ωειςοο
3435 5534 3559 5574 cum
3598 5523 3735 5576 detri
3757 5555 3769 5562 -

2204 5621 2388 5663 mento
2419 5620 2471 5663 et
2498 5609 2795 5678 ignominia
2835 5608 3161 5677 Tureorum,
3204 5612 3543 5667 obsidionem
3571 5615 3769 5687 Agriue,

2202 5718 2349 5779 nunc
2377 5705 2593 5755 tandem
2628 5700 3164 5770 Constantinopolim
3195 5719 3223 5756 a
3257 5702 3605 5759 Ferdinando
3649 5722 3770 5775 rege

2201 5792 2364 5865 legati
2426 5796 2734 5858 mittuntur,
2796 5795 3067 5850 Antonius
3140 5793 3451 5863 Verantius,
3492 5801 3769 5866 rpihcopus
