4218 6308
371 403 480 469 δελτ

1515 414 1869 477 SUPPLEM
1887 461 1901 476 .
1947 412 2222 476 ANNAI..
2256 413 2565 476 TURClC.

3517 421 3624 482 δι

378 540 684 610 Agriensis,
732 553 789 599 et
845 542 1176 603 Franciscus
1249 544 1288 601 Ζ
1330 548 1399 614 is,
1449 549 1833 604 Cassovicnsis
1895 548 1946 601 in

2060 532 2213 594 rique.
2242 546 2435 586 omnes
2500 530 2797 600 Bajazitem
2839 532 2986 588 hunc
3045 531 3248 588 Solimo
3279 544 3409 588 natu
3467 537 3639 607 majo-

375 634 611 702 t‘ngaria
665 637 946 708 superiore
1007 642 1456 712 praefectus:qui
1494 643 1558 696 de
1617 657 1754 712 pace
1821 657 1947 697 cum

372 726 598 780 sultano
654 731 1044 791 constituenda
1103 733 1232 788 dum
1274 732 1550 798 laborant,
1601 744 1775 790 totum
1806 733 1938 789 Con-

368 818 737 891 stantinopoli
768 820 1052 880 biennium
1078 825 1314 880 luerent.

447 929 524 989 De
551 932 744 992 Gallia.-
773 936 942 1006 regis,
972 946 1028 993 et
1061 936 1392 994 Soleimanis
1430 938 1637 996 findere
1691 942 1955 1007 diximus,

372 1027 463 1082 cui
498 1027 757 1084 sultanus
786 1037 846 1082 ut
907 1031 1284 1091 satisfaceret.
1326 1032 1536 1104 aliquot
1594 1035 1755 1089 annis
1811 1035 1961 1090 hisce

373 1118 607 1174 classem
633 1118 903 1190 ablegavit
951 1121 1017 1174 ad
1069 1121 1635 1187 iul'estandunrmare
1691 1120 1954 1179 Tuscum.

373 1206 450 1262 Ea
492 1208 667 1278 prius,
699 1225 864 1280 quam
927 1210 1147 1280 longius
1210 1229 1356 1267 nunc
1400 1215 1864 1284 progrederetur,
1904 1231 1960 1274 et

369 1311 498 1352 cum
519 1297 803 1355 Gallorum
833 1315 894 1356 se
945 1303 1123 1359 classe
1171 1303 1570 1376 coniungeret:
1613 1303 1958 1363 Marinianus

375 1389 647 1456 Marcbio,
703 1391 958 1449 Karulini
1020 1395 1316 1464 prmlectus
1370 1397 1672 1462 exercitus,
1737 1408 1957 1468 portum

374 1479 834 1552 llerculis,gquem
864 1483 1006 1538 Galli
1039 1487 1322 1550 tenebant,
1355 1487 1585 1552 invadit,
1640 1503 1957 1557 arcemque,

374 1575 733 1644 prasidiariis
755 1579 1120 1644 obtruncatis,
1159 1594 1422 1652 occupat.
1457 1583 1776 1640 Secundum
1844 1586 1958 1640 hac

372 1664 539 1722 Turci
567 1664 917 1724 Plumbinum
948 1671 1237 1727 obsidione
1273 1675 1522 1743 cingunt,
1590 1686 1644 1729 ct
1673 1691 1784 1730 non
1837 1677 1960 1730 sine

373 1762 529 1816 clade
562 1762 774 1833 reiecti,
808 1763 997 1819 Elbam
1030 1763 1294 1831 insulam,
1332 1775 1530 1821 conatu
1561 1768 1750 1825 itidem
1777 1769 1956 1836 irrito,

376 1864 605 1912 tentant.
634 1856 966 1914 Acciderunt
996 1858 1112 1914 haec
1141 1875 1288 1916 anno
1325 1861 1424 1917 96!
1472 1861 1626 1932 (Chr.
1696 1863 1882 1934 1555).

451 1971 652 2027 Eodem
679 1988 846 2040 anno,
874 1973 1006 2028 dum
1046 1975 1202 2031 missi
1242 1977 1311 2031 de
1346 1992 1481 2047 pace
1531 1976 1694 2050 legati
1731 1981 1963 2034 necdum

377 2064 696 2127 rediissent,
716 2065 878 2122 bassa
900 2064 1195 2132 Budcnsis,
1215 2070 1308 2135 qui
1333 2067 1571 2141 Tuigon,
1594 2071 1815 2126 nomine
1837 2085 1963 2126 cum

372 2157 592 2212 ciconia
610 2159 909 2226 communi,
931 2161 1266 2228 vocabatur,
1286 2163 1465 2231 Capos
1485 2159 1805 2232 Vbivarum,
1827 2183 1963 2238 prte-

374 2248 616 2304 sidiariis
637 2250 702 2302 ad
719 2250 1055 2307 deditionem
1097 2254 1429 2322 compulsis,
1471 2255 1638 2324 cepit.
1675 2257 1863 2316 Eidem
1907 2270 1964 2316 et

376 2339 625 2407 Babosa,
650 2342 882 2396 necdum
902 2343 1108 2413 aliquid
1137 2344 1208 2398 ab
1239 2345 1397 2400 hoste
1422 2361 1678 2417 perpessa
1716 2354 1960 2421 gravius,

375 2433 479 2490 ﬁde
495 2435 714 2489 militari
734 2433 969 2502 deserta,
997 2450 1058 2491 se
1071 2435 1296 2493 dedidit.
1313 2436 1674 2496 Consimilem
1691 2443 1757 2497 de
1771 2441 1962 2513 Zigeto

373 2529 480 2584 sibi
503 2543 822 2584 successum
851 2529 1234 2598 pollicebatur,
1266 2532 1360 2585 sed
1394 2545 1515 2586 cum
1538 2533 1753 2588 fortiter
1778 2537 1829 2588 in
1865 2536 1959 2589 Ito-

376 2631 518 2677 stem
551 2619 875 2691 praesidiarii
911 2635 972 2675 se
1003 2631 1278 2690 gererent,
1315 2625 1516 2693 suique
1547 2637 1854 2694 numerent,
1893 2644 1961 2683 ne

373 2719 580 2767 temere
603 2720 864 2766 tentatam
890 2713 1234 2767 obsidionem
1259 2713 1472 2768 solvere
1499 2725 1749 2780 coactus,
1781 2718 1956 2775 sulta-

376 2818 506 2859 num
558 2802 882 2863 oﬂenderet.
942 2803 1010 2858 ab
1039 2803 1287 2859 instituto
1345 2807 1617 2862 discessit.
1673 2807 1798 2864 ll:ec
1863 2828 1959 2881 per

371 2910 703 2954 autumnum
757 2898 906 2954 illius
940 2900 1095 2963 anni,
1131 2911 1295 2962 quem
1329 2899 1595 2966 diximus,
1633 2905 1776 2974 apud
1839 2903 1956 2959 Un-

370 3006 535 3060 garos
566 2987 720 3046 tuere
745 2999 920 3060 gesta.
1628 2999 1631 3002 '

444 3103 702 3161 Proximo
732 3105 1014 3175 sequentis
1071 3106 1334 3164 anni962
1390 3110 1548 3181 (Chr.
1596 3110 1750 3182 l556)
1809 3128 1954 3175 rere,

371 3198 715 3254 Soleinianes
748 3197 889 3252 Alim
924 3199 1143 3256 bassam
1185 3219 1306 3258 cum
1333 3205 1509 3274 copiis
1539 3204 1593 3258 in
1655 3203 1948 3275 Ungariam

369 3290 540 3356 misit,
565 3291 657 3358 qui
687 3288 935 3359 Zigetum
959 3291 1248 3348 obsidione
1284 3304 1577 3364 premeret,
1632 3311 1695 3352 ac
1755 3296 1807 3351 in
1846 3314 1945 3368 po-

365 3391 618 3438 testatem
675 3383 963 3454 redigeret.
1018 3381 1163 3438 Nihil
1199 3400 1307 3440 non
1355 3385 1446 3441 ille
1499 3387 1646 3452 fecit,
1710 3397 1769 3444 ut
1835 3391 1942 3444 voti

365 3491 597 3545 compos
659 3475 834 3540 lieret,
873 3479 940 3531 ad
1000 3478 1220 3534 tertium
1286 3496 1458 3548 usque
1498 3497 1740 3536 mensem
1769 3485 1946 3538 conti-

367 3575 533 3620 nuata
566 3567 1012 3638 oppugnatione:
1043 3571 1138 3623 sed
1167 3569 1505 3625 Christianis
1556 3586 1775 3627 o'nuem
1835 3575 1945 3629 vim

365 3661 646 3726 hostilem,
685 3676 881 3731 magna
922 3677 1047 3714 cum
1084 3671 1269 3732 strage
1297 3663 1633 3730 Turcoruni,
1675 3668 1945 3737 intrepide

365 3751 787 3820 repellentibus,
823 3753 1043 3822 ,inlecta
1071 3769 1128 3808 re
1186 3755 1416 3810 militem
1480 3773 1606 3810 cum
1676 3761 1950 3817 machinis

366 3847 579 3902 bellicis
615 3846 881 3918 inglorius
903 3844 1155 3903 abduxit.
1178 3847 1346 3903 Turci
1407 3851 1580 3920 prius,
1635 3867 1800 3920 quam
1855 3851 1947 3907 Zi-

363 3937 472 4006 gvti
533 3937 822 3992 obsijione
880 3939 1056 3992 soluta
1113 3954 1174 3994 se
1229 3941 1560 4009 reciperent,
1645 3941 1942 4008 llabosam,

362 4042 613 4084 sanctum
636 4027 952 4095 Martinum,
984 4029 1360 4100 Geresgalum,
1402 4030 1652 4096 Sallium,
1680 4032 1738 4089 S.
1799 4033 1946 4089 Lau-

363 4126 626 4190 rentium,
654 4137 710 4179 et
739 4126 1171 4188 Calamanciam,
1200 4127 1400 4195 partim
1437 4124 1675 4197 ﬂuminis
1731 4130 1945 4199 injectis

361 4217 746 4290 absumpsere,
778 4220 978 4289 partim
1007 4218 1126 4272 solo
1147 4230 1458 4288 aequarunt.

437 4331 749 4387 secundum
785 4331 923 4396 haec,
948 4345 1097 4385 anno
1135 4331 1242 4387 96‘
1264 4332 1415 4402 (Chr.
1483 4333 1620 4388 1558
1671 4343 1723 4388 ct
1759 4335 1940 4403 1559).

364 4422 598 4478 Selimes
628 4422 1009 4492 Bajazitesque
1039 4422 1254 4488 fratres,
1301 4423 1630 4478 Soleimanis
1687 4424 1794 4479 FF.
1853 4445 1943 4481 su-

364 4519 594 4587 perstite
627 4526 803 4586 patre,
825 4516 970 4570 inter
1007 4531 1068 4571 se
1095 4519 1162 4571 de
1191 4519 1422 4586 imperio
1482 4521 1944 4590 succcssioncque

2062 638 2201 686 rem,
2231 620 2376 689 quod
2407 623 2662 690 equidem
2688 637 2794 676 non
2831 636 2981 680 recte
3031 625 3146 678 lleri
3189 637 3339 696 puto.
3395 625 3530 681 Nam
3587 629 3641 682 in

2062 716 2488 770 circumcisione
2520 715 2756 769 liliorum
2803 715 3152 793 Solcimanis.
3190 719 3442 774 videlicet
3494 719 3642 775 Ilus.

2063 807 2259 874 tapltaz,
2295 805 2654 860 Muelronictis
2688 807 2803 874 (qui
2829 808 3015 863 multis
3049 818 3178 863 ante
3223 819 3430 878 patrem
3481 813 3645 868 annis

2062 899 2205 951 diem
2234 913 2393 951 suum
2431 895 2710 962 obierunt)
2764 911 2818 952 et
2879 897 3117 964 Selimis,
3188 903 3334 956 nttlla
3388 903 3646 971 Bajasitis

2065 991 2230 1055 hujus
2273 991 2324 1040 in
2361 989 2611 1043 Turcieis
2665 991 2872 1044 mentio
2903 1008 2914 1043 :
2943 1008 3064 1059 qute
3123 995 3346 1064 quidem
3403 997 3645 1049 circnm-

2063 1083 2204 1136 cisio
2238 1083 2507 1136 colebrata
2544 1081 2645 1135 fuit
2695 1099 2841 1139 anno
2868 1083 3254 1140 llalmmetano
3289 1086 3395 1142 938
3425 1086 3642 1159 [1552}.

2067 1173 2335 1228 Przrterea
2356 1189 2480 1227 cum
2511 1173 2854 1232 Suleimanes
2887 1193 3030 1234 airno
3056 1177 3162 1233 949
3190 1177 3399 1251 [155],
3431 1179 3645 1249 “agth—

2063 1266 2202 1320 siam
2269 1264 2621 1331 Muchemeti,
2684 1265 3071 1324 Caramaniam
3132 1268 3322 1327 Selimi
3382 1273 3654 1340 traderet,‘

2064 1360 2210 1414 nulla
2239 1375 2458 1414 rursum
2502 1360 2758 1429 ﬂrijazitis
2791 1364 3018 1417 mentio.
3045 1361 3124 1417 De
3157 1379 3266 1433 quo
3293 1379 3425 1420 sane
3454 1365 3642 1436 liquet,

2062 1450 2360 1520 Bajnzitem
2400 1451 2546 1505 llllllC
2570 1452 2769 1505 Selium
2802 1461 2934 1506 nato
2973 1455 3240 1509 minorem
3275 1456 3468 1512 fuisse.

2133 1545 2274 1597 Ante
2301 1559 2410 1598 non
2454 1544 2654 1598 multos
2699 1558 2874 1600 annos
2926 1545 3194 1616 Tripolim
3226 1548 3477 1619 Aplrricte
3529 1549 3645 1607 lle-

2065 1638 2357 1692 litensilms
2391 1649 2632 1706 ereptam
2676 1637 2848 1694 fuisse
2869 1639 3133 1704 diximus,
3159 1651 3215 1696 et
3249 1655 3278 1694 a
3336 1641 3648 1700 Soleimane

2061 1731 2438 1800 sangiacatum
2501 1730 2899 1801 Tripolitanum
2971 1732 3197 1804 Draguti
3271 1750 3642 1798 concessum,

2062 1825 2221 1894 cujus
2243 1839 2407 1894 opera
2452 1825 2800 1893 potissimum
2832 1826 2885 1879 in
2948 1836 3269 1894 petestatem
3314 1837 3555 1884 venerat.
3594 1829 3645 1886 ls

2065 1918 2184 1973 suis
2213 1915 2415 1970 finibus
2448 1916 2591 1971 haud
2626 1927 2937 1980 contentus,
2975 1934 3084 1976 non
3141 1921 3305 1976 modo
3344 1920 3647 1979 Cari-eunte

2067 2023 2251 2080 regem
2285 2007 2561 2072 Maurum,
2591 2006 2750 2076 cujus
2777 2025 2944 2079 supra
3011 2015 3386 2080 meminimus,
3435 2015 3644 2088 majore

2064 2099 2409 2173 principatus
2424 2099 2510 2152 sui
2546 2107 2702 2178 parte
2726 2102 2982 2162 spoliavit
3008 2121 3028 2162 :
3061 2121 3247 2161 rerum
3284 2107 3453 2164 etiam
3520 2123 3647 2180 pro-

2063 2214 2289 2270 gressus
2315 2201 2565 2266 ulterius,
2591 2204 2866 2275 corruptis
2911 2204 3227 2261 “aurorum
3269 2199 3493 2265 animis,
3546 2201 3643 2271 qui

2063 2292 2400 2349 Cerbcnsem
2467 2295 2705 2350 insulam
2777 2298 3107 2362 incolebant,
3137 2296 3292 2368 _olitu
3330 2295 3413 2367 (ut
3460 2296 3646 2364 opinio

2066 2385 2360 2440 multorum
2392 2390 2501 2456 est)
2549 2403 2578 2441 a
2640 2387 2978 2460 Lotoliltagis
3020 2398 3301 2461 tantopere
3358 2388 3646 2444 celebral's

2066 2476 2534 2544 inlnrliitatain,co
2559 2497 2670 2534 rem
2703 2492 2825 2536 astu
2861 2497 3050 2550 gerere
3077 2484 3276 2554 potuit,
3311 2489 3370 2536 ut
3415 2480 3644 2536 sceeln-s

2063 2575 2180 2627 sive
2241 2575 2462 2643 regulus
2549 2577 2743 2630 insan
2818 2583 3181 2642 .‘o'etmanes,
3239 2580 3340 2634 sub
3389 2574 3647 2636 amicitia:

2062 2675 2327 2734 prrtrstu
2359 2667 2627 2737 Tripolim
2653 2669 3058 2725 deduceretur:
3115 2673 3205 2726 ubi
3234 2675 3364 2728 dum
3414 2674 3643 2731 haereret

2060 2758 2404 2826 imprudens,
2431 2759 2830 2816 interveniente
2877 2763 3184 2831 proditione
3246 2765 3511 2838 Dragutes
3551 2769 3641 2824 in-

2059 2853 2234 2903 sulam
2273 2852 2581 2921 occuparit.
2616 2853 2801 2924 Neque
2837 2856 3023 2912 multis
3085 2859 3287 2930 elapsis
3311 2862 3506 2918 diebus
3534 2863 3637 2920 So-

2061 2943 2350 2996 leimanem
2413 2946 2665 2999 scecltem
2726 2949 3028 3017 suspendio
3089 2954 3323 3018 uerat-it,
3372 2964 3426 3010 et
3480 2956 3638 3012 alteri

2058 3034 2234 3096 St-clti,
2267 3050 2360 3091 sex
2391 3052 2684 3094 aureorum
2737 3041 2906 3094 millia
2963 3042 3154 3098 tributi
3204 3047 3372 3099 annui
3417 3049 3638 3104 nomine

2058 3125 2146 3193 pol
2172 3125 2320 3190 ieito,
2409 3142 2506 3197 per
2551 3130 2900 3186 traditionem
2954 3134 3135 3188 vexilli
3186 3137 3395 3198 viridis,
3444 3139 3637 3193 insulae

2059 3215 2370 3272 doininium
2403 3221 2675 3289 permisit.
2706 3221 2840 3276 Erat
2881 3225 2934 3276 in
2966 3241 3185 3280 onmem
3235 3227 3483 3283 intentus
3545 3245 3639 3284 oc-

2058 3313 2336 3365 casionem
2365 3328 2594 3384 magnus
2622 3317 2882 3385 magister
2910 3317 3207 3375 Melitensis
3233 3360 3248 3382 .
3300 3331 3360 3376 ut
3399 3321 3638 3390 Tripolis

2057 3399 2379 3466 aliquandiu
2409 3417 2846 3474 recupet'aretur.
2877 3408 3063 3478 Itaque
3127 3411 3270 3465 facta
3320 3415 3464 3468 inter
3509 3415 3632 3469 llis-

2059 3506 2259 3558 pzinum
2283 3493 2610 3564 Gallumque
2631 3513 2785 3565 pace,
2809 3504 2956 3569 quod
2997 3499 3219 3572 Hispani
3256 3507 3401 3574 regis
3431 3511 3577 3561 ansil
3604 3528 3638 3560 ι»

2056 3588 2166 3638 voti
2203 3600 2263 3639 se
2306 3598 2616 3656 compotem
2664 3589 2780 3643 fore
2809 3603 3073 3661 speraret.
3121 3597 3278 3665 cujus
3337 3599 3632 3667 plutimtttu

2057 3678 2368 3744 interesset,
2417 3691 2628 3735 mature
2671 3682 2826 3738 nidos
2882 3684 3005 3739 illos
3067 3691 3391 3755 piratarum,
3444 3693 3636 3746 'l'urcis

2052 3769 2266 3835 ejectis,
2308 3770 2360 3822 in
2400 3782 2723 3837 potestatem
2753 3775 2968 3844 redigi:
3005 3781 3193 3835 multis
3247 3781 3368 3836 duci
3408 3782 3634 3838 Iledinae

2051 3859 2166 3913 Celi
2197 3865 2500 3917 rationibus
2533 3867 2794 3933 ostendit,
2824 3884 2985 3939 posse
3012 3887 3120 3927 mn
3159 3888 3354 3942 magno
3411 3880 3630 3946 negotio

2053 3952 2316 4021 Tripolim
2353 3959 2677 4025 expugnari,
2717 3961 3031 4026 praesidium
3090 3963 3143 4016 in
3193 3981 3260 4019 eo
3295 3969 3628 4036 quingento-

2053 4060 2173 4097 rum
2211 4048 2479 4101 duntaxat
2497 4049 2801 4103 Turcorum
2828 4068 2991 4105 esse:
3055 4054 3357 4111 Carrennze
3409 4074 3633 4129 quoque

2051 4154 2254 4208 regem,
2291 4141 2514 4210 Draguti
2547 4159 2610 4197 ac
2642 4141 2841 4198 Turcis
2878 4145 3327 4210 infestissimum,
3379 4151 3446 4204 ad
3493 4152 3628 4220 jun-

2048 4231 2283 4301 gentiam
2307 4248 2587 4288 armorum
2636 4237 2952 4290 societatem
3003 4239 3145 4293 haud
3194 4240 3485 4296 diﬂicnlter
3540 4259 3606 4299 ac

2048 4339 2336 4376 cessurum
2363 4342 2377 4387 ;
2407 4326 2565 4392 cujus
2590 4340 2753 4394 opera
2799 4337 2948 4381 tanto
2999 4329 3167 4402 354
3203 4330 3382 4386 futura
3441 4335 3512 4390 sit
3544 4337 3624 4390 eis

2051 4415 2236 4467 utilior
2267 4418 2696 4484 atquetidelior,
2728 4431 2936 4488 quanto
2965 4427 3188 4489 gravius
3219 4425 3307 4477 ille
3336 4443 3491 4480 suam
3519 4430 3621 4483 sibi

2051 4508 2324 4575 regionem
2352 4523 2592 4576 ereptam
2616 4511 2818 4578 doleat,
2855 4522 2908 4566 et
2956 4516 3160 4570 certius
3220 4518 3324 4570 sibi
3378 4520 3625 4588 polliceri

359 4612 713 4676 dimicarunt,
747 4612 1035 4680 victusque
1059 4609 1328 4678 Bajazites
1367 4626 1398 4664 e
1444 4611 1770 4666 Caramania
1814 4630 1938 4667 cum

2060 4601 2244 4668 possit,
2275 4601 2543 4664 futurum,
2577 4615 2636 4657 ut
2683 4604 2890 4681 Tripoli
2921 4607 3114 4660 Turris
3176 4620 3407 4674 extorta,
3470 4629 3622 4666 suam

361 4701 567 4767 20,000
597 4717 962 4769 armatorum,
993 4712 1050 4756 et
1079 4711 1319 4773 quatuor
1369 4705 1516 4768 ﬁliis,
1572 4707 1638 4759 ad
1671 4709 1932 4760 scaclium

361 4793 643 4850 Persicum
703 4795 1060 4850 chltmasem
1129 4797 1393 4867 profugit.
1456 4795 1671 4853 Veritus
1756 4809 1940 4854 autem

363 4896 520 4956 pater
562 4885 931 4952 Soleimanes,
969 4889 1062 4957 qui
1103 4888 1324 4943 Selirnis
1372 4899 1557 4960 partes
1589 4888 1820 4952 foverat,
1875 4907 1943 4946 ne

361 4978 680 5033 'i‘ecltmasis
710 4979 918 5033 auxilio
951 4980 1035 5034 vel
1061 4980 1226 5047 ﬁlius,
1259 4982 1341 5036 vel
1371 4983 1646 5036 exstincto
1677 4983 1790 5036 lilio
1846 5001 1941 5038 ne-

360 5084 538 5142 potes,
573 5086 661 5126 res
695 5087 869 5127 novas
915 5073 1279 5128 molirentur:
1341 5076 1556 5141 magnis
1591 5075 1935 5140 pollicitatio-

363 5163 527 5217 nibus
560 5163 872 5231 impetravit
920 5176 952 5217 a
1006 5160 1335 5225 Teclimase,
1379 5167 1574 5220 mortis
1637 5176 1696 5218 ut
1745 5181 1944 5232 genere

360 5252 508 5323 genti
539 5250 964 5306 Osmanidarum
994 5252 1254 5307 [ξηιιὶΙὶΜί
1285 5255 1353 5309 de
1385 5255 1566 5307 medio
1594 5256 1940 5310 tollerentur.

365 5345 441 5399 Ne
471 5359 577 5414 qua
617 5353 799 5402 tamen
831 5347 983 5402 lraus
1015 5349 1397 5409 interveniret,
1457 5347 1662 5403 missus
1713 5348 1817 5403 fuit
1875 5350 1940 5403 ad

365 5435 681 5490 interiorem
739 5435 923 5492 Persa:
984 5437 1188 5504 regiam
1227 5438 1548 5493 Casminum
1614 5438 1942 5495 Soleimanis

362 5525 698 5596 Zesclmiger
722 5528 824 5598 (sic
854 5538 1302 5600 pmgustatorem
1340 5527 1504 5585 Turci
1547 5533 1790 5601 vocant),
1852 5535 1939 5588 cui

361 5617 634 5688 Bajazites
661 5635 787 5674 cum
823 5620 952 5676 liliis
995 5629 1159 5676 notus
1190 5629 1328 5676 erat.
1385 5620 1503 5677 lloc
1537 5633 1803 5692 praesente
1850 5640 1942 5693 pa-

366 5722 446 5764 ter
468 5726 591 5766 cum
622 5711 769 5775 liliis,
799 5712 1047 5767 adbibito
1089 5727 1279 5776 nervo,
1314 5711 1616 5770 suﬂocatus
1649 5715 1772 5779 fuit,
1798 5728 1850 5770 et
1874 5719 1942 5771 sb

361 5801 554 5854 eodem
591 5809 911 5856 necatorum
939 5802 1201 5856 cadavera
1260 5801 1566 5856 Sebastiam
1628 5803 1937 5874 deportata,

359 5907 568 5964 proque
601 5911 751 5953 more
775 5895 1148 5952 monumentis
1172 5897 1344 5951 illata.
1387 5897 1620 5952 Pariunt
1646 5913 1770 5954 vero
1829 5901 1936 5965 ple-

2046 4704 2095 4746 et
2133 4695 2246 4763 ipso
2277 4696 2541 4750 ditionem
2595 4697 2840 4766 recipiat.
2902 4697 3174 4768 llispanus
3218 4704 3368 4757 hisce
3428 4722 3622 4775 prope-

2050 4790 2272 4843 modum
2349 4801 2513 4844 certa:
2578 4789 2820 4844 victoriae
2901 4805 3180 4860 permotus
3247 4810 3627 4864 argumentis,

2046 4881 2278 4934 classem
2305 4881 2526 4943 instrui,
2564 4880 2845 4952 militeque
2871 4885 3134 4952 compleri
3162 4886 3339 4950 jubet,
3372 4905 3433 4938 ae
3473 4905 3627 4942 sunt-

2046 4989 2147 5026 ma:
2185 4987 2518 5026 rerumcum
2557 4973 2787 5041 imperio
2815 4973 3185 5030 Medincusem
3226 4977 3469 5047 prolicit.
3526 4979 3628 5032 Fr-

2049 5065 2224 5118 liciter
2267 5079 2602 5120 sur-cessura
2664 5065 2991 5120 ridebantur
3027 5068 3236 5133 omnia,
3297 5071 3344 5124 si
3410 5080 3629 5127 mature

2047 5157 2311 5229 Tripolim
2343 5175 2468 5213 cum
2503 5158 2676 5213 milite
2701 5159 2896 5214 classis
2943 5162 3265 5230 appulisset.
3331 5162 3434 5217 Sed
3494 5180 3625 5230 pro-

2047 5252 2280 5306 fectione
2307 5252 2485 5306 varias
2506 5251 2576 5306 ob
2619 5267 2837 5310 causas,
2895 5263 2948 5307 cl
2990 5254 3290 5320 prmscrtim
3341 5257 3515 5311 ventis
3562 5275 3626 5312 ac.

2046 5343 2466 5413 tempestatibus
2555 5344 2836 5407 adversis,
2915 5344 3221 5414 impedita,
3315 5346 3623 5417 Dragutes,

2049 5435 2322 5490 intellecto
2388 5435 2829 5490 Christianorum
2933 5437 3228 5502 instituto,
3304 5441 3620 5505 pnesidinm

2048 5527 2446 5596 Tripolitanum
2511 5527 2731 5583 duobus
2799 5528 2950 5582 auxit
3001 5528 3306 5584 ancorum
3357 5531 3620 5586 millibus.

2046 5617 2235 5686 Itaque
2258 5618 2559 5673 Christiani
2591 5633 2708 5687 spe,
2745 5618 2800 5670 in
2835 5622 2941 5672 hoc
2963 5619 3182 5686 quidem
3209 5628 3476 5688 tempore,
3503 5621 3624 5674 Tri-

2048 5711 2186 5780 polis
2208 5710 2583 5780 cspugnandze
2621 5711 2836 5778 dejecti,
2899 5709 3240 5764 Grrbensem
3268 5749 3283 5772 ,
3321 5727 3482 5780 quam
3543 5714 3622 5765 di-

2049 5805 2247 5868 ximus,
2275 5803 2510 5858 insulam
2548 5817 2691 5856 reeta
2739 5811 2949 5872 petunt,
3013 5818 3111 5854 nec
3166 5819 3361 5870 magno
3407 5811 3620 5872 negotio

2045 5899 2301 5954 scccltem
2337 5898 2656 5951 Maurorum
2717 5895 2962 5956 adigunt,
3021 5903 3080 5946 ut
3132 5895 3332 5950 tradito
3369 5897 3614 5954 castello,
