4218 6308
476 342 586 406 657

483 460 681 521 Turcis
729 469 1078 541 denegasset,
1140 479 1508 553 adjunctoque
1564 494 1668 547 sibi

469 825 574 880 sibi
612 832 836 889 creditis
863 840 1130 907 proditus,
1156 848 1246 912 qui
1278 851 1429 907 missi
1456 855 1693 922 inierant,
1724 876 1781 917 ut
1807 879 1835 918 a
1861 876 2043 926 trans-

463 917 706 986 jertione
741 925 972 986 Danubii
1034 935 1242 995 Turcos
1271 957 1545 1011 arcerent,
1582 952 1858 1022 indignam
1924 977 2038 1015 ma-

466 1013 827 1078 gnanimitate
854 1036 1475 1103 suamortcmOppetiit.
1535 1040 1597 1095 Ei
1633 1013 1848 1112 Petrus,
1910 1052 2042 1106 alte-

466 1098 584 1200 rius
618 1101 887 1164 Valachize
918 1116 1182 1188 principis
1232 1098 1423 1192 frater,
1480 1128 1795 1193 faventibus
1836 1098 2044 1200 ,Turcis

463 1191 727 1298 suffectus
765 1201 888 1257 fuit.
919 1204 1025 1263 Sed
1050 1212 1196 1266 enim
1223 1214 1287 1270 de
1314 1216 1420 1285 bis,
1454 1220 1558 1278 hoc
1578 1191 1797 1296 quidem
1822 1191 1878 1285 iii

462 1286 599 1394 satis
651 1306 667 1343 :
726 1296 951 1363 quando
993 1304 1061 1355 ad
1119 1304 1469 1378 insequentes
1514 1286 1689 1377 annos
1746 1286 2041 1394 pertinent:

463 1375 620 1436 Nune
652 1384 717 1437 ad
751 1387 1046 1446 Aiinalinm
1072 1375 1268 1455 seriem
1303 1408 1610 1465 redeamus.

533 1473 825 1575 Anno—9m
866 1485 1016 1548 (Chr.
1063 1490 1246 1561 1564),
1285 1512 1471 1555 mense
1524 1505 1854 1575 Septembri,
1904 1514 2045 1573 duce

458 1564 649 1620 Carzia
683 1569 951 1632 Toletauo
1012 1578 1247 1637 feliciter
1269 1602 1535 1661 occupata
1585 1564 1684 1652 fuit
1715 1618 1809 1656 arx
1846 1605 1896 1657 in
1946 1622 2041 1662 ora

463 1662 751 1716 maritimae
773 1667 1028 1735 Aphricm
1053 1673 1170 1730 sive
1198 1675 1475 1736 Barbarim
1498 1687 1624 1750 sita,
1653 1707 1818 1759 quam
1846 1709 2043 1754 vocant

459 1747 759 1821 Piguonem
795 1760 909 1816 sive
944 1779 1133 1833 rupem
1198 1768 1404 1836 Veli-2i,
1426 1779 1571 1845 quod
1606 1747 1788 1851 oppidi
1839 1747 2038 1847 nomen

454 1853 560 1905 est,
596 1846 653 1901 in
687 1852 1003 1911 continente
1028 1857 1137 1924 siti,
1164 1875 1193 1917 a
1221 1879 1325 1932 qua
1362 1881 1525 1937 rupes
1555 1846 1699 1930 arcis
1743 1879 2036 1947 disjnncta.
2081 1849 2120 1902 Β

455 1937 693 2006 undique
720 1944 878 2009 aquis
906 1948 1421 2019 cingitur.Tureicis
1439 1977 1500 2015 ea
1516 1965 1718 2030 piratis,
1743 1937 2040 2041 llispanuni

453 2030 676 2098 pelagus
710 2034 1117 2111 iufestantibus,
1153 2060 1408 2107 securum
1458 2054 1727 2114 hactenus
1760 2076 2037 2135 receptum

452 2124 789 2189 pratbuerat:
822 2133 966 2200 quod
984 2148 1127 2192 esset
1157 2140 1209 2194 in
1242 2149 1531 2215 prazruptis
1568 2153 1739 2219 posita
1772 2124 2035 2229 scopulis,

450 2225 504 2270 et
533 2219 776 2291 undique
807 2223 929 2296 (ceu
956 2226 1189 2301 dictum)
1239 2238 1377 2292 mari
1421 2240 1746 2302 circumﬂuo
1774 2219 2002 2307 munita.

523 2308 639 2364 Sub
662 2314 871 2369 exitum
902 2318 1148 2388 ejusdem
1194 2327 1348 2394 anui,
1402 2344 1619 2390 mortuo
1649 2340 1801 2407 prius
1850 2342 2034 2402 Ferdi-

450 2402 633 2458 nando
654 2403 927 2475 Augusto,
978 2410 1158 2469 die25
1199 2413 1352 2486 Julii,
1385 2423 1603 2495 illioqne
1650 2402 2033 2491 bfaxitniliano

448 2493 539 2548 vix
599 2495 887 2564 imperiam
948 2505 1273 2575 auspicato,
1327 2493 1566 2572 Joannes
1637 2518 2030 2590 Sigismundus

448 2588 705 2657 princeps
748 2587 1198 2663 Transsilranite,
1238 2602 1318 2655 vel
1348 2602 1432 2675 (ut
1468 2606 1629 2665 Turci
1671 2587 1885 2684 vocant)
1934 2618 2033 2673 Er-

447 2677 577 2732 delii
610 2680 801 2751 begus,
837 2685 1022 2743 infelix
1055 2690 1261 2749 sultani
1285 2693 1614 2756 Soleimanis
1673 2708 2029 2764 successione

448 2779 672 2837 paterna
698 2775 891 2841 cliens,
948 2777 1121 2838 fretus
1157 2784 1366 2843 viribus
1391 2792 1605 2855 patroni
1656 2803 1763 2848 tam
1791 2801 2028 2864 potentis

447 2862 543 2931 qui
575 2869 758 2920 tamen
778 2882 959 2936 suum,
983 2887 1090 2927 nou
1122 2874 1343 2935 clientis
1366 2886 1714 2940 commodum
1748 2891 2021 2957 captabat,

448 2966 506 3008 et
530 2956 885 3024 perduellium
917 2968 1276 3033 quorumdam
1333 2988 1649 3044 procerum,
1702 2981 1866 3048 inque
1918 2988 2025 3052 pri-

454 3048 559 3103 mis
645 3049 865 3123 Georgii
935 3055 1124 3114 Bebeci
1220 3065 1399 3118 noxiis
1494 3069 1805 3138 reipublic:
1867 3072 2026 3129 Chri-

459 3141 655 3195 stiana:
688 3146 937 3203 consiliis
978 3150 1257 3222 incitatus,
1287 3155 1625 3224 Zatmarum.
1681 3178 1788 3217 non
1841 3168 2022 3237 exigui

453 3234 714 3289 momenti
774 3239 1156 3309 munitionem,
1208 3248 1387 3316 ejecto
1442 3249 1738 3309 Melehiore
1783 3257 2025 3325 Balassa,

448 3324 703 3393 prafecto
726 3328 979 3401 Caesaris,
1012 3350 1077 3390 ac
1116 3337 1388 3398 thesauris
1421 3343 1559 3415 ejus.
1583 3346 1837 3421 conjuge,
1894 3324 2027 3407 libeé

449 3416 635 3486 risque
658 3420 855 3491 captis,
885 3439 1041 3479 suam
1068 3427 1122 3481 in
1149 3439 1471 3498 potestatem
1516 3437 1741 3507 redegit.
1775 3438 2026 3506 Qnmrcs

447 3522 575 3560 cum
600 3507 970 3569 Maximiliano
998 3517 1245 3588 Augusto
1273 3540 1617 3597 nequaquam
1641 3532 1693 3583 in
1721 3531 1841 3599 ipso
1870 3536 2021 3604 regni

449 3602 676 3657 exordio
710 3602 935 3661 ferenda
960 3608 1257 3680 videretur,
1288 3632 1409 3671 cum
1453 3620 1590 3676 alios
1618 3622 1758 3678 bello
1786 3626 2027 3695 gerendo

449 3693 619 3751 duces
671 3697 895 3757 idoneos
944 3706 1268 3773 arcessivit,
1318 3719 1434 3765 tum
1504 3713 1711 3771 Lutaro
1759 3719 2022 3788 Sueudio,

450 3785 650 3844 Baroni
695 3791 830 3846 Alta:
869 3793 1270 3869 Landispergm,
1323 3804 1484 3859 rebus
1532 3809 1746 3875 magnis
1795 3785 2025 3869 solerter

449 3886 506 3933 et
546 3881 807 3948 praelare
843 3886 1010 3955 gestis
1052 3888 1118 3943 ad
1139 3905 1358 3947 onmem
1393 3897 1725 3960 posteritatis
1759 3908 2024 3958 memori-

450 3984 537 4023 am
566 3971 761 4027 illustri
788 3976 928 4040 viro,
959 3993 1231 4035 summam
1266 3984 1387 4037 belli
1422 3987 1866 4055 administrandi,
1899 4011 2020 4049 am-

450 4063 693 4130 plissima
715 4081 839 4121 cum
863 4079 1155 4139 potestate,
1182 4078 1480 4132 commisit.
1549 4079 1664 4136 Sub
1693 4099 1779 4148 eo,
1829 4097 2023 4154 prteter

454 4153 717 4224 Ungaros,
744 4159 975 4216 feliciter
1008 4163 1111 4219 hoc
1155 4165 1295 4221 bello
1322 4168 1578 4225 Germani
1612 4174 1822 4244 aliquot
1865 4180 2021 4234 uobi-

449 4247 645 4303 lissimi
700 4252 905 4307 tribuni
967 4255 1273 4312 militarunt
1335 4275 1352 4312 :
1419 4264 1714 4330 equitum.
1782 4267 2023 4325 doaiines

448 4337 701 4396 ltuberns
750 4359 780 4398 a
815 4341 1169 4414 Pixendorfo,
1226 4347 1467 4408 Joannes
1508 4354 1577 4409 ab
1631 4360 2019 4431 Asccmburgo,

444 4430 685 4488 Jacobus
716 4449 746 4488 a
795 4435 1247 4510 Seludemburgo,
1288 4441 1553 4503 Henricus
1587 4462 1615 4502 a
1665 4430 2018 4518 Gleizentala;

449 4522 687 4591 peditum
724 4543 873 4592 vero,
898 4527 1137 4586 Joannes
1172 4531 1507 4592 Weruherus
1537 4553 1566 4593 a
1600 4537 1882 4605 llaitenan,
1914 4546 2023 4599 ιιυ-
2060 4527 2101 4581 ί)

446 4614 629 4671 doll‘us
661 4632 687 4669 a
727 4615 889 4684 Salis,
923 4622 1124 4691 aliique
1154 4630 1487 4698 complures.
1518 4632 1784 4689 Sueudies
1818 4636 2025 4705 absque

453 4723 602 4761 mora
636 4725 741 4763 non
780 4710 1006 4778 exiguas
1040 4716 1285 4784 equitum
1319 4721 1673 4793 peditumque
1724 4724 2024 4780 Germano-

449 4817 568 4857 rum
602 4804 791 4871 eopias
820 4805 871 4860 iu
896 4821 1085 4878 agrum
1114 4810 1204 4877 qui
1230 4825 1259 4865 a
1286 4808 1528 4882 Gepidis,
1550 4817 1775 4885 antiqua
1802 4820 2024 4874 natione

445 4893 766 4951 Germanica
794 4936 812 4964 ,
839 4897 1165 4967 Cepisiensis
1211 4901 1479 4973 hodieque
1539 4907 1744 4962 dicitur
1770 4951 1783 4973 ,
1809 4910 2018 4967 eduxit.

520 4992 660 5043 Anni
682 4991 962 5060 sequentis
997 4992 1150 5063 (Chr.
1181 4993 1337 5061 1565)
1392 5000 1569 5063 initio,
1604 5004 1778 5056 media
1806 5006 2021 5071 bruma,

446 5081 705 5135 't‘ocaium
742 5079 1017 5137 Suendius
1049 5085 1329 5141 celeritate
1352 5089 1661 5144 admirabili
1693 5109 1967 5163 expugnat
2003 5116 2017 5151 :

446 5186 555 5238 quo
572 5180 731 5240 capto
746 5186 923 5243 neque
944 5177 1115 5229 multo
1135 5190 1250 5247 pOsl
1278 5178 1389 5231 ictu
1410 5181 1634 5250 selopeti
1653 5187 1835 5240 occiso
1853 5186 2025 5242 Fran-

445 5262 593 5318 cisco
632 5264 921 5321 Nemethio
954 5267 1230 5340 przcb-rto,
1272 5288 1365 5326 arx
1404 5274 1566 5329 etiam
1598 5292 1626 5328 ει
1668 5278 2019 5345 ρι’ωεὶιιίειτίίε

445 5356 629 5412 dedita
659 5358 783 5414 fuit.
840 5359 879 5416 li
912 5362 1028 5415 suis
1070 5376 1193 5416 eum
1240 5363 1431 5433 gladiis
1463 5368 1725 5421 duntaxat
1761 5384 1826 5421 ev
1859 5378 2018 5437 pacto

448 5448 689 5514 dimissi,
727 5452 937 5505 caeteris
994 5454 1163 5507 annis
1197 5468 1260 5508 ac
1302 5457 1468 5510 rebus
1499 5456 1550 5509 in
1605 5474 1733 5513 arce
1790 5461 2015 5517 relictis.

448 5535 636 5592 Vidine
681 5538 951 5597 Nemethii
1003 5545 1241 5600 mundus
1300 5547 1680 5602 tantummodo
1736 5551 2020 5607 muliebris

445 5644 765 5687 concessus.
800 5632 932 5699 Quae
969 5635 1093 5690 licet
1128 5636 1325 5691 deinde
1384 5640 1563 5693 mariti
1620 5655 1859 5710 suosque
1911 5659 2015 5696 nou

445 5723 630 5791 exigui
697 5729 855 5794 pretii
914 5728 1206 5783 thesauris
1261 5730 1536 5797 aveheret,
1598 5734 2016 5788 reclamantibus

453 5809 709 5887 litigaris,
783 5819 994 5874 Audrca
1065 5819 1315 5890 Batorio,
1396 5822 1685 5879 Melchiore
1761 5824 2012 5890 lialassa,

1585 377 1954 446 SUI’PLEM.
2002 389 2276 459 ANNAL.
2309 399 2617 472 'I‘UllClC.

3636 442 3745 501 658

1730 512 1838 553 non
1879 517 2076 571 magno
2110 510 2149 564 Α
2182 512 2430 574 Gabriele
2469 521 2717 593 Perenio,
2757 546 3055 605 colui-aque
3120 542 3288 613 legem
3340 549 3631 609 deditionis
3691 558 3743 611 id

1421 551 1432 553 _
1811 551 1819 553 _
1880 551 2053 571 πήδη,

478 551 812 611 Polonorum
842 563 1088 629 equitum
1121 570 1467 642 militumque
1499 594 1752 651 numero,
1786 606 1883 643 uec
1922 610 2053 648 con-

473 650 786 705 tenmcndis
816 668 1042 711 suorum
1067 664 1276 719 coactis
1307 670 1501 738 copiis,
1529 674 1693 731 nimis
1715 697 1776 749 gr
1816 699 1876 737 ve
1925 686 2051 739 har.

470 733 733 794 harorum
753 742 946 815 jugum
979 763 1234 811 excutere
1266 775 1579 829 conaretur,
1624 784 1654 822 a
1717 773 2049 833 fidelissimis

2175 602 2290 660 fieri
2331 618 2689 674 causantihus
2727 638 2740 673 :
2776 625 3000 685 Suendii
3052 644 3226 690 tamen
3260 646 3605 712 auctoritate,
3652 657 3742 718 qui

2175 696 2247 718 ..ΑΙ
2288 714 2382 718 --μλ
2483 704 2513 718 ¹³
2658 709 2671 718 ¹
2910 717 2918 718 ί

3342 696 3361 701 -
3653 696 3714 718 ...ι

2164 696 2248 747 vel
2283 714 2406 752 cum
2444 704 2625 775 aliqua
2650 709 2864 778 jactura
2896 717 3053 773 (idem
3090 726 3269 779 datam
3321 732 3571 801 religiose
3623 754 3714 790 ser

2164 790 2396 843 vandam
2424 793 2652 867 diceret,
2685 808 2980 873 quominus
3004 811 3070 865 iis
3106 818 3457 894 spoliaretur,
3486 827 3741 885 obtinuit.

2163 878 2290 934 lude
2341 883 2661 945 Zereuzium
2723 895 2775 948 in
2816 912 3138 967 putestatem
3203 914 3367 977 venit,
3432 917 3743 991 Erileliique

2163 967 2221 991 Ι.Δ
2268 989 2319 991 ΑΔ
2369 975 2382 991 Ι
2453 978 2486 991 ⁹¹¹
2683 985 2694 991 ⁵
2743 987 2756 991 ⁴
2804 989 2816 991 ’

3357 967 3367 977 ,
3432 967 3739 991 vanu,“

2160 967 2329 1039 begus
2351 975 2417 1031 de
2453 978 2694 1039 Zatmari
2724 987 3047 1049 defensione
3078 1000 3403 1069 desperans,
3459 1008 3739 1069 incensam

2158 1068 2518 1125 munitionem
2547 1075 2691 1131 hosti
2722 1082 2939 1153 reliquit
2969 1088 3172 1145 invitus
3204 1112 3216 1145 :
3246 1113 3408 1162 quam
3438 1100 3737 1168 Sueridins.

2155 1157 2226 1208 ob
2260 1164 2565 1218 naturalem
2622 1170 2761 1224 situs
2788 1179 3253 1244 commoditatem.
3291 1203 3414 1242 mox
3466 1193 3733 1253 instaura-

2155 1249 2251 1350 vit.
2290 1249 2428 1308 llinc
2485 1261 2810 1318 transmisso
2849 1266 3097 1339 Tibisco,
3166 1275 3438 1346 Erdeuda,
3500 1249 3740 1350 Cuvara.

2154 1337 2340 1405 Bator,
2386 1342 2635 1415 Vibauia,
2704 1351 3033 1415 Senderevia
3084 1337 3111 1432 ἓ(
3128 1366 3276 1433 quod
3333 1383 3363 1421 a

2153 1433 2447 1491 deductum
2478 1458 2677 1499 nomen
2703 1447 2833 1515 est),
2862 1465 3125 1522 prospero
3154 1457 3393 1513 victorias
3413 1460 3740 1521 Suendauite

2151 1543 2340 1593 cursu,
2382 1532 2738 1594 Maximiliani
2774 1542 3010 1600 Caesaris
3058 1549 3351 1617 imperium
3382 1569 3732 1626 acceperunt.

2153 1619 2283 1675 Tam
2314 1624 2549 1697 denique
2599 1630 2784 1689 felices
2815 1636 2866 1690 hi
2900 1653 3190 1697 successus
3230 1656 3407 1707 erant.
3468 1658 3526 1702 ut
3576 1666 3732 1719 opem

2152 1712 2486 1785 implorante
2526 1723 2664 1793 bego
2697 1726 2920 1795 Erdelii,
2953 1733 3204 1789 sultath
3247 1735 3588 1796 Soleimanes
3623 1759 3730 1798 non

2150 1822 2470 1867 succurrere
2496 1815 2766 1874 duntaxat
2793 1822 2841 1874 ei
2878 1825 3006 1879 totis
3044 1826 3275 1895 viribus,
3334 1847 3525 1888 verum
3562 1834 3734 1907 ipsius

2149 1902 2314 1956 etiam
2351 1903 2476 1957 huic
2517 1907 2569 1962 in
2605 1907 2899 1981 Ungariam
2961 1919 3297 1987 expeditioni
3350 1902 3594 1993 pmesse
3640 1929 3735 1979 de-

2146 1994 2397 2048 creverit.
2434 1996 2540 2051 Sed
2575 2002 3000 2062 existimabatur
3026 2010 3096 2063 ab
3152 2011 3256 2067 hoc
3296 2013 3546 2071 instituto
3599 2035 3730 2073 suo-

2146 2096 2264 2136 rum
2301 2090 2551 2145 consiliis
2610 2095 2838 2156 retrahi.
2899 2101 2994 2165 qui
3030 2104 3359 2171 suadebant,
3413 2116 3471 2161 ιιι
3525 2111 3727 2179 ingenti

2143 2178 2392 2246 expedita
2431 2180 2606 2238 classe
2678 2185 2894 2244 Meliten
2930 2191 3232 2260 invaderet,
3270 2206 3328 2253 et
3359 2197 3547 2256 fractis
3573 2178 3729 2273 equi—

2143 2273 2258 2319 tum
2291 2267 2654 2330 Melitensium
2685 2278 2897 2337 viribus
2950 2282 3187 2339 insulam
3216 2301 3533 2362 occuparet.
3567 2293 3723 2360 Quod

2141 2357 2359 2426 quidem
2418 2371 2488 2418 ut
2548 2365 2775 2432 faceret,
2838 2371 2893 2426 in
2926 2374 3118 2441 primis
3144 2357 3428 2437 Cbasanes
3483 2357 3726 2441 Cesairis

2140 2455 2518 2523 proauitanus,
2548 2457 2898 2520 Chairadinis
2925 2462 3276 2525 Barbarossae
3300 2472 3464 2537 filius,
3497 2484 3552 2529 et
3585 2475 3723 2531 Dra-

2136 2554 2296 2613 gntes
2353 2545 2656 2620 Sangiacus
2717 2552 3115 2627 Tripolitanus,
3177 2564 3467 2633 urgebant.
3531 2567 3722 2638 Itaque

2139 2636 2283 2691 hanc
2312 2640 2366 2692 in
2398 2646 2725 2700 sententiam
2757 2649 2940 2701 animo
2984 2653 3347 2721 propendens.
3405 2666 3464 2712 ιιι
3498 2636 3717 2715 interim

2136 2728 2290 2784 vafro
2319 2745 2630 2789 commento
2664 2736 2831 2810 356
2859 2739 3287 2799 Maximilianum
3339 2752 3537 2816 partim
3568 2753 3718 2817 gravi

2134 2832 2353 2889 sumpta
2393 2823 2516 2878 belli
2548 2827 2883 2893 exhauriret,
2936 2832 3199 2890 instinctu
3264 2839 3560 2904 lirdeliani,
3594 2859 3719 2911 par-

2135 2913 2231 2965 tim
2264 2912 2559 2981 inhiberet,
2607 2922 2908 2986 quominus
2955 2924 3185 2980 ulterius
3243 2931 3715 3000 progrederetur:

2132 3016 2439 3073 apostatam
2470 3008 2819 3066 Cibinensem
2859 3015 3098 3087 ablegat,
3134 3021 3226 3086 qui
3267 3037 3390 3074 cum
3428 3023 3494 3076 ad
3528 3023 3715 3092 p‘acetl

2132 3112 2254 3149 cum
2315 3098 2608 3155 Erdeliano
2662 3104 2947 3159 colendam
3011 3110 3419 3167 exhortaretur.
3480 3113 3637 3170 Venit
3665 3128 3719 3173 et

2054 3188 2098 3247 ο
2138 3186 2400 3244 Viennam
2431 3206 2557 3244 eum
2608 3194 2879 3250 Erdeliaui
2924 3201 3195 3254 mandatis
3227 3206 3417 3260 eodeni
3469 3216 3715 3282 tempore

2128 3279 2399 3348 Georgius
2434 3283 2711 3350 Batorius,
2740 3301 2793 3341 et
2834 3288 3171 3361 Sigismundi
3197 3298 3446 3367 Augusti,
3478 3279 3717 3360 Polonize

2131 3375 2298 3446 regis.
2328 3377 2420 3444 qui
2459 3379 2730 3434 I‘Irdeliani
2788 3386 3094 3443 avunculus
3127 3399 3266 3456 erat,
3298 3391 3533 3461 legatus.
3561 3406 3620 3451 ut
3646 3402 3715 3452 de

2128 3470 2506 3538 componendo
2540 3471 2682 3526 bello
2731 3487 2855 3529 eum
2920 3476 3297 3537 Maximiliano
3338 3496 3580 3554 agerent.
3616 3486 3716 3543 Ve-

2129 3572 2247 3613 rum
2285 3561 2420 3624 haec,
2451 3564 2538 3618 uti
2571 3564 2834 3630 diximus,
2866 3578 3047 3624 astute
3077 3573 3408 3642 gerebantur
3437 3592 3466 3632 a
3492 3576 3709 3642 Turcis.

2128 3660 2187 3703 ut
2211 3667 2240 3704 a
2280 3668 2443 3707 cursu
2472 3654 2714 3711 victoriae
2739 3658 2944 3723 Caesar.
2981 3663 3069 3716 cui
3106 3666 3270 3720 rebus
3294 3670 3548 3726 omnibus
3579 3671 3711 3726 infe-

2130 3744 2241 3798 rior
2269 3757 2392 3801 erat
2444 3744 2790 3814 Erdelianus.
2846 3763 3195 3823 avocaretur,
3256 3771 3311 3812 et
3370 3759 3711 3820 Soleimancs

2128 3835 2345 3891 interim
2376 3840 2518 3894 vires
2553 3854 2685 3896 suas
2719 3840 2773 3896 in
2804 3840 3116 3900 Melitenscs
3148 3858 3333 3916 posset
3362 3865 3716 3914 convertere.

2198 3928 2453 3985 Rhodum
2492 3932 2577 3988 his
2636 3933 2871 3989 insulam
2928 3937 3028 3992 sub
3092 3937 3307 3993 initium
3360 3945 3535 4013 regni,
3578 3961 3702 4001 cum

2126 4020 2389 4077 omnibus
2449 4023 2499 4075 in
2564 4021 2769 4094 IEgaao.
2794 4035 2848 4081 et
2905 4028 3056 4095 Asia,
3085 4028 3405 4104 Graeciaque
3444 4036 3706 4101 castellis,

2126 4110 2344 4167 art-ibus
2367 4126 2433 4168 ae
2481 4114 2807 4181 territoriis;
2842 4132 2943 4173 nec
2970 4119 3158 4176 multis
3181 4130 3309 4176 ante
3343 4125 3444 4180 hoc
3492 4135 3707 4195 tempus

2125 4204 2308 4268 anuis,
2346 4202 2608 4275 Tripolim
2651 4207 2919 4276 Aphricm,
2951 4211 3111 4265 sicuti
3152 4225 3436 4271 narratmu
3462 4232 3490 4270 a
3536 4220 3696 4273 nobis

2123 4306 2225 4357 est,
2262 4297 2558 4354 ademerat.
2621 4298 2831 4363 Quibus
2885 4300 3106 4370 injuriis
3147 4320 3243 4356 eos
3296 4306 3547 4363 all‘ecisse
3594 4325 3701 4364 non

2126 4396 2461 4452 contentus,
2526 4390 2690 4443 etiam
2758 4406 2988 4461 prorsus
3052 4396 3381 4466 exstirpatos
3446 4400 3703 4458 volebat:

2125 4480 2270 4549 quod
2298 4489 2350 4534 et
2376 4481 2726 4535 mercimouia
2777 4499 2999 4538 suorum
3031 4487 3382 4561 impedirent,
3421 4500 3477 4545 et
3518 4494 3706 4561 gravia

2129 4584 2271 4638 saepe
2291 4570 2619 4625 detrimenta
2655 4574 2885 4629 navibus
2918 4574 3167 4633 Turcicis
3209 4577 3495 4638 inferrent.
3537 4578 3705 4640 Arce-

2127 4661 2289 4715 debat
2313 4664 2479 4716 altius
2508 4664 2672 4717 animi
2721 4666 2938 4731 vulnus,
2988 4669 3134 4736 quod
3185 4670 3453 4726 hac-tenus
3496 4673 3708 4729 alleli-

2128 4753 2265 4807 tensi
2309 4753 2750 4810 Christianortuu
2802 4761 3217 4833 propugnaculo
3250 4765 3527 4832 quoddam
3585 4767 3708 4820 lilii-

2126 4845 2241 4899 dini
2285 4862 2397 4899 sure
2442 4850 2756 4917 repagulum
2812 4850 2977 4920 obiici
3030 4854 3259 4917 doleret,
3304 4860 3599 4923 quominus
3648 4860 3701 4915 in

2129 4933 2516 5006 Hispaniarum
2558 4946 2610 4991 et
2643 4942 2810 4994 Italia!
2872 4943 3080 4999 viscera
3110 4947 3432 5014 jamdudum
3484 4966 3705 5019 grassa-

2127 5040 2299 5082 retur.
2333 5028 2442 5084 llos
2484 5031 2650 5099 igimr
2712 5033 2957 5088 utibello
3017 5048 3547 5106 persequereturet
3602 5058 3705 5111 op-

2124 5120 2415 5188 primeret.
2486 5123 2719 5176 classem
2806 5125 3099 5192 instruxit,
3160 5144 3283 5196 quae
3367 5131 3701 5195 triremibus,

2124 5212 2417 5279 onerariis,
2453 5213 2682 5282 aliisque
2715 5214 2948 5271 diversis
3005 5218 3235 5287 navigiis
3257 5219 3366 5275 250
3394 5224 3699 5278 constabat.

2123 5299 2474 5357 Vehebantur
2500 5305 2600 5358 hac
2631 5308 2806 5360 classe
2832 5307 2973 5361 bello
3012 5309 3331 5364 idoneorum
3355 5312 3588 5367 militum
3632 5317 3701 5367 ad

2123 5390 2191 5445 40
2252 5393 2440 5446 millia.
2509 5392 2881 5450 T-rrostribns
2935 5398 3107 5465 copiis
3168 5395 3528 5465 Mustapbas,
3593 5402 3690 5465 qui

2122 5482 2377 5552 deinceps
2401 5485 2543 5538 bello
2576 5488 2776 5553 Cyprio
2807 5504 2871 5540 ex
2911 5488 3133 5541 immani
3170 5491 3489 5543 crudelitate
3526 5493 3699 5555 inagis

2123 5574 2394 5642 inclaruit,
2420 5576 2577 5631 rlassi
2614 5579 2773 5631 l'nlis
2803 5584 2960 5632 lms‘sa
2987 5595 3109 5633 cum
3158 5581 3388 5650 imperio
3412 5592 3645 5651 prmerat
3676 5603 3688 5636 :

2124 5669 2325 5736 quibus
2353 5666 2693 5719 Soleimaues
2725 5669 3013 5735 Ilragntrm
3053 5673 3431 5737 prosultanum
3454 5669 3695 5742 Tripolis

2124 5759 2310 5813 adesse
2356 5761 2543 5823 voluit,
2582 5761 2854 5811 hominem
2911 5762 3070 5813 rebus
3130 5772 3270 5817 terra
3317 5769 3563 5834 marique
3603 5782 3692 5835 ge-

2130 5848 2312 5904 rendis
2344 5852 2739 5907 exuerit-nterii.
2770 5848 2859 5911 qui
2890 5848 3159 5909 lctbalitet'
3193 5852 3297 5909 hoc
3329 5857 3465 5910 bello
3507 5857 3691 5916 vnlus-v
