4218 6308
595 310 703 376 659

1802 320 2127 381 JOANNIS
2181 322 2634 382 LEUNCLAVII

3732 321 3840 385 660

595 442 913 495 ratus.cum
962 435 1176 499 jactura
1229 451 1455 493 suorum
1520 447 1574 492 et
1632 438 1918 493 commodo
1971 450 2159 494 nostro
2188 440 2234 498 Α
2268 446 2368 497 hoc
2408 458 2512 495 ’lOll
2546 454 2640 511 per
2670 442 2873 511 legatos
2926 437 3324 500 tantummodo,
3372 434 3468 492 sed
3502 435 3665 489 etiam
3712 452 3837 502 pro-

596 521 808 579 interiit
841 541 856 578 :
888 527 1098 597 fuitque
1152 528 1413 586 suﬁcctus
1437 546 1467 584 a
1503 530 1785 601 Mustapha
1814 531 1867 586 in
1924 533 2045 600 ejus
2081 532 2161 586 lo-

593 629 740 678 cum.
771 626 833 671 ut
860 618 1065 689 Tripoli
1102 632 1375 689 praeesset.
1415 623 1529 677 Alis
1581 625 1670 678 ille
1706 624 1957 687 Calaber,
1991 641 2156 692 quem

592 708 754 763 etiam
789 725 933 765 nunc
961 714 1322 780 ignominioso
1370 713 1563 768 Turcis
1594 714 1815 769 nomine
1867 717 2035 767 nostri
2072 732 2165 766 vo-

594 809 741 859 cant,
775 798 1065 867 Vluzalim,
1097 805 1200 857 hoc
1221 813 1324 872 est,
1381 805 1522 857 Alim
1579 813 1918 874 apostatam:
1964 818 2085 856 cum
2130 819 2159 853 a

596 888 793 946 Turcis
816 894 970 949 bassa
993 895 1312 963 capltancus
1340 894 1597 965 appellari
1632 895 1820 959 soleat,
1856 894 2018 948 veluti
2050 908 2165 946 ma-

597 981 678 1038 ris
719 983 1030 1052 praefectus,
1078 994 1133 1040 et
1174 986 1323 1041 solus
1375 996 1497 1056 post
1533 984 1913 1041 Cbairadinem
1964 981 2165 1036 Barba—

598 1090 832 1139 rossam.
863 1076 933 1133 ob
966 1093 1054 1132 res
1089 1088 1280 1134 contra
1313 1078 1651 1135 Christianos
1696 1079 1942 1147 gnaviter
1982 1086 2165 1143 gestas

597 1170 981 1235 pronieruerit,
1022 1179 1079 1223 ut
1102 1184 1228 1222 cum
1265 1172 1431 1223 maris
1465 1169 1785 1237 praefectura
1822 1170 2016 1225 vczirls
2044 1169 2166 1237 dig-

597 1258 822 1312 nitatem
854 1259 1232 1329 coniungeret.
1269 1261 1490 1329 Appulit
1538 1262 1726 1324 etiam,
1762 1262 1992 1316 durante
2020 1262 2165 1315 obsi-

598 1348 785 1416 dione,
820 1365 943 1405 cum
976 1348 1043 1403 27
1081 1353 1419 1415 triremibus,
1463 1350 1744 1406 Cbasaues
1781 1353 2018 1407 Crsalris
2048 1368 2168 1421 pro-

596 1440 866 1499 sultanus.
910 1440 1254 1496 Chairadiuis
1285 1441 1368 1503 Ρ..
1407 1442 1563 1508 cujus
1590 1451 1647 1493 tit
1696 1442 1857 1511 paulo
1906 1452 2053 1508 ante,
2085 1447 2165 1497 sic

596 1542 644 1581 et
681 1530 809 1585 alibi
865 1531 1065 1599 sapius
1099 1534 1153 1585 in
1189 1534 1495 1588 Annalibus
1530 1535 1679 1588 biscc
1735 1535 1981 1590 Turcicis
2022 1537 2164 1590 farta

601 1624 700 1675 fuit
738 1624 965 1678 mentio.
998 1623 1132 1676 Cum
1178 1626 1338 1695 igitur
1370 1626 1423 1680 lii
1459 1626 1630 1681 bassa
1677 1624 1837 1679 Jnnio
1867 1641 2050 1682 mense
2082 1628 2169 1680 lit-

602 1728 716 1771 tora
754 1718 962 1773 llclitcs
997 1719 1322 1787 attigissrnl.
1360 1735 1423 1772 ac
1454 1720 1569 1774 dies
1593 1719 1797 1786 aliquot
1830 1721 2165 1789 exponendis

598 1810 654 1863 in
692 1809 929 1863 insulam
986 1808 1248 1863 militibus
1277 1818 1332 1863 et
1383 1812 1636 1870 annonis.
1676 1810 2029 1878 locorumque
2060 1811 2167 1865 situ

599 1896 932 1965 explorando
995 1897 1487 1965 rnnsuntpsissent,
1547 1913 1863 1966 oppugnare
1904 1900 2170 1954 machinis

602 1991 817 2044 bellicis
853 1990 912 2044 S.
975 1989 1186 2045 Elmunt
1247 1994 1351 2060 (sic.
1400 1991 1701 2045 llermetem
1752 1992 1914 2060 vulgo
1950 1995 2167 2060 vocant)

600 2084 883 2139 castellum
908 2086 960 2138 in
994 2084 1111 2151 ipso
1140 2096 1325 2152 portus
1351 2085 1495 2137 ostio
1528 2085 1694 2138 situm
1748 2098 1982 2153 capere.
2014 2083 2169 2149 Quod

600 2194 727 2232 cum
764 2176 1017 2245 pluribus
1056 2177 1248 2231 diebus
1301 2174 1480 2231 facere
1509 2191 1615 2231 non
1674 2176 2002 2241 desinerent,
2031 2177 2169 2247 jam-

604 2286 711 2340 que
760 2286 952 2341 magna
1028 2273 1291 2325 mcenium
1345 2285 1470 2339 pars
1532 2280 1925 2324 tormentorum
1995 2270 2171 2337 globis

602 2364 809 2432 dejecta
864 2364 944 2419 sic
1012 2365 1330 2427 corruisset,
1398 2375 1456 2417 ut
1518 2362 1571 2416 iu
1598 2376 1776 2417 arcem
1829 2362 1971 2417 latus
2025 2361 2167 2415 busti

602 2464 812 2528 pateret
875 2456 1098 2512 aditus:
1130 2456 1341 2526 equites
1374 2454 1705 2519 Ilelllenses,
1746 2468 2005 2522 perquam
2031 2462 2170 2507 stre-

604 2565 711 2606 nue
733 2565 793 2606 se
824 2549 1067 2617 gerendo
1090 2549 1160 2604 35
1208 2548 1402 2603 diebus
1457 2548 1942 2615 oppugnationem.
1974 2560 2167 2613 magna

601 2658 728 2702 cum
783 2644 1026 2701 hostium
1074 2641 1249 2702 clade,
1304 2642 1709 2702 sustinuerunt,
1764 2638 1929 2707 idque
1976 2647 2170 2706 prarter

602 2736 916 2806 opinionem
974 2732 1289 2795 multorum,
1352 2732 1445 2797 qui
1494 2729 1775 2785 castellum
1836 2737 2024 2782 contra
2060 2727 2165 2779 vim

607 2825 859 2881 hostilem
923 2836 1264 2891 nequaquam
1308 2833 1468 2889 posse
1522 2816 1855 2886 propugnari
1892 2824 2165 2885 putarant.

605 2916 846 2971 Tandem
880 2929 1006 2971 cum
1033 2914 1243 2982 equites
1274 2926 1375 2965 nec
1407 2912 1641 2964 hostium
1673 2909 1892 2976 itnpetui
1921 2906 2168 2969 ferendo,

612 3026 713 3063 nec
756 3021 987 3061 numero
1018 3020 1075 3059 se
1104 3018 1259 3072 pares
1284 3002 1550 3061 viderent.
1577 3010 1630 3052 et
1664 3014 1759 3053 arx
1786 2997 2025 3065 undique
2057 3007 2165 3050 tant

607 3112 773 3166 terra,
805 3112 967 3168 quam
997 3094 1131 3148 tnari
1152 3108 1182 3146 a
1213 3091 1467 3146 Barbaris
1492 3090 1669 3143 cincta
1700 3087 1903 3141 nullum
1936 3084 2169 3158 amplius

605 3194 857 3249 alicunde
921 3187 1225 3244 subsidium
1296 3189 1613 3250 exspectare
1676 3186 1857 3247 pos$et
1906 3193 1919 3229 :
1980 3178 2165 3232 occiso

603 3282 1066 3341 Christianarum,
1126 3276 1217 3345 qui
1275 3279 1613 3341 supererant,
1679 3270 1862 3337 aliquo
1920 3283 2168 3330 numero,

607 3377 910 3430 Turcorum
954 3372 1006 3425 in
1054 3375 1374 3437 potestatem
1425 3365 1593 3417 venit.
1644 3362 1760 3428 Qua
1812 3363 1995 3417 hostes
2043 3360 2170 3414 elati

604 3468 860 3531 victoria,
886 3463 1141 3529 deinceps
1173 3460 1454 3513 tormentis
1476 3464 1702 3525 quatere
1730 3454 1911 3508 Sancti
1932 3452 2171 3507 Michae-

605 3557 1045 3616 listnnnitionem
1086 3554 1333 3607 insanum
1366 3550 1418 3600 in
1458 3548 1676 3600 modum
1705 3558 1937 3614 stupere,
1985 3543 2174 3611 globos

609 3654 815 3706 ferreos
839 3657 889 3703 et
944 3645 1186 3713 lapideos
1235 3640 1475 3709 quinque
1540 3646 1816 3705 septemve
1870 3634 2169 3700 palmorum

608 3738 955 3811 cjaculando.
985 3735 1089 3790 Sed
1118 3734 1257 3802 quod
1293 3737 1437 3783 totos
1467 3738 1702 3791 quatuor
1737 3726 1837 3779 boc
1860 3724 1999 3780 bello
2026 3739 2173 3776 men-

612 3850 700 3889 ses
729 3828 1177 3898 absumpsissent,
1203 3834 1259 3879 et
1289 3823 1467 3876 ltiems
1490 3821 1600 3887 jam
1632 3827 1928 3887 appeteret.
1961 3817 2029 3870 de
2058 3816 2173 3868 dis-

611 3939 769 3980 cessu
796 3922 1040 3989 cogitare
1074 3923 1383 3987 creperum,
1406 3923 1459 3966 et
1487 3927 1555 3965 eo
1583 3910 1801 3979 quidem
1848 3907 2038 3973 majori
2097 3908 2174 3961 fe-

613 4016 925 4079 stinatione,
991 4012 1134 4079 quod
1196 4009 1308 4077 jam
1372 4006 1597 4060 Garzias
1646 4001 1940 4057 Toletanus
1976 3999 2175 4055 Sicilim

615 4124 836 4180 prorex.
892 4101 1176 4161 instructis
1208 4099 1522 4156 triremibus
1583 4094 1890 4164 llispanieis
1916 4134 1934 4158 ,
1975 4094 2177 4157 quibus

614 4195 815 4261 10,000
838 4195 1077 4265 peditum
1103 4189 1455 4251 vehebantur,
1482 4201 1607 4241 cum
1631 4183 1814 4239 multis
1841 4184 1963 4238 aliis
1994 4182 2181 4238 Chris-

616 4291 799 4353 "3"“:
836 4288 901 4340 ³⁸³
930 4283 1330 4351 διιδείιιὶεηιιειη
1359 4282 1499 4334 hanc
1532 4276 1930 4347 expeditionem
1963 4276 2180 4348 religio.

614 4399 689 4438 επ
722 4380 938 4449 pictatis
964 4376 1080 4430 zelo
1130 4373 1438 4434 commotis,
1468 4370 1761 4423 auxiliares
1794 4368 1960 4421 hasce
1988 4370 2179 4436 copias

2279 534 2410 603 priis
2443 535 2701 603 auspiciis
2731 548 2936 603 gerere.
2977 532 3197 586 Interim
3224 544 3378 594 vero,
3410 529 3539 581 dum
3574 528 3837 595 majorem

2279 628 2511 694 ipsemet
2543 625 2843 680 adduceret
2867 623 3189 687 exercitum,
3224 622 3397 677 bassis
3424 620 3655 675 Budensi
3681 636 3839 672 man-

2274 720 2368 771 dat
2414 725 2473 772 ut
2520 716 2893 786 amplissimis,
2946 728 3083 785 quas
3137 722 3344 783 posset,
3388 713 3597 768 coactis
3637 713 3835 781 copiis,

2280 810 2419 864 bello
2448 808 2774 878 principium
2796 809 2968 863 daret.
2990 806 3437 864 Tcmesvarensis
3465 806 3627 861 etiam
3653 805 3837 864 bassa.

2275 902 2343 953 de
2375 899 2653 955 voluntate
2684 896 3034 960 Soleimanis.
3070 897 3331 966 paulatim
3364 897 3429 949 ad
3456 894 3835 964 occupandum

2276 990 2489 1046 Giulam
2522 991 2729 1045 aditqu
2768 990 2871 1046 sibi
2924 988 3304 1059 patefaciebat,
3367 997 3675 1057 espugnato
3701 986 3840 1039 Pan-

2272 1090 2394 1136 cota
2425 1082 2667 1135 castello.
2710 1077 2819 1136 Nec
2853 1081 2978 1146 sibi,
3025 1080 3252 1149 suisque
3290 1078 3449 1133 rebus
3493 1079 3679 1131 deerat
3735 1075 3838 1129 Er—

2274 1175 2537 1237 dehanus,
2570 1172 2812 1237 Zadane,
2872 1172 3151 1241 Genoque.
3215 1172 3347 1227 locis
3400 1172 3573 1227 Ginlze
3623 1170 3838 1232 vicinis.

2274 1279 2370 1331 per
2398 1277 2529 1318 suos
2556 1274 2681 1319 octo
2703 1262 3006 1318 Turcorum
3056 1265 3298 1318 millibus
3328 1263 3616 1325 adauctos,
3676 1278 3840 1315 occu-

2276 1358 2435 1425 patis.
2491 1356 2635 1411 Idem
2683 1368 2807 1412 astu
2860 1357 3113 1420 barbaro,
3170 1356 3463 1428 perniciem
3520 1370 3584 1409 ac
3643 1354 3837 1409 furiam

2274 1449 2482 1514 patriae,
2519 1460 2723 1516 patrem
2776 1448 3045 1512 imitatus.
3090 1447 3183 1516 qui
3241 1448 3408 1502 simili
3456 1454 3841 1514 stratagemate

2274 1538 2636 1599 fttvratnsus.
2682 1540 2748 1595 ad
2782 1539 3137 1595 obsidendam
3192 1535 3454 1593 Viennam
3514 1539 3840 1593 adventante

2272 1646 2404 1685 tunc
2429 1630 2758 1695 Sulcimane,
2818 1631 3029 1687 litteras
3077 1646 3171 1701 per
3202 1628 3491 1698 Ungariam
3520 1629 3676 1684 initio
3704 1628 3839 1685 anni

2272 1720 2568 1774 Christiani
2637 1718 2892 1788 proximi,
2959 1735 3149 1776 mense
3210 1720 3469 1775 nimirum
3537 1717 3841 1775 Februario

2206 1800 2242 1853 Β
2272 1810 2433 1881 357
2463 1812 2767 1879 publicatas
2813 1810 3009 1881 sparsit
3039 1824 3054 1861 :
3086 1810 3284 1879 quibus
3336 1812 3387 1865 in
3416 1810 3613 1865 litteris
3652 1810 3840 1879 υημ-

2275 1903 2369 1956 rise
2394 1918 2452 1956 se
2486 1917 2663 1972 regem
2696 1902 2927 1956 electum
2954 1917 3177 1966 vocans,
3208 1901 3385 1959 aiebat
3414 1902 3619 1959 sultani
3661 1901 3837 1958 Solei-

2275 1995 2467 2059 manis,
2500 1993 2913 2049 clementissimi
2950 1994 3174 2071 patroni
3209 1994 3319 2058 sui,
3349 1994 3488 2050 hanc
3515 2010 3639 2050 esse
3688 2009 3844 2050 men-

2272 2098 2404 2151 tem,
2434 2097 2492 2141 ut
2522 2102 2715 2143 omnes
2753 2088 2900 2155 regni
2963 2088 3186 2145 ordines
3243 2087 3416 2159 ipsius
3464 2087 3735 2147 Erdelianl
3778 2103 3843 2146 se

2270 2178 2610 2247 subiicerent
2641 2177 2893 2246 imperio,
2927 2178 2971 2232 si
3006 2177 3141 2232 salvi
3169 2193 3291 2234 esse
3344 2178 3561 2233 vellent.
3591 2176 3721 2235 Eam
3766 2178 3841 2235 ob

2272 2282 2385 2322 rem
2434 2268 2701 2323 indixisse
2751 2282 2810 2323 se
2839 2277 3169 2324 conventum
3203 2269 3270 2323 ad
3303 2268 3581 2325 Thordam
3621 2268 3839 2329 .Erdclii

2274 2359 2761 2430 (Torreubnrgum
2844 2359 3100 2416 Germani
3156 2351 3693 2417 Transsilvauiensos
3745 2375 3842 2414 vo-

2273 2449 2437 2517 cant)
2492 2449 2883 2504 celebrandum
2949 2450 3199 2518 proximo
3261 2449 3463 2506 mensis
3518 2440 3696 2506 ﬂartii
3748 2452 3844 2507 die

2273 2542 2483 2595 dei-imo
2512 2560 2523 2594 :
2559 2556 2680 2610 quze
2713 2541 2926 2607 quidem
2954 2540 3020 2594 ad
3048 2541 3269 2595 comitia
3297 2552 3525 2596 cunctos
3556 2542 3838 2605 invitabat,

2273 2632 2351 2685 nti
2410 2632 2477 2684 de
2508 2635 2879 2686 conservanda
2946 2633 3118 2698 patria
3178 2632 3562 2687 communibus
3597 2633 3736 2686 votis
3786 2632 3841 2686 in

2274 2724 2505 2776 medium
2549 2724 2921 2778 consulerent.
2974 2722 3065 2777 ιιι
3110 2724 3324 2786 litterae.
3394 2738 3461 2779 ne
3504 2721 3679 2778 fucata
3712 2721 3841 2777 boui

2271 2814 2473 2882 publici
2507 2815 2710 2881 specie,
2745 2815 2925 2867 minus
2958 2814 3474 2883 eircumspectorum
3504 2815 3690 2870 oculos
3721 2830 3844 2879 [mr-

2272 2904 2645 2970 stringerent:
2679 2918 2707 2955 a
2740 2902 2980 2957 Suendio
3010 2912 3224 2957 mature
3273 2902 3571 2972 solideque,
3637 2904 3841 2970 scripto

2273 2992 2551 3047 contrario
2587 2992 2654 3046 ad
2701 2994 2917 3047 eosdem
2954 2993 3197 3057 ordines,
3251 2993 3337 3047 die
3387 2992 3566 3046 Martii
3624 3001 3839 3062 quarto,

2275 3083 2416 3150 apud
2458 3080 2777 3150 Unguarum
2812 3081 3105 3151 publicato,
3142 3083 3390 3137 refutat:
3424 3084 3685 3138 fuerunt:
3731 3096 3843 3151 quo

2280 3173 2483 3239 scripto
2507 3172 2822 3227 manifestas
2855 3172 3123 3227 Erdeliani
3161 3172 3378 3229 fraudes
3400 3172 3690 3241 retegebat.
3719 3174 3843 3243 qui-

2280 3265 2384 3319 bus
2410 3264 2596 3319 ftdcles
2625 3263 2975 3318 Maximiliaui
2997 3268 3221 3334 Augusti
3244 3265 3490 3321 subditos
3519 3266 3845 3335 perturbare

2277 3367 2594 3421 conaretur,
2624 3355 2780 3427 quasi
2803 3356 3013 3411 scilicet
3036 3355 3373 3413 Soleimanes
3394 3357 3462 3414 de
3482 3358 3655 3414 salute
3690 3359 3840 3429 regni

2281 3448 2533 3519 Ungaria:
2552 3447 2815 3503 sollicitus
2844 3456 2989 3504 esset
3021 3464 3035 3500 :
3067 3463 3193 3504 cum
3247 3450 3363 3505 suis
3394 3450 3485 3504 ille
3522 3460 3645 3504 cum
3670 3449 3844 3521 majo-

2279 3538 2431 3594 ribus
2465 3553 2493 3592 a
2516 3538 2767 3592 ducentis
2792 3538 2955 3594 anuis
2991 3539 3095 3595 hoc
3127 3554 3296 3593 unum
3328 3538 3604 3609 spectarit,
3644 3548 3702 3593 ut
3740 3554 3844 3593 no-

2281 3628 2405 3683 bilis
2434 3629 2583 3697 rrgni
2613 3626 2984 3694 fundamenta,
3014 3630 3104 3684 vel
3121 3629 3171 3684 vi
3200 3638 3254 3683 et
3275 3631 3462 3694 armis.
3490 3630 3572 3685 vel
3594 3629 3845 3686 discidiis

2280 3720 2555 3783 civilibus,
2577 3730 2629 3775 et
2652 3719 3148 3775 machinationibus
3178 3720 3457 3777 insidiosis
3482 3722 3843 3778 subverteret.

2280 3810 2547 3867 Caverent
2596 3809 2699 3865 sibi
2727 3807 2796 3863 ab
2849 3808 3120 3878 ejusmodi
3172 3821 3280 3864 tam
3338 3808 3631 3874 Erdeliani,
3678 3828 3845 3882 quam

2284 3900 2612 3956 Soleimauis
2652 3901 2993 3970 imposturis,
3053 3917 3153 3957 nec
3203 3916 3327 3957 cum
3378 3900 3666 3959 Erdeliano
3695 3918 3848 3962 com-

2283 4009 2448 4050 mune
2499 3993 2793 4065 quidquam
2853 3992 3135 4056 haberent,
3201 4009 3299 4050 nec
3364 3994 3433 4049 ad
3482 3994 3849 4061 fraudulenta.

2285 4087 2582 4153 patriaque
2637 4086 2880 4140 nocitura
2933 4084 3153 4144 comitia
3187 4100 3520 4158 quemquam
3558 4086 3660 4143 sub
3689 4100 3850 4163 pana

2286 4176 2679 4245 perduellionis
2700 4177 3034 4247 ablegarent.

2354 4268 2556 4324 Eodem
2594 4283 2756 4332 anno,
2808 4282 2937 4323 vere
2982 4268 3225 4335 ineunte,
3275 4266 3441 4325 Pialis
3471 4267 3629 4326 bassa
3676 4271 3850 4341 prius,

2285 4377 2447 4430 quam
2503 4360 3053 4428 Constantinopolim,
3105 4362 3269 4416 rebus
3316 4364 3383 4415 ad
3420 4360 3635 4416 Meliten
3668 4359 3853 4416 infeli-

617 4474 670 4524 iu
723 4468 955 4524 insulam
1015 4463 1378 4531 exposuisset.
1446 4458 1564 4525 Quo
1605 4458 1829 4520 factum,
1892 4466 1952 4509 tit
2012 4455 2177 4510 Turci
2218 4457 2422 4540 Dciter
2461 4452 2652 4518 gestis,
2704 4466 2828 4505 cum
2877 4451 3054 4507 classe
3106 4451 3340 4516 rediret;
3396 4468 3463 4506 ne
3494 4454 3627 4507 nihil
3671 4455 3853 4523 egisse

619 4564 839 4621 fomlam.
872 4574 979 4627 prze
1014 4556 1327 4616 formidine,
1368 4551 1547 4621 fugam
1580 4549 1922 4619 arriperent:
1958 4556 2012 4600 et
2040 4546 2181 4600 mul-

621 4657 689 4706 tis
730 4664 949 4705 suorum
1001 4645 1238 4700 millibus
1296 4640 1639 4706 dcsid--ratis,
1680 4637 2044 4706 ignominioso
2088 4636 2183 4688 do-

622 4758 769 4797 mum
815 4740 1070 4795 redirent.
1104 4736 1327 4806 Pigebat
1353 4748 1417 4788 ac
1446 4733 1677 4802 pudebat
1726 4728 2037 4797 suscepisse
2068 4743 2180 4781 rem

621 4846 729 4889 tam
768 4833 1021 4893 arduam,
1082 4830 1133 4883 in
1195 4827 1353 4896 cujus
1408 4823 1746 4891 perficienda:
1791 4830 1989 4874 conatu
2044 4834 2183 4873 vano

618 4922 818 4989 23,0th
875 4936 1096 4975 suorum
1131 4918 1463 4971 amisissent.
1523 4912 1596 4964 Ex
1658 4911 2024 4965 Melitensibns
2076 4910 2184 4965 υυ

619 4998 853 5082 equites,
892 5013 1123 5066 militum
1160 5004 1344 5072 5,000,
1369 5005 1510 5060 bello
1552 5006 1756 5057 inutilis
1788 5005 1959 5056 tut-ba:
2005 5003 2181 5068 capita

621 5107 757 5161 £700
781 5120 942 5158 caesa.
980 5103 1180 5153 lle-llum
1208 5109 1416 5168 gestum
1449 5098 1547 5149 fuit
1600 5111 1743 5148 anno
1805 5093 2185 5145 Mahumt-tano

618 5200 714 5253 971
758 5199 906 5263 (om.
955 5194 1133 5261 tuus).

694 5287 1037 5354 lltutlspit‘alt)
1078 5294 1281 5337 tentata
1309 5281 1512 5335 bielites
1540 5277 2185 5347 espugnatio,quotidia-

625 5384 785 5449 nique
818 5376 1165 5431 Maximiliaui
1188 5374 1421 5428 Cmsaris
1447 5371 1737 5424 Erdeliano
1765 5368 1904 5423 bello
1938 5384 2188 5437 progres-

622 5487 739 5535 sos,
790 5485 923 5537 pene
977 5468 1175 5519 sultant
1232 5462 1562 5518 Soleimanis
1594 5462 1833 5515 animum
1882 5462 1947 5512 ad
1980 5461 2184 5513 rabiem

623 5562 946 5630 adegerunt.
980 5558 1225 5626 Cumque
1252 5570 1356 5606 non
1390 5562 1631 5607 cessaret
1660 5553 1727 5615 is,
1752 5566 1913 5620 quem
1952 5550 2189 5602 diximus

626 5650 826 5707 Et‘delii
864 5650 1049 5720 begus,
1091 5665 1213 5701 eum
1249 5646 1540 5714 perpetuis,
1575 5645 1636 5693 ad
1672 5644 2026 5697 invadendam
2082 5640 2191 5692 [ιιι

627 5746 856 5815 garism,
888 5742 1123 5799 stimulis
1145 5749 1382 5796 excitare
1418 5756 1429 5789 :
1470 5738 1703 5791 decrevit
1728 5734 1959 5804 denique
1989 5733 2186 5787 bellum

2288 4544 2389 4599 hac
2418 4544 2759 4611 etpeditione
2806 4542 3100 4607 videretur,
3133 4543 3329 4598 Chium
3360 4543 3531 4615 ὥστε
3567 4544 3734 4599 maris
3765 4544 3854 4598 in-

2287 4636 2485 4697 Sulam,
2520 4652 2550 4688 a
2582 4633 2910 4689 Christianis
2956 4635 3153 4705 partim
3213 4634 3382 4701 Italis,
3418 4637 3615 4703 partim
3650 4632 3855 4690 Graecia

2288 4726 2667 4787 iuliabitntant,
2708 4727 2811 4780 sub
2861 4727 3050 4794 jugum
3102 4725 3321 4781 mittere
3367 4728 3580 4781 statuit.
3632 4725 3704 4780 Ea
3749 4724 3852 4781 Ge-

2290 4820 2572 4874 nnensium
2622 4819 2676 4872 in
2710 4828 2976 4887 potestate
3024 4818 3133 4885 jam
3164 4818 3304 4873 ultra
3338 4821 3449 4872 duo
3500 4818 3699 4876 saecula
3728 4817 3849 4871 fue-

2289 4918 2392 4967 rat,
2440 4910 2564 4961 inde
2617 4924 2788 4979 usque
2835 4925 2863 4961 a
2907 4908 3221 4964 Graecorum
3284 4910 3673 4977 imperatorum
3720 4919 3851 4962 tem-

2289 5001 2515 5070 poribus
2573 5001 2768 5054 libera.
2831 4998 2938 5053 Sed
2991 5000 3270 5054 cresceule
3333 4999 3548 5054 tandem
3613 4998 3853 5068 potentia

2290 5091 2535 5155 Turrica,
2570 5107 2636 5145 ne
2688 5107 2916 5159 prorsus
2980 5093 3031 5145 itt
3086 5092 3405 5149 servitutem
3455 5090 3855 5161 redigerentur,

2290 5193 2481 5252 sponte
2514 5199 2611 5239 sua
2643 5185 2908 5237 tributum
2950 5184 3282 5240 obtulerant.
3336 5181 3466 5252 Ejus
3520 5184 3707 5236 tributi
3750 5196 3853 5234 no-

2290 5278 2437 5329 mine
2470 5276 2767 5344 quotannis
2818 5273 2993 5331 l0000
3034 5289 3318 5330 nummum
3366 5289 3679 5339 aureorum,
3719 5285 3857 5341 quos

2293 5368 2521 5421 ducatos
2554 5376 2769 5429 vocant,
2806 5367 3191 5429 solvebantur;
3250 5380 3313 5419 ac
3362 5377 3622 5434 praterea
3670 5365 3850 5420 distri-

2294 5457 2595 5510 liuebantur
2641 5458 2691 5511 in
2734 5458 2925 5512 bassas
2979 5458 3185 5512 venires
3210 5457 3275 5510 ad
3306 5457 3414 5511 duo
3449 5458 3637 5511 millia.
3669 5457 3856 5509 Causae

2292 5557 2511 5615 proriter
2539 5563 2672 5615 quas
2713 5563 2828 5601 eam
2872 5548 3056 5608 Pialis,
3092 5548 3291 5603 abolita
3325 5549 3570 5603 libertate
3604 5548 3857 5617 pristina,

2293 5641 2685 5707 Subjugandam
2725 5640 2978 5703 ducebat,
3024 5641 3106 5693 Ita:
3148 5640 3606 5709 prwtexebantur.
3652 5638 3856 5698 Prima,

2293 5733 2435 5800 quod
2501 5733 2797 5800 exploratis
2826 5729 3128 5786 Turcorunt
3178 5732 3446 5790 consiliis.
3502 5746 3642 5784 anno
3693 5743 3858 5790 supr
