4218 6308
475 336 582 400 661

1567 341 1944 402 SUl’i'LEM.
1991 343 2264 406 ANNAL.
2309 344 2618 406 TURCIC.

3607 344 3718 405 662'

473 459 620 508 riore
653 453 1026 510 Melitcnsibus
1076 453 1446 517 nuntiassent,
1493 471 1612 520 qua:
1660 453 1712 507 in
1745 468 1842 508 eos
1864 452 2027 507 'l‘urci
2066 456 2110 515 Α
2137 470 2258 520 quae
2289 455 2509 522 quidem
2536 454 2714 523 praeda
2749 470 2871 512 mox
2904 455 3254 513 obsessorum
3278 459 3568 514 commodo
3589 475 3713 513 ees-

474 545 812 600 molirentur.
847 545 1075 608 Deinde,
1111 544 1258 614 quod
1295 534 1500 600 biennii
1532 545 1795 599 tributum
1829 543 2045 598 sultano

472 635 770 692 Soleitnani
797 635 1079 692 deberem.
1130 634 1185 688 ιιι
1246 638 1479 690 avaritia
1513 637 1699 704 legati.
1729 635 2048 690 Constanti-

471 725 657 793 nopeli
695 739 782 783 res
809 725 1052 796 ipsorum
1084 727 1228 796 apud
1279 725 1500 781 Portam
1549 727 1791 797 gerentis
1827 727 2047 781 accide-

475 825 591 881 rat;
631 815 723 886 qni
755 816 920 872 etiam
942 816 1196 871 donanda
1239 814 1559 872 lechemeti
1597 818 1774 872 [lassae
1800 816 1970 871 veziri
1995 827 2048 871 et

469 903 596 962 aliis
625 921 876 970 munera.
905 923 1040 963 suos
1063 908 1119 962 in
1149 922 1282 964 usus
1319 917 1573 964 verterat.
1609 904 1876 964 Praeterea
1907 924 2048 964 con-

472 993 748 1052 ferebatur
793 999 850 1053 in
900 1013 996 1054 eos
1025 1000 1186 1069 culpa
1225 1008 1560 1069 receptorum
1603 999 2045 1056 Christianorum

474 1089 907 1158 mancipiorum,
954 1106 1076 1162 quae
1134 1091 1382 1163 quotidie
1437 1092 1919 1161 Constantinopoli
1978 1092 2045 1146 ad

475 1180 622 1249 ipsos
660 1180 1030 1252 profugerent,
1077 1198 1220 1253 eque
1258 1181 1398 1239 Chio
1429 1183 1650 1238 domum
1691 1185 1758 1239 ad
1788 1199 1920 1240 suos
1959 1200 2048 1240 re-

474 1275 838 1328 mitterentur.
871 1272 939 1328 Et
997 1273 1160 1343 paulo
1223 1284 1350 1329 ante
1412 1275 1690 1331 ferebatur
1745 1275 2049 1334 Mecbeme-

476 1364 545 1416 tis
625 1362 802 1417 bassze
883 1363 1083 1419 vesiris
1144 1364 1331 1418 nobile
1375 1365 1651 1433 quoddam
1713 1367 2045 1437 mancipium

475 1467 542 1506 eo
573 1467 633 1507 se
665 1453 980 1518 contulisse.
1027 1455 1186 1519 cujus
1225 1455 1341 1525 ipse
1371 1455 1454 1509 vel
1495 1457 1929 1514 restitutionem.
1966 1460 2048 1514 vel

477 1543 711 1608 pretium
769 1546 838 1599 ab
896 1545 978 1601 eis
1046 1549 1326 1614 poscebat.
1379 1544 1487 1600 Has
1545 1549 1712 1614 igitur
1749 1549 1821 1604 ob
1853 1567 2049 1607 causas

479 1633 644 1689 i‘ialis
671 1648 768 1689 eos
810 1634 1201 1704 castigaturus,
1232 1635 1302 1690 ad
1333 1635 1571 1690 insulam
1609 1639 1869 1694 universa
1922 1654 2048 1694 cum

476 1726 653 1781 classe
675 1723 826 1782 feriis
851 1727 1221 1797 paschalibus,
1255 1741 1395 1797 quas
1423 1727 1864 1783 Christianorum
1899 1745 2050 1785 more

474 1820 735 1874 (Iliicnses
771 1827 883 1874 tum
932 1818 1303 1881 ceiebrabant-,
1356 1817 1609 1888 appellit;
1641 1818 2042 1889 confestimque
2074 1810 2114 1865 Β

468 1910 626 1979 jubet
669 1912 736 1966 ad
790 1926 849 1967 se
879 1911 1190 1980 praetoriam
1235 1912 1290 1965 in
1338 1913 1619 1966 triremem
1677 1913 1862 1965 venire
1903 1926 2043 1980 prae-

472 2004 675 2060 fectum
725 2005 915 2060 insulae
977 2019 1104 2060 cum
1161 2003 1444 2060 duodecim
1487 2002 1619 2058 \‘iris
1651 2002 2042 2072 rempublicam

475 2096 1010 2151 administrantibus.
1043 2094 1276 2162 Interea,
1310 2096 1436 2148 dttm
1471 2096 1524 2148 lii
1560 2097 1628 2149 al)
1664 2095 1782 2163 ipso
1815 2094 1866 2147 in
1910 2108 2042 2161 prac-

475 2189 610 2242 toria
644 2189 978 2251 detinentur,
1008 2188 1267 2258 palatium
1300 2190 1556 2249 civitatis.
1591 2187 1642 2240 in
1673 2203 1784 2259 quo
1819 2198 2044 2242 senatur.

471 2281 664 2338 haberi
693 2281 924 2348 solebat,
982 2282 1036 2335 in
1088 2290 1405 2350 potestatem
1451 2298 1485 2335 a
1512 2279 1708 2336 Turcis
1765 2295 1889 2334 cum
1917 2294 2043 2334 arce

472 2373 757 2445 redigitur,
791 2373 1138 2442 magistratus
1165 2374 1254 2428 eis
1296 2373 1560 2428 Turcicus
1616 2362 1797 2438 datur,
1843 2373 2042 2441 templa

468 2467 785 2524 Christiana
821 2466 941 2522 solo
979 2476 1286 2533 aequantur.
1355 2465 1589 2519 Unicum
1651 2465 1827 2519 sancti
1861 2464 2044 2517 Domi-

469 2560 580 2614 nici
605 2560 882 2623 relictum,
925 2559 1124 2615 ritibus
1169 2558 1475 2613 Turcorutn
1515 2556 1784 2618 initiatur.
1811 2564 1862 2608 ut
1899 2572 2043 2612 mes-

468 2653 588 2707 sita:
640 2651 760 2706 luco
796 2649 990 2706 Turcis
1046 2657 1211 2706 esset.
1246 2648 1424 2718 Ipsius
1485 2647 1750 2719 pra-lecti,
1798 2662 1863 2703 ac
1904 2649 2044 2702 dno-

469 2743 833 2799 decirnvirnm
896 2741 1140 2807 familiar.
1205 2757 1331 2796 cum
1385 2741 1508 2796 aliis
1559 2739 1860 2810 primariis,
1899 2741 2047 2795 Con-

471 2837 883 2903 stantinopoiini
931 2835 1255 2894 mittuntur.
1318 2841 1373 2887 et
1425 2832 1551 2888 hinc
1609 2833 1736 2886 inde
1769 2830 1955 2888 varias
1989 2831 2042 2885 iu

474 2930 726 2997 regiones
755 2926 1141 2994 deportantur;
1192 2922 1368 2979 deinec
1402 2925 1623 2978 tandem
1654 2922 2043 2993 subsequenti-

474 3023 576 3075 bus
605 3020 787 3084 annis,
827 3017 1198 3073 intercedente
1228 3032 1352 3086 rege
1389 3015 1565 3079 Gallo.
1601 3016 1798 3071 Turcis
1832 3016 2046 3072 contm-

2149 545 2238 600 sit.
2274 542 2462 598 Soluta
2489 557 2684 613 praeter
2712 561 2862 614 spem
2891 547 2944 600 in
2980 546 3128 603 hunc
3151 549 3374 602 modum
3408 549 3713 616 obsidione,

2147 634 2459 702 pmsidium
2489 636 2634 692 arcis
2680 646 2900 693 auctum
2948 637 3072 703 fuit,
3119 647 3172 694 et
3222 639 3511 696 instaurati
3545 643 3711 703 muri,

2146 726 2216 780 ab
2249 726 2406 781 hoste
2437 728 2624 783 diruti.

2220 817 2470 874 Liberata
2500 820 2784 875 obsidione
2822 820 3030 888 Palota,
3060 837 3187 879 mox
3233 825 3362 878 itmn
3393 823 3459 877 ad
3484 825 3717 890 eripien-

2146 908 2272 963 dam
2327 911 2470 964 hosti
2510 913 2786 966 civitatem
2840 913 3325 983 Vespriuiensem;
3374 916 3540 987 358
3570 917 3713 983 quod

2147 1001 2322 1069 captis
2355 1002 2663 1059 Turcorutu
2697 1005 3160 1073 exploratoribus,
3187 1008 3519 1061 intellectum
3549 1018 3712 1068 esset,

2150 1094 2313 1162 hujus
2362 1095 2464 1150 loci
2538 1095 2758 1164 hcgum,
2834 1098 3019 1153 studio
3089 1101 3320 1153 nocendi
3386 1100 3717 1154 Christianis

2144 1199 2451 1256 egressum.
2483 1185 2712 1241 meliore
2750 1189 2987 1256 prmsidii
3032 1199 3184 1256 parte
3236 1188 3577 1257 Vespriuium
3615 1207 3719 1242 nu-

2146 1279 2328 1333 dasse.
2354 1277 2696 1347 Quapropter
2720 1280 2904 1349 Egone
2928 1281 3196 1335 Salmensi
3231 1282 3431 1335 comite
3464 1282 3718 1334 illustris-

2146 1372 2288 1426 simo
2325 1387 2456 1428 suas
2487 1388 2610 1427 cum
2643 1370 2983 1428 Hclfesta'rno
3038 1384 3090 1428 et
3140 1373 3364 1429 Nicolao
3400 1373 3717 1428 iiatestsdio

2147 1465 2512 1532 conjungente
2567 1465 2778 1532 c0pias,
2804 1465 3106 1534 penultimo
3144 1464 3296 1521 Junii
3348 1465 3435 1519 die
3475 1473 3713 1533 emptum

2147 1554 2390 1610 obsideri
2428 1553 2797 1622 Yesprinium,
2841 1557 3106 1624 postridie
3149 1557 3493 1611 memorabili
3521 1557 3717 1610 celeri-

2150 1656 2261 1700 tate
2340 1645 2443 1699 fuit
2508 1657 2905 1716 expugnatum,
2966 1662 3111 1701 anno
3162 1648 3551 1703 Mahnmetauo
3610 1649 3722 1704 873

2150 1737 2304 1806 (Chr.
2341 1736 2363 1790 Ι
2375 1737 2523 1806 566).
2553 1738 2806 1808 Quinque
2831 1739 3099 1793 duntaxat
3141 1740 3410 1805 exceptis,
3439 1739 3619 1792 exteri
3647 1740 3731 1792 ad'

2145 1843 2314 1882 unum
2343 1828 2598 1882 trucidati
2651 1829 2803 1883 fuere
2851 1829 3102 1894 llarbari,
3157 1829 3304 1897 quod
3356 1845 3463 1884 non
3499 1830 3572 1884 ita
3605 1831 3716 1900 pri-

2143 1920 2264 1973 dem
2287 1921 2532 1988 captivos
2555 1937 2751 1990 magno
2777 1935 3007 1977 numero
3027 1920 3373 1974 Christianos
3403 1920 3733 1975 immaniter-

2143 2013 2490 2068 occidissent.

2211 2104 2297 2159 Ab
2323 2104 2512 2159 eodem
2552 2102 2732 2173 Egone
2782 2104 2982 2160 comite
3027 2105 3296 2161 Salmensi
3341 2112 3500 2173 capta
3533 2101 3636 2157 fuit
3662 2110 3720 2156 et

2143 2198 2304 2263 Tata,
2363 2212 2551 2253 mense
2597 2198 2764 2264 Julio,
2810 2199 2968 2254 casis
3016 2197 3407 2268 prasidiariis;
3475 2197 3716 2264 itemque

2142 2289 2334 2347 Gester
2364 2289 2682 2353 castellum,
2718 2291 2786 2344 ab
2828 2289 3026 2345 incolis
3055 2287 3253 2344 Turcis
3308 2295 3457 2342 metu
3507 2288 3717 2342 adven-

2145 2381 2312 2436 tantis
2339 2381 2556 2435 comitis
2597 2379 2906 2445 desertum;
2938 2395 3080 2449 quos
3126 2377 3321 2433 imitati
3370 2375 3718 2432 Vetbaimem

2145 2486 2256 2536 ses,
2309 2469 2616 2526 lscocbiani
2673 2478 2731 2525 et
2794 2470 3028 2524 aliorum
3095 2467 3445 2524 castellorum
3501 2465 3717 2531 incolae,

2145 2564 2360 2619 ﬂamma
2384 2564 2628 2619 castellis
2663 2565 2783 2619 suis
2817 2561 3042 2632 injecta,
3089 2561 3432 2632 Strigonium
3478 2573 3538 2614 se
3569 2573 3719 2614 recc‘

2144 2664 2373 2726 perunt;
2430 2657 2576 2725 quod
2621 2657 2979 2720 obsessurus.
3045 2655 3288 2710 victoriae
3325 2649 3722 2723 prosequenda!

2145 2761 2332 2811 causa,
2364 2762 2492 2803 mox
2522 2756 2644 2804 erat
2679 2745 2988 2804 Salmensis
3025 2759 3235 2808 comes.
3268 2742 3372 2800 nisi
3399 2743 3467 2799 de
3496 2742 3722 2814 quibus-

2145 2839 2270 2893 dam
2324 2839 2508 2897 causis
2546 2839 2694 2894 aliud
2748 2837 3067 2908 imperatori
3119 2834 3489 2892 Masimili‘ano
3542 2835 3718 2889 visum

2146 2931 2364 2986 fuisset.

2214 3026 2461 3097 Augusto
2496 3041 2682 3082 mense
2722 3025 3017 3088 Snendins,
3050 3027 3142 3095 qui
3175 3034 3327 3079 certo
3356 3021 3590 3079 consilio
3620 3038 3713 3077 su-

473 3114 684 3175 derato,
723 3111 910 3181 patria
935 3109 1171 3166 restituti
1205 3107 1446 3173 fuerunt.
1473 3119 1530 3164 et
1564 3112 1756 3166 umbra
1790 3111 2040 3180 quedam
2065 3159 2071 3194 ‘

2147 3120 2361 3188 periore
2394 3117 2448 3170 in
2488 3116 2747 3193 Ungaria,
2786 3127 2843 3174 et
2897 3134 3031 3188 agro
3059 3115 3387 3184 Ccpisirnsi,
3422 3114 3553 3170 dum
3603 3112 3716 3168 lla-

468 3202 972 3260 administrstroais
1022 3200 1466 3271 iudiciorumque
1529 3204 1889 3272 pristinorum
1943 3203 2043 3256 ini-

469 3297 612 3352 seris
645 3294 974 3350 Citiensrbus
1004 3307 1290 3360 concessa,
1346 3295 1733 3363 provocatione
1778 3293 2044 3349 duntaxat

467 3390 539 3442 ad
597 3388 837 3456 indicem
895 3385 1193 3440 Tureicum
1248 3387 1510 3451 remissa;
1572 3387 1714 3456 quod
1772 3403 1840 3442 eo
1902 3387 2042 3442 faci-

411 3514 425 3524 -
468 3481 576 3534 lius
639 3481 1023 3548 impetratum.
1104 3494 1175 3532 ne
1254 3477 1589 3533 Christianis
1655 3479 1848 3535 incolis
1935 3480 2045 3534 alio

469 3569 980 3641 comtnigrantibus,
1019 3568 1198 3624 insula
1247 3568 1463 3624 deserta
1504 3569 1638 3624 nulli
1670 3569 1868 3625 Turcis
1901 3581 2047 3626 esset

541 3755 622 3810 Ad
667 3771 754 3810 res
803 3754 860 3808 in
909 3752 1148 3826 Ungaria
1193 3767 1370 3827 gestas
1417 3766 1478 3814 ut
1521 3758 1829 3823 redeamus,
1887 3757 2043 3812 bassa

470 3845 759 3911 Bullensis,
800 3855 862 3900 ut
891 3845 1122 3916 imperio
1170 3847 1377 3902 sultani
1433 3847 1765 3902 Soleitnanis
1806 3857 2043 3917 pareret,

472 3936 630 3991 initio
661 3938 866 3992 mensis
896 3935 1044 3992 Junii
1102 3937 1351 3993 Paiolam
1409 3937 1646 3991 militum
1681 3951 1886 3992 corona
1939 3937 2047 3990 cir-

469 4029 730 4082 Cumdare
759 4029 942 4096 cmpit.
969 4027 1102 4082 Eam
1123 4038 1352 4084 strenue
1379 4043 1502 4081 cutu
1530 4028 1645 4083 suis
1671 4028 2050 4098 propugnabat

471 4121 741 4190 Georgius
800 4119 1005 4174 'l‘huris
1061 4117 1333 4192 ngarus.
1415 4119 1496 4172 vir
1562 4117 1945 4186 magnanimus
1991 4130 2048 4173 ct

473 4211 660 4266 multis
690 4214 856 4268 rebus
889 4211 1104 4269 fortiter
1133 4211 1308 4283 gestis
1352 4212 1558 4267 clarus.
1592 4210 1733 4266 'l‘oto
1755 4211 1870 4281 jam
1902 4211 2043 4265 oeti-

2145 3210 2462 3265 ximilisnus
2514 3212 2798 3277 Angustus
2849 3210 3051 3279 insigni
3085 3219 3148 3265 et'
3179 3208 3564 3277 copiosissimo
3591 3219 3714 3260 cum

2142 3302 2390 3358 exercitu
2420 3303 2620 3358 castris
2654 3301 2720 3355 ad
2769 3299 3056 3357 Janrinum
3115 3299 3330 3369 positis,
3371 3313 3567 3352 omnes
3613 3296 3717 3350 So.

2144 3394 2395 3452 leima—nis
2454 3405 2638 3456 motus
2687 3405 2743 3448 et
2791 3408 3109 3465 progressus
3165 3393 3513 3456 observaret,
3539 3390 3718 3445 subsi-

2143 3491 2290 3541 stere
2320 3499 2423 3540 suo
2466 3501 2593 3540 eum
2633 3485 2806 3539 milite
2844 3485 3033 3555 jussus
3081 3485 3279 3546 trierat,
3305 3499 3428 3536 eum
3462 3482 3657 3537 excitis
3686 3498 3715 3535 a

2143 3574 2476 3641 Soleimane,
2533 3583 2726 3641 rogatu
2773 3575 3073 3642 Erdeliani,
3131 3575 3347 3631 Tataris
3383 3588 3490 3627 non
3525 3589 3716 3642 parum

2143 3665 2288 3734 quod
2327 3674 2511 3735 ageret
2555 3665 2765 3719 habuit.
2804 3665 3016 3734 Quippe
3050 3679 3176 3719 cum
3208 3680 3302 3734 per
3327 3662 3586 3732 Ungarirc
3619 3677 3716 3717 sua

2145 3758 2377 3826 perieris
2405 3772 2565 3824 agros
2606 3759 2687 3813 cis
2728 3769 2782 3813 et
2815 3760 2954 3813 ultra
2989 3756 3268 3811 Tibiscum
3314 3756 3720 3810 late‘disenrre-

2147 3858 2286 3910 rent,
2321 3849 2531 3918 praedas
2563 3848 2871 3916 abigereut,
2934 3849 3122 3903 omnia
3178 3846 3408 3902 ﬂammis
3465 3856 3533 3902 et'
3571 3846 3717 3901 ferro

2145 3949 2443 4002 vaSIarent,
2468 3938 2712 4010 cujusvis
2734 3939 2912 3995 aetatis
2947 3949 3004 3996 et
3035 3953 3198 3993 sexus
3234 3939 3487 3993 homines
3519 3939 3716 4007 partim

2145 4030 2506 4094 trucidarent,
2537 4030 2736 4098 partim
2767 4030 2823 4084 in
2857 4031 3174 4087 servitutem
3217 4042 3502 4098 raperent;
3547 4029 3718 4084 dilato

2148 4120 2421 4175 Suendius
2462 4119 2516 4174 in
2547 4135 2666 4183 eos,
2718 4120 3070 4175 multitudine
3115 4119 3447 4187 superiores,
3492 4120 3558 4174 ad
3617 4121 3722 4176 hoc

2148 4227 2318 4282 usque
2354 4220 2571 4280 tempus
2600 4210 2808 4280 ιιι-ωηο,
2835 4228 2945 4282 quo
2977 4212 3298 4280 prmeocinm
3335 4211 3411 4264 illi
3439 4211 3718 4266 fructuum

471 4307 793 4358 dnomuroa
850 4305 1009 4359 bassa
1068 4312 1469 4358 tormentorum
1517 4303 1799 4359 continuis
1847 4301 2048 4358 ictibus
2141 4316 2196 4359 et
2255 4320 2483 4358 uvarum
2543 4304 2800 4373 ingluvie.
2865 4305 3192 4371 semetipsos
3246 4302 3522 4372 perditum
3585 4305 3717 4356 ituri

474 4398 546 4452 ita
570 4396 945 4460 labefactarat,
979 4396 1044 4452 ad
1069 4405 1268 4452 terram
1307 4407 1367 4450 ut
1417 4394 1674 4466 prostrati
1702 4394 2046 4450 collaberen-

2148 4407 2306 4454 erant
2343 4397 2559 4451 tandem
2587 4411 2655 4452 ex
2695 4397 2904 4451 morbis
2935 4396 3225 4465 languidos
3257 4403 3313 4449 et
3355 4409 3583 4450 numero
3613 4412 3719 4450 non

474 4501 566 4543 tur
595 4501 646 4543 et
682 4498 1110 4558 propugnatores
1152 4489 1206 4545 in
1230 4499 1481 4544 extremo
1507 4488 1828 4544 discrimine
1859 4501 2045 4542 versa-
2076 4491 2121 4546 D
2151 4502 2344 4559 parum
2371 4487 2686 4543 deniinutos
2729 4501 3046 4559 aggressus,
3104 4487 3254 4541 nullo
3313 4501 3479 4556 prope
3507 4487 3722 4556 negotio

473 4590 688 4644 rentur,
721 4593 849 4633 cum
892 4593 1043 4642 ecce,
1096 4594 1197 4633 nec
1239 4580 1522 4647 opinatum
1566 4577 1874 4632 subsidium
1905 4576 2045 4631 divi-

475 4675 624 4727 uitus
653 4673 733 4726 eis
769 4669 1010 4726 offertur.
1050 4669 1285 4724 Venerat
1329 4666 1615 4724 Jaurinttm
1664 4669 1930 4740 Georgius
1954 4684 2045 4724 co-

475 4777 593 4817 mes
617 4760 1004 4825 llelfestainus,
1045 4763 1295 4815 adduetis
1338 4776 1523 4817 scentn
1557 4761 1725 4830 signis
1755 4759 2043 4816 duodecim

476 4869 684 4926 magna:
722 4854 937 4911 virtutis
968 4857 1232 4923 peditum.
1265 4854 1318 4908 is
1348 4855 1435 4906 die
1470 4853 1684 4908 decimo
1725 4863 1920 4923 quarto
1949 4851 2048 4909 Ju-

476 4947 552 5002 nii
579 4947 819 5018 plaustra
869 4947 1164 5017 nonaginta
1207 4946 1524 5016 pabulatum
1555 4945 1758 5006 emisit.
1795 4959 1920 5000 eum
1958 4959 2049 5013 pc-

472 5038 647 5093 ditum
709 5045 1110 5106 nongentarum
1164 5035 1420 5104 praesidio
1474 5052 1489 5089 :
1552 5049 1691 5102 Quos
1744 5034 2048 5103 conspicati

475 5127 662 5194 Turci,
690 5128 785 5197 qui
819 5125 1062 5183 Palotam
1099 5127 1444 5191 obsidebant,
1487 5127 1833 5196 majorcsquc
1863 5123 2051 5192 copias

477 5219 671 5275 adesse
695 5221 821 5285 rati,
852 5234 1020 5287 qttam
1056 5234 1250 5288 reapse
1300 5219 1511 5283 forent;
1555 5220 1756 5274 missos
1803 5216 2050 5286 suspica-

479 5313 699 5375 bantur,
733 5319 793 5366 ut
832 5311 1174 5366 obsidionem
1210 5311 1528 5364 Palotanam
1568 5311 1868 5365 solverent.
1904 5308 2050 5365 Con-

478 5402 660 5458 festim
682 5404 842 5456 bassa
869 5401 1114 5471 trepidus
1146 5402 1199 5456 in
1235 5401 1414 5470 fugam
1456 5416 1578 5454 eum
1607 5402 1722 5456 suis
1758 5416 1881 5455 sese
1914 5415 2050 5455 con-

472 5494 669 5563 jicere,
702 5506 923 5564 praeque
969 5493 1137 5546 nimia
1175 5492 1525 5546 festinatione
1566 5490 1819 5557 tentoria,
1846 5491 2054 5545 machi-

481 5600 580 5640 nas
609 5584 860 5650 bellicas,
900 5599 1155 5654 magnum
1205 5598 1457 5638 vasorum
1501 5599 1812 5647 numerum,
1847 5583 2052 5653 quibus

479 5675 561 5730 vel
592 5674 790 5741 farina,
839 5675 918 5729 \ei
977 5675 1370 5729 tormentarius
1423 5673 1603 5744 pulris
1652 5674 2050 5739 contineretur,

479 5782 603 5823 cum
632 5768 754 5824 aliis
777 5778 1091 5825 castrorum
1120 5766 1526 5834 impedimentis
1544 5766 1685 5822 hosti
1720 5765 2050 5838 relinquere,

2146 4580 2333 4634 decem
2361 4576 2723 4632 Barliaroruttt
2755 4577 2921 4632 millia
2950 4576 3248 4648 superavit,
3277 4577 3492 4640 cecidit,
3521 4577 3723 4632 ﬁnibus

2147 4669 2335 4738 ejecit;
2369 4670 2632 4738 begorum
2669 4668 3054 4736 Turcicorum,
3094 4670 3295 4740 quibus
3354 4671 3437 4723 usi
3485 4669 3724 4724 ducibus

2152 4760 2394 4822 fuerant,
2435 4761 2608 4816 altero
2657 4763 3005 4830 interempto,
3059 4763 3230 4817 altero
3290 4761 3565 4815 letbaliter
3599 4775 3725 4816 sau-

2151 4853 2316 4908 ciato.
2373 4851 2572 4907 Deinde
2607 4851 2825 4922 Georgii
2877 4852 3071 4909 Bcbcci
3132 4853 3448 4920 perduellis,
3479 4853 3568 4921 qni
3599 4867 3722 4905 cum

2155 4940 2453 4995 Erdeliano
2483 4947 2539 4995 et
2568 4937 2765 4996 Turcis
2801 4955 2864 4995 se
2909 4939 3295 5010 coniunxerat,
3328 4954 3484 4995 arces
3516 4941 3728 5008 aliquot

2154 5031 2491 5095 Zabaticam,
2521 5028 2857 5094 Pelsozium,
2905 5029 3363 5097 Combazzecum,
3388 5031 3728 5086 Crasnahur-

2153 5140 2295 5187 cam,
2330 5123 2595 5192 Gadigen,
2634 5124 2853 5193 aliaque
2876 5121 2961 5177 his
2984 5122 3159 5178 vicina
3191 5134 3304 5176 tum
3334 5123 3575 5186 castella,
3615 5133 3725 5177 tum

2156 5217 2486 5270 munitiones
2528 5213 2882 5285 expugnavit.

2227 5305 2348 5361 Duo
2378 5305 2638 5377 deinceps
2668 5307 2878 5360 munita
2913 5315 3231 5364 nostrorum
3272 5306 3392 5360 loca
3423 5305 3726 5358 Turcorum

2156 5398 2211 5454 in
2241 5413 2438 5453 manus
2472 5413 2688 5465 venere,
2720 5398 2879 5454 Giula
2932 5409 2985 5453 et
3040 5397 3318 5467 Zigetutn;
3373 5396 3552 5458 Giula,
3606 5410 3728 5464 qua:

2156 5494 2404 5547 secundo
2423 5492 2552 5549 Julii
2584 5493 2789 5546 mensis
2823 5508 2851 5545 a
2886 5492 3115 5546 Pertavo
3159 5492 3337 5544 vezire
3384 5489 3566 5547 bassa.
3605 5490 3730 5556 iun-

2157 5584 2262 5636 ctis
2290 5591 2345 5637 et
2377 5584 2550 5636 loassae
2581 5579 3026 5635 Tetnesvarensis
3076 5589 3126 5634 et
3175 5578 3448 5633 Erdeliani
3495 5579 3698 5632 'l‘ataro
3718 5605 3731 5618 -

2159 5687 2390 5742 rumque
2441 5673 2638 5742 copiis,
2666 5683 2847 5741 empta
2908 5673 3088 5726 fuerat
3133 5670 3408 5734 obsideri;
3466 5669 3728 5723 scelerata

2161 5765 2396 5822 Ladislai
2457 5763 2729 5821 Ket'esinii
2802 5761 3039 5832 pra-fecti
3115 5760 3446 5832 proditione,
3506 5758 3726 5827 Georgii
