4218 6308
541 375 647 439 563

1807 373 2134 433 JUANNIS
2171 374 2632 434 LEUNCLAVII

3698 366 3809 430 66L

551 491 750 546 Bebeti
787 488 1082 559 perduellis
1109 500 1167 545 et
1198 489 1375 547 affinis
1417 489 1500 545 sui
1549 488 1826 557 colloquio
1855 488 2126 554 corrupti,
2160 491 2205 552 Α
2231 489 2319 542 die
2351 499 2551 558 quarto
2590 490 2796 545 mensis
2850 483 3208 555 Septembris.
3250 481 3480 556 Agebat,
3508 495 3633 535 cum
3687 494 3808 532 mo-

542 584 670 638 licet
695 582 936 636 futurum
992 585 1298 638 nuntiasset
1346 581 1650 645 Suendius,
1693 590 1752 633 ut
1786 580 1960 635 hostis
1991 581 2132 633 intra

547 675 780 730 biduum
809 675 1158 730 obsidionem
1199 677 1462 737 solveret.
1520 675 1719 729 Turcis
1766 671 1948 725 dedita
2009 671 2131 724 luit.

547 769 680 822 Eam
715 765 908 830 Turci.
935 776 1133 837 prater
1176 766 1450 821 Erdeliani
1513 781 1684 834 spent,
1751 764 1854 817 sibi
1897 763 2135 817 retinue-

545 869 704 924 runt;
741 859 1093 929 hiantemque
1130 874 1382 919 corvum.
1410 868 1471 912 ut
1505 867 1588 914 est
1626 858 1678 910 itt
1715 855 1940 918 fabulis.
1979 871 2132 910 more

544 967 651 1006 suo
683 952 955 1007 delusere.
994 949 1201 1006 Violata
1228 950 1457 1005 dedititii
1492 949 1596 1004 fide
1624 948 1922 1004 crudeliter
1959 948 2132 1002 inter-

549 1042 743 1110 empti.
783 1044 971 1109 paucis
1039 1043 1305 1097 bcnclieio
1351 1043 1528 1097 not-tis
1573 1052 1626 1096 ot
1673 1040 2130 1094 arttndinctorum

558 1135 782 1203 elapsis.
805 1134 1057 1190 Nefarius
1093 1137 1338 1205 proditor
1365 1152 1471 1189 non
1508 1136 1678 1188 multo
1711 1144 1830 1204 post
1863 1136 1914 1188 itt
1948 1135 2135 1187 vincu-

551 1222 642 1283 lis,
672 1224 816 1291 apud
846 1224 1125 1276 sultanum
1163 1223 1447 1288 Selimem,
1487 1222 1821 1279 Soleimanis
1848 1238 2134 1278 successo-

549 1326 686 1369 rem.
717 1311 790 1365 ob
816 1313 1113 1366 exercitam
1159 1315 1311 1382 prius
1365 1316 1418 1369 in
1466 1316 1716 1383 captivos
1765 1314 2134 1368 Musulmanos

550 1401 809 1455 nevitiem
853 1412 1170 1466 accusatus.
1221 1405 1285 1458 de
1340 1405 1614 1460 sententia
1668 1403 1891 1458 Selimis
1933 1406 2137 1458 actori-

552 1493 674 1556 bus.
710 1504 768 1546 ttt
801 1509 866 1546 ex
915 1509 1104 1547 eorum
1154 1493 1386 1549 arbitrio
1441 1511 1631 1563 poenas
1664 1497 1858 1560 lueret,
1905 1497 2136 1548 traditus

553 1587 694 1651 fuit;
723 1587 813 1652 qui
847 1587 1127 1642 hominem
1164 1591 1272 1642 vasi
1320 1588 1495 1642 clavis
1536 1589 1817 1657 perforao
1849 1589 1927 1643 sic
1961 1589 2136 1641 imln-

552 1687 765 1738 serunt.
824 1687 884 1732 ut
934 1679 1081 1733 dolio
1137 1679 1205 1733 de
1259 1690 1443 1733 monte
1485 1696 1580 1750 per
1615 1681 1848 1734 declivia
1884 1681 2135 1748 ιιι·κείρὶ-

556 1779 692 1833 tato,
725 1771 904 1825 clavis
943 1771 1200 1841 oblongis
1231 1781 1285 1825 et
1321 1774 1499 1826 acutis
1534 1771 1782 1826 confixus
1809 1771 2133 1836 exspiraret.

554 1859 680 1914 Fuit
714 1872 770 1915 et
818 1862 966 1916 ﬁlius
998 1872 1238 1932 paternae
1279 1865 1554 1932 particeps
1589 1864 2005 1923 exset'ratiOnis,
2040 1863 2131 1929 qui

555 1950 775 2018 misere,
803 1953 969 2007 nullis
997 1955 1205 2008 relictis
1234 1954 1567 2018 hacredibns,
1605 1953 1749 2006 diem
1780 1968 1938 2006 suunt
1977 1953 2133 2013 obiit,

554 2043 814 2108 castellis,
851 2047 1002 2114 pagis
1035 2057 1088 2099 et
1118 2047 1242 2100 aliis
1278 2046 1631 2100 facultatibus
1662 2045 2038 2114 amplissimis,
2067 2045 2134 2099 ad

556 2136 766 2189 alienos
795 2136 1084 2190 devolutis.

622 2226 834 2281 Interea
873 2227 1004 2280 dum
1060 2233 1175 2283 haec
1226 2228 1457 2284 diversis
1512 2245 1604 2298 per
1661 2229 1956 2302 Ungariam
2000 2232 2135 2286 locis

555 2329 901 2386 gererentur,
932 2319 1183 2374 sultanus
1239 2321 1354 2389 ipse
1387 2321 1731 2376 Soleimanes
1766 2325 2004 2377 transito
2032 2323 2138 2392 pri-

560 2424 708 2461 mum
753 2408 922 2474 Savo,
962 2411 1154 2464 deinde
1199 2412 1392 2474 Dravo,
1431 2429 1595 2482 quem
1625 2425 1790 2483 ponte
1818 2414 2001 2483 operis
2042 2416 2142 2468 ad-

558 2503 792 2555 mirandi
840 2513 1244 2570 constraverat,
1303 2522 1424 2559 cum
1486 2507 1727 2562 exercitu
1778 2506 2139 2562 ducentorum

559 2592 815 2658 millium,
851 2595 918 2647 ad
953 2593 1327 2663 subjugandas
1359 2597 1649 2664 llungarite
1686 2597 1943 2664 reliquias
1970 2601 2139 2652 venit.

561 2682 818 2738 Occurrit
849 2686 1167 2740 adventanti
1194 2703 1318 2740 eum
1357 2688 1514 2742 donis
1548 2689 1764 2743 eximiis
1793 2687 2140 2752 Erdelianns.

561 2775 768 2829 frustra
823 2790 1044 2845 regnum
1094 2776 1382 2838 ambiens.
1443 2778 1589 2846 quod
1640 2778 1867 2831 avaritie
1913 2778 2143 2832 barbara

562 2868 905 2925 Soleimaues
937 2869 1054 2940 ipse
1076 2870 1190 2939 jam
1227 2887 1345 2940 spe,
1396 2872 1524 2926 licet
1564 2873 1739 2938 irrita,
1776 2881 1948 2926 totum
1983 2873 2148 2926 devo-

563 2971 737 3025 verat,
766 2978 831 3016 ac
858 2963 1071 3016 libidini
1113 2967 1348 3033 propria:
1376 2965 1696 3018 destinarat.

638 3053 734 3106 Die
769 3054 971 3109 mensis
996 3054 1224 3122 Augusti
1261 3064 1421 3108 sexto
1470 3053 1715 3125 Zigetnm
1749 3055 2005 3110 obsidere
2036 3055 2147 3109 sul-

2240 592 2472 642 reretur.
2495 580 2671 635 a-tatis
2694 596 2896 634 annutn
2928 575 3393 648 septuagesimum
3424 580 3660 628 sextum.
3705 570 3812 624 lm-

2237 674 2390 743 perio
2410 670 2621 739 praefuit
2644 671 2802 726 anuis
2818 670 3182 740 quadraginta
3202 682 3294 723 sex
3319 677 3477 720 clscs‘
3499 663 3809 718 mensibus.

2307 763 2587 833 Oceupato
2636 761 2847 833 Zigeto.
2900 761 3167 817 Babossm
3223 758 3592 830 oppugnaturi
3639 753 3811 813 Turei

2238 856 2506 925 quosdam
2541 871 2571 912 e
2604 855 2720 910 suis
2744 855 2990 919 mittunt,
3018 853 3113 922 qui
3139 867 3323 908 arcem
3362 851 3488 906 dedi
3528 851 3810 921 juberent.

2235 949 2290 1005 ιιι
2324 965 2454 1005 vero
2479 949 2606 1003 licet
2631 947 2874 1004 facturos
2896 963 2956 1002 se
2984 945 3155 1001 nostri
3210 953 3502 1011 negarent.
3557 942 3702 1012 quod
3731 951 3814 994 ts-

2236 1057 2360 1096 men
2387 1058 2507 1096 eam
2543 1041 2761 1095 defendi
2787 1055 2894 1094 non
2915 1054 3078 1110 posse
3111 1049 3300 1093 contra
3329 1039 3439 1091 vim
3464 1046 3670 1090 tantant
3706 1033 3812 1088 sci-

2235 1144 2378 1197 rent.
2414 1136 2692 1187 incensam
2715 1133 2974 1189 deserunt
3017 1149 3031 1186 :
3087 1145 3321 1200 quorum
3383 1129 3690 1196 exemplum
3717 1125 3818 1179 Sa-

2234 1224 2397 1280 chani
2429 1233 2482 1276 et
2514 1221 2823 1293 Zorgenses
2875 1230 3003 1276 sunt
3024 1220 3242 1275 imitati.

2312 1315 2514 1370 Eodem
2543 1330 2714 1378 anno,
2755 1314 2844 1368 die
2897 1313 3111 1367 mensis
3155 1310 3402 1380 ejusdem
3433 1309 3695 1362 vicesimo
3715 1317 3821 1362 ter-

2239 1408 2332 1471 tio,
2358 1408 2608 1463 sultanus
2635 1407 2868 1463 Selitnes
2898 1407 3194 1471 secundus,
3223 1404 3403 1459 atatis
3435 1417 3639 1457 annnm
3673 1419 3818 1470 qun-

2235 1499 2601 1568 drugesimuzn
2640 1498 2939 1552 secundum
2964 1512 3154 1566 agens.
3187 1496 3242 1549 in
3282 1493 3514 1560 imperio
3550 1491 3820 1547 Soleima.

2238 1590 2292 1645 ni
2330 1592 2466 1659 patri
2497 1592 2778 1646 successit.
2816 1590 3028 1659 Quippe
3057 1603 3185 1644 cum
3220 1587 3286 1640 ad
3356 1585 3593 1656 Magnesi
3617 1600 3686 1637 um
3731 1584 3818 1634 iit--

2240 1683 2455 1738 lt‘llccta
2497 1693 2672 1738 morte
2705 1683 2899 1750 patris,
2957 1696 3022 1735 ex
3074 1683 3201 1734 Asia
3263 1696 3474 1733 summa
3533 1678 3821 1733 celerila'e

2240 1775 2571 1833 lscodaram.
2601 1791 2630 1829 e
2669 1777 2886 1842 regione
2906 1771 3414 1840 Constantinopolis
3476 1770 3659 1832 sitam,
3714 1769 3820 1821 hoc

2238 1866 2325 1918 die
2350 1867 2722 1935 pem-uisset:
2753 1881 2877 1919 mox
2912 1881 2940 1918 a
2977 1865 3249 1934 Bostauge
3287 1862 3474 1923 bassa.
3499 1861 3823 1916 hortulanu-

2240 1975 2359 2012 rum
2393 1960 2668 2026 pra-lecto,
2709 1973 2810 2027 pro
2837 1972 2988 2012 more
3023 1955 3235 2010 triremi
3280 1965 3566 2022 exceptus,
3600 1951 3820 2006 etCon-

2240 2052 2651 2118 stantinOpolim
2683 2061 2832 2104 trans
2851 2050 3193 2118 Bosphorum
3224 2056 3413 2101 vectus
3445 2045 3568 2098 fuit.
3602 2044 3666 2097 Et
3688 2043 3821 2112 quia

2240 2143 2470 2198 Selimcs
2502 2159 2759 2212 generum
2783 2157 2966 2206 suum,
2993 2139 3372 2196 lsehenderem
3393 2137 3635 2201 hassant,
3654 2151 3820 2205 quem

2243 2235 2620 2303 prosultannm
2659 2227 3140 2298 Constantinopoli
3173 2226 3463 2284 discedens
3525 2225 3825 2292 reliquerat

2244 2326 2608 2389 Soleimanes,
2639 2329 2705 2380 de
2737 2325 2976 2380 adventu
3020 2339 3121 2379 suo
3152 2324 3448 2379 certiorem
3482 2319 3823 2380 reddiderat.

2242 2435 2366 2471 cum
2403 2417 2694 2480 mandatis,
2731 2415 2931 2485 utcjus
2967 2427 3134 2482 opera
3197 2411 3493 2480 studioque
3523 2424 3608 2462 res
3639 2409 3704 2462 ad
3738 2408 3828 2461 in.-

2242 2525 2492 2580 gressum
2523 2509 2575 2560 in
2607 2510 2819 2571 urbem,
2843 2519 3204 2576 pompamque
3237 2503 3441 2572 regiam
3487 2503 3826 2571 pertinentes

2245 2602 2364 2655 sine
2399 2617 2548 2652 mora
2588 2610 2917 2667 pararentur
2951 2613 2966 2651 :
3000 2613 3121 2651 mox
3147 2596 3242 2650 illo
3270 2595 3391 2661 ipso
3437 2593 3523 2647 die
3553 2592 3825 2646 deductus

2248 2695 2300 2748 in
2337 2694 2606 2764 sarajum.
2643 2692 2782 2747 solio
2811 2691 3064 2745 censedit
3097 2689 3458 2760 imperatorio
3517 2687 3666 2740 illius
3724 2700 3826 2738 cu-

2247 2786 2436 2852 biculi,
2462 2785 2607 2855 quod
2639 2784 2770 2839 solis
2799 2793 2884 2838 est
2913 2781 3150 2838 sultattis
3205 2777 3635 2836 Osmanidarum
3664 2787 3832 2846 gente

2249 2861 2531 2950 prognatis
2557 2891 2828 2947 ottcupare
2873 2876 3226 2944 permissum.
3288 2871 3417 2928 Inde
3472 2887 3565 2941 per
3631 2871 3828 2924 urbem

2248 2971 2709 3042 proclamationes
2743 2984 2896 3023 more
2927 2967 3197 3036 majorum
3229 2965 3406 3030 facta,
3451 2964 3656 3034 quibus
3703 2970 3830 3016 vota

2253 3064 2490 3131 primum
2515 3061 2984 3130 concipiebuttttr,
3027 3069 3086 3113 ut
3145 3057 3326 3111 anima
3379 3052 3708 3109 Soleimanis
3771 3053 3830 3104 in

564 3156 728 3199 tanus
753 3146 940 3213 cmpit,
986 3146 1135 3213 quod
1161 3145 1292 3201 licet
1342 3148 1604 3200 acerrime
1637 3156 2074 3215 propngnaretur
2111 3161 2140 3198 a
2169 3165 2211 3221 ο
2246 3155 2502 3224 paradiso
2528 3152 2655 3207 felix
2676 3167 2852 3207 aerum
2885 3159 3086 3220 ageret.
3130 3163 3194 3204 ac
3224 3149 3278 3200 in
3303 3155 3561 3214 perpetua
3633 3143 3812 3215 gloria

566 3233 796 3291 Nicolao
843 3235 1045 3290 comite
1101 3235 1340 3302 Zeriuio,
1397 3238 1698 3293 fortissimo
1736 3250 1789 3292 et
1819 3239 2145 3293 immortalis

566 3327 755 3397 gloria
825 3328 962 3391 viro,
1035 3329 1273 3397 praesidii
1325 3329 1610 3398 pra-fectu;
1681 3331 1896 3384 tandem
1961 3339 2143 3384 tzunen

570 3426 658 3475 die
698 3426 930 3491 septimo
965 3424 1169 3480 mensis
1230 3424 1566 3493 Septembris
1617 3434 1982 3494 expugnatum
2018 3424 2142 3486 fuit,

572 3518 691 3580 ipso
732 3515 932 3568 comite
1001 3513 1244 3582 Zerinio,
1305 3530 1426 3568 cum
1491 3515 1689 3585 insigni
1724 3514 1987 3569 nobilium
2031 3513 2147 3569 Uu-

570 3607 846 3672 gurorium
875 3619 1334 3676 strenuornmquc
1399 3609 1630 3662 militum
1671 3623 1899 3664 numero
1925 3649 1940 3676 ,
1977 3610 2057 3664 sic
2114 3621 2144 3661 a

571 3700 825 3754 Barbaris
877 3700 1225 3769 interempto,
1281 3715 1388 3754 non
1446 3700 1650 3755 inultus
1700 3716 1824 3753 cum
1898 3701 2018 3756 suis
2087 3708 2150 3754 ιιι

574 3792 901 3848 occubuisse
924 3793 1031 3848 dici
1063 3795 1257 3864 possit.
1299 3793 1511 3863 Quippe
1557 3809 1662 3848 non
1705 3794 1929 3864 triginta
1978 3793 2147 3848 millia

572 3899 802 3939 suorum
823 3885 1093 3939 duntaxat
1120 3887 1304 3940 hostes
1332 3885 1738 3950 desiderarunt,
1770 3900 1958 3938 verum
1983 3887 2146 3939 etiam

573 3976 758 4029 triduo
786 3984 913 4028 ante
945 3989 1256 4044 supremam
1311 3985 1623 4029 nostrorum
1657 3975 1864 4029 cladem
1895 3977 2149 4030 sttltanus

575 4063 936 4129 Suleimanes,
969 4064 1196 4119 necdum
1233 4064 1461 4119 victoria
1499 4065 1566 4118 de
1614 4063 1891 4132 Zigetauis
1920 4065 2124 4132 potitus

576 4158 815 4210 fremens
855 4167 910 4210 et
958 4157 1218 4212 frendens
1271 4157 1543 4212 infelicem
1578 4158 1853 4212 exhalavit
1882 4159 2122 4210 animum

573 4249 707 4316 Ejus
748 4250 932 4304 obitus
987 4251 1249 4320 tantisper
1302 4252 1610 4304 occultatus
1665 4251 1766 4303 luit
1816 4261 1935 4304 aStu
1976 4250 2149 4303 valer—

575 4341 699 4394 rimi
731 4342 928 4396 veziris
966 4344 1139 4397 Iussa:
1177 4341 1550 4404 Metrhcntetis,
1588 4349 1749 4395 nuclu
1780 4341 1946 4395 etiam
1977 4339 2150 4393 Slllf'i'

577 4433 754 4486 manis
785 4433 1056 4486 archiatro
1088 4433 1227 4486 clam
1275 4445 1488 4493 necato.
1541 4447 1607 4486 ne
1659 4446 1754 4499 per
1794 4446 1918 4483 eum
1947 4429 2146 4482 sultani

513 4530 517 4534 ’
577 4541 729 4580 mors
761 4541 1000 4580 etnanm
1023 4537 1064 4589 t.
1104 4527 1231 4578 dum
1265 4539 1424 4579 secer
1460 4524 1580 4592 ejus
1605 4523 1856 4586 Selimes,
1885 4520 2143 4574 Solcima-
2185 4503 2227 4560 υ

502 4645 506 4648 ·
576 4619 664 4673 nis
711 4616 877 4682 ﬁlius,
939 4627 1209 4686 occupato
1255 4618 1393 4670 citra
1453 4613 1744 4667 tumultum
1802 4613 2051 4681 imperio,
2084 4610 2150 4663 ad

576 4712 878 4765 exercitum
905 4712 954 4762 in
985 4718 1163 4764 castra
1195 4708 1453 4763 venisset.
1483 4705 1619 4758 Non
1653 4707 1694 4760 si
1736 4715 1843 4758 tam
1892 4704 2152 4775 gettizari.

580 4817 742 4867 quam
774 4801 968 4871 reliqui
1008 4802 1231 4860 milites,
1286 4800 1354 4854 de
1409 4811 1586 4853 morte
1631 4798 1832 4853 Sullani
1862 4797 1946 4853 sui
1980 4807 2155 4851 matu-

582 4896 698 4950 rius
728 4897 994 4949 certiores
1041 4895 1168 4948 facti
1201 4895 1469 4954 fuissent.
1509 4908 1706 4958 magno
1742 4894 1796 4946 in
1828 4895 2026 4946 castris
2064 4909 2160 4945 ex-

582 4990 750 5041 citato
784 4986 1043 5052 tumultu,
1083 4985 1320 5039 tentoria
1367 4983 1762 5050 thesautosque
1797 4983 1996 5050 regios,
2033 4996 2154 5034 tum

581 5082 1022 5134 Christianorum
1057 5087 1111 5132 et
1142 5076 1496 5131 Hebraeorum
1546 5076 1731 5137 rebus,
1781 5090 1880 5143 pro
1907 5087 2058 5127 more
2095 5073 2156 5125 li-

583 5175 877 5242 bidineqne
916 5188 1013 5228 sua
1050 5171 1443 5240 diripuissent,
1481 5185 1546 5225 ae
1571 5169 1762 5239 spoliis
1799 5169 1948 5222 hisce
1976 5170 2153 5232 dilati,

585 5267 823 5320 neminis
851 5267 1183 5320 auctoritate
1208 5263 1482 5318 contineri
1531 5278 1589 5317 se
1630 5262 1940 5329 atnpliusin
1978 5260 2156 5315 otncio

585 5361 730 5429 passi
765 5360 1015 5414 fuiSsent.
1047 5357 1179 5423 Qua
1225 5371 1358 5411 sane
1409 5370 1590 5410 rerum
1623 5355 1766 5424 apud
1801 5357 1984 5410 hostes
2024 5370 2155 5410 con-

588 5457 732 5510 lusio
767 5454 1133 5522 militarisque
1192 5449 1440 5512 licentia,
1501 5449 1880 5503 Maximiliano
1925 5448 2152 5509 Casari.

587 5546 895 5600 numerosis
927 5542 1091 5614 359
1139 5549 1195 5596 et
1247 5540 1534 5610 exquisitis
1593 5549 1706 5592 toto
1749 5554 1811 5592 ex
1841 5539 1973 5592 orbe
2001 5537 2157 5590 Curi-

590 5645 772 5692 stiano
804 5637 979 5706 copiis
1013 5636 1303 5696 instructo,
1344 5637 1583 5699 praebere
1620 5641 1961 5701 peroptatam
1999 5645 2156 5682 occa-

590 5735 798 5787 sionem
845 5733 917 5785 rei
970 5729 1194 5783 feliciter
1229 5729 1475 5794 gerenda:
1519 5728 1802 5796 potuisset.
1839 5723 2156 5776 Exstinctos

591 5828 687 5879 fuit
719 5824 1056 5878 Soleimancs
1087 5836 1228 5876 anno
1251 5820 1629 5875 Mahumctauo
1651 5817 1755 5872 973
1785 5817 1936 5882 (Chr.
1979 5814 2153 5883 lEiGli),

2245 3253 2554 3322 quiesceret
2582 3266 2595 3302 :
2625 3248 2847 3308 deitnle.
2877 3244 3076 3299 multos
3115 3252 3174 3298 ut
3201 3255 3378 3296 annos
3425 3239 3631 3295 viveret
3659 3239 3828 3293 sulta-

2247 3359 2351 3397 nus
2385 3341 2615 3395 Selimes
2649 3338 2826 3396 Chan.
2869 3336 3228 3406 prosperique
3255 3343 3433 3390 status
3487 3331 3829 3387 incremento

2247 3433 2506 3487 continuo
2545 3430 2836 3486 frueretur.

2320 3524 2616 3586 Postridie,
2650 3523 2742 3592 qui
2775 3524 2889 3578 dies
2917 3532 3037 3576 erat
3081 3521 3378 3576 vicesimus
3435 3528 3662 3589 quartus
3693 3518 3807 3585 Sep

2249 3613 2501 3676 temhris,
2544 3626 2576 3666 ο
2614 3614 2798 3680 sarajo
2823 3611 3048 3682 prodiit,
3082 3627 3250 3682 seque
3284 3626 3379 3680 per
3405 3610 3594 3665 urbem
3622 3608 3829 3678 populo

2249 3705 2608 3775 spectandum
2643 3705 2911 3759 exhibuit.
2937 3704 3157 3774 Peregit
3182 3713 3234 3758 et
3262 3713 3519 3774 paternas
3533 3703 3828 3768 exsequias

2250 3814 2312 3854 ac
2349 3813 2543 3868 magno
2574 3798 2893 3852 animalium
2935 3812 3162 3850 numero
3201 3811 3364 3861 ceso,
3431 3795 3680 3862 cibisque
3730 3808 3829 3846 co-

2249 3889 2900 3956 ctisitideminnumetis,
2945 3889 3168 3959 epulum
3228 3888 3460 3943 funebre
3517 3887 3829 3956 quibusvis,

2250 4002 2377 4041 cum
2419 3983 2654 4053 ingentis
2678 3997 2906 4036 summa:
2951 3995 3239 4050 asprorum
3293 3981 3631 4048 erogatione,
3688 3994 3830 4047 pra:-

2251 4078 2390 4130 buit.
2419 4075 2547 4130 lnde
2581 4074 2814 4129 solemni
2845 4087 3063 4142 pompa,
3099 4070 3452 4140 maximoque
3480 4084 3705 4124 suorum
3731 4084 3830 4138 ap-

2251 4171 2468 4239 plausu,
2497 4168 2549 4220 in
2593 4167 2836 4234 sarajnm
2865 4166 3052 4219 rediit.

2323 4262 2628 4324 Antequam
2664 4257 2778 4309 [nec
2807 4255 3017 4318 fierent,
3044 4270 3137 4323 per
3175 4252 3556 4308 Ischenderem
3608 4252 3828 4307 bassant

2252 4350 2628 4417 prosultanum
2679 4346 2896 4401 evocari
2934 4361 2997 4400 ex
3034 4345 3292 4401 omnibus
3334 4346 3470 4402 locis
3523 4345 3833 4415 genizaros.

2253 4418 2493 4503 pat'erme
2519 4434 2712 4486 mortis
2743 4434 2922 4486 adhuc
2945 4446 3184 4501 ignaros.
3206 4432 3261 4486 in
3287 4431 3549 4500 oppidum
3571 4445 3677 4484 non
3704 4445 3837 4499 pro-

2256 4526 2342 4581 sul
2364 4542 2394 4578 a
2416 4525 2890 4594 Constantinopoli
2926 4525 3117 4588 sitmn,
3153 4523 3257 4577 sub
3292 4532 3552 4593 pratextu
3581 4521 3833 4576 mittendi

2257 4617 2322 4671 ad
2357 4617 2698 4671 obsidionem
2756 4614 3074 4684 ligetanam
3133 4613 3389 4668 militaris
3445 4611 3835 4682 supplementi.

2253 4711 2511 4780 iusserat.
2545 4708 2622 4762 Ad
2648 4722 2741 4762 eos
2776 4707 3071 4762 lschender
3137 4707 3322 4769 bassa.
3385 4704 3588 4759 Selimo
3607 4703 3716 4774 jam
3740 4718 3837 4773 pa-

2260 4812 2474 4856 ternum
2502 4801 2556 4854 in
2596 4801 2793 4855 solium
2824 4800 3114 4864 collocato,
3169 4798 3237 4852 de
3286 4796 3508 4852 Selimis
3558 4795 3835 4852 voluntate

2262 4894 2580 4966 profectus,
2643 4891 2856 4947 obitum
2916 4889 3261 4949 Soleimanis.
3307 4897 3362 4944 et
3425 4886 3834 4943 successionem

2261 4987 2483 5042 Selinus
2511 4986 2752 5054 exponit.
2796 4984 2925 5038 lude
2958 4998 3059 5053 pro
3088 4981 3496 5051 direptionibus
3549 4995 3654 5035 usu
3686 4994 3837 5034 rece-

2261 5079 2367 5148 ptis
2394 5077 2447 5130 in
2490 5077 2639 5129 obitu
2667 5075 2926 5144 principis
2980 5073 3313 5138 Osmanida,
3383 5081 3604 5127 centum
3661 5071 3836 5126 millia

2259 5167 2663 5222 sultaninornm
2697 5166 2776 5218 eis
2837 5163 3017 5218 offert.
3075 5161 3193 5215 Non
3244 5163 3454 5229 ingrata
3509 5159 3610 5214 fuit
3651 5164 3836 5216 oratio

2260 5256 2436 5311 hasste
2465 5255 2758 5326 gt-nizaris.
2795 5269 2857 5307 ea
2892 5254 3005 5322 lege
3038 5261 3220 5306 tamen
3278 5249 3725 5314 assentientibus,
3775 5258 3838 5305 ut

2261 5347 2524 5416 largiores
2547 5360 2780 5398 annona:
2803 5344 3124 5397 militaturis
3148 5345 3434 5396 darentur.

2333 5439 2562 5495 Sclimes
2611 5453 2740 5508 ergo
2762 5437 3034 5507 genituris
3065 5435 3492 5502 inattctoritatis,
3519 5433 3607 5488 die
3630 5437 3836 5491 mensis

2259 5530 2594 5601 Septembris
2616 5529 2874 5583 vicesimo
2903 5528 3136 5595 septimo
3157 5524 3628 5596 Constantinopoli
3658 5527 3834 5582 disce-

2261 5625 2358 5687 dit,
2389 5635 2441 5678 et
2475 5623 2685 5692 magnis
2719 5622 3004 5675 itineribus
3035 5620 3226 5672 Albam
3249 5617 3492 5674 Cra'cam
3524 5619 3831 5672 contendit.

2261 5719 2396 5769 Cum
2429 5718 2568 5768 istm:
2601 5713 2824 5766 allatum
2888 5720 3072 5781 postea
3127 5707 3451 5763 Soleimanis
3496 5709 3730 5762 cadaver
3778 5711 3830 5762 in

2270 5810 2459 5862 urbem
2492 5807 2870 5869 deducctetur,
2915 5802 3079 5871 pedes
3133 5811 3260 5855 ante
3321 5810 3606 5870 paternum
3667 5800 3832 5856 funus
