4212 6288
501 343 609 410 665

1581 352 1727 414 SUP
1743 355 1826 413 l‘L
1841 353 1968 413 ΕΜ.
2010 354 2269 415 ANNAL
2285 403 2297 418 .
2324 354 2625 415 TURCIC.

3638 352 3743 415 666

504 453 783 511 incedebat
815 453 999 507 habitu
1031 454 1242 525 lugubri
1305 454 1555 513 sultauus
1606 458 1860 527 Selimes,
1890 463 2058 515 comi-
2094 467 2139 523 Α
2172 472 2419 531 peratore
2446 459 2812 515 Masimiiiauo
2869 459 3114 516 subsidia
3151 461 3352 531 majora
3404 463 3663 534 postulat.
3693 465 3743 519 Is

503 548 741 603 tantibus
782 548 978 610 itaSnlS.
1018 546 1354 605 Cadileschci
1374 551 1437 616 is,
1495 550 1817 621 exterisque
1889 552 2065 621 begis.

502 639 631 696 Inde
650 628 849 695 Cadius
882 641 1111 711 pupulis,
1134 651 1454 696 consuetum
1480 642 1789 698 donativum
1809 646 2076 714 genituris

500 733 672 788 dedit.
700 732 910 797 Quibus
940 734 1197 803 peractis,
1255 733 1789 805 Constantinopolim
1842 737 2075 791 cadaver

500 837 787 896 paternum
811 828 969 882 avehi
994 827 1179 893 jussit,
1215 835 1268 880 et
1306 827 1358 881 in
1396 825 1567 890 Zuna,
1617 843 1779 897 quam
1819 829 1933 898 ipse
1964 830 2068 885 sibi

499 916 656 975 vivus
682 928 1047 981 exstruxerut,
1068 917 1454 973 condi.t‘.uruta
1490 920 1591 972 fuit
1615 936 1676 973 ca
1713 935 1798 975 res
1824 922 1893 976 ab
1921 923 2060 976 Ach-

500 1019 642 1063 mete
672 1009 856 1071 bassa,
880 1008 1218 1077 Ferhateque
1248 1009 1698 1078 Capizilariorum
1738 1017 1870 1078 Agat,
1897 1015 2068 1067 dedu-

499 1099 749 1154 centibus
800 1100 949 1171 begis
983 1111 1040 1155 et
1087 1101 1375 1170 genizaris,
1427 1116 1549 1156 cum
1616 1103 1809 1157 vexillo
1862 1106 2063 1175 regio:

501 1190 825 1260 tandemque
855 1191 940 1246 die
965 1191 1224 1246 vicesimo
1262 1193 1503 1248 secundo
1555 1191 1882 1251 Novembris
1935 1212 2062 1267 per-

500 1299 719 1339 ventum
749 1281 1297 1354 Conslantinopolim.
1329 1285 1406 1340 lbi
1437 1285 1600 1341 funus
1630 1297 1915 1355 exceptn-u
1963 1290 2064 1343 fuit

498 1373 942 1444 frequentissimo
964 1391 1234 1431 concursu
1265 1378 1599 1441 mortalium,
1639 1391 1916 1447 pra-eunte
1946 1379 2059 1436 Mu-

496 1467 745 1537 phti,qui
769 1466 912 1535 apud
934 1468 1303 1523 Musulmanos
1338 1478 1389 1523 et
1408 1468 1547 1536 juris
1564 1479 1616 1524 et
1638 1471 1913 1541 religionis
1938 1487 2059 1528 om-

495 1557 748 1624 niumque
768 1570 1048 1612 sacrorum
1077 1573 1167 1611 rex
1186 1566 1268 1613 est
1294 1576 1309 1611 :
1331 1558 1792 1627 subsequentibus
1837 1560 2058 1614 [schen-

491 1649 621 1703 dere
634 1648 792 1704 bassa
810 1649 1148 1718 prosultano,
1171 1649 1569 1718 Dcphtetdaris,
1590 1653 1679 1721 qui
1706 1652 1946 1708 Camerar:
1970 1654 2051 1709 vel

490 1740 667 1795 :crarii
691 1740 928 1809 preteeti
955 1750 1100 1803 sunt,
1124 1741 1352 1811 aliisque
1374 1742 1522 1812 begis
1543 1745 1794 1798 omnibus
1818 1745 2054 1813 pullatis,

2180 552 2471 607 llenricum
2508 552 2872 621 Staupicium,
2904 567 3025 607 cum
3057 553 3203 607 mille
3226 554 3511 609 Germanis
3548 557 3741 625 equiti—

2176 646 2298 702 bus.
2328 659 2419 698 sex
2452 643 2689 712 peditum
2717 643 2950 705 vexillis,
2975 644 3282 712 stipendiis,
3313 654 3364 697 et
3399 660 3612 699 annona
3641 663 3741 699 ne-

2174 731 2434 794 Cessaria,
2471 732 2652 785 mittit.
2681 732 2786 786 Sed
2822 732 2973 799 prius
3004 749 3167 799 quam
3193 734 3485 790 auxiliares
3543 736 3624 788 hrc.
3644 753 3742 789 co-

2173 825 2274 889 piae
2300 820 2560 876 Tocaiuin
2589 822 2987 890 pervenissent,
3055 837 3242 889 sparsa
3300 822 3403 877 fuit
3430 823 3483 877 in
3543 827 3739 881 castris

2172 913 2444 968 Erdeliani
2470 912 2634 978 fama,
2660 912 2845 968 decem
2886 914 3049 967 millia
3080 911 3428 980 Talai-orum,
3462 931 3489 967 a
3513 914 3735 980 Sclime,

2169 1003 2492 1058 defendendi
2530 1004 2647 1073 ejus
2667 1019 2854 1067 causa,
2884 1019 3006 1059 cum
3038 1003 3234 1058 Turcis
3261 1014 3315 1060 et
3367 1002 3619 1062 Valachis
3654 1024 3737 1062 re-

2170 1097 2444 1158 lictorum,
2483 1112 2577 1163 per
2602 1096 2933 1154 seditionem
2967 1106 3135 1151 totum
3164 1097 3406 1166 populari
3434 1096 3736 1164 Erdeiium,

2166 1205 2229 1244 ac
2266 1169 2507 1243 inaudita
2546 1189 2873 1244 crudelitate
2906 1190 3107 1257 passim
3131 1190 3183 1243 in
3231 1189 3485 1245 fortunas
3517 1201 3569 1246 et
3609 1207 3735 1247 εον-

2164 1296 2296 1349 pora
2331 1282 2678 1341 miserorum,
2711 1280 2954 1348 cujusvis
2974 1281 3151 1335 aztatis
3179 1289 3234 1336 et
3260 1297 3428 1335 sexus
3462 1287 3731 1352 grassari.

2161 1375 2502 1442 Quapropter
2552 1373 2895 1427 obsidionem
2948 1373 3157 1427 solvere
3203 1383 3429 1428 coactus
3492 1374 3612 1439 fuit,
3669 1391 3735 1428 ne

2161 1463 2289 1515 dum
2318 1461 2441 1515 istic
2465 1461 2579 1529 ipse
2607 1463 2942 1532 pertinacius
2970 1464 3221 1525 haereret,
3244 1478 3373 1517 suos
3406 1463 3470 1517 ad
3498 1465 3735 1520 interne-

2159 1556 2369 1611 cionem
2409 1556 2577 1611 deleri
2609 1555 2829 1611 sineret.
2895 1555 3150 1612 Liberata
3207 1560 3276 1612 ab
3324 1560 3505 1611 hostili
3562 1576 3732 1630 Oppu-

2157 1652 2412 1719 gnatione
2435 1650 2653 1717 Tocaio,
2707 1648 3071 1721 Ramingerus
3089 1656 3140 1706 in
3170 1654 3521 1710 abscedentes
3544 1672 3731 1711 crum-

2159 1760 2315 1813 pcns,
2337 1744 2583 1813 pluribus
2610 1746 2787 1803 etesia.
2824 1745 3063 1811 reliquos
3112 1746 3356 1813 palantes
3383 1756 3435 1801 et
3488 1750 3731 1819 trepidos

490 1847 722 1899 quarum
754 1842 898 1902 terga
934 1832 1107 1902 plebis
1141 1834 1349 1888 inﬁnita
1398 1834 1691 1888 multitudo
1746 1835 2052 1889 claudebat.
2086 1803 2129 1857 Β
2159 1833 2384 1901 iugavit.
2417 1833 2525 1889 Nec
2557 1849 2746 1902 parum
2769 1833 3056 1888 Erdeliauo
3089 1852 3213 1890 cum
3254 1838 3405 1893 hisce
3435 1803 3727 1906 ταιῆς-ἱεὶς,

488 1921 810 1994 Exemptam
837 1940 868 1979 e
906 1940 1070 1981 curru
1093 1925 1428 1995 sandapilam
1466 1927 1544 1980 vel
1604 1943 1785 1982 arcam
1821 1927 2053 1994 ligneam

489 2014 745 2085 praecipui
771 2014 889 2086 ι)εεί
924 2028 1020 2084 per
1046 2015 1213 2080 vices,
1239 2026 1545 2071 erectarum
1574 2018 1626 2070 in
1666 2020 1903 2073 sublime
1934 2034 2052 2071 ma-

489 2121 659 2161 unum
677 2106 873 2175 palmis
893 2107 1226 2171 sustinuere,
1276 2107 1469 2178 sicque
1506 2122 1603 2177 per
1627 2108 1818 2163 urbem
1878 2117 2056 2177 gesta-

488 2208 614 2251 ruut
649 2215 663 2252 :
693 2197 1258 2267 ejulantibusinterim
1281 2198 1628 2259 Talismanis.
1663 2208 1721 2254 et
1737 2199 1803 2253 ad
1835 2198 2050 2280 lunam

486 2304 664 2357 usque
695 2291 897 2344 lessum
938 2287 1255 2357 quemdam,
1286 2289 1670 2344 Ilabumetauo
1694 2291 1823 2351 ritu,
1848 2290 2052 2344 lamen-

490 2377 640 2434 tabili
676 2391 803 2432 voce
835 2377 1270 2433 concinentibus.
1301 2376 1435 2432 llinc
1467 2376 1771 2444 depositum
1814 2378 1865 2431 in
1899 2377 2049 2433 Zuna

489 2474 739 2535 cadaver,
769 2473 1033 2528 instratus
1059 2471 1351 2541 sandapila
1375 2487 1585 2539 pannus
1613 2471 1884 2542 cymatilis
1911 2487 2050 2541 prac-

483 2564 877 2628 stantissimus,
909 2572 963 2618 et
993 2578 1158 2632 supra
1181 2565 1327 2618 hunc
1347 2563 1490 2620 alius
1508 2577 1649 2617 auro
1680 2563 2041 2628 intertextus;

484 2656 553 2712 ad
590 2656 734 2712 latus
760 2656 956 2713 acinax
989 2656 1221 2727 positus,
1251 2654 1415 2711 index
1442 2656 1681 2724 profuse
1714 2654 1857 2710 bello
1883 2657 2047 2723 vitae;

482 2756 551 2808 ad
588 2760 752 2821 caput
799 2750 1123 2808 collocatum
1150 2766 1182 2806 e
1206 2752 1316 2808 lino
1342 2750 1723 2817 subtilissima,
1755 2750 1919 2822 spiris
1956 2764 2049 2821 ap-

482 2858 653 2903 tatum
684 2845 1090 2902 caudidisslmis
1124 2845 1473 2914 tulipantutn,
1498 2859 1605 2913 quo
1627 2845 1782 2899 vivus
1807 2847 1882 2898 uti
1919 2860 2051 2899 cou-

484 2946 687 3000 suerat.
730 2951 853 2992 cum
888 2937 1061 3006 nigris
1090 2937 1379 2991 ardearum
1415 2937 1608 3005 pennis
1641 2936 2043 3002 selectissimis;

483 3046 623 3102 pone
653 3040 835 3101 caput,
866 3030 923 3085 ln
963 3030 1282 3100 pavimento
1313 3029 1473 3096 positi
1525 3044 1651 3083 cum
1699 3028 2045 3086 candelabris

2155 1922 2865 1994 Turcicis,Yalachicisquc
2927 1927 3101 1995 copiis
3168 1930 3367 1997 negotii
3429 1931 3546 1993 fuit,
3596 1947 3721 1986 cum

2153 2018 2565 2086 aliquoteorum
2597 2018 2765 2073 millia
2802 2019 3121 2086 trucidaret,
3161 2035 3223 2076 ac
3252 2018 3512 2079 Varadioi
3550 2024 3724 2080 vicis-

2153 2108 2255 2162 sim
2291 2110 2357 2162 ah
2384 2109 2464 2165 eis
2490 2109 2863 2165 obsideretur.
2900 2109 3053 2165 Unde
3084 2112 3208 2181 fuga
3229 2112 3497 2184 dilapsus,
3516 2115 3721 2170 recenti

2151 2212 2336 2257 coacta
2364 2218 2586 2257 suorum
2618 2219 2807 2270 manu,
2849 2219 3042 2259 rursus
3102 2207 3243 2262 haud
3268 2208 3521 2276 exiguam
3579 2209 3725 2277 ipso-

2152 2311 2272 2349 rum
2303 2303 2538 2366 stragem
2561 2295 2733 2352 edidit
2770 2313 2786 2350 :
2839 2312 2947 2368 qua
2985 2301 3205 2353 domum
3236 2300 3438 2370 territi,
3472 2315 3641 2359 semet
3665 2306 3723 2358 in

2149 2382 2428 2439 Podoliam
2458 2394 2514 2440 et
2556 2381 2809 2440 Rossiam
2878 2384 3207 2450 effuderunt,
3261 2387 3350 2442 ubi
3413 2388 3715 2444 crudelium

2148 2476 2448 2531 belluarum
2469 2477 2736 2534 immanes
2756 2478 2998 2546 reliquiae
3028 2476 3244 2534 fortiter
3267 2494 3295 2534 a
3311 2478 3555 2537 Palatino
3582 2479 3721 2536 ltus-

2148 2582 2211 2621 so
2244 2583 2334 2621 um
2366 2567 2667 2634 debellatae,
2706 2570 3009 2636 perierunt.

2218 2658 2344 2713 Post
2381 2660 2683 2714 discessum
2716 2659 3126 2713 barbaricarum
3162 2670 3214 2716 et
3240 2660 3507 2717 Erdcliani
3529 2664 3715 2734 copim

2146 2766 2292 2814 rum,
2320 2750 2597 2806 Suendius
2627 2751 2740 2807 suis
2759 2752 2937 2806 media
2962 2753 3154 2808 bruma
3184 2754 3490 2821 productis,
3517 2757 3582 2809 ad
3619 2760 3717 2814 ob-

2144 2842 2430 2899 sidendum
2461 2840 2756 2898 Zatuarum
2789 2843 3067 2913 profectus
3138 2856 3245 2907 est,
3296 2861 3534 2902 castrum
3599 2866 3718 2904 mo-

2143 2936 2309 2990 menti
2328 2951 2435 2990 non
2460 2934 2612 2999 levis,
2635 2935 2689 2989 in
2711 2934 2907 2990 Erdelii
2932 2938 3132 2994 ﬁnibus
3172 2940 3360 3006 situm,
3386 2941 3528 3005 quod
3553 2943 3725 2997 (icor—

2143 3027 2213 3097 gii
2241 3025 2431 3082 Bcbeci
2458 3026 2684 3082 ditionis
2708 3036 2844 3093 erat,
2880 3028 3120 3084 hominis
3175 3028 3397 3099 nefarii,
3462 3033 3555 3099 qui
3600 3034 3718 3101 pri~

484 3124 751 3191 ingentes,
785 3120 1108 3193 pyramidali
1148 3120 1344 3187 forma,
1405 3121 1627 3175 rotundi
1680 3122 2039 3176 nihilominus
2070 3145 2115 3203 ο
2147 3131 2269 3171 mus
2304 3124 2496 3171 auctor
2536 3117 2698 3185 hujus
2744 3118 2884 3173 inter
2910 3106 3179 3173 Caesarem
3243 3119 3708 3192 Erdeliauumque

481 3215 647 3278 ωτι-εἰ,
665 3213 758 3284 qui
782 3223 962 3268 tamen
994 3226 1276 3282 nunquam
1292 3211 1515 3266 accendi
1539 3212 1736 3267 solent.
1762 3211 1879 3268 Mox
1897 3213 2047 3266 adhi-

478 3306 578 3363 btti
602 3304 893 3361 Talismani
919 3312 974 3362 et
995 3302 1214 3374 Houic
1235 3306 1597 3376 (sacerdotum
1625 3306 1737 3360 lucc
1758 3302 2051 3359 Musulmu-

478 3396 566 3452 nis
599 3405 727 3454 sunt
745 3396 990 3467 nomina)
1022 3399 1113 3464 qui
1147 3411 1299 3450 more
1328 3396 1513 3466 gentis
1552 3394 1699 3449 humi
1738 3395 2049 3451 divaricat‘s

478 3489 732 3544 sedentes
775 3488 1050 3551 cruribus,
1097 3498 1362 3555 perpetuo
1414 3501 1606 3556 preces
1650 3488 1914 3556 quasdam
1987 3488 2039 3541 in

475 3579 594 3650 ejus
618 3578 769 3632 Zona
804 3580 1189 3634 murmurando
1219 3578 1634 3633 deblaterarent.
1680 3577 1802 3633 Haec
1837 3578 2042 3645 omnia,

475 3688 604 3726 cum
634 3672 821 3726 multis
857 3682 979 3743 post
1031 3673 1188 3727 annis
1222 3671 1695 3740 Constantinopoli
1766 3685 2037 3733 essemus,

475 3778 662 3816 Coram
688 3764 1046 3832 inspeximus.
1079 3762 1303 3816 Circum
1357 3762 1692 3831 sandapilam
1759 3759 1954 3829 ipsius,
1987 3770 2042 3813 et

475 3855 596 3908 aliae
626 3864 753 3910 sunt
783 3854 1104 3924 sandapilae,
1142 3864 1250 3909 tam
1281 3854 1509 3908 sultame
1539 3853 1627 3923 (de
1647 3869 1754 3923 qua
1777 3853 2039 3921 diximus)

477 3946 684 4008 Rossse,
731 3961 895 4015 quam
964 3945 1258 4000 liberorum
1307 3947 1654 4002 Soleiiuanis.
1702 3947 2033 4000 Acciderunt

474 4041 593 4094 base
625 4056 768 4094 anno
790 4039 1169 4094 Mahumetano
1197 4038 1302 4095 975
1342 4039 1492 4109 (Chr.
1533 4038 1713 4108 1566).

548 4132 754 4187 Interea
786 4132 1037 4197 Selimes,
1071 4135 1142 4186 oh
1171 4134 1369 4189 hiemis
1394 4133 1725 4188 inuniucntis
1770 4134 2035 4200 asperita-

475 4222 921 4291 tcm,llugari.1m
954 4224 1174 4293 reliquit
1205 4240 1220 4275 :
1255 4236 1306 4276 et
1336 4224 1622 4278 Pet-tantm
1660 4224 1903 4286 bassam,
1947 4240 2035 4278 sa-

477 4317 544 4368 tis
598 4315 809 4376 innuis
879 4330 1001 4367 cum
1058 4313 1379 4378 'l'nrcorum,
1441 4314 1604 4385 360
1653 4312 2030 4377 Valachorum,

475 4406 910 4475 'l'atarurumque
933 4404 1128 4474 cupiis,
1168 4406 1455 4460 Erdeliano
1498 4405 1653 4474 bcgo,
1679 4405 1771 4473 qui
1835 4404 2031 4459 bellum

2153 3208 2273 3263 belli
2298 3209 2597 3263 exstiterat.
2633 3207 2876 3264 Bebecus
2903 3208 3015 3277 jam
3054 3218 3181 3263 ante
3205 3221 3488 3281 perspecta
3506 3211 3717 3269 victrici

2151 3300 2307 3355 toties
2334 3301 2534 3355 virtute
2558 3299 2888 3371 fortunaque
2923 3299 3176 3363 Suendii,
3201 3302 3347 3372 quod
3388 3318 3716 3376 magnopere

2150 3400 2432 3453 metueret,
2467 3406 2532 3445 ne
2562 3400 2746 3446 castro
2773 3402 3107 3461 expugnato,
3135 3382 3189 3445 in
3210 3392 3563 3448 laximiliani
3602 3411 3717 3449 meo

2149 3500 2270 3545 nus,
2304 3499 2426 3536 cum
2475 3484 2722 3552 praesenti
2747 3484 2868 3538 vita
2922 3484 3184 3553 periculo,
3238 3485 3496 3540 veniret:
3547 3503 3718 3543 uxore

2147 3573 2459 3642 faiitiliaque
2490 3572 2708 3627 Zatuari
2733 3588 2857 3625 cum
2895 3573 3151 3639 prrsidio
3192 3574 3409 3638 relicta,
3447 3574 3586 3643 iuga
3618 3578 3713 3631 he-

2146 3667 2339 3721 ueticio
2377 3667 2541 3723 saluti
2594 3680 2706 3721 suae
2756 3675 2968 3720 mature
3020 3665 3322 3721 consuluit.
3379 3667 3713 3735 Aliquandiu

2142 3760 2496 3829 perstiterunt
2544 3759 2597 3811 in
2684 3758 2966 3812 obsidione
3031 3759 3309 3812 toleranda
3366 3761 3711 3827 prasidiarii,

2140 3851 2285 3922 quod
2315 3852 2577 3906 machina.-
2604 3850 2809 3905 bellica:
2835 3850 2970 3903 nihil
3024 3866 3123 3904 nec
3174 3851 3331 3919 ipsis,
3383 3868 3483 3906 nec
3525 3865 3712 3908 castro

2140 3944 2322 3999 damni
2346 3944 2476 3998 dare
2502 3952 2748 4013 possent.
2781 3941 2883 3996 Cui
2921 3941 3066 3995 ευρ..
3090 3944 3200 3997 lius
3247 3944 3589 3997 incommolo
3618 3962 3708 3999 re—

2142 4034 2375 4088 medium
2402 4035 2753 4106 quatsiturus,
2785 4036 2914 4089 dum
2953 4035 3189 4105 ipsemet
3250 4036 3433 4088 omnia
3489 4036 3711 4090 circum.

2137 4141 2317 4180 arcem
2348 4126 2465 4180 loca
2496 4128 2791 4196 perlustrat
2812 4136 2868 4180 et
2890 4127 3161 4197 explorat,
3186 4128 3403 4197 agnitus
3427 4127 3498 4181 ab
3532 4129 3709 4184 hosti-

2139 4219 2238 4273 bus
2268 4236 2333 4273 ex
2357 4219 2551 4292 insigni
2572 4222 2891 4288 proceritate
2920 4221 3185 4290 corporis,
3208 4236 3316 4290 qua
3343 4222 3504 4292 longe
3535 4237 3704 4293 supra

2136 4319 2362 4367 caeteros
2391 4312 2684 4372 eminebat.
2704 4313 2882 4384 deque
2908 4313 3203 4369 comitatus
3232 4312 3569 4384 frequentia,
3603 4331 3705 4384 pa-

2139 4420 2257 4458 rum
2291 4405 2515 4459 omnino
2553 4403 2746 4469 abluit,
2798 4404 2927 4473 quin
2980 4404 3275 4459 discrimen
3320 4405 3446 4460 vite
3501 4406 3701 4461 adiret.

473 4508 662 4549 contra
704 4471 1128 4551 Maximilianum
1185 4471 1637 4567 prosequebatur,
1697 4471 1893 4550 adesse
1920 4471 2509 4563 jtts-Dl’etitttsenim
2560 4496 2736 4565 globis
2794 4471 3003 4565 aliquot
3062 4496 3432 4551 tormentariis
3484 4498 3606 4562 fuit,
3674 4515 3707 4552 ε

474 4593 564 4646 sit.
599 4589 822 4644 Doleo-at
855 4588 1169 4654 Erdeliano,
1200 4588 1502 4643 Suendinm
1556 4601 1702 4642 anno
1752 4588 2036 4657 superiore

473 4685 685 4752 cepisse
706 4685 987 4743 'l‘ocainm,
1021 4681 1203 4750 inquo
1231 4681 1448 4749 triginta
1485 4681 1691 4749 majora
1713 4681 2036 4750 minoraque

475 4783 746 4828 tormenta
777 4772 991 4838 bellica,
1027 4783 1220 4841 preter
1247 4772 1520 4841 ingentem
1546 4786 1722 4825 rerum
1774 4769 1915 4824 bello
1948 4787 2037 4823 uc-

475 4864 859 4927 cessariarum,
892 4878 1232 4933 annuumque
1269 4864 1480 4931 copiam
1513 4862 1828 4930 reperisset.
1888 4861 2032 4927 Qua-

478 4965 696 5025 propter
728 4970 848 5011 cam
872 4970 1052 5009 arcem
1085 4970 1408 5023 recuperare
1435 4956 1652 5019 statuit,
1675 4956 1851 5026 magni
1883 4956 2034 5009 scili-

475 5057 557 5101 cet
593 5048 797 5101 suasad
820 5062 909 5101 res
938 5049 1213 5113 tutandos,
1247 5047 1329 5100 vel
1349 5048 1696 5116 prolatandas
1734 5049 2032 5103 momenti:

474 5141 615 5208 quod
646 5149 788 5192 esset
814 5139 866 5192 in
904 5138 1153 5209 Ungarim
1179 5140 1281 5192 sita
1338 5138 1626 5202 limitibus,
1676 5151 1729 5193 et
1782 5138 1983 5193 Erdelii
2014 5158 2030 5206 ;

474 5229 689 5283 duobus
708 5229 959 5298 amnibus
1003 5228 1363 5294 circumdata,
1417 5227 1637 5283 Tibisco
1670 5240 1722 5282 ut
1760 5227 2032 5301 Bodrogo.

475 5320 695 5374 MJitom
727 5334 877 5385 ergo,
897 5335 1022 5373 cum
1053 5319 1353 5387 majoribus
1370 5323 1557 5375 decem
1583 5322 1847 5376 machinis
1870 5325 2032 5377 adhi-

475 5411 585 5473 bet,
620 5410 877 5475 omnique
911 5408 960 5460 vi
986 5417 1037 5462 ct
1061 5408 1258 5477 impetu
1301 5424 1616 5478 oppugnare
1674 5411 2032 5465 munitionem

479 5503 688 5569 incipit.
715 5500 787 5553 Ex
823 5499 989 5553 altera
1020 5510 1172 5569 parte
1204 5500 1476 5556 Sueudius
1513 5518 1632 5554 eam
1687 5502 1912 5556 minime
1940 5502 2035 5557 de-

474 5586 757 5646 serendam
791 5600 958 5650 ratus.
994 5606 1117 5643 cum
1143 5591 1246 5645 alia
1282 5589 1584 5645 defensioni
1628 5600 1785 5660 parat
1817 5592 2033 5657 idonea,

473 5682 895 5754 quihusdacobo
933 5682 1276 5753 ltamingero,
1302 5683 1460 5751 cujus
1488 5686 1599 5753 ipse
1631 5683 1751 5738 tidei
1772 5682 2031 5741 Tocaium

476 5778 846 5835 commiserat,
890 5773 943 5828 iu
969 5782 1210 5844 tempore
1241 5785 1627 5831 succurreret:
1692 5783 1807 5829 tum
1840 5776 1906 5830 ab
1934 5777 2033 5831 im-

2137 4587 2403 4641 macbinis
2442 4601 2551 4641 non
2587 4587 2837 4652 modicis,
2869 4601 3101 4655 quarunt
3137 4588 3589 4641 unnshumcrum
3624 4590 3698 4643 ita

2137 4678 2373 4740 strinxit,
2408 4687 2466 4732 ut
2502 4680 2666 4733 etiam
2692 4678 2856 4731 vestis
2888 4678 3011 4747 ejus
3056 4677 3179 4746 igne
3239 4685 3525 4745 concepto,
3558 4684 3699 4746 quod

2136 4783 2278 4830 esset
2305 4775 2370 4829 ad
2402 4772 2915 4845 pellendum't'rigus
2944 4773 3234 4829 hihcrnmn
3265 4773 3484 4830 suﬂulta
3549 4774 3703 4842 pelli-

2135 4864 2257 4929 bus,
2292 4864 2525 4919 arderet.
2559 4861 2929 4919 Nihilominus
2960 4863 3338 4918 commodiore
3361 4879 3458 4925 pro
3482 4864 3696 4917 machi-

2136 4956 2219 5009 nis
2253 4966 2467 5023 rcperto
2493 4955 2633 5020 loco,
2659 4962 2713 5007 et
2745 4955 2811 5010 iis
2844 4970 2967 5008 mox
2996 4955 3049 5008 in
3084 4954 3258 5013 illum,
3321 4971 3514 5018 magno
3570 4972 3695 5007 cum

2136 5049 2369 5103 militum
2405 5048 2607 5112 lnltore,
2636 5061 2772 5113 quos
2806 5048 2857 5099 in
2889 5046 3087 5109 oﬂlcio,
3122 5046 3166 5101 si
3207 5048 3498 5115 quiSquam
3530 5049 3695 5111 alius,

2136 5140 2224 5194 hic
2243 5155 2375 5195 sane
2402 5141 2506 5193 dux
2542 5140 2820 5193 continere
2854 5140 3044 5209 potuit,
3073 5139 3387 5202 translatis;
3424 5140 3489 5192 ad
3516 5150 3700 5193 cxtre-

2138 5244 2277 5281 tuam
2346 5228 3025 5297 redacti.desperationem
3076 5230 3424 5297 praesidiarii,
3474 5230 3696 5298 conjugi

2137 5318 2425 5388 perduellis
2457 5333 2519 5372 ac
2551 5317 2766 5371 inutilia:
2805 5320 3019 5387 sibique
3045 5319 3275 5371 salutem
3304 5326 3356 5373 et
3409 5320 3700 5373 incolumi—

2137 5417 2300 5463 tatem
2336 5409 2674 5477 pepigcrunt,
2712 5421 2872 5477 atque
2906 5408 2977 5460 ita
3018 5418 3259 5462 castrum
3283 5408 3695 5462 Suendiodedi—

2134 5500 2351 5556 derunt.
2377 5499 2425 5555 Is
2457 5516 2581 5553 vero
2614 5516 2715 5553 non
2742 5508 2946 5553 tantum
2966 5511 3114 5569 pacta
3142 5510 3404 5555 conventa
3434 5500 3698 5552 dedititiis

2139 5592 2275 5645 bona
2307 5590 2408 5646 tidc
2443 5592 2699 5653 servavit,
2720 5591 2812 5644 sed
2845 5590 3006 5643 etiam
3037 5589 3226 5643 Belieci
3248 5591 3531 5658 conjugem
3569 5604 3693 5643 cum

2138 5682 2335 5735 mundo
2364 5698 2463 5736 suo
2484 5680 2730 5734 muliebri
2750 5695 2792 5734 et
2821 5682 2939 5734 auis
2967 5680 3125 5736 rebus
3159 5697 3291 5750 quas
3314 5685 3506 5734 charas
3528 5684 3693 5734 babe-

2139 5776 2226 5830 bat
2260 5775 2406 5829 abire
2436 5775 2583 5830 omni
2608 5775 2810 5845 absque
2850 5770 3046 5842 injuria
3104 5783 3414 5844 passusest.
3472 5774 3686 5829 l’otitus
