4218 6308
572 304 677 367 667

1764 323 2089 385 JOANNIS
2122 330 2509 393 LEUNCLAV
2526 337 2579 395 ll

3700 334 3808 399 068

570 406 670 467 fuit
710 413 943 470 Zatuaro
970 418 1241 476 Sucudins
1278 423 1380 475 sub
1410 426 1644 480 medium
1674 444 1913 485 mensem
1943 430 2140 487 Janua—
2169 438 2214 495 Λ
2243 456 2344 503 qua
2378 442 2696 501 Ει-ιιριίηιιηε
2725 446 2886 501 etiam
2914 446 3487 517 comprclmmlclmur.
3528 448 3651 516 Ejus
3678 465 3805 503 cum

569 506 710 559 rium
743 522 889 564 anno
922 507 1302 565 Mabumetauo
1333 515 1437 568 9η
1469 518 1618 587 (Chr.
1648 520 1828 589 1562').

640 594 758 649 Non
784 616 977 669 magno
993 612 1115 669 post
1141 616 1353 672 captum
1375 607 1664 665 Zatuarum
1692 615 1952 682 temporis
1973 616 2140 669 inter-

567 689 715 757 jccto
736 693 912 760 Spatio
956 692 1231 752 Sueudius
1262 699 1353 767 qui
1410 701 1615 755 bellum
1652 703 1705 756 in
1786 707 1982 759 Erdelii
2018 708 2138 759 liui-

571 779 675 835 bus
704 799 892 850 gerere
920 802 1028 840 non
1059 788 1361 854 desinebat,
1388 793 1531 847 nulla
1556 794 1773 865 frigoris
1814 798 2024 852 hiberni
2053 816 2137 852 ra-

572 873 716 927 tione
750 876 956 943 habita,
990 879 1328 936 Muncazium
1359 900 1483 939 cum
1510 890 1625 942 suis
1658 890 1897 954 obsedit,
1956 892 2135 946 locum

574 968 1002 1023 munitissimum
1035 980 1090 1025 et
1120 973 1244 1026 huic
1270 974 1408 1029 bello
1432 978 1775 1034 coniiciundo
1792 996 1914 1035 cum
1944 984 2134 1051 primis

572 1056 864 1111 idoneum:
918 1063 1073 1131 cuius
1129 1065 1447 1131 praesidiarii
1509 1070 1670 1123 vitam
1739 1070 2135 1142 facultatesque

569 1150 746 1204 Salvas
779 1152 919 1219 pacti
954 1153 1283 1209 deditionem
1340 1157 1605 1216 fecerunt.
1647 1160 1719 1215 Ea
1756 1179 1839 1216 res
1886 1168 2131 1219 animum

571 1237 840 1294 Ertieliaui
875 1243 1101 1297 mirifice
1128 1249 1491 1315 perturbavit,
1526 1269 1621 1306 nec
1673 1256 1853 1309 minus
1884 1260 2133 1313 accendit

570 1335 784 1390 uttotis
813 1336 1021 1391 viribus
1075 1342 1331 1396 amissam
1394 1346 1750 1402 munitionem
1804 1365 2133 1418 recuperan-

566 1425 689 1476 dam
734 1436 1011 1484 statueret.
1049 1428 1164 1485 Non
1204 1438 1346 1489 enim
1404 1436 1589 1507 ignora
1631 1438 1741 1502 bat,
1796 1441 1894 1496 hac
1948 1453 2131 1512 paleae

563 1515 854 1570 transitum
886 1518 938 1571 in
964 1519 1242 1576 Poloniam
1269 1535 1322 1579 et
1346 1525 1590 1582 ltossiatn
1616 1546 1813 1599 :scque
1841 1534 2127 1603 praepediri

563 1619 829 1674 occupato
856 1609 1159 1679 Muncszio,
1198 1631 1306 1684 quo
1337 1618 1517 1673 minus
1546 1620 1599 1674 in
1634 1630 1910 1691 posterum
1948 1627 2129 1683 subsi-

560 1698 768 1755 diarias
798 1717 828 1757 e
859 1719 1030 1771 regno
1058 1704 1296 1765 Polonic
1321 1711 1509 1779 cupias
1535 1713 1733 1771 habere
1756 1726 1939 1786 posset
1969 1736 1985 1776 :
2019 1723 2123 1777 nisi

561 1807 658 1846 cas
688 1810 785 1863 per
806 1794 1126 1852 loldaviam
1160 1803 1326 1858 variis
1360 1804 1679 1877 ambagibus
1701 1819 1751 1864 et
1770 1812 1963 1868 itinere
1990 1814 2126 1869 dim-

560 1886 649 1940 cili
707 1891 892 1945 venire
919 1892 1095 1946 vellet.
1158 1898 1220 1947 At
1274 1911 1380 1951 nun
1423 1908 1716 1957 contentus
1771 1907 2128 1973 occupatione

562 1977 830 2035 Muneazii
862 1982 1158 2046 Suendius.
1193 2002 1317 2043 mox
1346 1989 1504 2043 etiam
1527 2006 1731 2046 corona
1760 1995 1981 2050 militari
2009 2015 2127 2051 tnu-

558 2068 820 2123 nitionem
850 2072 1167 2131 llnstianatn
1188 2080 1403 2149 cingere
1434 2086 1691 2151 perrexit.
1720 2085 1873 2153 Quod
1904 2090 2123 2161 quidem

558 2174 663 2214 non
697 2158 1016 2219 Erdelianus
1049 2177 1256 2224 tantum
1309 2174 1545 2240 graviter
1570 2190 1633 2230 ac
1688 2158 1935 2235 moleste
1958 2183 2081 2235 tulit
2105 2222 2120 2249 ,

558 2268 747 2309 verum
780 2258 942 2311 etiam
977 2257 1244 2316 Budensis
1268 2265 1424 2319 bassa
1452 2285 1464 2318 :
1502 2273 1594 2333 qui
1626 2268 1768 2323 datis
1787 2272 1853 2323 ad
1881 2271 2121 2343 impera-

558 2355 728 2401 torem
769 2348 1195 2406 Llasimilianum
1224 2353 1601 2427 frequentibus
1659 2359 1858 2417 litt-ris
1913 2364 2119 2419 hortari

554 2454 664 2493 non
693 2439 946 2495 cessabat
969 2454 1070 2497 uta
1096 2454 1272 2514 coepta
1300 2446 1586 2503 obsidione
1615 2448 1916 2507 Suendium
1947 2453 2122 2510 disce-

552 2537 683 2587 dere
701 2533 920 2602 iuberet
947 2555 1011 2588 ne
1038 2537 1355 2593 inchoatum
1376 2541 1526 2610 pacis
1543 2545 1934 2610 componendae
1960 2562 2118 2615 nego-

553 2628 691 2679 tium
728 2626 1099 2696 impediretur.
1123 2629 1295 2683 Simul
1339 2631 1501 2685 etiam
1554 2634 1670 2689 suis
1710 2636 1764 2690 in
1823 2638 2117 2695 consilium

554 2720 815 2775 adhibitis
842 2721 1183 2775 deliberabat
1209 2738 1225 2785 ;
1257 2736 1494 2789 quanam
1517 2727 1600 2778 via
1629 2737 1817 2794 posset
1877 2728 2117 2802 obsessis

552 2827 710 2881 opem
750 2813 913 2867 ferre.
949 2814 1191 2882 Cumque
1222 2816 1328 2883 iam
1383 2816 1589 2884 pridem
1623 2817 1691 2871 de
1754 2817 1905 2874 hisce
1954 2821 2116 2878 rebus

551 2906 808 2961 onmibus
836 2908 904 2960 ad
947 2908 1223 2962 sultanum
1281 2908 1534 2964 Seliinem
1562 2911 1834 2977 retuliset,
1868 2914 2116 2985 indigna-

553 3010 645 3050 tus
678 2998 766 3051 ille
791 2996 1085 3053 Pertavum
1128 3001 1346 3056 basssm
1412 3004 1715 3058 exercitum
1768 3022 1929 3060 suum
1984 3024 2110 3061 cum

2244 534 2363 586 alia:
2394 534 2535 598 leges
2566 546 2619 590 ct
2645 538 2983 593 conditiones
3004 549 3179 604 erant,
3200 552 3313 596 tum
3344 541 3420 594 uti
3444 541 3673 609 quisque
3702 541 3804 594 sibi

2245 625 2499 680 retineret
2530 630 2796 699 quidquid
2833 646 2899 686 eo
2933 632 3073 687 bello
3102 634 3359 701 cepisset.
3389 634 3456 689 Μ’
3505 648 3636 687 vero
3684 634 3805 703 plu-

2241 717 2439 770 rimum
2478 720 2833 777 Masimiliani
2876 724 3038 780 rebus
3065 725 3286 794 profuit.
3329 724 3462 778 Nam
3490 726 3625 780 finies
3670 740 3804 778 suos

2239 824 2401 876 opera
2430 812 2657 869 Suetnlii
2707 816 2786 871 sic
2850 817 3159 887 nmpliarat,
3216 830 3271 872 ut
3334 819 3404 872 ad
3444 818 3800 888 quadraginta

2241 900 2492 955 milliaria
2514 903 2835 961 Germanica
2869 907 2950 961 cis
2980 921 3035 962 et
3067 908 3208 963 ultra
3254 907 3533 963 Tibiscum
3569 909 3676 962 late
3703 909 3793 961 do-

2240 994 2715 1067 tninareturtqna
2771 999 2989 1067 quidem
3044 1002 3095 1053 in
3157 1002 3378 1072 regione
3435 1002 3617 1055 multa:
3673 1008 3801 1054 sunt

2239 1101 2413 1149 arces,
2445 1088 2625 1141 multa:
2650 1091 2976 1145 munitiones
3001 1092 3265 1161 insignes,
3318 1095 3511 1159 partim
3553 1094 3803 1147 abhoste

2237 1190 2429 1246 capta',
2482 1182 2679 1247 partim
2736 1182 2889 1237 facta:
2958 1184 3236 1253 diligentia
3302 1183 3553 1247 Snentlii,
3603 1187 3800 1254 partim

2236 1257 2699 1328 inchoatam'ldem
2759 1285 2816 1330 et
2848 1276 3028 1330 :erarii
3086 1278 3207 1329 novi
3265 1276 3571 1339 (Cameram
3640 1278 3800 1344 vulgo

2238 1366 2457 1431 vocant)
2489 1366 2540 1419 in
2578 1367 2645 1420 iis
2675 1368 2808 1423 locis
2845 1378 3037 1422 auctor
3059 1369 3293 1429 exstitit.
3322 1372 3387 1424 de
3412 1386 3521 1436 quo
3546 1386 3654 1423 non
3683 1371 3799 1427 leve

2235 1458 2538 1513 subsidium
2568 1460 2797 1530 publicis
2827 1460 2990 1516 rebus
3015 1464 3268 1524 accessit,
3326 1462 3543 1523 castris,
3568 1462 3799 1528 aliisque.

2238 1547 2637 1615 munitislocis,
2670 1566 2792 1605 cum
2865 1552 3095 1622 imperio
3149 1553 3469 1616 Germanos,
3527 1553 3688 1619 iustis
3744 1563 3801 1606 et

2234 1640 2490 1707 gravibus
2527 1640 2595 1697 de
2624 1641 2825 1705 causis,
2863 1641 3103 1712 pra-fecit
3128 1662 3142 1677 ’
3203 1652 3369 1699 totam
3402 1646 3632 1711 denique
3681 1661 3797 1698 retu

2239 1732 2572 1790 litnitaneam
2611 1746 2829 1789 matura
2867 1737 3225 1804 providentia,
3278 1746 3387 1790 tam
3417 1737 3471 1791 iit
3517 1737 3795 1807 Ungariae,

2233 1838 2393 1890 quant
2427 1824 2615 1880 vicina:
2646 1825 2843 1896 S‘tyriae
2870 1826 3065 1881 finibus
3093 1828 3376 1884 constituit
3405 1844 3420 1883 :
3450 1843 3599 1883 anno
3661 1829 3792 1895 975,

2228 1924 2283 1969 ct
2301 1912 2405 1970 976
2434 1914 2587 1984 (Cur.
2630 1914 2773 1972 1568
2799 1926 2850 1971 et
2886 1916 3070 1986 l569).

2301 2024 2412 2081 lloe
2440 2043 2586 2082 anno
2623 2027 2727 2084 976
2780 2030 2932 2092 (Chr.
2966 2031 3123 2092 l5‘59)
3186 2031 3682 2098 splendidissimum
3736 2042 3796 2087 et

2228 2117 2708 2175 instructissimum
2739 2119 2978 2176 Venetiis
3000 2122 3210 2184 navale.
3241 2122 3345 2178 sub
3364 2123 3599 2177 medium
3638 2140 3791 2177 men-

2226 2225 2341 2265 sem
2391 2211 2790 2279 Septembrem,
2848 2228 3082 2268 accenso
3130 2214 3487 2268 tormentario
3544 2213 3792 2282 pulvere,

2225 2301 2465 2354 maximo
2493 2316 2616 2356 cum
2666 2304 2974 2369 reipublicse
3030 2304 3357 2359 detrimento
3408 2303 3791 2373 conﬂagravit.

2225 2385 2424 2443 Ibidem
2457 2399 2564 2445 tam
2594 2392 2644 2445 in
2681 2393 2837 2454 urbe,
2873 2408 3038 2463 quam
3072 2403 3217 2448 terra
3276 2395 3614 2455 continente.
3670 2394 3789 2447 din-

2222 2487 2384 2533 turns
2408 2492 2461 2533 et
2502 2483 2761 2537 inusitata
2797 2486 3042 2551 quaedam
3099 2492 3219 2539 erat
3248 2500 3479 2540 animus:
3522 2486 3788 2539 cbaritas.

2219 2567 2582 2635 Quamobrem
2628 2573 2880 2626 sultanus
2932 2572 3183 2638 Selimes,
3242 2573 3368 2628 licet
3432 2574 3587 2628 initio
3636 2574 3788 2644 regni

2220 2678 2431 2729 pacem.
2460 2678 2489 2715 a
2518 2665 2826 2719 Soleimane
2844 2672 2999 2734 paer
3022 2681 3145 2719 cum
3170 2664 3391 2721 Venetis
3427 2667 3638 2730 initam,
3659 2684 3789 2721 eon-

2219 2753 2487 2819 firmasse,
2521 2766 2701 2810 tamen
2736 2758 2818 2811 vel
2850 2759 3150 2815 ambitione
3173 2760 3414 2830 propria,
3446 2760 3526 2815 vel
3558 2777 3786 2815 suorum

2219 2848 2478 2917 impulsu,
2504 2850 2584 2903 vel
2606 2850 2708 2902 hoc
2726 2848 3054 2905 Venetorum
3079 2853 3307 2905 adverso
3327 2866 3455 2904 casu
3479 2865 3784 2917 permotus,

2216 2938 2417 2994 bellum
2452 2941 2530 2994 eis
2563 2940 2767 2995 inferre
2795 2941 3007 3005 statuit,
3035 2938 3266 3009 qitarsito
3295 2948 3584 3010 praetextu,
3619 2940 3779 3009 quasi

2215 3030 2454 3101 Cyprum
2489 3033 2636 3085 nullo
2664 3032 2785 3100 jure
2816 3031 3181 3102 possiderent.
3218 3047 3340 3102 qua:
3368 3033 3441 3087 ob
3470 3033 3786 3087 successio-

554 3085 1184 3193 ¹ξ⁰¹³¹³2ίξὲ⁵⁶ξῦ¹⁰ὠνεῖ.
1230 3092 1777 3193 “Piiiconjm'cmm
1831 3098 1883 3149 i"
1933 3096 2185 3193 (Ριξξίό
2218 3085 2344 3176 nent
2402 3124 2579 3191 gentis
2633 3085 3180 3179 dentanidarttmdtt
3230 3085 3781 3193 iur—a‘sultanorum

553 3181 686 3232 riam
717 3180 874 3251 361
907 3183 1107 3236 duci-re
1161 3184 1349 3253 jussit.
1380 3184 1685 3253 Utrumque
1719 3195 1897 3239 tamen
1927 3190 1994 3243 ab
2027 3190 2110 3244 in-

552 3271 741 3326 stituta
776 3273 1006 3327 Selimi-s
1028 3276 1373 3341 expeditione
1407 3292 1529 3329 mox
1558 3282 1851 3346 revocavit,
1880 3297 2005 3336 cum
2029 3284 2112 3337 iu-

549 3364 864 3426 tellexisset,
926 3364 1238 3418 Verantium
1314 3366 1628 3435 Agrieuscm
1690 3373 1999 3440 prtesulem,
2056 3382 2113 3428 et

547 3455 708 3509 Cirris
736 3456 1001 3520 Opitttl'ltttt
1021 3454 1432 3511 Tifcmbachutn
1451 3459 1733 3527 baronem,
1748 3459 1954 3517 Vienna
1972 3463 2111 3519 Con-

545 3546 958 3607 stantinopolim
987 3548 1286 3617 ablegatos,
1339 3549 1404 3602 ad
1432 3564 1491 3603 se
1517 3554 1866 3609 contendere.
1903 3553 2109 3621 Quam-

546 3639 736 3691 nbu-m
778 3648 830 3690 et
863 3637 1130 3695 Budensis
1168 3640 1347 3703 bassa,
1382 3642 1565 3697 missis
1611 3642 1679 3697 ad
1728 3644 2109 3713 imperatorem

550 3729 978 3788 Nasimilianum
1006 3731 1324 3786 muneribus
1349 3733 1721 3801 amplissimis,
1782 3736 1937 3803 petiit
1968 3778 1989 3801 ,
2042 3753 2110 3793 ne

547 3821 758 3875 tntbat'i
789 3822 937 3890 pacis
970 3824 1346 3878 tractationem
1404 3833 1698 3893 pateretur.
1735 3826 1845 3881 Sua
1887 3828 2106 3899 quidem

546 3932 610 3968 es
640 3922 788 3981 parte
816 3915 1055 3968 futurum
1088 3917 1301 3983 agebat,
1357 3930 1413 3969 ut
1460 3916 1598 3986 palis
1652 3919 2108 3990 transﬂgerentnr

544 4021 757 4065 omnes.
784 4007 874 4075 qui
901 4004 1241 4076 perCmsaris
1269 4008 1407 4063 lines
1459 4010 1800 4065 excurrendo
1846 4012 2105 4067 damnum

544 4096 840 4149 dedissent.
897 4094 1018 4150 llaec
1068 4096 1155 4151 ille
1206 4098 1479 4153 multoties
1524 4097 1900 4168 pollicebatur,
1952 4104 2045 4159 sed
2076 4118 2109 4159 e

542 4191 761 4242 diverso
792 4190 962 4243 duces
991 4186 1286 4250 Erili-liaui.
1344 4205 1467 4245 cum
1519 4192 1818 4248 boendium
1856 4195 2107 4250 viderent

541 4284 741 4336 :litiisw
787 4283 1128 4338 (lassoviatu.
1161 4298 1227 4336 ne
1266 4296 1416 4351 spem
1474 4283 1623 4352 pacis
1674 4283 2100 4343 interturharet:

542 4372 783 4426 collectis
806 4387 908 4424 non
931 4372 1140 4439 magnis
1160 4372 1353 4440 copiis.
1379 4372 1736 4441 impressione
1755 4389 1852 4428 nec
1882 4379 2100 4443 opinata

544 4465 838 4520 itisnarum
875 4465 1051 4519 adorti
1085 4474 1362 4533 ceperunt,
1385 4467 1660 4532 occupatis
1684 4466 1844 4521 etiam
1876 4469 2101 4526 thermis

537 4574 678 4627 quas
706 4556 927 4611 Rivulos
948 4557 1299 4612 Domitiorum
1321 4559 1612 4629 appellant.
1634 4557 1739 4612 Has
1768 4559 1912 4612 enim
1933 4558 2101 4615 Sueu-

542 4650 667 4703 itins
714 4658 839 4703 ante
877 4647 1268 4703 bienniomeis
1290 4648 1584 4703 ademerat.
1645 4648 1698 4702 Id
1753 4650 1843 4703 ubi
1898 4650 2099 4705 factum

544 4739 792 4791 ltnherus
823 4738 1050 4808 accepit,
1072 4738 1279 4807 legatus
1307 4737 1554 4800 Sucndii,
1600 4755 1808 4808 magna:
1841 4740 1920 4793 vir
1951 4741 2101 4795 belli-

536 4831 619 4885 cis
647 4831 701 4885 in
733 4831 894 4886 rebus
920 4831 1218 4895 industria,
1249 4844 1371 4884 mox
1402 4845 1523 4885 cum
1554 4830 1713 4898 iustis
1737 4833 1977 4901 equitum
2010 4849 2100 4902 pc-

535 4925 821 4988 ditumque
846 4923 1022 4990 cepiis
1043 4923 1304 4986 accurrit,
1329 4931 1382 4977 et
1412 4924 1661 4977 hostibus
1719 4922 2097 4994 inexspectato

540 5029 643 5067 suo
669 5013 872 5068 territis
888 5016 1146 5073 adventu.
1172 5012 1489 5079 Risuarum,
1517 5013 1758 5067 adhibita
1791 5019 1838 5067 vi
1862 5016 2097 5070 maxima

540 5115 846 5175 recuperat,
880 5104 1249 5173 praisiiiiarios
1280 5104 1558 5168 interﬁcit,
1590 5121 1822 5175 moxque
1876 5109 2099 5165 Rivnlos

536 5202 701 5257 etiam
719 5201 869 5255 nullo
893 5202 1105 5268 negotio
1125 5199 1329 5266 recipit.
1351 5200 1562 5267 Quippe
1584 5214 1710 5253 casu
1743 5202 1975 5267 quodam
2008 5216 2099 5255 ac-

540 5303 706 5344 cense
734 5290 953 5359 pulvere
975 5288 1358 5349 tonueutario.
1390 5297 1631 5343 castrum
1657 5288 1849 5343 ardere
1897 5292 2094 5359 Cthit;

542 5384 771 5449 ideoque
802 5380 993 5449 majori
1021 5389 1174 5448 parte
1204 5388 1664 5448 propugnatorum
1726 5380 2016 5441 exstincta,
2045 5382 2097 5434 in

536 5472 742 5527 [iuberi
771 5481 1095 5541 potestatem
1128 5470 1292 5524 venit.

607 5565 769 5619 Anno
820 5560 1058 5628 ocnique
1122 5560 1500 5615 Mahumctano
1557 5560 1663 5618 975
1734 5560 1882 5632 (Chr.
1941 5563 2098 5630 1568)

542 5672 642 5727 pas
676 5670 872 5709 octavo
902 5670 1120 5723 quoque
1152 5670 1297 5709 anno
1321 5657 1633 5708 renovanda
1662 5655 1801 5708 inter
1858 5654 2099 5707 Maximz-

542 5750 743 5803 ltannm
793 5750 1117 5817 Augustum,
1191 5749 1572 5816 sultitwtnqne
1633 5747 1889 5801 bilimcm
1947 5749 2095 5807 coiit.

2216 3209 2456 3283 Egypti,
2492 3211 2555 3267 ad
2585 3228 2641 3266 se
2666 3212 2877 3269 directo
2922 3214 3237 3281 pertineret.
3268 3213 3421 3267 Licet
3476 3214 3620 3267 enim
3646 3213 3784 3267 Seli-

2214 3317 2332 3358 mes
2361 3319 2496 3360 avus
2523 3314 2577 3360 et
2614 3304 2955 3361 Soleimanes
2983 3315 3158 3373 pater,
3190 3306 3357 3359 annui
3398 3307 3607 3363 tributi.
3633 3305 3779 3376 quod

2212 3407 2245 3448 ι
2278 3390 2502 3449 Venetis
2527 3394 2646 3463 ejus
2677 3394 2829 3464 regni
2849 3395 3068 3449 nomine
3106 3394 3468 3464 pendebatur,
3504 3398 3783 3455 solutione

2211 3485 2477 3549 contenti.
2508 3486 2915 3555 possessionem
2963 3488 3158 3543 insulae
3222 3486 3448 3545 Venetis
3508 3490 3783 3549 hactenus

2212 3580 2562 3646 reliquissent
2590 3598 2605 3635 :
2633 3581 2843 3636 nullum
2874 3592 3052 3637 tamen
3087 3584 3193 3639 hoc
3234 3586 3339 3640 sibi
3380 3587 3606 3658 gignere
3636 3604 3777 3658 prae-

2206 3668 2472 3741 judicium
2510 3684 2669 3741 posse
2688 3670 2928 3735 dicebat,
2959 3675 3253 3742 quominus
3288 3676 3402 3747 iam
3435 3678 3643 3733 tributo
3694 3694 3777 3735 re-

2213 3760 2454 3830 pudiato,
2491 3777 2713 3831 regnum
2742 3762 2828 3818 sui
2857 3762 2998 3835 juris
3042 3777 3355 3837 occuparet,
3396 3783 3459 3824 ac
3489 3770 3595 3826 sibi
3646 3772 3776 3827 reti-

2212 3861 2383 3908 neret.

2280 3969 2471 4038 Itaque
2497 3985 2682 4027 mense
2732 3969 3033 4026 Februario
3067 3976 3344 4043 sequentis
3394 3978 3551 4041 anni,
3600 3978 3779 4035 Cuba-

2211 4069 2317 4115 tcm
2350 4060 2610 4117 Zattsium
2656 4062 3124 4132 Constantinopoti
3173 4064 3428 4122 Venetias
3483 4069 3777 4140 ablegavit,

2209 4154 2366 4222 quia
2398 4165 2590 4210 senatu
2652 4154 2894 4226 Cyprum
2948 4166 3259 4225 repeteret,
3322 4174 3387 4214 ac
3441 4164 3779 4221 recusaturis

2210 4247 2414 4301 bellum
2438 4246 2806 4302 denuntiaret.
2836 4248 3057 4317 Appulit
3083 4249 3129 4302 is
3156 4249 3404 4307 Venetias
3430 4254 3533 4308 sub
3562 4254 3773 4309 initium

2208 4338 2414 4393 mensis
2440 4338 2665 4407 Aprilis,
2698 4353 2843 4393 anno
2873 4340 2979 4394 977
3005 4341 3163 4407 (Chr.
3209 4343 3388 4414 1570),
3443 4355 3497 4399 et
3522 4347 3780 4401 mandate

2132 4434 2181 4495 D
2208 4428 2426 4485 Selitnis
2451 4432 2720 4500 exposito,
2740 4433 3009 4499 repulsam
3040 4433 3186 4487 tulit.

2276 4537 2615 4608 Quapropter
2640 4555 2825 4595 mense
2855 4538 2996 4593 Ilaio
3026 4543 3175 4597 missi
3215 4557 3337 4596 eum
3374 4541 3553 4601 classe
3582 4548 3776 4603 milite-

2207 4644 2313 4697 que
2345 4629 2582 4695 fuernnt,
2610 4631 2699 4698 qui
2742 4629 2943 4684 bellum
2967 4630 3225 4699 Cyprium
3250 4645 3524 4702 gererent,
3574 4635 3776 4692 “usta-

2209 4721 2346 4789 pltas
2382 4720 2563 4787 bassa,
2602 4721 2883 4788 copiarum
2912 4722 3279 4787 terrestrium,
3308 4732 3364 4777 et
3417 4725 3585 4779 Pialis
3624 4729 3773 4783 Alis-

2206 4825 2313 4881 quc
2336 4810 2533 4878 bassat,
2564 4812 2969 4867 classiariorum
3002 4813 3263 4883 praefecti.
3286 4814 3451 4870 Pialis
3474 4828 3768 4885 provectus

2206 4916 2331 4954 cum
2362 4902 2477 4955 suis
2507 4900 2574 4956 ad
2609 4899 2844 4966 Tenum,
2881 4902 3112 4957 insulam
3138 4902 3466 4958 Venetorum
3494 4908 3547 4960 in
3568 4906 3774 4975 ligato,

2208 4991 2353 5047 ferro
2373 5008 2435 5048 ac
2461 4992 2693 5048 ﬂammis
2716 5010 2857 5057 eam,
2883 5011 2990 5049 non
3016 4996 3135 5051 sine
3163 4999 3313 5067 gravi
3346 5008 3522 5053 tamen
3552 5015 3771 5054 suorum

2201 5084 2439 5151 jactura,
2477 5087 2742 5156 direptam
2805 5087 3061 5143 vastavit.

2281 5197 2462 5253 Hense
2488 5196 2651 5253 Junio
2670 5198 3031 5254 Sebastianus
3063 5202 3349 5268 Venerius,
3402 5202 3591 5257 insula
3640 5200 3771 5257 Cor-

2211 5306 2350 5360 cyra:
2374 5291 2608 5343 maxima
2642 5306 2763 5344 cum
2828 5300 3094 5359 potestate
3151 5307 3377 5361 praises.
3430 5292 3771 5362 Soppotoutu

2207 5391 2445 5435 castrum
2482 5381 2747 5445 Albaniae.
2794 5397 2901 5435 non
2969 5383 3155 5450 procul
3210 5400 3239 5435 a
3280 5382 3521 5454 Corcyra
3578 5384 3767 5444 situm,

2205 5474 2553 5542 expugnavit,
2581 5473 2741 5540 eique
2765 5472 3018 5540 priesidio
3046 5474 3322 5543 imposito,
3355 5490 3418 5528 ac
3450 5475 3613 5528 rebus
3676 5489 3769 5528 ue-

2207 5567 2467 5621 ccssariis
2488 5567 2720 5629 munito,
2747 5563 3045 5618 blanuelem
3080 5564 3439 5619 Murmuriutn
3466 5565 3765 5617 oriundum

2208 5675 2237 5710 e
2274 5656 2503 5724 Napolio
2531 5653 2810 5709 Romanis:
2843 5653 3153 5725 (Naupliam
3184 5655 3359 5725 Argia:
3407 5664 3619 5710 veteres
3669 5669 3765 5726 ap-

2212 5749 2498 5811 pellavere)
2553 5747 2811 5815 praefecit.
