4218 6308
517 292 626 360 669

1613 298 1992 366 SUPPLEM.
2032 303 2310 380 ANNAL.
2333 303 2637 367 TURCIC.

3637 303 3746 370 δτο

588 399 703 492 Sub
731 400 974 492 ejusdem
1031 403 1230 458 mensis
1284 405 1488 461 exitum
1531 405 1744 462 Marcus
1796 406 2078 474 Quirinus,
2109 434 2155 492 Α
2187 415 2387 471 Christi
2422 414 2581 479 M70,
2610 412 2701 483 qui
2739 410 3154 469 Maltutnetanus
3195 420 3313 468 erat
3340 412 3466 469 874.
3531 411 3750 471 Exstin-

520 490 716 546 classis
746 493 799 547 'rn
831 491 1149 549 Hadriatico
1172 496 1484 565 praefectus.
1511 513 1697 554 arcem
1728 501 1882 555 sinus
1945 498 2079 553 Mai-

520 585 705 638 nensis
729 581 981 653 (Mainam
1015 598 1144 643 sunt
1172 589 1266 658 qui
1295 589 1525 645 Leuctra
1549 592 1830 649 veteribus
1889 592 2078 661 appel-

521 675 684 727 latam
725 685 939 743 putant,
970 679 1148 748 ipsum
1183 693 1315 737 vero
1342 682 1526 738 sinum
1564 683 2084 749 Haincnsem,Mes-

523 763 854 835 seniacum),
889 767 959 824 ad
1017 778 1258 840 portum,
1310 786 1474 842 quem
1523 775 1689 842 vulgo
1741 773 2080 840 Qualliarum

521 853 638 908 sive
665 856 1006 911 coturnicum
1033 869 1251 928 vocant.
1287 864 1520 934 positam
1546 863 1780 919 feliciter
1804 879 2086 933 expugna-

522 943 621 1008 vit.
670 947 915 1016 actisque
940 948 1060 1018 sub.
1095 965 1158 1005 ea
1209 951 1497 1016 cuniculis.
1547 962 1604 1010 et
1652 955 1936 1023 supposito
1999 955 2084 1007 iu-

522 1049 802 1106 rensoque
828 1039 1051 1108 pulvere
1104 1047 1482 1112 tormentario,
1541 1045 1790 1100 funditus
1836 1060 2085 1100 eversam

525 1126 696 1181 diruit
725 1169 741 1195 ,
779 1143 848 1184 ne
877 1130 1125 1189 barbaris
1171 1135 1410 1206 amplius
1451 1145 1733 1205 receptum
1796 1139 2084 1207 praeberet.

595 1213 842 1287 Nicosia,
861 1219 1022 1292 Cypri
1045 1226 1384 1296 metropolis.
1409 1227 1514 1283 sub
1539 1231 1744 1284 exitum
1768 1228 1896 1284 Julii
1931 1245 2087 1284 men-

527 1303 603 1359 sis
641 1321 670 1359 a
701 1307 987 1378 Mustapha
1014 1313 1174 1369 bassa
1200 1316 1441 1371 obsideri
1465 1327 1664 1386 erepta,
1714 1330 1768 1373 et
1817 1319 2089 1376 acerrime

538 1403 648 1450 tam
673 1413 1012 1471 oppugnata.
1039 1420 1204 1475 quam
1235 1405 1484 1472 defensa,
1518 1408 1734 1464 tandem
1756 1407 1844 1464 die
1874 1410 2090 1467 decimo

530 1487 866 1556 Septembris
897 1495 950 1547 in
985 1494 1222 1551 hostium
1249 1507 1572 1568 potestatem
1631 1503 1802 1563 venit.
1863 1502 2092 1559 miserev

528 1593 636 1646 (1³³⁸
657 1582 866 1654 direpta
897 1584 1001 1641 fuit
1023 1605 1041 1654 ;
1067 1589 1224 1647 caesis
1251 1591 1632 1658 praesidiariis,
1659 1594 1934 1649 exstincta
1995 1610 2093 1649 no.

528 1669 1098 1748 hilitate,peresiguis
1147 1681 1396 1752 reliquiis
1427 1685 1681 1739 servituti
1738 1688 2088 1756 mancipatis.

2184 516 2272 563 cto
2299 522 2442 576 rege,
2476 509 2824 576 posthumum
2853 504 3034 576 regina
3091 518 3302 560 marem
3324 506 3486 582 parit,
3518 507 3610 576 qui
3667 513 3748 561 ta-

2186 614 2308 653 men
2344 614 2450 653 non
2481 598 2573 654 diu
2598 608 2874 668 superstes
2906 596 3028 651 fuit.
3057 595 3198 650 'l'um
3230 611 3359 651 vero
3417 593 3616 652 Veneti
3661 595 3746 650 vi—

2186 691 2307 747 dua:
2369 691 2721 760 persuadent,
2751 700 2812 745 ut
2849 703 3016 760 regno
3035 689 3272 752 cederet.
3301 689 3389 744 eui
3408 686 3750 744 defendendo

2189 795 2284 849 par
2315 780 2431 848 ipsa
2462 793 2568 834 non
2601 789 2762 842 esset.
2805 793 3096 848 annuaque
3125 779 3303 834 reditu
3361 789 3602 850 quatuor
3629 781 3631 783 ’
3654 787 3750 832 aut

2187 872 2430 942 quinque
2463 872 2690 926 millium
2738 870 3136 926 Zecchinorum
3167 877 3450 931 contenta,
3515 869 3748 940 patriam

2189 962 2481 1017 immortali
2521 961 2790 1017 beneﬂcio
2811 960 2916 1017 sibi
2946 961 3270 1015 devinciret.
3307 957 3419 1013 lloc
3445 958 3607 1012 modo
3664 973 3752 1009 re-

2189 1053 2344 1108 dacta
2380 1055 2433 1108 in
2487 1060 2807 1121 petestatem
2880 1050 3079 1117 insula,
3132 1049 3496 1106 nihilominus
3558 1046 3750 1103 Veneti

2189 1144 2407 1198 snltano
2432 1143 2706 1214 Egyptio,
2728 1144 2915 1198 tributi
2938 1142 3060 1211 ejus
3081 1143 3320 1206 nomine,
3342 1139 3493 1210 quod
3514 1139 3753 1196 Jacobns

2191 1251 2282 1290 rex
2313 1235 2386 1290 illi
2418 1235 2694 1304 pollicitus
2720 1234 2915 1300 fuerat,
2941 1249 3152 1291 merces
3181 1235 3234 1288 in
3263 1232 3438 1304 pactis
3463 1232 3753 1288 conventis

2187 1340 2476 1392 expressas
2507 1327 2803 1398 quotannis
2833 1327 3119 1380 mittebant
3150 1341 3165 1378 :
3219 1324 3396 1380 donec
3426 1338 3570 1378 anno
3589 1321 3756 1376 Chri-

2195 1417 2266 1474 sti
2308 1405 2466 1480 1517,
2495 1418 2588 1489 qui
2613 1417 3025 1473 Mabumetanus
3043 1425 3162 1472 erat
3186 1414 3314 1479 923.
3345 1415 3562 1470 sultauo
3586 1412 3758 1468 Tom-

2192 1508 2432 1563 mantbai
2473 1517 2528 1565 et
2583 1506 2954 1564 Mantelucisa
3009 1508 3230 1564 sultano
3279 1504 3483 1562 Selime
3534 1503 3756 1570 deletis,

2189 1611 2248 1658 et
2280 1597 2513 1670 Egypto
2535 1599 2804 1670 Syriaque
2827 1599 3130 1668 subiugatis
3149 1613 3473 1654 conversum
3496 1613 3527 1653 a
3551 1597 3753 1652 Selime

2192 1693 2424 1753 victore.
2506 1690 3045 1757 llamclucornmqne
3099 1703 3440 1749 successore.
3488 1687 3754 1742 tributum

528 1763 660 1822 Erat
683 1767 811 1824 olim
840 1767 1003 1844 Cypri
1034 1772 1209 1844 regia.
1237 1789 1362 1842 qua
1378 1787 1602 1832 centum
1627 1786 1684 1830 et
1701 1778 1935 1848 amplius
1963 1789 2091 1835 ante
2120 1758 2163 1813 δ
2193 1783 2296 1836 hoc
2325 1779 2425 1833 l‘uit
2451 1780 2504 1833 in
2538 1790 2745 1835 certum
2780 1780 3050 1853 pretium,
3088 1777 3340 1833 videlicet
3371 1776 3511 1832 8000
3564 1775 3753 1830 Zechi-

529 1856 633 1912 hoc
660 1867 873 1928 tempus
927 1863 1091 1916 annis
1139 1865 1355 1920 redacta
1405 1866 1583 1922 fuerat
1634 1868 1740 1924 sub
1798 1869 2090 1939 imperium

527 1950 731 2008 sultani
771 1955 1250 2030 Cairensis.eiqne
1274 1961 1379 2018 hoc
1407 1963 1566 2019 modo
1601 1962 1740 2020 facta
1773 1963 2088 2019 tributaria.

526 2040 690 2098 Anno
711 2044 1028 2105 Christiano
1064 2051 1201 2106 1425
1230 2052 1434 2108 bellum
1465 2065 1582 2108 erat
1611 2052 1752 2110 Jano
1782 2054 1927 2110 Petri
1956 2054 2088 2119 tilio,

527 2136 639 2202 regi
660 2132 886 2209 Cyprio,
917 2142 1010 2210 qui
1063 2143 1398 2212 penultimus
1454 2146 1559 2199 fuit
1612 2147 1759 2201 inter
1818 2146 2092 2214 legitimos

526 2227 690 2301 362
724 2245 879 2299 reges
906 2246 975 2286 ex
1003 2230 1314 2304 Lusignana
1358 2235 1589 2301 familia.
1657 2252 1784 2293 cum
1835 2235 2091 2308 Egyptio

526 2318 646 2374 sive
670 2319 918 2379 Cairensi
951 2327 1176 2380 sultano
1218 2324 1535 2388 Helechella
1564 2343 1580 2383 :
1608 2327 1876 2398 quohello
1902 2338 2092 2395 captus

528 2410 597 2465 ab
646 2413 804 2467 hoste
865 2415 1120 2486 Cyprius,
1165 2416 1455 2486 persolutis
1508 2431 1728 2476 centum
1773 2420 2089 2489 quindecim

529 2502 768 2560 millibus
791 2503 1248 2576 Seraphinorum,
1280 2509 1334 2563 lu
1374 2525 1597 2579 regnum
1632 2526 1756 2566 cum
1778 2521 1936 2582 pacto
1987 2513 2088 2568 tri--

527 2593 642 2650 buli
674 2597 838 2650 annui
870 2598 1200 2654 restituitur.
1228 2598 1279 2660 Is
1308 2594 1548 2656 moriens
1581 2602 1754 2657 lilium
1811 2602 2084 2658 Joannem

528 2684 1131 2755 reliquitimpuberem.
1162 2687 1249 2743 cui
1297 2688 1474 2756 primo
1499 2689 1877 2752 matrimonio.
1943 2700 2092 2761 post-

526 2793 694 2848 quam
720 2778 1067 2843 adolevisset,
1104 2779 1214 2835 lilia
1247 2779 1582 2838 Marcbionis
1622 2782 1742 2838 itali
1777 2783 2092 2840 Montisler-

527 2869 766 2925 ratensis
792 2872 980 2938 nupsit
1010 2890 1026 2938 ς
1059 2886 1164 2940 qua
1204 2884 1441 2943 mortua,
1481 2875 1740 2931 llelenam
1770 2874 2092 2948 Palaologi-

529 2974 652 3013 nam
685 2961 958 3017 duslt.Ex
985 2976 1050 3018 ea
1095 2973 1221 3019 nata
1275 2961 1378 3019 fuit
1430 2966 1591 3025 urtica
1652 2965 1763 3026 tilia
1810 2965 2089 3033 Karuiota,

527 3065 649 3115 qua:
679 3050 872 3109 Joanni
898 3053 1162 3110 Lusitano
1189 3055 1424 3123 primum
1451 3059 1655 3126 nupsit,
1687 3057 1774 3114 cui
1798 3058 2087 3127 praebitum

528 3157 804 3199 venenum
833 3152 1062 3203 mortem
1094 3146 1301 3202 attulit.
1326 3146 1456 3203 Erat
1479 3147 1753 3204 lim-uiola:
1776 3147 1898 3205 Jac.
1973 3149 2090 3204 rra—

531 3245 634 3299 ter,
664 3234 952 3305 illegitimo
979 3246 1102 3310 toro
1120 3244 1303 3300 natus.
1340 3239 1426 3293 cui
1485 3238 1660 3296 sacris
1687 3238 1840 3313 initia
1865 3254 1900 3298 o
1941 3250 2094 3311 pater

526 3325 1061 3397 archiepiscopatum
1112 3325 1822 3402 Nicosianumassignarat.
1883 3331 1935 3386 ls
1993 3332 2093 3388 im-

526 3419 755 3490 perandi
809 3420 1036 3476 libidine
1111 3419 1335 3487 ductus,
1397 3424 1774 3482 ecclesiastica
1831 3424 2094 3496 dignitate

529 3519 732 3579 spreta,
765 3527 990 3581 regnum
1026 3511 1234 3568 invadit
1267 3527 1337 3576 ;a
1384 3529 1494 3583 quo
1533 3523 1776 3583 tempore
1831 3514 2010 3574 dictus
2063 3530 2092 3568 a

527 3601 732 3659 Graecis
767 3603 978 3674 Cypriis
1020 3603 1122 3658 luit
1151 3603 1228 3659 Re
1249 3603 1422 3680 Zages
1456 3607 1561 3676 (sic
1582 3607 1729 3661 enim
1764 3605 1820 3662 in
1853 3609 2089 3676 quodam

529 3696 901 3767 tnanuscripto
931 3696 1110 3752 libello
1134 3711 1257 3751 meo
1285 3695 1477 3753 Graeco
1505 3698 1746 3768 legitur),
1769 3699 2093 3769 appellatio-

530 3801 599 3842 ne
633 3788 828 3856 partim
859 3788 1064 3854 ltalica,
1097 3789 1293 3858 partim
1316 3788 1544 3846 Gallica.
1599 3791 1737 3845 Nam
1767 3790 1936 3850 Gallis
1998 3789 2096 3848 Roi

529 3877 748 3949 laques,
779 3895 870 3933 rex
905 3878 1142 3935 Jacohus
1167 3890 1272 3936 est.
1338 3880 1600 3939 Karulota
1632 3882 1902 3938 secundas
1958 3899 2094 3953 nup-

530 3970 635 4025 tias
656 3985 777 4026 cum
818 3971 1095 4048 Ludovico
1131 3971 1368 4028 Sabaudi
1431 3975 1591 4029 ducis
1639 3974 1752 4028 lilio
1799 3976 2092 4030 contrahit.

530 4060 581 4116 Is
609 4061 839 4118 classem
877 4062 1151 4127 intruens,
1184 4064 1235 4116 in
1267 4063 1503 4134 Cyprum
1526 4077 1649 4119 cum
1668 4063 1932 4122 Karulota
1965 4080 2098 4122 con-

523 4152 655 4224 jnge
702 4153 1087 4224 proﬁciscitur.
1136 4153 1419 4210 Redeunte
1463 4155 1702 4227 legitima
1748 4159 1894 4226 regis
1963 4157 2092 4222 lilia,

525 4248 780 4316 iustaque
812 4248 964 4315 regni
997 4247 1228 4309 lucrede.
1260 4247 1497 4305 Jacobus
1529 4249 1733 4305 nothus
1763 4263 1931 4316 regno
1982 4252 2097 4320 pel-

525 4338 678 4392 litor.
704 4335 923 4404 Ejectus
952 4337 1016 4391 ad
1051 4338 1328 4394 sultanum
1357 4336 1572 4412 Ευριί
1629 4339 1913 4411 Syrizque
1964 4356 2094 4397 con-

530 4427 690 4498 fugit.
717 4428 1161 4499 Alesseraphum,
1190 4439 1244 4484 et
1264 4444 1421 4500 opem
1434 4431 1554 4499 ejus
1571 4431 1637 4485 ad
1658 4434 2093 4501 recuperandum
2131 4447 2170 4500 ι)

528 4535 757 4591 regnum
789 4520 1064 4590 implorat.
1094 4522 1367 4578 Assensua
1413 4524 1698 4592 postulatis
1741 4523 1931 4579 Jacobi
1983 4527 2097 4580 sui-

529 4625 714 4678 latms,
736 4629 858 4669 eum
885 4614 1043 4684 pulso
1074 4615 1311 4673 vicissim
1350 4629 1474 4670 cum
1499 4614 1764 4671 Karulota
1815 4616 2092 4685 Sabando,

527 4703 582 4758 in
609 4720 831 4774 regnum
862 4704 1092 4768 reducit,
1137 4715 1194 4760 et
1248 4707 1469 4759 nomine
1517 4705 1876 4760 restitutionis
1933 4708 2096 4777 hujus

526 4810 590 4848 ac
618 4794 866 4848 beneﬁcii
893 4794 1160 4848 tributum
1187 4809 1296 4849 non
1331 4796 1502 4848 invito
1532 4795 1785 4863 imperat.
1834 4796 1888 4849 ld
1922 4798 2097 4850 tribu-

528 4896 637 4939 tum
661 4901 724 4940 ex
753 4886 1027 4940 mercibus
1053 4888 1347 4955 quotannis
1371 4888 1593 4942 sultano
1625 4873 1901 4942 solvendis
1951 4905 2090 4943 cou-

530 4979 724 5041 stabat,
759 4987 910 5030 certo
946 4979 1207 5030 mercium
1233 4992 1457 5048 genere,
1517 4977 1938 5047 spceierumque
1995 4994 2096 5032 nu-

527 5081 679 5120 mero
702 5081 983 5136 expresso.
1012 5067 1252 5122 Necdum
1285 5068 1338 5123 id
1394 5069 1658 5139 temporis
1681 5084 1905 5124 uxorem
1937 5069 2094 5126 Jaco-

526 5157 627 5209 hus
653 5158 899 5210 duxerat.
931 5157 1119 5224 Itaque
1151 5156 1410 5214 Venetias
1446 5156 1748 5228 prolectus.
1813 5157 2088 5214 Ecateri-

525 5263 649 5299 Itum
679 5246 1002 5309 Curuaram,
1026 5250 1180 5315 prius
1206 5263 1237 5302 ιι
1265 5257 1458 5303 senatu
1491 5247 1675 5304 Sancti
1713 5249 1877 5304 Marci
1911 5249 2077 5305 tiliam

521 5337 855 5406 adoptatatn,
887 5339 1184 5394 cottstitula
1220 5339 1293 5392 de
1347 5340 1567 5409 publico
1597 5341 1748 5405 dote,
1807 5342 2093 5395 matrimo-

524 5426 616 5479 nio
646 5426 750 5480 sibi
782 5429 997 5495 capulo!
1026 5446 1041 5492 ;
1078 5440 1138 5482 ut
1177 5431 1280 5483 hoc
1329 5430 1626 5482 adﬁnitatis
1660 5429 1878 5484 Veneta:
1905 5433 2092 5484 vincu-

523 5520 596 5578 lo.
625 5520 1018 5584 potentissima
1048 5521 1184 5573 mari
1236 5521 1554 5598 reipublicae
1614 5522 1868 5591 praesidio
1921 5539 2090 5590 seque

523 5620 860 5676 regnumque
886 5624 1047 5662 suum
1082 5610 1369 5664 stabiliret.
1408 5611 1514 5666 Nec
1569 5612 1740 5666 multo
1772 5623 1912 5681 post.
1963 5614 2091 5668 reli-

523 5709 608 5753 Cta
635 5700 860 5766 coniuge
892 5715 1220 5770 pregnante,
1266 5703 1515 5757 mori'ur.
1545 5704 1781 5775 Contigit
1812 5706 1913 5760 hoc
1938 5720 2083 5760 anno

2193 1885 2385 1924 norum
2431 1887 2615 1939 :quos
2638 1869 2794 1940 Cypri
2845 1869 3064 1926 nomine
3090 1871 3326 1924 aultanis
3388 1867 3638 1924 'l'urcicis
3686 1881 3754 1921 ex

2189 1977 2258 2018 co
2283 1971 2524 2031 tempore
2547 1961 2736 2017 Veneti
2791 1962 3188 2029 persolverunt,
3250 1961 3424 2016 donec
3470 1976 3499 2015 a
3553 1958 3759 2014 Sclime

2191 2054 2455 2112 secundo.
2479 2052 2716 2126 Cyprum
2747 2053 2852 2108 sibi
2887 2069 2985 2108 ceu
3007 2053 3235 2108 dondno
3293 2054 3524 2112 directo.
3597 2065 3758 2119 repe-

2193 2155 2341 2199 tente
2371 2145 2572 2199 bellum
2595 2144 2662 2198 dc
2689 2159 2799 2215 quo
2838 2158 2984 2200 nunc
3013 2145 3248 2214 agimus,
3281 2144 3541 2199 indictum
3581 2140 3762 2196 Vene-

2191 2242 2261 2294 tis
2291 2240 2414 2294 fuit.
2475 2238 2644 2308 Capta
2693 2236 2932 2303 Nicosia,
2992 2237 3377 2311 Famagustam
3442 2235 3759 2304 Mustaphas

2192 2332 2352 2386 bassa
2382 2332 2596 2386 tandem
2624 2330 2875 2387 obsidere
2903 2333 3066 2400 rapit
3101 2344 3250 2386 anno
3305 2327 3599 2384 Mabumet.
3646 2326 3754 2382 578

2192 2422 2344 2495 (Chr.
2369 2422 2549 2491 l57l),
2577 2423 2680 2478 sub
2704 2421 2941 2477 medium
2973 2435 3211 2479 mensem
3234 2423 3485 2490 Augusti.

2261 2561 2421 2616 Anno
2453 2559 2556 2617 979
2591 2558 2744 2630 (Chr.
2780 2557 2960 2628 1572).
2991 2557 3121 2613 dum
3151 2553 3518 2617 obsideretur.
3554 2560 3605 2606 et
3635 2564 3762 2621 gra-

2191 2649 2414 2707 vissime
2437 2667 2468 2706 a
2501 2649 2695 2709 Turcis
2722 2659 3130 2721 Oppugnaretur
3174 2644 3526 2714 Famagusta,
3563 2640 3761 2697 classis

2192 2740 2421 2798 Turcica
2469 2741 2728 2800 damnum
2784 2739 3004 2797 illatura
3054 2739 3390 2795 Venetorum
3443 2735 3644 2791 insulis
3703 2734 3759 2788 iu

2192 2834 2399 2905 Egeo,
2430 2835 2510 2889 Ali
2539 2837 2699 2891 bassa
2729 2827 2867 2891 duce
2917 2835 3135 2890 Cretam
3168 2831 3453 2902 (Candiam
3487 2843 3631 2884 intnc
3661 2840 3761 2880 vo-

2191 2926 2341 2995 cant)
2372 2926 2546 2997 petiit,
2584 2925 2677 2980 ubi
2704 2924 2953 2996 exposito
2978 2925 3032 2980 in
3066 2935 3264 2980 terram
3298 2920 3758 2988 milite,sa:vitum

2196 3020 2249 3074 in
2273 3018 2461 3075 obvios
2500 3018 2828 3075 immaniter.
2872 3018 3092 3073 Munitis
3131 3016 3514 3073 civitatibusct
3544 3013 3762 3084 oppidis

2118 3112 2160 3170 ϐ
2192 3113 2266 3175 ita
2290 3122 2634 3182 prospectum
2672 3117 2882 3164 mature
2917 3108 3139 3164 l‘uerata
3175 3105 3637 3178 gubernatoribus
3672 3104 3758 3157 in-

2192 3205 2346 3268 aulae,
2372 3204 2583 3257 nullum
2616 3209 2675 3256 ut
2709 3202 2778 3256 ah
2809 3201 2967 3256 hoste
3023 3200 3410 3254 detrimentum
3431 3198 3761 3266 acciperent.

2191 3295 2385 3352 Solum
2448 3293 2774 3366 Rhetymum
2818 3293 3044 3348 adortus
3113 3289 3376 3356 Vluzalis,
3443 3288 3764 3358 Aphricana‘

2193 3387 2468 3445 Barbaries
2524 3386 2898 3457 prosultanus,
2936 3382 3096 3454 cuius
3161 3391 3289 3438 ante
3345 3383 3490 3437 facta
3535 3381 3765 3444 mentio.

2192 3486 2336 3552 quod
2369 3476 2436 3535 ab
2456 3478 2648 3534 incolis
2676 3479 2950 3532 desertum
2973 3476 3190 3538 luisset,
3219 3473 3436 3530 nemine
3464 3472 3755 3528 resistente

2195 3586 2381 3629 mense
2402 3568 2566 3625 Junio
2597 3570 2848 3623 vastavit.
2901 3569 3018 3623 Alis
3051 3568 3208 3622 bassa
3235 3564 3454 3620 tandem
3484 3563 3763 3620 recensitis

2193 3665 2369 3734 copiis
2400 3664 2537 3729 suis,
2563 3663 2709 3732 quod
2740 3662 2883 3732 apud
2915 3662 3066 3730 ipsos
3100 3674 3195 3730 per
3223 3658 3378 3712 fabas
3427 3655 3516 3710 vel
3572 3669 3765 3724 aspros

2196 3762 2309 3817 lieri
2333 3760 2639 3826 consuevit,
2677 3771 2802 3814 cum
2839 3757 2979 3812 3700
3028 3754 3280 3810 amisisse
3309 3765 3369 3806 se
3395 3751 3620 3813 videret,
3679 3762 3760 3801 re-

2195 3853 2320 3909 liitc
2356 3852 2517 3906 Creta
2551 3849 2804 3918 Cerignm
2857 3844 3051 3900 Veneti
3093 3842 3238 3915 juris
3265 3859 3296 3899 e
3354 3842 3579 3910 regione
3634 3852 3761 3908 pro-

2196 3938 2456 3996 tnuntorii
2495 3937 2675 3993 Itale:
2704 3936 2865 3992 sitam
2925 3933 3183 3992 insulam.
3213 3928 3512 3999 (Citheram
3575 3929 3763 3983 dixere

2196 4031 2427 4101 veteres)
2456 4031 2523 4083 ad
2557 4025 2743 4083 Sancti
2793 4025 2998 4082 Nicolai
3053 4034 3266 4094 portum
3304 4020 3524 4080 invasit.
3559 4030 3614 4074 et
3649 4033 3760 4071 nta-

2192 4127 2300 4197 jnri
2332 4141 2396 4181 ex
2436 4138 2586 4196 parte
2606 4121 2857 4192 diripuit.
2889 4120 3016 4175 lude
3034 4116 3300 4189 Zacynthi
3324 4126 3378 4172 et
3399 4113 3764 4186 Cephallenia

2197 4219 2476 4274 sulmrbiis
2510 4231 2572 4271 ac
2600 4217 2733 4272 vicis
2757 4213 2968 4269 excidio
2998 4211 3140 4265 datis
3169 4212 3352 4278 (arces
3408 4207 3552 4262 enim
3579 4205 3761 4275 prmsi-

2197 4311 2302 4364 diis
2324 4318 2380 4363 et
2409 4321 2574 4378 opere
2613 4308 2695 4359 sic
2719 4305 3029 4360 munierant
3057 4301 3267 4367 Veneti,
3327 4308 3388 4353 ut
3440 4312 3534 4352 cas
3585 4298 3762 4352 bustis

2180 4401 2412 4471 aggredi
2445 4413 2549 4454 non
2568 4395 2838 4466 auderet),
2865 4393 3204 4464 SuppOlOtlm
3247 4392 3421 4462 pergit
3440 4391 3554 4444 Alis
3578 4390 3759 4455 bassa,

2200 4506 2537 4561 numeroque
2573 4490 2808 4543 militum
2856 4486 3131 4556 Superior,
3162 4483 3323 4539 caesis
3360 4483 3600 4552 captisve
3627 4496 3765 4549 pra:-

2199 4582 2467 4647 sidizlriis.
2517 4595 2700 4635 arcem
2743 4578 2980 4648 recipit:
3042 4576 3201 4646 cujus
3255 4575 3424 4629 etiam
3472 4572 3761 4641 pra'l’ectus

2195 4675 2412 4731 Manuel
2447 4671 2799 4738 Hurmurins,
2837 4672 2920 4723 vir
2964 4670 3103 4725 bello
3147 4678 3430 4731 strenuus.
3495 4666 3550 4718 in
3586 4665 3762 4719 hostis

2195 4779 2518 4841 potestatem
2551 4765 2719 4821 venit.

2265 4901 2406 4958 Hinc
2429 4900 2714 4955 obsessqu
2740 4907 2884 4953 terra
2945 4899 3192 4964 marique
3237 4893 3564 4956 Dnicinium,
3592 4893 3758 4946 situm

2197 4994 2251 5047 in
2287 4994 2528 5049 Albaniae
2559 4992 2944 5060 Dahnutircque
2987 4990 3188 5044 liuihua
3215 4987 3500 5057 oppidum,
3573 5001 3758 5038 mense

2192 5082 2339 5140 Jttliu
2364 5083 2557 5138 Turcis
2589 5099 2649 5138 se
2679 5080 2926 5139 dedidit:
2962 5081 3176 5136 civibus
3240 5079 3549 5132 libertatein
3574 5092 3754 5139 suam,

2195 5177 2463 5232 militibus
2480 5176 2602 5230 vita
2626 5176 2799 5245 pactis
2833 5171 3286 5228 incolumitatem.
3316 5165 3423 5222 Sed
3458 5169 3586 5220 dum
3626 5182 3758 5220 con-

2193 5269 2422 5325 tendunt
2449 5267 2598 5321 inter
2648 5281 2709 5322 se
2759 5265 2954 5325 hasste.
3011 5276 3249 5331 quorum
3299 5261 3436 5314 alter
3494 5260 3754 5327 oppidum

2192 5356 2547 5414 terrestribus
2576 5352 2936 5425 copiis,aiter
2998 5351 3134 5405 mari
3200 5351 3515 5413 obsederat,
3575 5353 3756 5403 utrius

2190 5466 2310 5504 esse
2339 5440 2594 5501 deberet:
2627 5447 2868 5515 plerique
2892 5457 3153 5498 onittestu
3180 5445 3499 5496 servitutem
3533 5441 3752 5493 ahdurti

2191 5538 2433 5599 luerunt,
2461 5536 2700 5604 exceptis
2738 5535 2902 5588 Sarra
2951 5533 3308 5600 Ilartincngo,
3351 5528 3627 5580 Dalmatia:
3655 5542 3753 5581 su-

2192 5644 2375 5697 premo
2432 5642 2555 5680 cum
2611 5629 2838 5694 imperio
2895 5627 3278 5697 gubernatore,
3307 5636 3369 5674 ac
3422 5617 3602 5671 Maneo
3652 5617 3752 5672 Ve-

2193 5718 2361 5775 netiu.
2397 5717 2628 5772 Dulcinii
2656 5717 2929 5774 urge-leue.
