4218 6308
545 302 642 364 671

1768 318 2092 379 JUANNIS
2119 320 2575 381 ιιΕυΝΠΜΠΙΙ

3683 321 3793 384 672

619 413 771 470 Tunc
793 419 955 473 etiam
983 420 1143 478 Turci
1200 424 1353 493 potiti
1418 425 1641 481 fuerunt
1689 428 1966 493 Autibari.
2021 447 2112 500 per
2147 445 2186 498 Α
2219 436 2341 499 viri,
2378 438 2773 505 magmisregni
2801 436 3037 490 Castiliu;
3058 435 3497 497 Comtucudator,
3521 436 3791 489 Ascanius

550 524 817 562 summam
846 511 1113 580 ignaViam
1139 518 1461 571 deditionem
1520 520 1753 574 faciente
1808 521 2117 576 Alexandro

556 597 762 653 Donato
821 606 1109 671 profecto:
1178 611 1417 679 itemque
1473 610 1669 676 Butua,
1725 630 1846 681 qua:
1900 615 2113 669 defendi

552 706 659 743 non
695 696 888 759 potuit,
923 698 1071 765 quod
1107 710 1251 753 esset
1288 718 1477 758 versus
1546 720 1696 758 mare
1736 718 1929 774 parum
1993 723 2080 760 mu

555 791 688 835 mla.

630 875 864 931 Vluxalis
929 889 977 934 et
1003 880 1273 951 Caragnsa
1332 886 1546 948 lluisus,
1589 901 1712 939 cum
1766 888 1830 939 ad
1882 888 2114 941 insulam

557 967 840 1021 l.iesenam
893 975 1231 1039 appulissent
1291 976 1512 1045 (Farum
1576 978 1834 1034 Dalmata:
1897 993 2113 1045 vorant,

559 1058 647 1111 ubi
681 1060 937 1117 Fareusis
968 1074 1051 1119 cst
1085 1067 1487 1138 episcopatui),
1514 1072 1775 1125 suburbia
1809 1074 2116 1141 depopulati

556 1161 700 1215 sunt,
756 1169 963 1217 arcem,
988 1175 1149 1225 quam
1183 1162 1392 1229 egregie
1422 1166 1682 1217 munitam
1716 1166 1969 1227 vidimus,
2002 1175 2119 1219 ten-

557 1250 668 1294 tare
701 1259 805 1296 non
833 1247 977 1301 ausi.
1012 1246 1235 1303 Liesrna
1274 1252 1482 1315 relicta,
1520 1254 1806 1308 Curzolam
1851 1257 2121 1321 petierunt

556 1348 716 1395 quam
750 1333 1040 1405 Corcyram
1068 1337 1283 1408 Nigrum
1312 1353 1529 1406 vocant,
1566 1345 1707 1397 haud
1740 1347 1929 1410 procul
1996 1345 2120 1399 inde

552 1424 801 1481 dissitaui
837 1446 851 1481 :
883 1430 972 1485 cui
995 1432 1213 1500 quidem
1241 1433 1430 1487 insulae
1461 1436 1594 1489 nihil
1626 1436 1786 1507 363
1840 1438 1983 1491 aliud
2031 1440 2119 1492 de-

554 1518 685 1571 dere
718 1520 922 1588 damni,
951 1538 1113 1590 quam
1168 1526 1313 1592 quod
1374 1524 1571 1579 Ulatim
1630 1543 1825 1596 pagum
1888 1527 2123 1582 ﬂammis

557 1609 772 1676 injectis
811 1624 1157 1669 exusseruut.
1210 1614 1343 1671 Nam
1407 1633 1529 1672 cum
1594 1622 1854 1689 oppidum
1906 1621 2118 1685 insulae,

554 1702 699 1769 quod
726 1704 904 1770 ipsum
930 1722 1147 1776 quoque
1176 1707 1424 1763 Curzola:
1475 1726 1671 1762 nomen
1707 1710 1891 1775 habet,
1926 1726 1954 1765 a
1989 1712 2121 1765 viris

2219 528 2807 591 Coruianus,Jomncs
2856 530 3099 585 Andreus
3138 530 3295 582 Doris
3349 527 3603 596 princeps
3661 524 3796 579 κει*

2220 624 2496 689 pbitanus,
2518 623 2853 690 Augustinus
2880 621 3227 687 llarbarigus.
3258 620 3467 674 Marcus
3502 618 3789 682 Quirinus.

2219 715 2490 766 Antonius
2521 714 2761 775 (Ianalis,
2796 711 2985 768 Veneti
3022 733 3035 766 :
3070 711 3374 766 Alexander
3409 714 3535 763 item
3590 708 3791 762 Farne-

2218 806 2355 868 sius,
2404 801 2611 859 Octavit
2665 805 2819 860 ducis
2870 804 3034 869 titius,
3101 804 3354 872 princeps
3408 798 3723 855 Parmensis
3768 816 3783 863 ;

2221 894 2544 950 Fraueiscus
2568 896 2758 961 Maria,
2790 895 3058 951 Guidonis
3084 895 3271 949 Ubaldi
3293 895 3455 954 titius.
3491 892 3788 951 Rovereus.

2221 986 2411 1042 Urbini
2449 989 2724 1058 princeps,
2779 987 2983 1045 Paulus
3034 988 3309 1043 Jordauus
3372 984 3627 1044 Ursinus.
3677 984 3787 1036 dux

2221 1080 2634 1135 Braccianensis
2675 1098 2690 1146 ;
2730 1080 2962 1135 Alvarus
3008 1080 3257 1135 marchio
3298 1078 3511 1133 Sancta:
3571 1072 3789 1129 Crueis.

2220 1183 2273 1225 ct
2310 1172 2397 1226 alii
2423 1173 2625 1241 plures.
2653 1172 2777 1227 llaec
2810 1172 3008 1227 classis
3052 1188 3177 1227 cum
3233 1186 3419 1226 mense
3483 1167 3790 1236 Septembri

2223 1263 2471 1319 Messana
2496 1263 2693 1319 Sicilire
2715 1263 2987 1324 solvisset.
3011 1263 3345 1331 hostilesque
3362 1261 3580 1315 navales
3602 1258 3796 1328 copias

2222 1357 2288 1410 ad
2315 1356 2643 1411 lnebecluim
2672 1356 2975 1411 subsistere
2997 1356 3101 1425 (sic.
3134 1353 3296 1408 Turei
3323 1352 3608 1405 nominant
3657 1349 3795 1402 civi-

2224 1460 2412 1511 tatem,
2437 1462 2597 1514 quam
2647 1446 2816 1501 nostri
2873 1444 3176 1513 chantum
3233 1444 3533 1513 appellant,
3585 1450 3797 1495 veteres
3860 1508 3863 1509 ν

2223 1540 2411 1592 dixere
2450 1536 2813 1606 Naupactum)
2862 1538 3173 1591 nuntiatum
3226 1546 3369 1591 esset
3401 1554 3414 1588 :
3447 1534 3665 1587 tandem
3729 1532 3795 1584 ad

2228 1641 2447 1698 portum
2473 1630 2665 1683 insulae
2702 1628 3091 1698 Cephalleniae,
3137 1644 3301 1698 quem
3366 1629 3521 1681 vallis
3561 1628 3801 1680 Alexan-

2223 1721 2392 1774 drina:
2434 1730 2650 1783 vocant,
2682 1722 2910 1788 appulit.
2933 1720 3124 1774 Stabat
3160 1718 3303 1773 haud
3326 1721 3513 1787 procul
3540 1733 3569 1771 a
3602 1719 3804 1772 nostris

564 1797 868 1861 desertum.
960 1802 1405 1871 aggrederentur,
1466 1819 1494 1856 a
1582 1804 1819 1867 tctninis,
1878 1805 2124 1859 animose
2158 1844 2197 1897 Β
2227 1810 2280 1863 in
2316 1810 2675 1865 lnebechtino
2699 1816 2847 1874 sinu,
2878 1811 2972 1879 qui
3000 1809 3319 1865 Corinthius
3349 1810 3482 1864 olim
3524 1823 3805 1876 nuncupa—

482 1956 485 1957 ν
560 1891 787 1956 patriam
817 1890 1262 1956 defendentibus.
1294 1895 1646 1949 memorabili
1712 1912 1835 1949 cum
1887 1901 2121 1950 marium

554 1979 1006 2054 Curzolanorum,
1036 1997 1093 2041 et
1142 1986 1383 2057 ipsorum
1411 1988 1920 2051 hostiuminfnmia.
1970 1988 2127 2044 femi-

563 2079 758 2143 ueique
812 2093 981 2134 sexus
1040 2080 1332 2134 immortali
1385 2080 1567 2146 laude,
1627 2081 1815 2150 rcji-rti
1882 2081 2122 2138 fuerunt.

631 2166 1014 2238 Famagustani
1038 2188 1132 2240 per
1188 2173 1460 2241 integrum
1491 2188 1695 2227 annum
1730 2174 1960 2237 obsessi,
2006 2189 2127 2228 cum

558 2259 785 2315 fortiter
818 2261 1082 2319 hactenus
1107 2278 1322 2319 onmem
1363 2264 1473 2319 vim
1532 2266 1782 2321 h0$tilcm
1834 2266 2129 2323 Sllxlittllls-

559 2362 684 2408 sent
716 2370 732 2407 :
765 2354 979 2409 tandem
1015 2356 1068 2409 in
1090 2366 1331 2411 extrema
1356 2373 1537 2413 rerum
1594 2361 1838 2413 ouiuium
1904 2363 2128 2429 penuria

559 2446 887 2502 deditionem
915 2447 1182 2512 fecerunt,
1216 2450 1299 2504 his
1331 2449 1544 2521 legibus
1578 2462 1675 2507 :ut
1727 2450 1943 2507 Venetis
2006 2456 2130 2507 vitai

560 2540 952 2593 concederetur
982 2542 1351 2605 ineolumitas,
1380 2551 1434 2597 et
1466 2544 1546 2598 uti
1574 2559 1697 2598 cum
1732 2546 1898 2598 armis
1928 2544 2041 2599 suis
2066 2560 2129 2599 ac

560 2632 914 2687 facultatibus
955 2632 1008 2687 in
1032 2632 1250 2689 Cretam
1278 2635 1673 2690 deducerentur
1703 2656 1717 2703 ;
1742 2636 1912 2691 Graeci
1938 2636 2131 2693 doums

561 2740 686 2776 suas
740 2725 1063 2792 incolerent,
1122 2729 1560 2797 possessionibus
1625 2730 1739 2785 suis
1791 2730 2127 2797 fruerentur,

564 2821 668 2867 ritn
694 2814 1010 2873 Christiano
1064 2822 1330 2875 viverent.
1375 2822 1586 2889 Quibus
1641 2823 2048 2879 conditionibus
2099 2839 2129 2878 a

562 2907 837 2975 Muistapha
875 2912 1055 2976 bassa,
1096 2914 1252 2969 initio
1282 2917 1486 2970 mensis
1545 2918 1792 2986 Augusti,
1836 2933 1978 2973 anno
2027 2918 2132 2973 979

561 3001 711 3065 (Chr.
745 3002 925 3073 157%),
969 3006 1203 3059 laudatis
1221 3018 1275 3061 et
1296 3009 1627 3078 approbatis.
1658 3012 1937 3080 ipsiusque
1967 3027 2130 3066 manu

562 3098 895 3165 subsignatis
921 3115 937 3151 :
972 3098 1057 3153 die
1089 3106 1283 3168 quluto
1311 3101 1443 3154 dicti
1465 3101 1668 3154 nicusis
1689 3101 1916 3169 Augusti
1936 3102 2132 3171 prodiit

2229 1903 2412 1967 batur,
2449 1904 2640 1956 classis
2663 1903 2896 1956 hostium
2932 1920 2943 1954 :
2980 1902 3066 1955 cui
3110 1916 3233 1954 cum
3277 1902 3506 1968 imperio
3529 1909 3797 1968 praeerant

2232 1989 2495 2047 Perlavus
2518 1992 2675 2047 bassa
2701 1993 2981 2061 copiarum
3019 1992 3385 2053 terresuium,
3417 2000 3469 2044 et
3506 1990 3802 2046 Alisbassa

2229 2083 2502 2137 sociorum
2528 2082 2932 2136 navaliumdux
2978 2096 3289 2149 supremus.
3337 2081 3483 2135 inter
3544 2079 3668 2142 hos.
3715 2094 3809 2135 co-

2228 2172 2377 2241 gnito
2405 2172 2725 2227 Christiania
2752 2174 2947 2227 classis
2980 2174 3240 2237 adventu,
3275 2173 3669 2228 sententiarum
3717 2174 3803 2225 di-

2232 2265 2457 2319 versitas
2490 2267 2721 2321 exstitit.
2751 2267 3012 2321 Pertavus
3046 2266 3431 2321 abstinendum
3468 2266 3743 2335 judicabat
3770 2280 3803 2320 λ

2232 2358 2441 2426 praelia,
2482 2360 2623 2426 quod
2655 2358 2945 2424 conjuncta
2971 2358 3078 2426 jam
3097 2356 3535 2414 Christianorum
3591 2357 3801 2422 classis,

2233 2451 2395 2505 unius
2423 2451 2651 2520 imperio
2681 2452 2835 2507 ducis
2862 2462 3138 2521 regeretur
3168 2469 3183 2506 :
3220 2450 3650 2521 exspectandum
3680 2465 3805 2504 esse

2232 2543 2583 2610 perexiguum
2614 2544 2678 2596 ad
2698 2553 2929 2611 tempus,
2954 2561 3064 2613 quo
3087 2544 3325 2599 futurum
3345 2549 3435 2608 sit,
3458 2555 3538 2616 ut,
3562 2547 3654 2600 illo
3668 2562 3809 2615 pra:—

2231 2636 2416 2688 scrtim
2443 2635 2568 2689 anui
2598 2646 2858 2705 tempore,
2898 2638 3156 2691 solvatur.
3190 2639 3299 2691 Alis
3330 2640 3645 2693 econtrario
3678 2653 3807 2694 scn-

2234 2726 2424 2793 tiebat,
2452 2728 2675 2781 omnino
2715 2728 3108 2783 dimicandum.
3137 2730 3177 2782 Α
3219 2730 3448 2784 Pertavo
3473 2731 3691 2786 stabant
3719 2734 3799 2786 rei

2234 2819 2439 2873 navalis
2458 2820 2770 2887 peritissimi
2806 2822 3156 2890 veteranique
3188 2823 3378 2885 duces,
3414 2822 3637 2876 Sirocus
3674 2824 3805 2877 Ale-

2236 2912 2476 2966 xandriae
2506 2915 2817 2982 saugiacns,
2841 2912 3150 2969 Cerabuees
3180 2916 3468 2983 sangiacus
3499 2914 3808 2969 Sourisaris

2237 3004 2289 3057 iu
2323 3005 2645 3060 Carmuania
2696 3008 2810 3061 sive
2868 3007 3051 3061 Cilicia
3112 3010 3382 3061 maritima
3449 3008 3807 3063 Mechemctes

2239 3100 2426 3166 begus,
2458 3096 2598 3152 Sale
2634 3099 2780 3152 llaisi
2822 3099 2984 3163 illius,
3008 3102 3296 3168 saugiacus
3330 3098 3545 3154 Eubcea:
3571 3100 3683 3154 sive
3701 3100 3811 3154 Nc-

561 3205 626 3241 cx
660 3189 792 3244 urbe
814 3188 1029 3245 Marcus
1064 3190 1336 3247 Antonius
1367 3190 1725 3260 Bragadinus,
1750 3194 1854 3248 sub
1887 3210 1997 3263 quo
2039 3194 2135 3249 de-
2157 3190 2202 3249 α
2239 3191 2489 3261 gropouti
2517 3206 2531 3245 :
2566 3207 2686 3245 cum
2715 3191 2797 3243 Ali
2820 3205 2947 3245 vero
2964 3192 3292 3256 sentiebant,
3312 3190 3592 3246 Chasanes
3612 3192 3808 3263 begus,

563 3282 714 3336 fensa
744 3282 918 3337 fuerat
947 3285 1230 3343 hactenus.
1261 3294 1315 3339 et
1348 3300 1471 3339 cum
1503 3286 1695 3339 illustri
1734 3286 2002 3341 nobilium
2054 3287 2134 3340 vi—

565 3390 747 3429 rorum
770 3378 1027 3430 comitatu
1053 3376 1107 3430 in
1135 3376 1430 3446 Hustapha:
1455 3391 1631 3432 castra
1660 3378 1823 3443 venit,
1846 3380 2004 3447 eique
2021 3380 2133 3434 cla-

564 3480 656 3519 ves
684 3465 938 3527 civitatis,
978 3467 1121 3535 quod
1142 3469 1193 3520 in
1214 3467 1581 3523 deditionibus
1609 3470 1721 3523 fieri
1740 3470 1898 3533 solet,
1917 3469 2133 3523 obtulit.

566 3558 836 3625 Exceptus
865 3558 1019 3611 initio
1050 3559 1279 3612 comiter
1316 3574 1345 3613 a
1378 3558 1658 3628 Mustapha
1690 3560 1869 3623 bassa,
1901 3574 2023 3614 mox
2069 3561 2136 3615 ab

566 3652 652 3704 illa
686 3650 888 3705 crum-li
914 3654 945 3704 ι»
966 3651 1112 3705 -l|ua.
1144 3667 1235 3718 per
1272 3665 1547 3705 summum
1585 3652 1765 3707 scelus
1790 3651 1987 3706 violata
2009 3650 2132 3715 ﬁde,

565 3759 689 3796 cum
724 3742 842 3796 aliis
867 3758 960 3811 per
984 3743 1277 3796 ludibrium
1308 3743 1534 3797 adicitur
1560 3742 1848 3811 exquisitis
1899 3743 2134 3815 injuriis,

568 3846 680 3887 tum
710 3837 775 3888 ad
810 3844 1116 3887 extremum
1174 3835 1329 3887 vivus
1388 3833 1718 3887 execr-iatnr.
1779 3832 2135 3887 Laurentium

566 3924 890 3993 Teupolum,
926 3922 1093 3991 Paphi
1131 3925 1466 3992 prefectum,
1489 3922 1581 3993 qui
1613 3931 1667 3976 et
1697 3923 1813 3991 ipse
1842 3936 1966 3978 cum
2016 3922 2137 3976 aliis

566 4014 949 4085 Famagustnm
973 4017 1234 4084 singulari
1268 4020 1465 4069 virtute
1490 4022 1879 4084 prupugnarat,
1911 4028 2139 4080 snspen-

565 4110 657 4161 dio
690 4108 1005 4177 Mustaphns
1034 4110 1239 4182 necari,
1285 4119 1513 4163 caeteros
1569 4107 1847 4162 dedititios
1890 4106 2140 4160 immani-

569 4211 651 4255 ter
678 4201 1259 4267 cnntrucidarijussit.
1314 4200 1642 4263 Turcorum,
1692 4200 1783 4268 qui
1834 4199 2137 4253 obsidionis

567 4293 835 4363 principio
864 4294 913 4348 in
939 4297 1247 4347 universum
1284 4294 1349 4346 ad
1378 4296 1613 4346 ducenta
1648 4292 1811 4345 millia
1839 4291 2137 4345 censebun-

567 4399 676 4451 tur,
711 4385 767 4441 in
796 4388 992 4455 quibus
1028 4397 1187 4440 erant
1210 4391 1507 4452 Azapnrnm
1540 4384 1737 4446 80,000
1760 4399 2135 4451 genizarorum

569 4478 1080 4544 li,000,Volonum
1146 4478 1435 4545 (Acontius
1495 4476 1591 4543 ipsi
1640 4479 1855 4542 vocant)
1914 4473 2134 4535 60.000,

569 4575 796 4640 periisse
824 4584 1035 4625 constat
1070 4569 1358 4622 obsidione
1385 4569 1640 4630 durante,
1696 4582 1859 4634 supra
1914 4564 2134 4630 80,000.

641 4666 767 4721 Erat
790 4666 943 4719 initio
970 4665 1091 4719 belli
1114 4664 1316 4732 Cyprii.
1340 4662 1689 4715 defendenda:
1710 4673 1897 4715 contra
1924 4659 2130 4712 Ttll'CO-

570 4777 687 4813 rum
728 4763 854 4818 vim,
888 4756 1193 4824 t'cipuliliczu
1224 4756 1546 4808 Christiana:
1582 4767 1764 4815 cmsa,
1824 4768 2138 4820 percussum

570 4854 641 4909 fu:
663 4856 745 4905 lus
778 4856 917 4905 inter
950 4850 1102 4903 I’iuiu
1131 4849 1393 4913 Quintum
1448 4848 1757 4915 pontiliccm
1818 4846 2138 4903 maximum,

570 4949 873 5013 Philippum
910 4958 1087 5009 regem
1116 4940 1521 5007 Hispaniarum,
1556 4948 1610 4989 et
1651 4944 1901 4989 senatum
1968 4931 2141 4986 Vetti:-

573 5051 707 5091 tuui.
744 5038 872 5103 Ejus
902 5034 1124 5087 hederis
1168 5033 1447 5099 cupiarum
1514 5032 1762 5083 omnium
1830 5028 2144 5095 designatus

573 5134 674 5183 luit
709 5138 1006 5194 lllllltftitltll‘
1052 5124 1292 5177 Joannes
1342 5122 1623 5186 Austrius,
1681 5118 1868 5173 Karuli
1915 5116 2143 5183 Augusti

571 5221 733 5282 ﬁlius,
759 5219 916 5285 llispn
947 5222 975 5267 ii
1021 5220 1206 5270 t’ratcr.
1236 5215 1480 5269 Pontifex
1507 5216 1619 5266 suis
1653 5211 1965 5264 triremibus
2001 5208 2141 5260 Mur-

571 5328 694 5364 cum
728 5311 1018 5361 Αηιθειίιιεη
1054 5309 1399 5369 Columnam,
1430 5308 1627 5360 ducem
1650 5303 2143 5357 'l‘alliacoceiauum

572 5402 873 5457 nobilitatis
919 5401 1174 5453 liniuntur:
1243 5400 1535 5468 principem
1565 5440 1581 5463 ,
1637 5395 1878 5466 prtul'ccit
1912 5413 1924 5447 :
1963 5392 2146 5446 Veurti

577 5493 949 5562 amplissimas,
977 5491 1559 5559 quamiustruxeraut,
1601 5490 1799 5543 classis
1852 5488 2145 5554 imperium

575 5583 900 5637 Sebastiano
940 5583 1195 5646 Veni-rio,
1236 5596 1397 5650 quem
1436 5590 1624 5649 poatea
1679 5581 1873 5633 ducem
1927 5592 2150 5647 quoque

584 5686 1051 5737 suumcrrarunt,
1114 5691 1457 5731 comuuscre.
1534 5677 1733 5729 Prn'tcr
1800 5672 1901 5725 hos
1952 5678 2006 5723 et
2057 5670 2146 5721 alii

584 5772 682 5820 huc
745 5776 902 5821 erant
974 5770 1027 5822 in
1078 5768 1426 5832 upeditionc
1480 5764 1753 5829 principes
1814 5770 1869 5816 ct
1903 5761 2137 5821 illustres

2236 3280 2585 3336 Chuit‘adiuis
2613 3283 2958 3337 Barbarossa
2987 3280 3152 3345 illius,
3187 3281 3425 3338 Uluzalis
3457 3284 3815 3353 prosultanus

2235 3372 2589 3436 Ccsairensis,
2621 3385 2672 3425 ct
2693 3371 2851 3428 Cuias
2881 3372 3047 3440 begus
3076 3372 3428 3443 Smyrnensis
3482 3376 3767 3444 sangiacus
3791 3392 3813 3431 :

2236 3477 2466 3530 quorum
2512 3462 2784 3516 sententia
2816 3464 3031 3519 tandem
3064 3465 3214 3531 vicit,
3250 3463 3462 3520 Uluxali
3497 3466 3722 3535 jubente
3752 3468 3811 3521 in

2238 3551 2476 3606 medium
2514 3551 2739 3621 proferri
2768 3563 2817 3606 et
2853 3555 3065 3608 recitari
3098 3557 3412 3609 mandatum
3446 3557 3645 3610 sultani
3676 3558 3816 3611 Seli-

2238 3648 2362 3708 niis,
2378 3661 2485 3712 quo
2506 3646 2784 3700 victoriam
2800 3646 2875 3700 uti
2897 3659 3371 3715 prosequerentur,
3390 3648 3469 3701 eis
3495 3646 3816 3716 iniungeba-

2238 3746 2345 3791 tur.
2366 3738 2619 3791 Omnium
2636 3753 2765 3805 ergo
2780 3737 3065 3793 sententiis
3080 3737 3385 3803 decretum,
3402 3736 3647 3806 pretium
3665 3738 3814 3809 quod

2243 3843 2349 3883 non
2372 3828 2568 3882 minori
2608 3829 2915 3883 animorum
2940 3830 3222 3884 alacritate
3250 3831 3454 3886 nostris
3469 3831 3631 3884 etiam
3649 3845 3816 3899 expe-

2240 3922 2505 3985 tentihns,
2527 3920 2881 3975 commissum
2901 3920 3083 3975 fuitad
3106 3929 3215 3975 tres
3230 3921 3455 3990 exiguas
3475 3921 3704 3983 insulas,
3731 3919 3815 3976 vel

2242 4015 2481 4066 marinus
2514 4014 2694 4081 potius
2716 4011 2996 4081 scopulos.
3031 4028 3168 4082 quos
3199 4013 3499 4068 Cuzotaios
3524 4014 3683 4067 hodie
3704 4022 3814 4065 tam

2240 4103 2434 4169 Cra-ei,
2469 4122 2629 4173 quam
2660 4106 2832 4160 nostri
2856 4116 3071 4159 vocant.
3093 4107 3325 4160 Victoria
3353 4107 3507 4175 potiti
3528 4113 3655 4159 sunt
3674 4108 3812 4157 inn?-

2244 4199 2312 4252 tis
2338 4218 2361 4248 :i
2401 4198 2870 4253 smenlisiuandita
2903 4199 3218 4252 Christiani.
3255 4199 3421 4253 Periit
3449 4201 3668 4253 occisus
3700 4198 3818 4251 Alis

2243 4290 2427 4344 bassa.
2473 4290 2734 4345 Pertavus
2768 4293 3147 4345 animadverso
3190 4294 3441 4359 prmsruti
3474 4307 3697 4345 suorum
3736 4294 3821 4344 in-

2243 4382 2430 4441 teritu.
2459 4398 2562 4433 non
2600 4396 2795 4448 magno
2824 4382 3039 4449 navigio
3071 4382 3281 4447 fugiens
3311 4382 3374 4433 ad
3399 4391 3597 4434 terram
3623 4382 3815 4434 evasit.

2244 4469 2483 4525 Uluznlis
2520 4473 2651 4522 mari
2671 4471 2904 4538 profugit
2936 4487 3061 4524 cum
3104 4473 3321 4537 triginta
3396 4473 3515 4540 plus
3566 4488 3817 4527 minusve

2244 4568 2580 4618 triremibus.
2615 4566 2763 4617 Casa
2801 4566 3017 4617 fuerunt
3051 4566 3284 4616 hostium
3315 4564 3380 4617 ad
3412 4564 3607 4629 διδους),
3662 4577 3817 4631 capta

2242 4657 2402 4712 1000.
2440 4656 2645 4710 Classis
2679 4657 2891 4709 hostilis
2918 4658 3193 4715 universa,
3224 4670 3347 4707 cum
3378 4653 3819 4721 spoliisimmeuo

2242 4749 2341 4809 sis,
2365 4746 2796 4801 Christianorum
2837 4748 2889 4797 in
2921 4756 3245 4812 potestatem
3278 4744 3424 4796 venit
3453 4760 3469 4809 ;
3505 4745 3571 4796 iis
3605 4744 3821 4795 duntu-

2246 4839 2603 4904 xatcxceptis
2637 4837 2949 4890 triremilms
3005 4850 3070 4888 ac
3111 4836 3363 4904 navigiis,
3427 4851 3550 4888 cum
3621 4835 3821 4902 quibus

2248 4931 2511 4985 Lluzalim
2536 4933 2775 4985 evasisse
2802 4931 3059 4983 diximus.
3078 4928 3322 4982 Liberata
3343 4930 3649 4982 Christiana
3671 4943 3825 4979 man-

2244 5025 2383 5091 ripia
2415 5037 2578 5091 supra
2616 5021 2807 5076 14000.
2843 5019 3148 5089 Pugnatum
3181 5020 3269 5072 die
3312 5020 3547 5086 septimo
3617 5022 3821 5071 unensis

2243 5114 2515 5170 Octobris.
2545 5131 2686 5165 anno
2719 5112 3100 5164 “ultumi-atauo
3132 5111 3233 5162 979
3270 5109 3420 5177 (Chr.
3490 5108 3671 5173 1572).

2319 5207 2430 5261 Hac
2461 5202 2656 5257 Turris
2686 5207 2834 5257 illata
2867 5203 3042 5267 clade,
3091 5200 3279 5254 Veneti
3302 5200 3730 5269 Margaritiumn,
3766 5201 3819 5251 in

2246 5299 2701 5351 Chimerioturnm
2738 5298 2973 5364 regi-me.
2996 5311 3115 5364 qu;e
3140 5294 3379 5345 Albania:
3400 5309 3531 5361 pars
3558 5302 3641 5344 est
3669 5294 3771 5361 (sic
3790 5308 3822 5345 a

2247 5389 2320 5443 Ce
2354 5390 2742 5440 anniisdirtam
2773 5386 3043 5437 montibus
3062 5384 3228 5449 aliqui
3264 5384 3498 5450 putant),
3528 5382 3667 5433 haud
3703 5397 3823 5446 pro-

2248 5487 2334 5536 c-Il
2364 5499 2391 5535 a
2419 5482 2651 5551 Corcyra
2682 5482 2867 5539 situm,
2888 5479 3159 5531 deditione
3191 5487 3453 5541 cepi-runt
3502 5475 3825 5525 iluodi-cimo

2251 5574 2413 5647 364
2442 5575 2529 5629 die
2572 5571 2912 5632 Novembris,
2973 5573 3134 5623 vitam
3190 5568 3586 5632 facultatesque
3649 5565 3826 5615 salvas

2254 5666 2647 5737 paciscentibus
2679 5661 2930 5717 [turbaris
2955 5681 2966 5715 :
2995 5674 3051 5713 et
3084 5660 3259 5729 ipsum
3284 5671 3524 5708 castrum
3550 5670 3668 5706 mox
3704 5655 3826 5718 igne

2255 5769 2657 5816 (torreri-institvit
2690 5762 2993 5811 diluerunt.
3026 5752 3359 5820 Suppotoum
3396 5761 3612 5816 otioque
3644 5745 3825 5799 descr-
