4212 6288
379 373 493 440 673

1489 383 1868 442 ςυινιιιΕΜ.
1908 382 2185 443 ANNAL.
2225 380 2532 442 TUllCIC.

3525 384 3633 447 δτι

375 495 490 538 tum
514 499 544 538 ³
571 483 784 546 Τιιτθίς.
824 486 1016 542 Albani
1049 499 1410 557 occuparunt,
1441 502 1490 542 ct
1521 489 1738 542 Venetis
1797 491 1954 542 resti-
1979 493 2028 550 Α
2053 491 2118 543 de
2149 488 2340 542 Turcis
2368 489 2589 542 victoria
2623 496 2732 542 toto
2759 487 2874 557 jam
2929 487 3060 539 orbe
3095 484 3365 542 celebrem
3416 491 3581 545 mittit
3617 509 3632 545 :

378 584 598 628 luerunt
620 591 634 628 :
659 592 686 629 a
713 579 913 647 quibus
951 578 1220 634 redditum
1244 579 1496 646 deinceps
1529 581 1743 634 Sullano
1766 577 1956 633 Scliuii

379 665 499 719 fuit.
538 666 696 722 Auno
724 670 971 735 sequenti
1011 671 1263 740 proximo
1300 669 1405 726 980
1437 670 1592 738 (Chr.
1641 672 1824 739 l575),
1869 675 1963 725 de-

376 760 518 809 timo
547 759 743 826 quinto
772 760 981 814 mensis
1013 757 1283 824 Januarii,
1314 769 1516 814 tentata
1562 761 1660 813 ltiit
1692 776 1721 812 a
1750 759 1964 814 Venetis

377 847 596 903 obsidio
626 848 848 904 Castelli
883 851 1032 917 novi,
1073 853 1251 922 captis
1289 851 1588 916 suburbiis,
1621 851 1711 906 sed
1732 864 1962 905 succurr-

377 941 625 996 rentibus
652 941 928 1005 Barliaris,
958 945 1027 998 ab
1057 946 1345 998 obsidione
1395 944 1724 1000 discessum.
1770 942 1966 1011 Cupie-

376 1033 513 1086 bant
545 1031 730 1086 Veneti
771 1035 871 1088 hoc
900 1034 1099 1104 oppido
1127 1049 1250 1089 cum
1283 1050 1406 1091 arce
1473 1034 1654 1107 potiri,
1724 1043 1783 1089 ut
1815 1036 1965 1089 omni

376 1125 622 1191 periculo
645 1124 927 1192 Catarum,
961 1127 1236 1182 civitatem
1292 1128 1376 1182 sui
1431 1127 1574 1197 juris
1645 1129 1801 1196 longe
1847 1140 1967 1180 mtt-

381 1215 734 1278 nitissimam,
767 1217 1085 1274 liberarent.
1121 1216 1296 1273 Situm
1324 1227 1410 1273 est
1441 1219 1585 1272 enim
1634 1217 1888 1274 Catarum
1910 1217 1964 1271 in

377 1307 503 1360 sinu
535 1310 768 1375 quodam
817 1313 1008 1376 maris,
1068 1312 1161 1380 qui
1201 1311 1496 1367 Bizanicus
1551 1312 1680 1366 olim
1743 1323 1965 1365 vocatus

379 1399 501 1460 fuit,
537 1415 683 1454 nunc
704 1402 774 1455 ab
801 1403 913 1471 ipsa
945 1403 1169 1459 civitate
1192 1403 1488 1460 Catarinus
1535 1405 1739 1459 dicitur
1774 1405 1968 1473 :cujus

377 1493 581 1546 ostium
615 1491 778 1546 ’l‘urci
812 1494 1078 1549 hactenus
1101 1496 1320 1550 Castelli
1369 1496 1491 1549 novi
1561 1497 1968 1565 prepngnaculo

377 1584 654 1648 claudere,
671 1599 738 1638 ne
754 1584 954 1640 Cataro
974 1588 1223 1640 succurri
1246 1588 1435 1653 possit,
1460 1588 1657 1643 frustra
1678 1597 1962 1642 conantur.

454 1674 626 1730 Variae
654 1677 1003 1746 contigerunt
1053 1688 1215 1733 aetate
1260 1689 1448 1735 nostra
1513 1681 1846 1735 mutationes
1911 1682 1964 1733 in

377 1785 548 1840 regno
580 1768 870 1833 Tunisino,
906 1787 1017 1841 quo
1048 1772 1424 1840 superioribus
1449 1776 1608 1828 annis
1645 1790 1735 1829 res
1765 1775 1961 1837 Assan,

2061 583 2151 650 qui
2179 598 2229 649 οι
2250 597 2334 634 em
2367 583 2484 650 ejus
2518 581 2890 648 auxiliumque
2932 587 3239 647 poscerent,
3269 587 3327 634 ut
3349 595 3517 650 regno
3547 599 3630 636 re-

2063 673 2406 727 stitueretur.
2439 671 2613 729 Simul
2656 672 2966 728 habiturum
3000 686 3057 726 se
3107 672 3634 743 promittitingentes

2065 763 2134 817 ab
2161 763 2353 818 amicis
2382 763 2659 830 sociisque
2679 764 2885 832 copias,
2914 770 2968 816 et
3001 777 3118 816 eam
3183 777 3413 817 annona:
3459 763 3629 818 abun-

2062 855 2323 919 dantiam,
2348 870 2467 925 quae
2495 855 2663 925 ipsius
2688 854 2946 910 exercitui
2976 854 3054 908 vel
3085 853 3321 909 maximo
3343 853 3633 910 suffectura

2063 949 2156 1004 sit.
2187 948 2391 1003 Adnuit
2422 947 2543 1019 ejus
2577 947 2861 1017 postulatis
2884 948 3156 1005 Anstrius.
3185 956 3238 1002 et
3281 948 3477 1018 insigni
3504 964 3630 1002 cum

2063 1039 2256 1106 classe,
2293 1053 2455 1108 quam
2484 1037 2605 1093 aliis
2632 1039 2795 1094 etiam
2830 1053 2955 1092 cum
2986 1037 3299 1094 triremibus
3326 1039 3432 1094 dus
3473 1038 3637 1094 Surs-

2063 1144 2252 1195 sanus,
2285 1138 2338 1184 et
2366 1127 2730 1198 Helphitanus
2755 1127 3029 1198 princeps,
3088 1126 3328 1183 Joannes
3391 1129 3642 1185 Andreas

2064 1222 2226 1279 Doria
2250 1221 2677 1284 comitabantur,
2716 1222 2770 1276 in
2794 1223 3034 1278 Africam
3061 1222 3355 1292 trausjicit,
3388 1223 3636 1280 'l'unisim

2063 1323 2314 1384 occupat,
2344 1329 2526 1384 regem
2551 1328 2581 1366 a
2609 1311 2807 1369 Turcis
2835 1311 3022 1368 datum
3055 1312 3110 1366 in
3141 1322 3460 1384 potestatem
3498 1312 3640 1368 redi-

2065 1407 2163 1476 git,
2198 1406 2386 1461 urbem
2419 1417 2631 1475 captam
2663 1404 2818 1459 militi
2847 1419 2948 1460 suo
2977 1405 3339 1475 diripiendam
3365 1407 3635 1462 concedit.

2063 1499 2200 1553 Cum
2219 1508 2398 1553 autem
2419 1500 2703 1568 promissis
2723 1499 2917 1551 Amida
2940 1512 3045 1552 non
3071 1497 3431 1562 satisfaceret,
3452 1496 3638 1554 fluxa-

2064 1604 2169 1657 que
2187 1589 2520 1657 ceteroquin
2543 1589 2706 1644 etiam
2748 1588 2866 1642 fidei
2911 1589 3063 1656 signa
3086 1587 3331 1650 quaedam
3353 1587 3638 1655 praaberet,

2066 1681 2378 1737 sollicitatis
2405 1688 2619 1734 secreto
2667 1678 2919 1734 Tureicis
2965 1678 3205 1742 auxiliis,
3259 1693 3384 1732 cum
3426 1676 3642 1731 duubus

2071 1775 2196 1829 filiis
2229 1774 2282 1826 in
2311 1771 2582 1836 Siciliam,
2608 1771 2765 1841 jussu
2795 1771 3025 1827 Austrii.
3054 1778 3398 1825 transvectus
3418 1769 3538 1824 fuit.
3563 1769 3640 1823 lhi

379 1861 699 1917 Hacbmetis
729 1863 872 1917 filius
934 1863 1275 1934 (Muleassem
1307 1865 1479 1920 nostri
1504 1881 1611 1920 non
1637 1877 1779 1921 recte
1804 1880 1961 1919 voca-
1991 1857 2033 1911 Β
2064 1867 2152 1922 cui
2210 1863 2452 1918 futurum
2475 1866 2796 1933 accepisset,
2831 1871 2887 1914 ut
2913 1861 3078 1916 frater
3111 1863 3230 1930 ejus
3289 1859 3640 1920 Ilachmetes.

383 1962 530 2017 runt,
563 1967 688 2007 cum
717 1951 863 2008 Mule
886 1968 1063 2023 regem
1105 1956 1186 2008 vel
1210 1955 1491 2010 dominum
1517 1955 1758 2025 ip-ornm
1782 1956 1963 2025 lingua

380 2044 690 2115 significare
726 2047 992 2111 tradatur,
1049 2053 1226 2102 Assan
1259 2062 1386 2101 vero
1417 2048 1699 2117 preprium
1725 2046 1888 2101 fuerit
1913 2047 1965 2102 ri

382 2140 628 2209 nomen),
665 2140 888 2195 excluso
916 2149 1211 2209 necatoqne
1242 2141 1480 2195 maximo
1503 2151 1630 2194 natu
1650 2139 1816 2195 fratre
1849 2139 1965 2194 Maa-

383 2246 570 2298 nmna,
595 2231 689 2302 qui
725 2233 927 2290 nostris
954 2242 1041 2288 est
1070 2231 1335 2296 llaimon,
1364 2232 1570 2301 potitus
1618 2231 1742 2285 luit.
1816 2231 1962 2285 Idem

381 2335 614 2380 caeteros
644 2338 860 2396 quoque
883 2325 1082 2381 fratres
1112 2339 1266 2386 suos,
1298 2339 1437 2390 quos
1463 2324 1704 2379 moriens
1729 2325 1778 2378 ei
1811 2332 1966 2390 pater

388 2421 581 2490 viginti
610 2435 778 2474 unum
823 2421 1142 2489 reliquerat,
1169 2427 1260 2471 aut
1313 2418 1612 2483 interfecit,
1681 2427 1771 2473 aut
1818 2417 1965 2473 ferio

389 2511 643 2566 candenti
675 2511 856 2567 oculis
878 2510 1119 2565 adhibito
1141 2509 1367 2562 creeavit
1402 2519 1663 2576 :exccpto
1689 2507 1962 2571 Roseetto,

386 2607 751 2681 qui‘serundo
782 2606 903 2660 loco
922 2605 1134 2674 genitus
1162 2601 1361 2656 fuerat.
1384 2599 1433 2655 fs
1457 2600 1510 2654 in
1535 2609 1732 2654 conatu
1763 2600 1967 2668 pellen-

381 2704 441 2759 di
471 2705 658 2756 fratris
674 2700 926 2762 Assanis,
951 2711 1008 2752 re
1030 2711 1220 2765 parum
1244 2693 1474 2749 feliciter
1496 2700 1673 2763 gesta,
1695 2690 1961 2745 Cesairini

384 2793 684 2862 (Alget-ium
710 2790 880 2844 nostri
912 2789 1128 2856 vorant)
1160 2785 1401 2856 profugit
1461 2785 1526 2837 ad
1573 2781 1960 2836 Chairadinem

383 2885 776 2940 Barbarossam
797 2901 809 2933 :
831 2882 922 2952 qui
944 2881 1194 2934 Roseette
1230 2875 1756 2945 Constantinopolim
1775 2875 1962 2938 misso,

387 2979 491 3032 sub
518 2976 638 3043 ejus
668 2985 853 3029 tamen
880 2970 1175 3027 reducendi
1211 2978 1475 3038 praetextu
1510 2968 1754 3036 deceptis
1790 2963 1967 3019 'l‘uni-

390 3071 548 3131 slnis,
575 3069 834 3121 Assanem
866 3064 1094 3132 expulit,
1129 3063 1321 3116 urbem
1377 3075 1501 3113 cum
1561 3072 1685 3111 arce
1749 3068 1964 3126 totoque

393 3179 562 3234 regno
585 3162 746 3232 cepit,
779 3174 842 3213 ae
877 3159 1095 3212 sultano
1126 3155 1448 3216 Sulcimani,
1479 3168 1538 3208 se
1580 3153 1958 3222 prosultanum
1987 3185 2031 3244 ο

389 3254 702 3324 appellans,
749 3248 994 3304 subdidit
1029 3266 1044 3301 :
1077 3245 1223 3315 quod
1292 3243 1511 3313 quidem
1564 3243 1765 3298 accidit
1815 3255 1961 3294 anno

389 3345 775 3400 Matiumetauo
808 3339 912 3396 9L0
959 3337 1112 3405 (Chr.
1164 3336 1347 3404 1554).
1391 3337 1662 3390 Assanem
1723 3330 1960 3386 Karulus

396 3439 682 3506 Augustus
722 3434 776 3486 in
804 3446 1054 3502 regnum,
1109 3428 1334 3498 expulso
1370 3425 1716 3491 Chairadine,
1747 3423 1963 3478 reduxit

387 3542 537 3582 anno
554 3525 660 3578 943
699 3523 852 3593 (Chr.
882 3522 1082 3590 1557);
1113 3521 1256 3590 quod
1290 3519 1382 3572 ille
1401 3519 1661 3587 deinceps
1699 3529 1963 3569 anennne

390 3629 620 3673 vexatus
647 3617 885 3671 obtinuit
917 3629 1092 3683 usque
1132 3613 1197 3666 ad
1221 3626 1424 3665 annum
1455 3608 1562 3664 950
1589 3609 1744 3680 (Chr.
1776 3607 1958 3675 1544),

389 3727 505 3784 quo
532 3712 877 3767 adventantis
907 3722 1030 3762 cum
1059 3705 1233 3760 classe
1259 3702 1598 3761 Cbairadinis
1617 3702 1756 3756 fama
1810 3698 1964 3755 terri-

390 3816 508 3868 tus,
534 3805 586 3857 in
617 3802 858 3856 Siciliam
895 3797 1284 3867 Neapolimque
1313 3796 1547 3865 trajecit.
1583 3795 1779 3848 Amida
1823 3795 1964 3846 titius

394 3897 642 3951 'l‘unisim
675 3910 798 3948 cum
829 3909 954 3949 arce
974 3908 1070 3963 per
1096 3889 1398 3946 absentiam
1417 3887 1584 3956 patris
1611 3885 1839 3940 Assanis
1871 3899 1970 3938 oc-

391 4005 577 4062 cupat,
613 4004 1004 4060 reversumque
1033 3996 1242 4056 patrem
1280 3983 1444 4053 capit,
1468 3993 1524 4035 et
1559 3979 1845 4034 oculorum
1870 3992 1966 4046 pu-

395 4086 544 4156 pillis
568 4083 818 4138 candenti
850 4077 1296 4149 sealpelloltesis,
1327 4076 1446 4129 visu
1484 4073 1706 4142 spoliat.
1760 4068 1963 4122 Eadem

395 4177 734 4231 immanitate
757 4175 966 4226 tractati
993 4172 1060 4224 ab
1077 4167 1271 4223 Amida
1291 4167 1512 4229 fratres,
1533 4161 1774 4217 Nahaser
1793 4169 1848 4214 et
1860 4160 1968 4214 Αυ-

392 4271 586 4332 dazlas,
622 4282 761 4336 quos
785 4277 910 4318 cum
943 4274 1096 4332 patre
1122 4268 1358 4329 ceperat.
1388 4255 1652 4310 Amadam
1683 4268 1854 4323 regno
1878 4266 1970 4320 pa—

395 4374 552 4416 truus
576 4355 1006 4410 Abdamelechus
1028 4350 1206 4421 ejecit.
1236 4349 1285 4402 ls
1302 4349 1445 4401 enim
1478 4345 1726 4400 Guletam
1760 4342 1973 4413 profec-

400 4461 512 4516 tus,
551 4460 604 4503 et
633 4447 910 4503 Francisei
937 4444 1166 4501 Tovaris
1219 4440 1465 4508 llispani,
1497 4439 1702 4493 Guletz
1734 4436 1970 4506 prwl'eeti

2070 1961 2156 2014 cui
2201 1959 2436 2013 maxime
2474 1954 2704 2011 infestus
2758 1965 2897 2020 erat,
2943 1969 3111 2024 regno
3146 1952 3551 2022 praeficeretur:
3585 1952 3639 2006 in

2066 2068 2192 2108 eum
2225 2051 2471 2107 furorem
2499 2050 2725 2106 adactus
2747 2062 2851 2112 est,
2881 2057 2938 2101 ut
2983 2048 3052 2102 de
3107 2045 3314 2102 triremi
3364 2060 3426 2102 se
3455 2044 3642 2113 pr.cci-

2067 2145 2365 2212 pitaturus,
2404 2152 2457 2195 et
2491 2141 2646 2211 aquis
2686 2137 3052 2192 suﬂ‘ocaturus
3079 2143 3223 2190 esset
3261 2151 3276 2199 ;
3307 2132 3397 2189 vix
3447 2129 3638 2186 Amida

2067 2234 2198 2293 tilio,
2233 2232 2529 2300 quominus
2581 2231 2632 2282 id
2660 2228 2885 2288 faceret.
2929 2225 3278 2295 impediente.
3309 2222 3640 2278 Machmetes

2065 2327 2270 2379 Amidae
2293 2323 2478 2388 frater,
2515 2323 2585 2376 ah
2613 2319 2836 2376 Austrio
2865 2332 3092 2386 regnum
3130 2314 3463 2386 impetravit,
3494 2328 3638 2384 prte-

2066 2416 2197 2472 stito
2231 2415 2382 2484 prius
2412 2414 2464 2468 in
2488 2414 2696 2467 Austrii
2731 2411 3016 2482 prtesentia
3053 2415 3422 2469 sacramento,
3447 2419 3557 2475 quo
3579 2419 3640 2460 se

2067 2517 2326 2578 perpetuo
2355 2505 2564 2561 fidelem
2615 2505 2859 2575 Hispano
2910 2501 3022 2570 regi
3072 2499 3330 2555 clientem
3393 2498 3636 2551 futurum

2067 2600 2337 2672 promisit.
2378 2598 2427 2654 Is
2453 2597 2702 2668 proximo
2733 2595 2931 2651 deinde
2957 2592 3121 2656 bello,
3172 2591 3316 2660 quod
3340 2588 3640 2658 csposimri

2065 2696 2249 2748 statim
2277 2704 2490 2751 sumus,
2520 2689 2575 2744 in
2621 2686 2926 2743 Turcorum
2990 2690 3312 2754 potestatem
3367 2679 3536 2740 venit.
3588 2687 3644 2731 ct

2063 2782 2590 2854 Constantinopolim
2616 2791 2770 2837 trans
2804 2792 2955 2832 mare
2982 2785 3169 2830 vectus
3197 2773 3295 2828 fuit
3314 2793 3328 2832 :
3349 2772 3437 2828 ubi
3455 2785 3644 2842 super-

2066 2889 2174 2933 stes
2202 2877 2380 2932 adhuc
2413 2883 2540 2929 ante
2569 2870 2884 2934 triennium,
2907 2884 3028 2923 cum
3079 2867 3204 2920 istic
3253 2879 3518 2920 essemus.
3587 2860 3640 2916 in

2064 2986 2212 3034 arce,
2251 2983 2372 3038 quae
2401 2969 2466 3020 de
2489 2975 2694 3033 septem
2731 2960 2976 3017 turribus
3004 2975 3035 3013 a
3056 2958 3262 3014 Graecis
3285 2959 3452 3027 llepta
3471 2957 3640 3012 Gula-

2066 3064 2180 3126 des,
2222 3077 2252 3114 a
2279 3060 2472 3114 Turcis
2493 3056 2737 3112 Jadicula
2763 3053 2986 3118 dicitur,
3015 3051 3121 3109 sub
3151 3051 3399 3106 custodia
3438 3050 3644 3103 detine-

2065 3150 2250 3205 batur.
2289 3147 2426 3201 lline
2467 3145 2722 3200 Austrius
2747 3157 2972 3198 suorum
3023 3140 3318 3196 concilium
3379 3143 3542 3209 cogit,
3586 3139 3640 3194 in

2063 3258 2172 3314 quo
2205 3241 2364 3294 variis
2398 3239 2560 3293 dictis
2592 3235 3025 3304 examinatisque
3057 3231 3369 3298 sententiis,
3425 3232 3640 3286 tandem

2059 3333 2377 3388 conclusum
2409 3346 2422 3382 :
2453 3327 2650 3382 debere
2684 3340 2877 3380 novam
2915 3324 3276 3381 munitionem
3310 3324 3451 3376 inter
3478 3321 3641 3378 Gule-

2061 3434 2170 3478 tam
2201 3431 2255 3475 et
2277 3419 2551 3484 ’l‘unisim,
2583 3418 2648 3473 ad
2679 3417 3024 3486 interjectum
3057 3416 3276 3483 utrique
3323 3414 3499 3469 laeum
3541 3427 3644 3467 ex-

2060 3517 2218 3581 strui,
2254 3529 2375 3586 que
2406 3515 2592 3570 decem
2613 3512 2936 3567 milliaribus
2965 3511 3166 3568 Italicis
3199 3525 3229 3564 a
3254 3508 3470 3572 Guleta,
3509 3523 3642 3578 pau-

2063 3608 2223 3677 loque
2253 3607 2432 3659 minus
2470 3621 2497 3658 a
2522 3604 2712 3658 Tunisi
2737 3602 2982 3656 distaret.
3015 3600 3146 3670 Ejus
3178 3600 3254 3654 rei
3291 3598 3645 3670 perliciundc

2061 3713 2227 3753 causa
2253 3696 2478 3751 relictus
2511 3695 2634 3752 istic
2665 3693 2889 3749 Gabriel
2946 3691 3321 3746 Serbellonius
3383 3687 3642 3745 Mediola-

2063 3793 2252 3847 nensis
2276 3789 2467 3852 Italus,
2485 3803 2608 3843 eum
2630 3787 2806 3842 tribtts
2833 3783 3074 3838 millibus
3102 3784 3359 3837 Italorum
3377 3780 3642 3852 peditum,

2065 3895 2119 3942 et
2150 3884 2442 3940 Salazarus
2478 3881 2766 3950 Hispanus.
2798 3892 2920 3932 cum
2945 3875 3168 3930 totidem
3202 3872 3484 3943 Hispanis:
3505 3888 3644 3942 quo-

2065 3990 2186 4030 rum
2211 3982 2439 4042 uterque
2461 3968 2876 4025 muniendarum
2913 3967 3130 4020 urbium
3183 3964 3462 4020 etarcium
3497 3965 3644 4033 peri-

2068 4067 2314 4122 tissimus
2345 4074 2484 4119 erat.
2518 4062 2746 4119 Consilii
2774 4061 2940 4115 totius
2960 4060 3044 4112 hic
3062 4067 3178 4112 erat
3197 4058 3320 4113 linis
3343 4069 3396 4114 et
3423 4073 3642 4128 scopas,

2071 4169 2131 4212 ut
2149 4159 2254 4213 hoc
2288 4156 2449 4210 modo
2469 4154 2662 4209 Guleta
2690 4151 2895 4207 lirmior
2911 4150 3234 4208 efficeretur.
3260 4157 3315 4203 et
3335 4157 3488 4203 tanto
3511 4151 3645 4203 faci-

2069 4249 2178 4304 lius
2196 4249 2250 4302 in
2276 4246 2376 4300 fide
2398 4245 2619 4300 Barbari
2637 4243 3050 4298 continerentur
3075 4240 3146 4292 ob
3167 4238 3416 4294 viciniam
3439 4239 3614 4293 utrius
3629 4268 3644 4278 -

2070 4327 2179 4410 que
2241 4337 2499 4407 praesidii.
2530 4332 3082 4400 commoditatemque
3113 4329 3297 4392 lacus;
3351 4328 3512 4400 365
3576 4331 3647 4384 ad

2071 4447 2231 4501 quem
2258 4429 2388 4498 quia
2420 4428 2523 4482 sita
2556 4435 2704 4482 esset
2727 4433 2957 4494 utraque
2987 4421 3242 4482 munitio,
3276 4421 3426 4476 nullo
3480 4437 3645 4491 nego-

393 4540 766 4613 Ope'l‘unisim
797 4540 1093 4613 ingressus,
1124 4547 1245 4586 mox
1280 4534 1332 4584 in
1378 4544 1558 4584 arcem
1606 4528 1778 4582 velata
1839 4526 1977 4580 faeie
2007 4541 2053 4596 ι)
2078 4525 2154 4577 tio
2193 4522 2382 4576 alteris
2432 4520 2589 4574 alteri
2630 4516 2921 4574 subvenire
2965 4522 3207 4584 possent.
3230 4513 3391 4568 Gesta
3429 4513 3646 4566 fuerunt

395 4639 588 4707 pergit,
611 4647 844 4702 eatnque
885 4629 1124 4698 deceptis
1170 4623 1510 4686 custodibus,
1562 4621 1657 4690 qui
1713 4618 1962 4673 Amidam

395 4746 517 4784 esse
539 4727 1120 4792 eredebant,occupat.
1149 4717 1550 4773 Abdamelecho
1589 4722 1708 4782 pest
1757 4709 1971 4765 tricesi-

399 4839 547 4879 mum
582 4827 864 4877 ctseslum
890 4815 1040 4884 regni
1057 4814 1198 4867 diem
1224 4810 1386 4864 rebus
1418 4804 1672 4861 humanis
1695 4810 1969 4869 exempto.

397 4933 424 4971 s
447 4916 637 4968 iccedit
670 4912 812 4965 filius
843 4908 1192 4967 Maehmetes,
1224 4914 1398 4953 annos
1446 4898 1712 4950 duntaxat
1761 4894 1970 4947 duode-

397 5012 503 5061 e'un
531 5017 730 5060 natus:
773 5003 864 5073 qui
899 4999 1128 5054 necdum
1191 4993 1444 5066 gerenda:
1509 4987 1820 5057 reipublicae
1878 4999 1970 5055 per

397 5112 611 5155 tctatrin
674 5098 891 5159 idoneo,
939 5108 1061 5146 cum
1085 5084 1440 5142 intolerabilis
1483 5093 1795 5137 curaturum
1853 5076 1973 5146 ejus

400 5185 1096 5253 administratioplerisque
1145 5179 1442 5237 videretur,
1508 5172 1729 5226 rediens
1777 5171 1973 5221 Amida

399 5299 625 5354 regnum
659 5278 885 5350 patrueli
931 5275 1153 5343 eripuit.
1193 5269 1439 5324 Amidam
1463 5280 1652 5319 rursus
1676 5275 1970 5316 excussere

399 5351 586 5438 Turci,
613 5376 748 5427 duce
784 5365 1013 5432 Uluzali,
1046 5377 1190 5418 anno
1221 5359 1328 5415 980
1355 5357 1504 5427 (Chr.
1544 5355 1724 5422 l515),
1767 5351 1977 5420 fuitque

401 5470 603 5527 sultani
628 5462 846 5519 Seliuiis
889 5457 1213 5512 auctoritate
1238 5452 1500 5508 suffectus
1530 5448 1582 5502 in
1603 5446 1775 5516 ipsius
1795 5447 1972 5497 locum

398 5581 490 5620 rex
522 5563 685 5614 alius.
717 5556 908 5610 Amida
928 5549 1176 5605 Guletam
1207 5542 1545 5615 profugiens,
1569 5555 1688 5607 qua:
1710 5536 1975 5604 Hispano-

398 5673 516 5710 rutn
540 5649 792 5723 prmsitio
828 5643 1132 5703 tenebatur,
1163 5636 1428 5707 privatam
1460 5648 1581 5684 eum
1607 5630 1822 5683 duobus
1850 5625 1976 5678 liliis

398 5714 562 5800 vitain
593 5743 726 5807 egit.
758 5736 1008 5802 Cumque
1048 5740 1243 5797 magno
1283 5721 1639 5792 recuperandi
1659 5714 1977 5788 reguidesi-

398 5839 552 5891 ιιι-ιίο
579 5833 856 5889 llaeraret.
886 5838 1014 5878 suos
1050 5819 1117 5874 ad
1146 5817 1406 5873 Joannem
1446 5810 1746 5876 Austrium,
1794 5808 1974 5863 navali

2074 4617 2188 4670 [nec
2212 4627 2356 4670 anno
2385 4613 2493 4669 980
2527 4609 2681 4680 (Chr.
2724 4608 2907 4677 1575).

2139 4707 2450 4778 Egerrime
2482 4705 2690 4759 ferebat
2712 4703 2963 4757 sultanus
2996 4698 3234 4752 Selimes
3257 4696 3357 4752 hos
3386 4693 3645 4751 Christia-

2072 4814 2266 4852 norum
2333 4799 2386 4850 in
2454 4795 2638 4851 Africa
2698 4807 3043 4865 progressus.
3121 4787 3321 4858 itaque,
3383 4787 3644 4842 Sinanem

2073 4891 2313 4953 bnssmn,
2345 4889 2524 4942 virum
2567 4895 2837 4951 astutum,
2884 4885 3070 4952 reique
3125 4882 3381 4936 militaris
3427 4880 3650 4949 peritis—

2075 4983 2298 5046 simum,
2337 4982 2499 5036 classi
2528 4994 2788 5047 supremo
2814 4994 2938 5032 cum
2965 4976 3198 5045 imperio
3231 4974 3456 5043 prmlicit
3487 4990 3499 5023 :
3534 4989 3643 5038 qua

2076 5071 2179 5129 lliO
2213 5073 2483 5135 triremes,
2524 5082 2579 5125 et
2611 5073 2681 5125 55
2726 5069 2930 5123 diversi
2987 5066 3202 5137 generis
3256 5065 3472 5133 navigia
3515 5078 3647 5116 con-

2078 5164 2414 5217 tinebantur.
2449 5161 2497 5216 Is
2538 5162 2589 5214 in
2632 5161 2872 5213 Africam
2916 5173 3101 5210 mense
3135 5154 3303 5218 Julio,
3356 5169 3498 5207 anno
3535 5150 3647 5204 Aia-

2081 5257 2378 5310 Iiuuietano
2413 5255 2511 5308 98l
2548 5254 2700 5323 (Chr.
2733 5251 2916 5314 15H),
2962 5249 3192 5318 appulit.

2144 5346 2471 5416 Quanquam
2543 5359 2670 5397 vero
2727 5361 2881 5396 nova:
2950 5338 3240 5394 munitioni
3298 5335 3646 5391 absolvenda:

2078 5440 2365 5510 praefectus
2421 5437 2792 5493 Seibellunius
2848 5449 3040 5502 magna
3083 5429 3334 5485 rebusin
3390 5426 3648 5480 omnii-us

2075 5529 2358 5598 diligentia
2390 5527 2583 5582 fuisset
2613 5540 2763 5586 usus,
2798 5534 2978 5576 tamen
3014 5535 3078 5574 ea
3108 5517 3341 5574 necdum
3365 5522 3482 5569 erat
3521 5529 3646 5581 pcr-

2081 5619 2241 5685 fecta,
2278 5621 2418 5686 quod
2470 5619 2646 5673 serius
2680 5614 2988 5678 architecti,
3037 5627 3161 5668 cum
3191 5609 3362 5664 fabris
3411 5619 3645 5660 ca'lnen-

2083 5711 2259 5776 tariis,
2288 5719 2342 5764 et
2375 5711 2522 5765 omni
2555 5710 2782 5763 materia
2837 5706 3016 5770 missi,
3053 5704 3266 5758 tandem
3301 5702 3354 5754 in
3401 5697 3643 5752 Africani

2083 5805 2185 5858 sub
2229 5803 2388 5857 linem
2455 5803 2660 5857 mensis
2717 5797 2891 5852 Martii
2953 5793 3325 5867 pervenisserl
3426 5804 3647 5843 "torum
