4212 6288
561 429 668 495 (775

1782 425 2108 485 JUANNIS
2156 424 2621 485 ιΕυΝιῖιΑγιι

3719 434 3820 497 6⁷6

567 546 829 595 adventus
870 536 1096 594 Octobn'
1124 550 1310 591 mense
1339 534 1697 606 praeco-lentis
1731 536 1859 589 anni
1907 536 2143 605 promis-
2174 546 2214 599 Α
2245 550 2340 590 sus
2358 535 2515 605 ejerti
2552 545 2680 591 sunt
2730 536 2956 608 llispani
2987 554 3051 593 ex
3087 541 3448 604 Africa,iut:a
3486 545 3818 600 tricesimum

564 652 656 689 sus
681 634 880 697 fuerat,
927 648 1050 685 cum
1097 630 1166 684 ιο
1227 630 1568 693 triremibus,
1627 643 1861 697 quarum
1920 628 2141 683 navales

565 708 699 780 socii
736 739 923 779 muros
953 722 1230 777 Tunisian:
1266 721 1419 775 urbis
1463 722 1532 774 ad
1584 728 1923 774 stntctnram
1982 735 2140 776 novat

565 816 888 872 munitionis
926 814 1176 869 demoliri
1209 813 1511 869 debuerant
1550 831 1563 867 :
1601 816 1745 882 quod
1796 814 1993 867 factum
2029 830 2136 866 nor.

566 913 688 972 fuit,
717 908 1077 980 quantumvis
1104 908 1359 961 Austrius
1388 907 1441 959 iti
1463 907 1641 960 vicina
1675 904 1860 960 Sicilia
1886 912 2130 974 degeret.

562 1004 687 1056 Erat
749 1003 917 1055 etiam
980 1002 1456 1069 praesidiariorum
1524 1001 1758 1056 militum
1820 1001 2135 1054 deminutus

564 1112 845 1160 numerus,
911 1094 1283 1149 exauctoratis
1359 1103 1566 1149 temere
1628 1093 1928 1156 nonnullis.
1992 1110 2135 1163 quos

557 1205 777 1244 onmem
809 1188 861 1241 in
901 1196 1155 1242 eventum
1206 1194 1449 1241 retentos
1501 1187 1769 1256 oportuit.
1816 1185 1932 1243 iloo
1970 1189 2135 1242 modo

560 1299 657 1352 per
711 1282 981 1353 ignaviam
1034 1280 1462 1349 socordiamque
1501 1281 1729 1345 iactum,
1789 1288 1850 1335 ut
1901 1280 1957 1333 in
2006 1280 2135 1335 hos-

559 1376 694 1427 tium
730 1380 1059 1442 potestatem
1105 1372 1445 1429 munitiones
1476 1373 1561 1427 bar
1609 1372 1761 1427 nullo
1812 1388 1981 1443 prope
2029 1388 2130 1429 ne-

556 1468 704 1537 gotio
740 1467 1013 1522 venirent.

624 1560 785 1616 Turci
837 1562 1073 1629 primum
1093 1556 1345 1615 Guletam
1378 1559 1634 1615 obsidere
1680 1570 1998 1629 coeperunt,
2036 1561 2123 1616 cui

554 1650 751 1706 Petrus
804 1649 1038 1705 Carrera
1094 1646 1371 1718 Hispanus
1427 1659 1676 1718 praeerat.
1734 1650 1795 1705 Ei
1852 1650 2129 1705 Serbelto-

555 1744 705 1796 ninm
765 1744 830 1796 de
869 1740 1137 1799 subsidiis
1188 1741 1470 1795 mittendis
1521 1743 1759 1811 urgenti,
1813 1756 2127 1812 quanquam

552 1838 677 1891 loco
734 1836 1016 1891 munitiori
1064 1846 1229 1901 esset.
1291 1835 1712 1893 Serbelloniano
1766 1840 1999 1893 necdum
2058 1840 2127 1893 ad

554 1935 717 1988 linem
758 1936 1027 2001 perducto
1058 1947 1075 1986 :
1104 1942 1287 1989 tamen
1336 1933 1441 1988 650
1492 1934 1703 2003 pedites
1738 1938 1934 2001 partim
1984 1935 2123 1999 Itali,

551 2032 749 2095 partim
788 2026 1011 2095 llispani
1066 2026 1220 2081 luere
1260 2026 1432 2081 missi.
1481 2026 1618 2082 llinc
1648 2044 1677 2081 ιι
1713 2026 1914 2082 Turcis
1959 2030 2123 2084 etiam

551 2119 928 2174 Si-rbcllonius
967 2120 1229 2175 obsessus
1258 2119 1384 2183 fuit,
1416 2136 1650 2188 quorum
1678 2121 1983 2176 exercitum
2030 2138 2125 2178 no—

546 2213 632 2267 vis
660 2214 909 2268 adductis
934 2214 1113 2282 copiis
1168 2210 1464 2268 liantadam
1494 2214 1737 2269 Cesziiris
1769 2215 2125 2286 begleibegus

549 2310 867 2361 admiserat.
897 2308 1127 2361 Carrera
1167 2308 1347 2361 denuo
1375 2307 1681 2361 subsidium
1722 2308 1874 2375 petit.
1918 2307 1995 2361 Ea
2034 2325 2122 2364 res

550 2398 775 2451 anxium
812 2393 1145 2451 Serbellonii
1202 2396 1449 2451 animum
1482 2411 1590 2451 non
1622 2414 1813 2467 parum
1842 2409 2117 2471 torquere.

546 2490 607 2542 Si
649 2488 829 2544 nullos
863 2490 1122 2552 misisset,
1175 2487 1419 2543 futurum
1456 2490 1773 2553 verebatur,
1831 2502 1891 2546 ut
1916 2493 1991 2559 .ln
2040 2492 2124 2563 ipa

543 2597 669 2637 sum
704 2582 922 2637 amissa
947 2580 1154 2636 Gulette
1182 2580 1340 2650 culpa
1380 2583 1727 2638 conferretur
1752 2600 1767 2639 :
1794 2583 1879 2640 sin
1911 2594 2118 2651 autem,

545 2682 606 2726 ιιι
637 2687 739 2727 suo
764 2683 940 2728 semet
968 2674 1223 2741 presidio
1258 2675 1515 2729 nudaret.
1567 2673 1942 2732 Nihilominus
1981 2691 2119 2731 con-

540 2779 703 2821 cessa
727 2765 975 2821 Carrera:
1008 2781 1204 2822 manus
1244 2765 1600 2822 subsidiaria.
1652 2767 1874 2822 Duobus
1909 2768 2119 2825 interea

544 2857 778 2926 navigiis
796 2862 1128 2929 appulerunt
1147 2873 1214 2912 ex
1236 2857 1497 2927 Hispanla
1519 2860 1626 2915 600
1642 2859 1845 2915 milites
1866 2858 2114 2931 Hispani.

546 2950 644 3021 qui
674 2960 844 3005 noctu
878 2966 974 3020 per
1008 2951 1157 3019 ipsas
1190 2947 1496 3007 Turcorum
1526 2952 1788 3008 excubias
1830 2965 2120 3023 penetrau-

542 3055 646 3111 tes,
678 3060 802 3100 cum
832 3044 1048 3100 vexillis
1083 3056 1139 3100 et
1181 3046 1430 3101 vestibus
1487 3043 1743 3102 Turcicis
1805 3055 2115 3109 uterentur,

540 3148 597 3190 ct
644 3137 913 3207 quosdam
961 3136 1195 3192 Turcice
1250 3136 1536 3206 loquentes
1586 3154 1772 3194 secum
1827 3139 2112 3201 haberent,

2240 638 2295 680 et
2326 640 2539 681 ειτιιιιιιι
2564 628 2706 682 dicm
2738 647 2750 682 :
2776 631 3097 700 amissaque
3125 646 3219 701 per
3250 647 3523 687 summam
3552 635 3819 705 ignaviam

2239 736 2302 775 ea
2328 738 2448 789 qua:
2472 721 2710 777 Karulus
2735 725 3016 793 Augustus
3038 724 3091 778 in
3114 736 3440 793 potestatein
3465 731 3669 796 optimo
3691 744 3822 781 con-

2238 815 2365 867 silio
2400 816 2704 884 redegerat,
2735 826 2791 871 ut
2824 817 3104 873 securitati
3149 818 3374 886 Sicilia,
3418 837 3548 891 regn
3613 818 3821 891 illi-apo.

2238 905 2389 959 litani
2421 908 2696 979 totiusque
2757 920 2870 965 tum
2902 910 3091 974 italia,
3127 923 3239 966 tum
3272 911 3543 983 Hispania:
3571 915 3823 970 consule-

2238 1008 2335 1054 ret.
2365 1000 2609 1056 Fuerunt
2633 1014 2813 1057 autem
2839 1005 2956 1059 lia-c
2988 1020 3131 1058 anno
3155 1006 3250 1059 981
3287 1006 3442 1077 (Chr.
3468 1006 3624 1078 15“)
3645 1019 3817 1077 gesta,

2236 1090 2395 1158 cujus
2450 1093 2607 1147 initio
2652 1092 2837 1149 Veneti
2890 1104 3069 1150 certas
3103 1100 3392 1157 obcausas,
3452 1113 3559 1150 non
3599 1100 3821 1150 Consul-

2238 1184 2306 1239 tis
2331 1194 2384 1238 et
2416 1184 2600 1240 invitis.
2629 1186 2789 1250 adeo,
2828 1187 3081 1255 pontiﬁce
3111 1197 3276 1257 atque
3335 1186 3605 1259 Hispano,
3629 1204 3817 1244 contra

2234 1274 2381 1344 leges
2414 1275 2654 1339 lcedrris,
2687 1293 2872 1346 pacem
2904 1295 3025 1333 cum
3050 1281 3267 1335 sultano
3297 1282 3500 1338 Selime
3547 1282 3813 1337 fecerant.

2305 1365 2459 1424 Tunc
2484 1369 3253 1444 etiamCorcyramuniendze
3301 1375 3521 1430 Venetis
3571 1378 3790 1431 Occasio

2234 1476 2359 1515 nent
2422 1462 2654 1531 prtbuit
2724 1478 3028 1521 exscensus
3075 1467 3321 1522 crudelis
3381 1470 3435 1521 in
3488 1483 3608 1524 eam
3666 1469 3819 1523 insu-

2238 1554 2343 1607 lam
2395 1552 2617 1610 Sinanis
2680 1556 2876 1621 bassc.
2932 1558 3214 1616 redeuntis
3257 1577 3323 1614 ex
3371 1561 3630 1617 Africano
3655 1563 3812 1617 bello.

2231 1646 2365 1702 Nam
2396 1649 2520 1703 licet
2550 1648 2621 1703 ab
2650 1650 2945 1717 insulauis,
2977 1653 3027 1707 ei
3058 1653 3309 1722 placandi
3353 1656 3594 1710 hominis
3622 1670 3814 1720 causa,

2232 1739 2395 1810 cujus
2429 1741 2737 1810 prasertim
2762 1752 2892 1800 tunc
2929 1744 3180 1801 victoriis
3202 1746 3553 1801 insolentiam
3592 1758 3811 1814 norant,

2235 1848 2457 1887 munera
2495 1836 2741 1902 quaedam
2773 1836 3103 1893 olerrentur
3136 1856 3151 1892 :
3207 1848 3388 1893 tamen
3442 1838 3553 1895 illis
3591 1838 3815 1909 rejectis

2235 1924 2550 1980 immaniter
2574 1927 2628 1982 in
2652 1942 2749 1983 eos
2778 1940 3067 1998 grassatus
3091 1939 3196 1983 est.
3256 1928 3402 1985 Missi
3433 1932 3535 1988 hoc
3589 1932 3813 1987 nomine

2232 2014 2456 2069 luerunt
2487 2018 2541 2069 in
2580 2019 2876 2090 Corcyram
2907 2036 3033 2073 cum
3084 2021 3175 2075 alii
3242 2037 3421 2076 rerum
3482 2024 3808 2079 militarium

2227 2109 2413 2174 periti,
2459 2120 2575 2164 tuin
2635 2113 2802 2165 etiam
2874 2112 3080 2167 Slortia
3128 2114 3503 2182 Palavicinus,
3563 2118 3811 2174 Marchio

2225 2199 2411 2256 Cnrtis
2446 2204 2697 2271 majoris.
2732 2203 2939 2259 [lorum
2985 2210 3238 2263 consiliis
3306 2210 3379 2263 ita
3414 2220 3528 2264 tum
3584 2214 3811 2267 munitzc

2221 2306 2350 2347 cum
2373 2293 2574 2363 oppido
2613 2294 2835 2350 fuemnt
2858 2312 3013 2353 arces
3078 2298 3185 2353 illic
3216 2301 3455 2369 praealtis
3485 2304 3540 2356 in
3576 2303 3755 2373 rupiln
3778 2318 3809 2360 ε

2224 2386 2363 2448 sitae.
2393 2401 2629 2457 vereque
2675 2398 2840 2457 caput
2881 2392 3022 2445 inter
3053 2391 3237 2446 nubila
3256 2392 3427 2463 (quod
3455 2391 3603 2449 Maro
3643 2397 3807 2465 dixit)

2222 2480 2542 2546 candentes,
2566 2496 2704 2552 quas
2739 2484 2915 2553 ipsum
2951 2502 3107 2541 mare
3166 2485 3541 2543 circumﬂuit:
3580 2487 3716 2544 nihil
3748 2497 3810 2545 ut

2220 2573 2474 2644 equidem
2537 2574 2769 2630 viderim
2810 2580 3073 2635 adversus
3126 2594 3346 2637 omnem
3392 2580 3501 2639 vim
3549 2580 3806 2637 hostilem

2222 2666 2454 2734 ﬁrmius,
2493 2668 2627 2722 nihil
2662 2669 3155 2741 inexpugnabilius.

2292 2760 2483 2816 Annus
2508 2760 2771 2831 98%(Cbr.
2796 2762 2957 2831 1575)
2992 2764 3367 2821 memorabilis
3389 2774 3475 2824 est
3525 2767 3709 2839 plures
3734 2768 3806 2823 ob

2222 2865 2442 2907 causas.
2498 2853 2634 2906 Nam
2695 2856 2970 2909 exstincto
3022 2856 3243 2910 sultano
3305 2856 3623 2918 Selimell.
3659 2860 3807 2916 filiis

2220 2941 2461 3002 Murates
2490 2946 2561 3001 ΙΙΙ
2591 2947 2715 3017 ejus
2745 2950 3010 3012 numinis,
3038 2950 3461 3019 auspicatusest
3485 2954 3804 3023 imperium,

2218 3052 2340 3093 cum
2384 3040 2506 3109 ipso
2535 3040 2700 3111 hujus
2728 3042 2857 3097 anni
2885 3043 3221 3099 'Christiani
3273 3045 3567 3116 principio.
3596 3046 3810 3117 Agebat

2218 3131 2270 3185 id
2304 3133 2563 3203 temporis
2592 3149 2794 3188 annum
2816 3136 2999 3191 aetatis
3018 3137 3113 3191 27.
3145 3139 3283 3192 Ante
3317 3140 3503 3194 omnia
3570 3150 3800 3210 recepto

537 3229 789 3283 Culetain
831 3229 1063 3299 ingressi
1114 3239 1265 3283 sunt.
1309 3228 1553 3284 Tandem
1584 3239 1637 3284 et
1672 3230 1833 3283 tertio
1881 3232 2113 3284 Carrera
2144 3236 2189 3298 α
2225 3237 2381 3279 more
2433 3225 2671 3279 barbaro
2720 3227 3053 3294 strangulari
3109 3228 3357 3300 quinque
3402 3228 3601 3288 fratres
3646 3246 3805 3296 suos,

542 3324 771 3377 militem
823 3323 925 3377 sibi
967 3323 1219 3378 submitti
1266 3338 1295 3375 a
1347 3323 1691 3377 Serbellonio
1746 3322 2011 3391 postulat,
2066 3328 2122 3377 et

540 3418 878 3486 quingentos
933 3418 1196 3469 beneficio
1260 3416 1437 3471 noctis
1488 3431 1620 3470 usos
1668 3416 1945 3483 impetrat,
1995 3430 2120 3469 cum

540 3511 779 3580 egregiis
834 3508 1127 3578 prmlectis,
1169 3522 1236 3562 ac
1278 3509 1419 3562 inter
1478 3510 1641 3571 alios,
1692 3507 1953 3561 Salazaro
2002 3524 2121 3561 ma-

539 3618 661 3669 gna:
720 3600 932 3655 virtutis
979 3611 1035 3654 et
1084 3598 1510 3654 existimationis
1552 3600 1688 3653 viro.
1754 3597 2123 3653 Nihilominus

542 3708 638 3745 arx
661 3691 925 3748 Guletana
952 3688 1264 3746 Tureorum
1298 3692 1353 3745 in
1378 3699 1704 3760 potestatem
1736 3691 1899 3745 venit.
1933 3690 2123 3761 Neque

540 3787 792 3847 defuere,
828 3785 923 3855 qui
979 3784 1271 3842 Carreram
1332 3784 1665 3853 proditionis
1713 3784 2118 3840 insimularcnt.

544 3878 704 3934 l'rius
744 3876 967 3947 quidem
998 3887 1168 3940 certe,
1199 3893 1365 3945 quam
1416 3876 1578 3930 Turci
1625 3875 1987 3945 appulissent,
2037 3879 2122 3934 vel

541 3986 636 4041 per
663 3969 960 4032 inscitiam,
999 3969 1081 4023 vel
1136 3968 1477 4038 superbiam,
1529 3967 1863 4037 quingentos
1919 3970 2124 4026 milites

540 4072 832 4119 veteranos
874 4062 1039 4117 Italos
1071 4062 1361 4115 admittere
1413 4061 1633 4116 noluit:
1692 4062 1838 4131 quod
1893 4062 2120 4117 minime

538 4170 935 4211 concessurum
974 4169 1033 4209 se
1063 4155 1295 4216 diceret,
1328 4163 1383 4207 nt
1434 4154 1489 4206 in
1522 4153 1643 4222 ejus
1680 4154 1867 4222 gloria:
1907 4164 2118 4223 partem

543 4250 795 4301 venirent
852 4245 990 4309 ltali,
1046 4262 1213 4315 quam
1271 4246 1501 4315 Hispani
1534 4244 1727 4299 Guleta
1776 4234 2117 4301 delendenda

540 4341 897 4394 consecuturi
949 4348 1155 4394 essent.
1206 4337 1472 4405 Equidem
1517 4340 1660 4407 apud
1711 4340 1860 4407 ipsos
1904 4340 2117 4394 'l‘urcus

538 4448 604 4485 cx
651 4431 755 4487 lide
785 4432 966 4503 dignis
1010 4430 1326 4484 hominibus
1355 4432 1560 4499 accepi,
1599 4430 1887 4483 Carreratn
1946 4430 2117 4485 fuisse

539 4525 713 4578 virum
744 4537 970 4593 prorsus
998 4522 1255 4591 ignavum
1286 4530 1341 4575 et
1370 4520 1819 4584 formidolosum,
1875 4524 1967 4588 qui
2000 4523 2117 4589 pul-

2225 3324 2359 3369 natu
2391 3330 2451 3372 se
2474 3318 2742 3383 minores,
2776 3319 2833 3374 in
2860 3322 3147 3388 praesentia
3182 3336 3282 3377 sua
3312 3321 3477 3389 jussit
3508 3339 3523 3377 :
3562 3339 3801 3394 quorum

2226 3407 2440 3461 minimi
2478 3409 2787 3466 cervicibus
2815 3424 2873 3466 et
2901 3413 3095 3482 jugulo
3126 3429 3252 3468 cum
3294 3428 3393 3483 pro
3419 3429 3569 3469 more
3594 3429 3805 3472 nervus

2224 3499 2609 3563 adhiberetur,
2637 3503 2911 3557 incertum
2952 3520 3019 3558 an
3052 3505 3346 3560 tenerioris
3390 3509 3444 3562 in
3476 3507 3623 3563 hunc
3650 3522 3807 3564 amo.

2226 3593 2303 3647 ris
2324 3600 2491 3647 causa
2538 3592 2703 3666 368
2759 3607 2989 3659 motum.
3031 3613 3101 3652 an
3177 3600 3513 3657 conscientia
3575 3612 3806 3672 patratae

2223 3682 2564 3742 crudelitatis
2599 3691 2654 3742 in
2690 3704 2902 3758 omnes,
2930 3691 3310 3763 illacrymasse
3354 3694 3575 3760 quidem
3618 3694 3802 3767 ipsum

2224 3797 2467 3842 constat.

2295 3877 2483 3933 Itidem
2517 3887 2740 3934 mortuo
2781 3878 2996 3933 Scaeho
3027 3869 3647 3947 Techmase'Parthico,
3678 3897 3801 3937 suc-

2223 3966 2392 4020 cessit
2424 3966 2568 4020 iilius
2600 3981 2709 4019 non
2740 3968 3163 4037 primogenitus,
3217 3968 3584 4025 Mucbemetes
3623 3972 3803 4028 Hadu-

2223 4057 2425 4112 bendes
2459 4074 2473 4121 ;
2509 4072 2609 4111 nec
2644 4057 2850 4121 lsmail,
2904 4059 3025 4129 ejus
3058 4061 3300 4113 nominis
3336 4062 3388 4113 in
3423 4061 3528 4115 hac
3558 4063 3802 4131 Sephina

2220 4147 2447 4202 Familia
2475 4151 2776 4212 secundus,
2798 4149 3042 4205 secundo
3067 4150 3186 4203 loco
3213 4151 3429 4218 genitus
3462 4192 3477 4214 .
3500 4154 3595 4208 sed
3617 4154 3803 4223 proxi-

2222 4255 2344 4293 mus
2371 4240 2440 4294 ab
2465 4240 2553 4293 bis
2576 4240 2783 4295 llaidar
2819 4240 3061 4307 Iirises,
3090 4243 3181 4311 qui
3207 4243 3365 4296 annis
3398 4244 3606 4314 aliquot
3638 4256 3796 4301 antes

2220 4333 2392 4399 patris
2429 4332 2483 4384 in
2506 4346 2675 4401 regno
2713 4348 2973 4400 suprema
3023 4350 3150 4390 cum
3200 4345 3471 4405 potestate
3503 4337 3653 4393 vices
3683 4356 3801 4408 ges-

2219 4436 2383 4477 serat.
2422 4421 2471 4476 ls
2505 4436 2687 4478 tamen
2742 4426 2829 4477 vix
2870 4424 2939 4478 l5
2987 4426 3185 4482 diebus
3220 4444 3389 4497 regno
3425 4430 3531 4485 frui
3599 4432 3796 4500 potuit,

2220 4516 2433 4570 occisus
2484 4533 2513 4569 a
2580 4517 2815 4571 sultanis
2867 4518 3225 4586 quibusdam,
3311 4520 3428 4577 sive
3472 4526 3799 4591 proceribus

540 4616 686 4668 veris
732 4615 1075 4668 tormentarii
1132 4614 1377 4666 nidorem
1420 4611 1564 4665 ferre
1599 4628 1705 4665 non
1758 4621 1961 4681 posset,
2016 4628 2116 4666 nec
2150 4586 2199 4645 D
2224 4610 2393 4677 regni,
2426 4612 2517 4675 qui
2551 4628 2674 4663 eum
2705 4610 2956 4663 odi-rant.
2980 4609 3258 4666 Hideinde
3278 4614 3521 4669 secundo
3552 4617 3795 4684 grniium

541 4706 776 4759 tolcrare
824 4702 1048 4757 fulmina
1096 4703 1467 4771 displosarum
1507 4703 1944 4758 machinarum:
1996 4720 2115 4770 qua:

539 4812 670 4850 sane
696 4795 910 4865 quoties
934 4795 989 4847 iu
1024 4794 1239 4848 hostem
1261 4794 1730 4853 exonerabantur,
1757 4793 1875 4861 ipse
1901 4794 2117 4846 subter-

542 4890 719 4943 raneis
750 4902 811 4942 se
865 4887 1257 4949 testudinibus,
1314 4886 1820 4953 concameratisque
1847 4884 1978 4937 locis
2017 4885 2117 4938 ab-

536 4982 721 5045 debat,
769 4981 1144 5050 bombaceque
1190 4994 1318 5034 suas
1363 4976 1653 5034 obturabat
1677 4991 1865 5031 aures.
1913 4977 2116 5031 Ferunt

536 5076 585 5129 ei
620 5076 782 5129 Turci
815 5073 1141 5145 proditionis
1165 5071 1434 5127 obtulisse
1462 5070 1743 5141 pramiinm
1800 5071 1951 5139 regni
2013 5068 2114 5139 Cy-

541 5164 647 5233 prii
680 5161 1058 5233 prmfecturatn
1097 5178 1111 5215 :
1148 5176 1324 5230 neque
1376 5169 1557 5212 tamen
1620 5158 1867 5214 dedititio
1913 5174 2110 5229 peper-

537 5272 685 5319 cere,
723 5257 817 5309 sed
858 5264 1113 5323 tanquam
1142 5251 1231 5304 vili
1266 5251 1537 5320 mancipio
1598 5262 1728 5305 sunt
1782 5257 1888 5306 nsi.
1942 5252 2111 5320 Capta

542 5350 759 5411 (iulcta,
800 5361 996 5419 prwter
1019 5347 1181 5399 aliam
1237 5349 1473 5412 pra-dam
1536 5346 1742 5414 potitus
1781 5357 1866 5400 est
1938 5346 2111 5399 Sinan

541 5441 702 5492 liassa
726 5440 1040 5509 quingentis
1068 5437 1334 5490 machinis
1358 5436 1594 5500 bellicis,
1621 5452 1744 5489 cum
1775 5436 1974 5506 ingenti
2006 5447 2116 5489 tor-

545 5534 795 5586 mentarii
819 5532 1060 5601 pulveris
1109 5530 1452 5597 aliarumque
1500 5530 1640 5583 bello
1672 5531 2112 5582 necessariarum

541 5640 746 5684 rerum,
776 5636 831 5679 et
860 5638 1093 5678 annonm
1126 5622 1305 5692 copia.
1343 5620 1493 5675 Nora
1527 5636 1742 5691 quoque
1766 5622 1967 5675 deinde
1996 5636 2116 5673 mu-

545 5718 680 5770 nitio
706 5731 734 5771 a
762 5716 959 5771 Turcis
990 5724 1252 5784 occupata
1292 5714 1412 5778 fuit,
1455 5729 1561 5766 non
1604 5726 1789 5767 tamen
1823 5713 1997 5765 multo
2032 5711 2105 5764 si-

543 5824 613 5863 ne
648 5814 914 5878 sanguine
939 5825 953 5859 :
983 5818 1141 5877 capto
1175 5808 1342 5863 etiam
1377 5803 1740 5870 Scrbellnnio,
1764 5804 1859 5874 qui
1909 5805 2113 5859 crude-

538 5902 661 5955 liter
688 5916 718 5953 a
742 5898 943 5955 Sinane
963 5900 1126 5955 bassa
1151 5908 1416 5954 tractatus
1460 5898 1578 5951 luit.
1604 5896 1715 5951 lluc
1751 5894 1913 5951 modo
1938 5912 2107 5965 pror-

2224 4699 2423 4754 Sizachi
2456 4699 2778 4757 Tcelimasis
2828 4703 2998 4755 lilium
3042 4701 3342 4768 lsmailcm,
3387 4707 3507 4773 ejus
3557 4710 3797 4763 nominis

2222 4792 2552 4857 secundum,
2585 4809 2614 4845 e
2652 4808 2878 4847 carcere
2924 4795 3248 4862 productum
3280 4811 3447 4864 regno
3473 4798 3792 4866 praeﬁciunt.

2220 4880 2421 4936 Fuerat
2445 4885 2591 4937 enim
2618 4901 2646 4937 a
2675 4896 2829 4954 patre
2859 4886 3145 4956 conjectus
3182 4888 3237 4942 in
3271 4902 3572 4953 carcerem,
3632 4907 3795 4960 prop-

2222 4986 2301 5029 ter
2324 4977 2691 5043 quorumdam
2719 4992 3008 5045 procerum
3044 4980 3373 5040 delationes.
3404 4992 3452 5034 et
3485 4981 3539 5034 in
3562 4998 3629 5035 eo
3674 4984 3793 5051 plu-

2220 5069 2373 5122 ribus
2403 5072 2560 5121 annis
2594 5070 2846 5122 Itxserat.
2876 5066 2995 5122 Jam
3020 5085 3187 5140 regno
3214 5073 3445 5139 potitus,
3483 5083 3535 5128 ιιι
3584 5076 3792 5128 animos

2218 5174 2444 5214 suorum
2472 5162 2802 5229 exploraret,
2839 5177 2904 5216 ac
2949 5163 3254 5231 prasertim
3314 5175 3375 5219 ut
3400 5181 3782 5235 cognosceret,

2218 5252 2442 5317 quinam
2503 5262 2686 5305 essent
2745 5252 2819 5303 illi
2879 5255 3107 5315 sultani,
3154 5270 3389 5321 quorum
3448 5257 3682 5324 impulsu
3737 5270 3790 5311 ct

2218 5344 2451 5397 consilio
2483 5344 2748 5394 custodia!
2776 5345 3118 5411 mancipatus
3170 5363 3199 5399 a
3228 5358 3384 5415 patre
3439 5349 3653 5413 luisset,
3710 5368 3789 5403 sc-

2217 5445 2426 5488 ercluni
2450 5436 2502 5487 in
2532 5437 2707 5488 locum
2728 5446 2905 5490 semet
2928 5438 3107 5497 abdit,
3132 5449 3182 5491 et
3206 5444 3570 5507 quorumdam
3602 5459 3782 5511 opera,

2217 5527 2418 5596 quibus
2441 5529 2677 5580 maxime
2737 5528 2963 5592 ﬁdebat,
3027 5541 3255 5583 mortem
3308 5548 3463 5586 suam
3524 5534 3787 5603 publicari

2217 5632 2397 5674 curat.
2427 5619 2554 5689 Ejus
2607 5620 2684 5672 rei
2720 5621 2862 5674 fama
2894 5621 3214 5676 diversostu
3250 5624 3533 5679 hominum
3588 5628 3787 5682 animis

2217 5722 2419 5776 ntotns,
2457 5723 2615 5780 prout
2654 5712 2883 5768 atl'ectus
2932 5714 2985 5768 in
3010 5714 3281 5769 lsmailcm
3305 5718 3541 5785 quisque
3573 5716 3786 5781 luisset,

2216 5804 2474 5858 excitavit
2502 5820 2515 5855 :
2546 5804 2599 5855 in
2652 5803 2983 5859 adversariis
3017 5813 3076 5859 et
3132 5806 3383 5860 hostibus
3412 5807 3679 5871 laetitiam,
3738 5811 3786 5859 ιιι

2219 5896 2411 5950 amicis
2442 5895 2675 5950 luctum.
2711 5894 2823 5950 lloc
2871 5898 3031 5952 modo
3063 5899 3419 5967 prodentibus
3479 5908 3649 5957 semet
3681 5901 3783 5954 ini-
