4218 6308
381 431 487 493 ὖΠ

1451 438 1830 499 SUi'l’I.EM.
1870 438 2149 540 ᾹΝξΗΙλ.
2182 441 2497 504 TUllClC.
3534 450 3647 515 δῖε

385 553 547 608 micis
574 568 640 606 ac
700 551 1062 618 delatoribus,
1123 552 1335 619 illatum
1381 555 1447 607 ab
1501 554 1718 608 istuaile
1773 555 1965 610 morti<
2001 566 2035 616 Α
2071 557 2392 625 sangiacvim
2428 560 2576 614 hunc
2603 559 2847 615 Cttrdum
2886 559 3273 633 lladriauopoli
3297 564 3643 636 prehendere

386 649 712 718 supplicium
753 649 874 704 init.
909 649 1054 703 Idem
1108 667 1215 702 nou
1248 651 1500 704 sultanos
1541 651 1809 704 duntaxat
1859 651 1961 704 sibi

385 751 699 810 suspectos,
732 755 919 795 verum
948 741 1114 794 etiam
1141 742 1340 795 fratres
1369 755 1503 795 suos
1541 734 1763 803 omnes,
1806 755 1967 810 quot-

384 845 517 901 qnot
541 832 784 886 nancisci
821 834 1018 902 potuit,
1053 849 1084 888 e
1113 835 1294 887 medio
1324 833 1566 888 sustulit.
1595 834 1658 888 Et
1699 835 1826 904 quia
1868 836 1961 890 de-

385 925 602 979 iieiente
675 935 805 981 tunc
860 940 893 980 δ
929 925 1128 979 Turcis
1167 927 1425 996 sangiaco
1464 926 1701 995 quodam
1756 926 1966 990 Cordo,

385 1019 455 1070 de
489 1032 598 1083 quo
620 1027 746 1070 Ino:
774 1017 978 1072 dicturi
1007 1032 1226 1081 sumus,
1255 1018 1424 1087 aliqui
1460 1030 1717 1087 proceres
1763 1020 1964 1074 lsmaili

387 1119 646 1164 auctores
663 1121 841 1174 erant,
877 1120 938 1164 ut
1003 1103 1172 1164 iliunr
1210 1111 1410 1164 Turcis
1470 1111 1716 1175 dederet,
1755 1128 1822 1165 ne
1865 1127 1966 1181 pax

386 1204 530 1257 inter
574 1214 868 1272 utramque
928 1215 1144 1275 gentem
1200 1205 1406 1259 dudum
1468 1205 1602 1259 inita
1647 1216 1972 1275 servataque

394 1298 707 1356 violaretur,
767 1313 875 1349 non
915 1298 1078 1352 modo
1133 1298 1384 1350 consiliis
1428 1312 1620 1352 eorum
1657 1298 1764 1352 non
1807 1299 1972 1354 obse-

388 1396 554 1442 cutus
578 1399 687 1452 est,
729 1402 919 1443 verum
945 1391 1112 1442 etiam
1141 1389 1374 1442 dedendi
1403 1390 1668 1458 supplicis
1694 1400 1971 1456 auctores,

392 1481 629 1548 bellique
697 1481 913 1536 Turcici
943 1471 1377 1549 'dissuasores,‘
1423 1497 1587 1552 poena
1625 1483 1866 1552 capitis,
1915 1492 1974 1536 ut

390 1574 701 1642 proditores
750 1574 950 1629 ati'ecit.
984 1576 1102 1641 Qua
1166 1575 1408 1630 hominis
1455 1577 1748 1633 severitate
1806 1578 1972 1631 nimia

389 1667 632 1736 plerique
659 1669 903 1735 graviter
935 1667 1149 1728 oﬂ‘ensi,
1199 1679 1359 1724 sexto
1389 1669 1540 1738 regni
1585 1675 1774 1725 mense
1809 1686 1972 1724 vene-

389 1773 520 1812 num
560 1756 633 1824 et,
661 1755 870 1815 sororis
900 1774 1087 1828 opera,
1120 1763 1518 1830 propinatum:
1557 1776 1669 1828 quo
1759 1759 1973 1824 hausto,

387 1854 555 1906 vitam
598 1867 722 1906 cum
771 1863 950 1907 morte
995 1854 1383 1908 commutavit.

2069 652 2185 703 suis
2210 664 2334 702 cum
2359 651 2564 706 zausiis
2585 662 2816 707 conatur
2841 653 2898 707 in
2929 655 3131 710 sultani
3163 655 3394 711 Muratis
3420 658 3463 713 il
3499 676 3644 712 mes-

2069 744 2194 803 sita.
2231 742 2445 798 Curdus
2468 761 2528 799 se
2559 761 2684 799 cum
2726 748 2840 800 suis
2867 746 3196 812 defendens,
3240 749 3420 820 ipsum
3447 752 3648 807 ibidem

2068 832 2353 901 interﬁcit,
2389 837 2603 891 caneris
2632 838 2827 906 partim
2854 840 3078 904 occisis,
3111 843 3309 909 partim
3331 845 3651 899 vulneratis.

2073 925 2186 977 liae
2214 927 2280 980 dc
2300 943 2465 982 causa
2498 929 2730 985 Selimes
2754 929 2828 994 ei,
2876 946 3001 985 eum
3045 933 3307 990 omnibus
3338 936 3473 998 suis,
3531 953 3652 991 cer-

2073 1019 2220 1071 viecs
2254 1023 2529 1086 amputari
2573 1021 2760 1089 jussit.
2795 1023 2931 1078 Cum
2979 1025 3074 1079 illo
3121 1025 3413 1098 iugulato,
3466 1027 3655 1082 fratris

2072 1111 2189 1172 ejus
2216 1110 2362 1165 [ilius
2385 1113 2756 1169 successionis
2779 1113 2902 1184 jure
2926 1118 3304 1186 saugiacatum
3333 1120 3507 1190 ipsius
3529 1137 3655 1190 pos-

2074 1202 2304 1256 sideret:
2323 1203 2542 1272 quidam
2559 1205 2700 1259 alius
2725 1215 2960 1276 agnatus
2995 1209 3140 1260 adita
3159 1213 3323 1276 porta
3343 1209 3655 1277 Osmanica,

2076 1295 2270 1359 partim
2304 1295 2527 1361 oblatis,
2579 1299 2781 1364 partim
2821 1300 3111 1366 promissis
3147 1301 3465 1370 ingentibus
3493 1304 3656 1358 donis

2077 1397 2186 1439 tam
2230 1386 2334 1454 ipsi
2369 1389 2607 1448 sultano.
2634 1405 2802 1459 quam
2845 1395 3178 1450 consiliariis
3210 1395 3352 1464 ejus,
3376 1411 3516 1464 quos
3565 1414 3657 1450 ve-

2075 1479 2218 1532 zires
2250 1480 2545 1547 appellant,
2605 1483 2789 1550 agnati
2839 1485 2926 1540 sui
2970 1488 3350 1555 sangiaratum
3396 1491 3650 1558 impetra-

2079 1571 2175 1624 vit.
2199 1572 2413 1625 Citatus
2447 1575 2584 1628 alter
2613 1575 2680 1628 ad
2713 1574 2958 1639 Portam,
2991 1581 3086 1650 qui
3112 1597 3226 1635 rem
3255 1598 3471 1637 oiunem
3495 1585 3658 1638 intel-

2079 1662 2320 1724 Ii-xis-et,
2353 1663 2570 1733 sibique
2629 1681 2920 1732 metueret,
2955 1687 3023 1726 ne
3061 1674 3270 1742 absque
3331 1676 3490 1743 culpa
3556 1688 3657 1729 sua

2078 1753 2243 1807 terret
2264 1758 2513 1810 eanniem
2538 1773 2776 1826 poenam,
2800 1777 2904 1830 qua
2935 1774 3160 1831 patruus
3189 1764 3413 1821 aii'ectus
3443 1767 3617 1822 fuerat
3641 1783 3656 1820 :

2080 1847 2315 1900 tle-vitata
2349 1847 2692 1916 profectione
2715 1853 2780 1906 ad
2829 1853 3075 1916 Portam.
3135 1859 3294 1926 quasi
3341 1859 3410 1912 de
3453 1858 3658 1914 suitaui

437 1945 716 2000 Anno985
739 1944 1095 2017 (Chr.t576),
1118 1944 1429 2013 Stephanus
1451 1944 1974 2010 Batorius,Somlia-
2009 1925 2049 1980 Β
2082 1933 2307 1994 Selimis
2343 1941 2644 1997 obtinenda
2704 1947 2878 2014 gratia
2905 1948 3228 2018 desperans,
3290 1959 3342 2004 tn
3382 1953 3659 2007 Parthiam

386 2051 516 2101 nus,
545 2037 745 2094 nobilis
791 2039 1065 2107 Ungarus,
1101 2039 1437 2110 caeteroquin
1479 2038 1688 2094 heroici
1722 2039 1805 2093 vir
1830 2040 1973 2094 ani-

388 2127 487 2194 mi,
527 2129 616 2198 qui
646 2130 837 2197 paucis
867 2137 999 2184 ante
1036 2129 1200 2185 annis
1245 2130 1522 2184 exstincto
1567 2127 1767 2184 Joanni
1802 2129 1977 2201 Sigiso

386 2221 598 2276 mundo
635 2220 928 2277 Erdeliauo
960 2222 1100 2292 bego
1130 2223 1412 2290 (mortuus
1434 2221 1580 2276 enim
1619 2221 1668 2276 is
1701 2218 1803 2276 iuit
1827 2235 1975 2275 anno

383 2313 998 2385 Christianot57t,qui
1049 2313 1470 2369 Mahumetanus
1529 2320 1652 2368 erat
1712 2311 1822 2368 978
1848 2329 1974 2368 cum

384 2422 558 2462 onere
597 2407 786 2462 tributi
832 2407 1276 2476 annui,sultano
1331 2403 1810 2461 Musulmanorum
1865 2405 1979 2460 sol-

388 2504 570 2569 veudi,
621 2511 1012 2567 successerat;
1046 2502 1530 2556 commendatione
1585 2501 1790 2555 sultani
1858 2501 1977 2555 Mu-

387 2598 544 2660 ralis,
579 2595 792 2666 patroni
823 2595 929 2656 sui,
980 2592 1225 2648 Polonize
1278 2610 1375 2648 rex
1439 2594 1622 2649 factus
1679 2602 1786 2658 est,
1846 2611 1973 2652 eum

389 2687 661 2743 Henricus
733 2685 983 2741 Valesius
1039 2685 1251 2751 Gallus,
1296 2695 1463 2756 quem
1515 2687 1694 2754 ipsum
1757 2705 1978 2756 quoque

389 2781 818 2848 Poloniaereguo
855 2782 1085 2847 potitum
1171 2794 1337 2846 opera
1359 2794 1459 2833 sua
1534 2779 1770 2833 Mnrates
1819 2781 1979 2848 jaeti-

393 2883 516 2927 tare
559 2875 791 2936 soli-bat,
820 2889 848 2924 a
871 2882 1042 2925 tnorte
1077 2872 1270 2926 Karuli
1295 2874 1483 2926 lratris
1510 2887 1542 2926 e
1573 2873 1796 2926 l‘olouia
1850 2889 1974 2941 pro-

389 2965 577 3038 fugus,
606 2969 676 3021 de
730 2965 1006 3021 sententia
1037 2979 1326 3036 procerum
1384 2982 1554 3036 regno
1591 2965 1794 3022 inisset
1826 2967 1978 3020 abdi-

384 3070 568 3116 catus.

466 3151 670 3208 Eodem
704 3167 852 3207 anno
884 3150 1079 3207 Seachi
1112 3148 1432 3207 Teehmasis
1467 3152 1613 3208 iilius
1645 3153 1977 3224 primogeni-

2079 2031 2324 2101 profugit
2352 2034 2418 2086 ad
2452 2036 2714 2089 scachum
2741 2036 3009 2094 lsmailem
3041 2045 3372 2110 secundum,
3400 2045 3494 2115 qui
3527 2057 3660 2100 tune

2079 2140 2257 2178 rerum
2276 2130 2418 2196 apud
2444 2128 2670 2182 Parthos
2693 2132 3016 2198 potiebatur.
3037 2135 3331 2191 Sciendum
3359 2155 3510 2202 vero.
3537 2157 3662 2197 μην

2077 2217 2264 2285 giacos
2302 2218 2427 2273 illos
2450 2220 2791 2286 Curdormn,
2819 2227 2948 2280 licet
2978 2228 3208 2296 imperio
3229 2233 3433 2286 sultani
3462 2231 3662 2288 Osnia-

2079 2310 2221 2365 nida
2266 2314 2676 2381 crmtineantur,
2731 2333 2842 2372 non
2887 2331 3071 2376 tamen
3112 2324 3185 2378 ita
3216 2325 3439 2392 pratici,
3468 2343 3662 2396 quem-

2077 2404 2375 2459 alimOiltllll
2443 2407 2534 2459 alii
2579 2413 2829 2476 sangiaci
2889 2413 3112 2468 solent:
3145 2418 3242 2470 sed
3297 2419 3508 2474 similes
3540 2436 3662 2475 esse

2078 2496 2345 2559 vaivodis.
2380 2498 2496 2551 sive
2536 2502 2814 2569 palatinis,
2848 2514 2901 2559 et
2932 2509 3255 2574 prrrsidibus
3293 2511 3520 2579 Erdrlii,
3555 2511 3664 2568 Va-

2078 2589 2295 2655 laehiae,
2318 2591 2482 2663 367
2519 2591 2804 2650 Holdavia:
2828 2613 2842 2660 ;
2867 2613 3019 2665 quos
3052 2609 3274 2669 oportet
3329 2619 3456 2660 esse
3513 2606 3658 2660 illius

2080 2696 2394 2752 procerum,
2425 2687 2481 2739 in
2526 2687 2642 2755 ipsa
2675 2690 2900 2758 regione
2953 2697 3127 2762 patria
3161 2705 3343 2761 natos.
3367 2706 3422 2753 et
3453 2713 3484 2752 a
3539 2702 3659 2758 suis

2079 2777 2442 2844 optimatibus
2470 2794 2534 2833 ac
2562 2783 2780 2849 pupulis
2849 2785 3076 2842 electos.
3123 2788 3288 2844 Curdi
3348 2807 3476 2846 vero
3515 2793 3662 2848 haud

2079 2865 2248 2921 dubie
2273 2870 2481 2925 «ineunt
2511 2873 2781 2942 originem
2822 2891 2852 2930 a
2881 2877 3155 2933 Clialdwis
3177 2889 3229 2934 et
3253 2881 3663 2953 Mesopotamize

2082 2962 2321 3028 populis.
2359 2963 2490 3016 Nam
2519 2965 2573 3017 in
2600 2967 2922 3022 hodiernum
2949 2986 3126 3040 usque
3147 2972 3292 3026 diem
3318 2974 3473 3029 multi
3524 2975 3666 3032 Cur-

2080 3050 2278 3106 dorum
2310 3055 2586 3123 principes
2619 3061 2970 3126 reperiuntur
2996 3058 3053 3116 in
3083 3065 3305 3134 regione
3343 3066 3660 3137 Bagadatis.

2082 3157 2206 3212 qua:
2236 3144 2536 3217 Babylonia
2566 3151 2853 3207 veteribus
2883 3164 2990 3221 est,
3014 3165 3068 3209 et
3107 3159 3509 3226 Carahemida',
3540 3147 3664 3233 qua:

385 3253 484 3305 tus
506 3244 873 3299 Muehemetes
889 3241 1213 3315 cognomine
1226 3240 1768 3314 llodabendes.qnod
1786 3241 1973 3299 Persa-
2007 3269 2053 3329 ρ
2084 3237 2377 3329 Amida,et
2405 3239 2458 3293 in
2499 3241 2784 3297 Diaibrkir
2819 3245 2936 3301 sive
2955 3247 3352 3319 Mesopotamia
3381 3270 3656 3322 :qnarutn

391 3353 516 3394 rum
543 3336 729 3407 lingua
750 3335 845 3392 Dei
863 3351 1082 3392 servum
1105 3335 1398 3406 signiﬁcat,
1427 3335 1658 3389 mortuis
1686 3336 1972 3403 fratribus,

390 3430 616 3486 liaidari
642 3428 862 3494 lii-iss},
901 3434 1067 3499 atque
1095 3427 1301 3483 ismaili
1326 3429 1589 3492 secundo,
1621 3428 1924 3484 succedens
1956 3448 1971 3496 ;

383 3526 513 3582 licet
548 3541 578 3579 a
618 3535 816 3580 natura
863 3524 1067 3593 quietis
1089 3522 1326 3590 cupidus
1354 3532 1519 3586 esset,
1549 3523 1864 3576 inchoatum
1894 3533 1975 3576 ta-

388 3633 513 3673 men
531 3617 602 3673 ab
624 3616 842 3673 lsmaile
872 3616 1043 3670 fratre
1075 3627 1270 3670 contra
1304 3615 1518 3670 Turcos
1555 3616 1757 3670 lellum
1789 3629 1975 3684 prose-

385 3713 480 3785 qui
502 3712 733 3768 statuit:
768 3711 913 3782 (μιοά
943 3709 992 3766 ei
1030 3711 1171 3764 iiiius
1197 3721 1344 3768 esset
1373 3713 1511 3766 emir
1549 3710 1700 3766 Chan
1735 3707 1970 3772 Mirises,

394 3809 578 3879 magni
604 3806 828 3876 iuvenis
844 3805 1041 3867 animi,
1067 3805 1548 3874 gerendarumque
1570 3819 1644 3856 rei
1663 3818 1752 3856 um
1782 3801 1975 3871 impri-

388 3903 497 3958 mis
519 3901 735 3957 avidus.
767 3898 928 3955 ilune
953 3899 1130 3967 cepiis
1160 3902 1280 3952 suis
1310 3911 1565 3965 supremo
1587 3912 1712 3951 t-ttm
1743 3895 1973 3965 Imperio

384 3993 654 4066 praefecit.
714 3993 910 4048 Causae
938 3990 1068 4046 belli
1119 3991 1288 4044 variae
1337 3989 1583 4050 fuerin”,
1620 4003 1758 4058 quas
1807 3988 1972 4058 paulo

384 4089 553 4143 altius
586 4087 675 4140 hic
698 4094 1035 4153 repetemus.
1097 4096 1371 4149 nusquam
1407 4083 1475 4131 ab
1526 4082 1650 4134 aliis
1707 4082 1973 4136 hactenus

383 4185 456 4235 ita
476 4182 740 4251 proditas.
773 4175 1008 4248 Operam
1038 4175 1185 4228 enim
1217 4173 1495 4238 dedimus,
1516 4185 1573 4226 ut
1604 4175 1655 4226 in
1690 4174 1804 4243 ipsa
1832 4172 1972 4228 Tur-

381 4273 466 4325 cia
491 4272 626 4324 certi
651 4269 861 4338 aliquid
891 4274 958 4321 de
995 4267 1160 4320 rebus
1230 4266 1332 4318 hoc
1370 4266 1510 4318 bello
1546 4264 1716 4332 gestis
1763 4280 1974 4335 cogno-

384 4379 670 4418 sceremus
709 4343 740 4414 a
786 4360 890 4415 ilde
939 4359 1121 4429 dignis
1148 4357 1488 4422 hominibus,
1546 4357 1748 4423 spretis
1809 4358 1972 4427 vulgo

321 4457 324 4460 ’
384 4455 628 4523 iactatis,
663 4465 866 4522 perque
924 4449 1141 4504 litteras
1165 4448 1375 4517 sparsis
1406 4449 1533 4502 hinc
1587 4446 1712 4501 inde
1749 4462 1973 4502 rumus-

384 4547 548 4607 culis,
576 4557 628 4597 et
652 4557 831 4596 rerum
861 4553 1125 4594 novarum
1168 4551 1397 4590 nonius.

2083 3327 2369 3398 regionum
2422 3333 2608 3402 populi
2657 3334 2894 3393 Cbaldei
2955 3351 3174 3396 suntet
3221 3343 3433 3415 Assyrii
3489 3347 3664 3402 Wano

2075 3418 2536 3478 ctSel:eherczuli
2561 3428 2748 3496 vieini,
2787 3447 2853 3487 ac
2883 3433 3173 3491 Persarum
3207 3438 3275 3494 ad
3313 3439 3450 3496 ﬂues
3487 3460 3665 3510 usque

2075 3525 2134 3564 se
2166 3516 2535 3581 porrigentes.
2561 3515 2829 3575 Prazterea
2870 3533 3111 3588 constat.
3149 3527 3359 3581 Arabes
3387 3528 3664 3600 hodieque

2074 3604 2384 3660 Cbaldmam
2429 3624 2626 3664 vocare
2676 3608 2906 3680 Keldau,
2947 3610 3113 3683 quam
3165 3604 3344 3673 Persa:
3383 3635 3508 3674 cum
3555 3621 3658 3677 Os-

2076 3700 2310 3754 rnanicis
2343 3700 2768 3767 Curdistanum,
2826 3707 2931 3760 hoc
2962 3718 3069 3774 est,
3092 3726 3320 3782 rrg'inni
3349 3715 3659 3770 Curdorum

2073 3792 2366 3860 appellant.
2397 3794 2458 3847 Et
2487 3808 2682 3852 omnes
2713 3798 2804 3853 isti
2840 3801 3201 3868 pepuliseetae
3219 3813 3344 3858 sunt
3376 3804 3660 3862 Mahume-

2075 3892 2235 3939 tante.
2275 3885 2411 3940 Cum
2441 3888 2608 3957 igitur
2640 3890 2707 3942 ad
2739 3890 2936 3947 Persas
2983 3900 3273 3963 sangiacus
3305 3896 3397 3953 ille
3422 3898 3658 3966 Cordus,

2073 3976 2278 4044 dequo
2322 3978 2564 4034 diximus
2586 3996 2644 4035 se
2675 3985 3025 4049 contulisset,
3068 4002 3177 4041 non
3235 3991 3399 4046 modo
3459 3997 3658 4062 perhu-

2075 4070 2309 4124 maniter
2342 4087 2467 4126 eum
2494 4077 2705 4143 excepit
2735 4077 2915 4131 lsuiail
2961 4082 3224 4148 scaebus,
3263 4099 3453 4139 verum
3486 4087 3652 4140 etiam

2073 4176 2291 4218 omnem
2351 4182 2508 4220 suam
2570 4181 2732 4237 opem
2772 4170 2850 4226 illi
2904 4173 2970 4226 ad
3033 4180 3465 4244 recuperandam
3545 4182 3660 4232 avi-

2074 4263 2181 4308 tam
2220 4259 2585 4328 patritamque
2612 4261 2878 4318 ditionem
2919 4264 3139 4320 obtulit.
3175 4266 3450 4325 Husrevcs
3472 4281 3655 4326 alitem

2074 4350 2256 4418 bassa,
2294 4354 2388 4423 qui
2427 4352 2585 4406 Wani
2627 4356 2983 4428 [initiumque
3018 4361 3258 4428 regionis
3297 4373 3407 4417 tum
3443 4363 3657 4434 begler-

2075 4443 2245 4513 begus
2315 4456 2456 4509 erat,
2499 4448 2796 4518 exterique
2845 4452 3088 4518 saugiaei
3128 4452 3422 4520 liniitanei,
3463 4457 3556 4525 qui
3588 4458 3654 4511 ad

2075 4535 2525 4606 lit-gIei-brgatum
2574 4540 2744 4607 ipsius
2779 4542 3303 4620 pertinebangcnm
3352 4547 3515 4602 hasce
3565 4563 3653 4603 res

461 4635 678 4691 lsmaile
711 4634 910 4688 seacho
936 4618 1257 4702 superstite,
1298 4629 1518 4696 quidam
1548 4627 1841 4697 sangiaens
1872 4646 1970 4682 na-
2003 4629 2044 4682 D
2076 4630 2493 4695 intellexissent,
2539 4631 2796 4685 dannmm
2824 4632 3059 4689 Persicis
3114 4618 3316 4691 iiuibus
3350 4654 3444 4706 per
3459 4655 3656 4694 excur-

385 4733 530 4784 tione
579 4726 818 4789 Cordus,
871 4723 961 4777 cui
1021 4737 1219 4776 nomen
1271 4720 1527 4773 Alulallas
1587 4721 1774 4788 begus,
1841 4735 1967 4773 cum

385 4822 650 4891 quasdam
676 4817 746 4872 ob
776 4830 975 4869 causas
999 4813 1053 4867 in
1074 4815 1447 4881 StlSpiciout'lll
1490 4812 1749 4877 venisset,
1801 4812 1972 4881 impe-

388 4925 543 4967 rante
575 4915 799 4964 sultano
833 4907 1041 4959 Selime
1079 4904 1144 4967 ll,
1180 4913 1338 4973 patre
1374 4902 1604 4956 Muralis
1627 4901 1719 4964 Ill,
1776 4918 1973 4957 evoca-

391 5018 474 5060 tos
529 5008 708 5057 fuerat
755 5015 786 5054 a
832 5000 1047 5054 sultano
1129 4996 1353 5057 Solimo,
1389 4999 1493 5048 sub
1548 4997 1658 5049 alio
1680 5008 1966 5065 przclextu,

389 5100 480 5168 qui
521 5097 880 5151 barbarorum
944 5108 1060 5146 mos
1111 5099 1214 5151 est,
1247 5091 1311 5140 ad
1363 5089 1585 5143 Pot-.am
1614 5090 1690 5143 uti
1743 5104 1804 5144 se
1831 5104 1968 5144 eon-

367 5194 598 5245 ~f.rret.
649 5185 838 5240 Paruit
897 5182 1097 5236 sultani
1152 5183 1408 5234 mandato
1458 5182 1694 5246 (Surdus,
1763 5182 1970 5236 nullius

385 5286 490 5337 sibi
530 5283 707 5349 culpae
742 5294 908 5333 conse
939 5295 1024 5338 us,
1051 5287 1098 5328 et
1130 5275 1576 5343 Hadrianopolim
1593 5273 1660 5327 ad
1689 5273 1966 5328 sultanum

387 5379 648 5432 Sclimetn
692 5375 860 5427 venit.
901 5373 1112 5425 Mandat
1149 5371 1405 5429 Selimes,
1439 5382 1496 5423 ut
1526 5383 1718 5438 captus
1762 5371 1814 5422 in
1847 5386 1969 5423 ear—

385 5488 564 5525 ci-rem
590 5468 976 5535 conjiceretur.
1013 5465 1164 5517 Solet
1193 5465 1291 5517 hoc
1321 5463 1457 5524 ﬁeri,
1484 5479 1608 5515 cum
1641 5478 1848 5531 magna-
1873 5479 1970 5517 au-

383 5565 654 5613 «tantulis
685 5561 765 5612 vel
791 5557 1008 5610 familia:
1049 5557 1154 5609 viri
1204 5553 1646 5624 apprehendendi
1695 5565 1843 5615 sntit,
1874 5571 1966 5623 per

382 5669 698 5707 zanszorum
731 5653 970 5712 I:as~am,
1008 5649 1102 5717 qui
1127 5656 1321 5718 praeest
1351 5647 1545 5699 aulicis
1574 5645 1960 5711 nobilioribus,

383 5764 453 5816 qu
483 5751 582 5798 luis
607 5745 861 5796 Stliiaillla
889 5741 1354 5795 Mnsulmatmrttm
1384 5742 1580 5804 utitur,
1611 5737 1965 5807 quemadmo-

382 5847 509 5892 dum
573 5839 844 5904 principes
898 5836 1065 5886 nostri
1143 5832 1660 5887 commissariorum
1713 5828 1881 5882 variis
1910 5828 1962 5882 in

385 5928 550 5981 rebus
595 5925 955 5994 expediundis
1019 5940 1207 5992 opem.
1266 5924 1400 5977 llum
1456 5921 1769 5977 zausiorum
1803 5919 1963 5974 bassa

2073 4722 2257 4776 siones
2273 4722 2474 4777 inferre
2500 4733 2808 4793 eruperunt,
2828 4729 2970 4795 quod
2990 4727 3255 4790 dicerent,
3276 4728 3507 4783 Ismailis
3537 4745 3654 4785 sea-

2073 4813 2160 4868 chi
2192 4814 2350 4882 culpa
2381 4824 2626 4868 mutuam
2653 4830 2842 4885 pacem
2898 4817 3156 4872 violatam
3190 4832 3334 4883 esse,
3390 4821 3484 4889 qui
3537 4822 3652 4875 sul-

2076 4907 2187 4959 tani
2236 4905 3004 4978 Musulmanorumfugitivos
3030 4921 3082 4964 et
3125 4912 3433 4980 peritae-lies
3495 4929 3652 4968 suam

2077 5001 2130 5052 in
2198 4999 2426 5054 tutelam
2497 5011 2690 5055 contra
2763 5002 2915 5072 pacis
2970 5003 3119 5073 leges
3168 5005 3491 5070 recepisset,
3544 5009 3652 5060 eis-

2075 5109 2178 5161 que
2232 5091 2570 5149 decrevisset
2632 5093 2911 5162 opitulari.
2973 5093 3090 5149 Hoc
3125 5096 3250 5149 belli
3318 5098 3650 5165 gravissimi,

2071 5186 2215 5247 quod
2254 5188 2512 5238 hactenus
2538 5189 2679 5240 inter
2702 5186 2898 5242 Persas
2932 5201 2981 5240 ct
3007 5187 3213 5242 Turcos
3244 5190 3470 5256 geritur,
3493 5207 3654 5244 exor-

2071 5278 2219 5328 dium
2264 5276 2384 5330 fuit.

2140 5370 2485 5421 Accedebant
2519 5380 2570 5421 et
2608 5370 2728 5420 alia:
2784 5385 2984 5432 causae,
3017 5371 3317 5438 piatsertim
3350 5386 3413 5426 ex
3461 5389 3654 5441 super-

2069 5461 2352 5514 stitionum
2404 5462 2669 5527 dissidiis,
2717 5478 2962 5532 vanaque
2989 5465 3328 5520 somniorum
3390 5468 3653 5521 observa-

2070 5557 2235 5619 tioue,
2287 5555 2372 5608 cui
2424 5571 2559 5624 gens
2610 5554 2835 5610 Turcica
2877 5559 3103 5611 nimium
3158 5571 3422 5628 quantum
3482 5565 3655 5614 ulmo-

2070 5663 2155 5700 sta
2217 5657 2323 5711 est,
2380 5648 2643 5706 collectae.
2683 5646 2818 5703 Nam
2875 5662 3000 5704 ante
3060 5653 3353 5706 triclinium
3384 5669 3476 5720 per
3507 5653 3651 5707 Ana-

2070 5742 2252 5793 toliam
2309 5743 2512 5810 passim
2571 5745 2779 5812 aliquot
2832 5745 3046 5800 illorum
3101 5749 3294 5811 millia,
3329 5750 3422 5814 qui
3472 5767 3531 5803 sa
3573 5766 3593 5796 r
3623 5764 3650 5804 s

2068 5829 2337 5896 Turcieis,
2369 5848 2668 5902 eorumque
2718 5834 3023 5902 disciplinis
3085 5852 3146 5890 ac
3193 5839 3390 5894 studiis
3438 5841 3653 5892 incum-

2070 5923 2692 5996 but-.t(st-luqvbtalarios
2746 5927 2846 5993 ipsi
2887 5926 3100 5998 dicunt)
3156 5943 3278 5983 sese
3333 5945 3646 5984 commove-
