4212 6288
546 390 649 447 δῖε)

1739 385 2060 449 JOANNIS
2128 384 2590 446 LEUNCLAi‘Il

3693 379 3794 441 089

545 507 690 561 rant,
727 513 789 549 ae
855 499 1141 553 l‘ersarum
1203 499 1318 552 sive
1375 498 1742 568 Sophinorum
1803 498 2122 565 religionem
2155 494 2734 561 Aimperiisultauici.
2775 489 2878 546 Per
2926 501 3232 562 serpentem
3294 491 3516 562 intelligi
3587 492 3791 545 hostem

545 585 792 640 Turcicis
813 588 1160 654 opinionibus
1193 587 1465 642 anteferre
1514 604 1573 642 se
1623 587 1854 657 professi
1895 587 2131 652 fuerant,

545 680 791 747 adeoque
823 680 1038 750 longius
1061 697 1122 734 ea
1153 692 1297 736 secta
1326 683 1568 750 quotidie
1604 682 1892 748 serpendo,
1921 687 2130 734 tantum

547 771 863 826 incrementi
921 785 1249 840 sumpserat,
1312 781 1370 828 ut
1426 775 1589 827 etiam
1661 771 2130 838 Constantinopoli

550 873 939 931 reperirentur,
1009 865 1101 933 qui
1161 881 1280 919 cant
1335 868 1647 936 probarent.
1711 864 1934 918 Somnia
1997 878 2128 917 vero

549 952 771 1006 fuerunt
798 955 1132 1025 hujusmndi,
1161 957 1413 1026 quamvis
1444 957 1585 1025 apud
1636 955 1844 1009 Turnus
1898 956 2127 1009 necdum

549 1053 702 1096 certo
764 1052 978 1098 constat
1011 1086 1025 1110 ,
1083 1061 1149 1097 an
1192 1045 1405 1098 .sullani
1461 1044 1686 1098 Muralis
1740 1043 1854 1097 haec
1905 1042 2128 1106 fuerint,

551 1151 619 1188 an
655 1135 774 1204 ejus
827 1137 1146 1198 sacerdotis,
1204 1151 1366 1204 quem
1415 1137 1612 1191 sullani
1677 1136 1758 1190 sui
1819 1134 2126 1188 scheichem

551 1224 714 1280 Tur-ci
771 1235 996 1282 vocant.
1030 1226 1310 1281 Creditum
1368 1235 1545 1281 tamen
1589 1241 1618 1279 a
1671 1227 1944 1295 pluribus,
1998 1226 2129 1292 ipsi-

555 1333 663 1374 Ittr'i
691 1319 910 1376 sultano
938 1320 1137 1375 Murali
1161 1321 1402 1376 oblatum
1433 1320 1601 1374 fuisse
1625 1320 1900 1374 somnium
1955 1318 2125 1388 prius,

550 1429 604 1469 et
632 1415 860 1468 alterum
894 1412 1120 1469 Mnratis
1150 1413 1426 1469 scheicbi:
1483 1427 1591 1479 quo
1634 1411 1855 1465 nomine
1902 1410 2127 1463 veniunt

551 1504 686 1559 certi
745 1505 1100 1570 sacerdotes,
1159 1519 1258 1574 pro
1322 1502 1454 1557 viris
1511 1501 1719 1556 sanctis
1782 1500 1924 1570 apud
1980 1500 2127 1568 ipsos

555 1595 746 1651 habiti.
783 1595 995 1666 Quippe
1031 1610 1125 1665 per
1171 1594 1411 1664 quietem
1469 1603 1615 1648 stare
1673 1592 1778 1647 sibi
1826 1593 1975 1646 visus
2040 1598 2126 1644 est

555 1691 607 1742 in
642 1690 819 1743 medio
847 1690 1052 1752 mundi,
1120 1687 1223 1744 sub
1255 1688 1452 1742 arbore
1503 1687 1759 1750 maxima,
1824 1685 1984 1753 cujus
2035 1700 2126 1737 es-

553 1790 677 1839 sent
723 1783 858 1838 rami
914 1783 1042 1846 duo,
1077 1779 1452 1850 longissimum
1502 1777 1567 1832 ad
1628 1776 1968 1831 intervallum
2031 1792 2123 1830 cx-

2234 586 2406 655 ipsius
2461 585 2804 648 orientalem,
2864 586 2966 639 hoc
3023 593 3127 647 est.
3186 586 3443 639 seacbum
3495 584 3797 639 Persicum:

2232 690 2392 742 quem
2427 676 2569 729 bello
2603 685 2959 744 superaturos
2986 672 3077 737 sit,
3125 683 3178 725 rt
3233 673 3533 736 occisurus,
3580 673 3800 742 ejusque

2233 783 2460 836 regnum
2489 768 2847 835 adiuncturus
2894 764 3317 821 Osmanidarum
3367 767 3611 834 imperio.
3660 767 3801 820 Cone

2230 861 2489 916 similiter
2539 861 2701 914 etiam
2773 876 2868 928 per
2926 861 2999 921 id,
3063 859 3208 927 quod
3296 859 3531 914 iuramus
3590 875 3802 913 azeines

2231 952 2415 1022 prmlio
2448 951 2762 1007 scheiebent
2796 950 3083 1006 ilaidarem
3115 951 3342 1005 adortus
3387 951 3599 1013 vicerit,
3663 951 3803 1006 futu-

2232 1062 2350 1098 tum
2385 1045 2702 1114 signiﬁcari,
2755 1052 2815 1098 ut
2870 1042 3160 1099 Persarum
3216 1043 3464 1107 haresis,
3514 1058 3620 1096 una
3676 1060 3797 1098 cum

2229 1139 2506 1200 omnibus,
2557 1138 2648 1203 qui
2692 1153 2810 1190 ea.»
2845 1147 3209 1202 sectarentur,
3266 1152 3438 1205 usque
3479 1137 3613 1190 adeo
3645 1137 3802 1190 dissi-

2231 1228 2808 1294 pt-mretaboleatur,
2865 1230 3071 1282 nulltnn
3119 1237 3177 1281 ut
3223 1229 3469 1298 ipsorum
3515 1228 3799 1294 vesriginm

2230 1323 2470 1372 lulurum
2503 1320 2573 1373 sit
2625 1321 2917 1387 reliquum.
2984 1319 3246 1373 Praeterea
3296 1321 3569 1373 sultanum
3613 1321 3800 1372 Usma-

2228 1411 2408 1464 nidam
2440 1410 2684 1465 futurum
2719 1412 2906 1466 mundi
2943 1414 3108 1467 totius
3134 1410 3376 1465 chahft-n
3427 1425 3496 1462 ac
3554 1412 3799 1464 domina-

2229 1511 2421 1555 torem.

2299 1593 2410 1646 Hoc
2449 1594 2607 1648 modo
2664 1609 2790 1649 cum
2856 1605 3147 1664 utrumque
3187 1599 3460 1652 somnium
3516 1596 3804 1652 scin-ichcs

2227 1687 2610 1752 interpretatus
2641 1699 2802 1746 esset.
2833 1687 3006 1740 voluit
3067 1689 3316 1742 sultanus
3351 1689 3518 1759 368
3571 1689 3804 1744 Murates

2225 1778 2385 1831 etiam
2452 1779 2659 1847 Itoggiae
2720 1777 2804 1833 sui
2839 1780 2940 1839 (sic
2986 1781 3125 1848 apud
3174 1781 3321 1848 ipsos
3376 1789 3660 1846 iocantur,
3711 1781 3803 1850 qui

554 1875 808 1942 porrecti.
868 1874 1000 1927 Nam
1072 1873 1209 1926 alter
1237 1873 1304 1926 ad
1365 1879 1635 1926 extremos
1686 1870 1815 1922 solis
1877 1869 2126 1930 orientis.
2161 1891 2202 1945 η
2233 1871 2435 1923 nostris
2487 1878 2612 1924 sunt.
2659 1869 3272 1940 presbyteri)judicium
3319 1871 3542 1929 audire:
3573 1873 3804 1927 cuista-

555 1968 692 2020 alter
717 1967 784 2020 ad
841 1966 1141 2021 occidentis
1187 1967 1321 2018 lines
1379 1965 1794 2018 ostendebatur.
1858 1962 2126 2015 l’r:rterea

557 2059 661 2113 sibi
690 2061 838 2113 risus
872 2068 955 2113 est
1036 2058 1340 2126 conspicari
1388 2064 1693 2123 serpentem
1741 2055 2131 2124 magnitudinis

561 2151 858 2211 immensae,
925 2165 1087 2219 quem
1137 2153 1207 2204 ab
1259 2149 1468 2202 oriente
1505 2149 1826 2217 profectum,
1863 2155 1915 2200 et
1944 2149 2011 2200 ad
2073 2163 2133 2202 se

562 2242 928 2310 provolutum,
995 2241 1156 2307 fusi»,
1223 2257 1382 2311 quem
1448 2255 1606 2293 manu
1663 2248 1890 2302 teneret,
1966 2239 2132 2292 inter—

561 2333 768 2387 fecerit.
819 2331 932 2387 iioe
965 2333 1176 2388 somnio
1209 2332 1455 2387 nomuhil
1491 2346 1818 2395 commotus,
1858 2341 1907 2382 et
1942 2348 2133 2400 exper-

564 2436 742 2479 rectus
801 2415 922 2478 fuii.
962 2423 1121 2478 Prius
1172 2439 1321 2487 vero,
1377 2437 1542 2492 quam
1599 2427 1664 2476 ad
1719 2422 2132 2492 explicationem

556 2517 783 2572 alterius
803 2516 1002 2572 somnii
1024 2518 1348 2570 accedamus
1367 2514 1714 2569 indicandum
1735 2514 1950 2569 lectoris
1971 2529 2134 2568 causa

561 2610 730 2673 tenit,
793 2608 1230 2672 Mahunietanos,
1258 2609 1397 2663 ultra
1429 2619 1663 2677 quatuor
1688 2606 2010 2662 Mahumetis
2048 2621 2137 2661 so-

558 2702 696 2766 cios,
719 2717 950 2770 quorum
973 2701 1190 2756 nomina
1212 2709 1360 2766 sunt,
1385 2697 1684 2761 Ebubckir,
1708 2702 1892 2763 Omer,
1910 2698 2134 2754 Osman.

561 2807 614 2850 et
667 2795 780 2849 Alis
840 2796 914 2861 (et
973 2794 1120 2848 fuere
1155 2791 1480 2846 Mahuntetis
1555 2792 1608 2846 hi
1645 2806 2014 2855 successores,
2074 2806 2137 2844 ac

561 2896 950 2956 propagatores
1007 2882 1402 2937 Mahumetanze
1477 2882 1926 2951 superstitionis),
2001 2881 2139 2934 alios

562 2989 799 3048 quatuor
825 2976 1069 3032 eximios
1127 2976 1356 3029 imamos
1387 2975 1501 3028 sive
1556 2976 1804 3028 doctores
1855 2974 2136 3028 venerari:

565 3084 802 3138 quorum
874 3069 1106 3137 primum
1183 3063 1567 3129 Ebuhaniiem,
1642 3073 1930 3134 propterea
1992 3062 2135 3132 quod

565 3177 876 3232 supremum
943 3160 1086 3214 inter
1143 3159 1238 3213 hos
1308 3159 1484 3211 locum
1553 3158 1814 3219 obtineat,
1880 3157 2136 3210 imatnntn

566 3267 804 3307 azentem
842 3254 954 3305 sive
991 3251 1265 3304 doctorem
1321 3264 1598 3304 sutnmum
1630 3248 1900 3316 appellare
1929 3248 2137 3299 solent:
2165 3227 2210 3290 (ἶ

567 3344 794 3397 alterunt
846 3356 1037 3395 vocant
1071 3341 1328 3394 imamutn
1387 3340 1684 3402 Malichim,
1747 3338 1960 3392 tertium
2010 3339 2141 3390 ima-

569 3453 713 3490 mum
786 3434 1102 3494 Schaallim,
1171 3443 1426 3502 quartum
1504 3431 1762 3485 itnamum
1819 3429 2137 3481 Acltnietem

570 3528 872 3582 lieubelim.
909 3529 972 3579 ili
1007 3533 1241 3594 quatuor
1269 3525 1382 3577 sive
1407 3523 1677 3582 doctores,
1730 3520 1844 3572 sive
1885 3519 2139 3572 sacerdo-

570 3635 672 3681 tes,
702 3619 882 3673 Persis
911 3617 1254 3672 infestissimi
1311 3618 1566 3668 fuerunt:
1619 3627 1682 3665 ac
1735 3610 1973 3664 vicissim
2027 3624 2140 3660 inia-

569 3729 678 3778 gno
723 3709 905 3764 Persis
933 3721 1013 3764 est
1043 3711 1094 3762 in
1153 3709 1325 3778 pretio
1357 3705 1649 3760 Scheiches
1701 3701 1919 3767 Haidar,
1950 3711 2142 3751 auctor

573 3802 850 3870 telibiouis
874 3805 1114 3870 ipsorum
1143 3800 1442 3859 hodiernae,
1468 3811 1626 3864 quem
1688 3803 1929 3847 extreme
1978 3790 2141 3843 'l'nrci

571 3897 934 3948 detestantur.
960 3891 1095 3947 Cum
1152 3889 1318 3959 igitur
1350 3887 1754 3951 obdormiissct,
1809 3885 1989 3937 videre
2040 3883 2142 3937 sibi

574 3988 720 4040 risus
747 3994 832 4040 est
858 4001 1020 4055 prope
1045 3997 1254 4054 portant
1284 3983 1520 4052 paradisi
1558 3980 1942 4040 Ehuhanii'cni,
1981 3991 2141 4044 qui-tn

575 4079 678 4145 tuti
723 4078 884 4130 modo
939 4078 1199 4145 diximus)
1291 4080 1554 4129 imamqu
1622 4089 1861 4125 alt-mem
1927 4082 2142 4133 vocant,

576 4167 680 4218 hoc
711 4175 815 4228 est,
876 4181 1151 4220 summum
1211 4167 1326 4218 sive
1392 4165 1727 4218 sacerdotrm
1776 4165 1887 4214 sive
1924 4161 2144 4228 pumili—

577 4273 716 4308 cem.
775 4257 822 4310 Is
878 4259 1202 4325 Ct-tltipclldlo
1249 4256 1451 4309 sultaui
1486 4254 1711 4307 Muralis
1767 4251 2032 4305 Scitetcltc
2061 4249 2144 4305 rei

575 4350 693 4400 viro
719 4349 809 4400 illo
854 4350 1146 4416 t-cligiow:
1205 4347 1326 4412 Abi,
1381 4348 1573 4415 inquit,
1607 4345 1673 4398 ad
1723 4343 1956 4397 clialifcn
1993 4355 2146 4395 term

579 4445 703 4508 (hoc
727 4451 826 4503 cst,
860 4443 921 4489 ad
982 4440 1243 4491 vicarium
1305 4440 1418 4491 sive
1449 4451 1823 4490 successorem
1878 4435 2146 4502 propheta:

2235 1963 2328 2016 tim
2361 1976 2421 2015 ea
2471 1961 2672 2030 placuit
2731 1962 3127 2032 interpretatio.
3188 1961 3374 2034 Neque
3407 1965 3651 2032 defuere,
3712 1968 3802 2037 qui

2233 2055 2494 2116 dicerent.
2529 2064 2800 2110 secretum
2849 2056 3137 2126 quemdam
3172 2057 3313 2111 inter
3361 2057 3507 2111 hunc
3551 2059 3802 2129 hoggiam

2235 2147 2660 2214 scheiehemque
2683 2161 3032 2212 consensum,
3071 2158 3428 2219 mutuumque
3460 2151 3528 2204 de
3571 2165 3808 2219 persna-

2233 2238 2410 2294 dendo
2445 2241 2664 2295 sultano
2699 2253 2913 2310 pactum
2969 2242 3353 2297 intervenisse.
3403 2242 3565 2298 Solus
3592 2242 3808 2298 ﬂechc-

2237 2341 2403 2388 metes
2448 2333 2607 2388 bassa
2641 2337 3023 2396 rezirazemes.
3089 2352 3249 2405 quem
3301 2351 3465 2408 supra
3502 2335 3718 2392 Sclimis
3764 2337 3809 2392 il

2236 2438 2492 2493 generum
2566 2424 2732 2479 fuisse
2792 2425 3056 2487 diximus,
3107 2436 3159 2480 et
3213 2426 3304 2496 qui
3358 2429 3612 2497 deinceps
3661 2441 3809 2482 anno

2235 2513 2545 2569 Christiano
2583 2516 2714 2570 i579
2761 2517 2903 2569 domi
2935 2533 3066 2579 suae,
3119 2533 3241 2572 cum
3289 2519 3544 2574 omnibus
3572 2518 3807 2574 adeundi

2237 2623 2294 2660 se
2342 2605 2478 2661 facta
2545 2609 2696 2676 copia
2739 2612 2826 2676 jus
2877 2611 3103 2672 diceret,
3174 2612 3424 2681 nequiter
3470 2627 3499 2665 a
3541 2611 3812 2668 .Dct'risio

2238 2699 2468 2768 quodam
2524 2699 2840 2753 interfectus
2883 2701 3014 2765 fuit;
3079 2710 3269 2755 auctor
3321 2704 3440 2771 ejus
3492 2703 3615 2758 belli
3686 2721 3812 2758 esse

2241 2792 2438 2856 noluit,
2494 2791 2638 2859 quod
2679 2792 2846 2845 libere
2899 2793 3201 2847 consulenti
3240 2809 3299 2850 se
3345 2794 3536 2850 Murati
3578 2795 3808 2860 diceret,

2239 2898 2585 2952 nequaquam
2643 2883 2821 2939 Persis
2878 2886 3075 2939 bellum
3139 2887 3498 2955 inferendum,
3545 2892 3638 2959 qui
3691 2889 3807 2958 jam

2241 2978 2408 3030 tutab
2426 2977 2583 3029 annis
2633 2991 2821 3046 pacem
2887 2977 3299 3032 Osmanidarum
3343 2995 3463 3032 cum
3510 2990 3667 3049 gente
3709 2996 3812 3036 co-

2241 3068 2491 3122 luissent.
2545 3066 2871 3124 nationibus
2926 3081 2984 3125 et
3036 3073 3372 3140 argumentis
3434 3072 3556 3127 aliis
3612 3071 3812 3141 adjun-

2241 3157 2401 3228 gebat
2448 3157 2692 3226 elegans,
2739 3161 2883 3229 quod
2942 3159 3145 3215 Circeis
3193 3170 3248 3214 et
3299 3161 3494 3216 Turcis
3544 3162 3810 3217 usitatunt

2241 3257 2325 3302 est
2382 3252 2765 3318 proverbium:
2827 3250 3068 3306 Caudant
3138 3253 3399 3321 serpenti,
3450 3254 3540 3322 qui
3585 3255 3811 3319 dormit,

2243 3358 2347 3394 non
2373 3357 2494 3395 esse
2522 3343 2861 3408 calt-audam;
2890 3347 3182 3414 ctclcroqni
3239 3345 3501 3411 futurmn,
3555 3358 3613 3402 ut
3658 3351 3811 3402 exci—

2243 3440 2406 3495 tatus,
2438 3433 2612 3500 capit»
2633 3448 2848 3486 sursum
2878 3446 3086 3501 erecto,
3115 3437 3430 3493 terribiliter
3475 3452 3698 3510 pungat.
3730 3443 3811 3497 Ad

2245 3541 2535 3592 summam,
2596 3528 2797 3582 bellum
2851 3529 2952 3584 hoc
3020 3529 3377 3586 Mechemctes
3428 3534 3587 3588 Lassa
3636 3537 3814 3590 modis

2242 3620 2495 3674 omnibus
2517 3620 2886 3675 dissuadebat.

2312 3711 2635 3765 Addeudum
2661 3727 2714 3766 et
2740 3715 2862 3778 hoc,
2896 3725 2946 3768 ut
2990 3716 3111 3769 odia
3148 3718 3325 3786 gentis
3377 3718 3664 3789 utriusque
3693 3735 3809 3773 mu-

2246 3812 2334 3855 tua
2416 3806 2620 3859 rectius
2697 3807 3087 3876 intelligantur,
3139 3808 3332 3863 Persas
3409 3810 3812 3867 inimicissimos

2243 3911 2364 3949 esse
2405 3899 2580 3950 tribus
2624 3896 2951 3952 Mahuntetis
2980 3900 3252 3967 propheta:
3279 3903 3467 3967 sociis,
3498 3902 3807 3966 Ebubckiti,

2243 3987 2449 4054 Omeri,
2487 3998 2539 4043 et
2573 3989 2834 4044 Osmani:
2896 3995 3332 4048 studiosissimo:
3385 4006 3565 4050 autem
3611 3999 3810 4065 quarti,

2246 4081 2494 4137 videlicet
2528 4083 2660 4137 Alis.
2693 4083 2856 4137 iidem
2903 4082 3078 4138 Persa:
3132 4089 3371 4150 tradunt,
3423 4090 3667 4157 angelum
3707 4091 3797 4140 lla-

2247 4173 2493 4239 briclem,
2522 4191 2644 4228 cum
2669 4190 2698 4227 e
2733 4176 2887 4230 coriis
2920 4177 2972 4229 in
3010 4188 3187 4230 terras
3213 4189 3448 4246 portaret
3484 4179 3809 4234 Alcoranum

2248 4267 2538 4335 (quolibrn
2589 4268 3093 4324 Malmmelanorum
3173 4275 3254 4328 lex
3336 4275 3669 4342 continetur)
3729 4277 3808 4328 Alt

2248 4361 2818 4425 rcddcndum,crrorc
2842 4365 3077 4433 quodam
3126 4383 3250 4420 eum
3314 4367 3603 4422 lilabumeti
3656 4370 3804 4422 obtu-

2247 4451 2408 4510 lisse;
2437 4452 2736 4523 Deumque,
2765 4457 2908 4511 vclut
2931 4473 2991 4511 ea
3041 4474 3098 4511 re
3127 4476 3467 4530 nequaquam
3521 4459 3807 4528 oﬂ'ensum,

579 4530 922 4582 llaliumctis.
959 4532 1090 4582 Nam
1147 4534 1387 4598 persuasi
1425 4537 1552 4583 sunt
1601 4527 1898 4590 Osmanici,
1940 4526 2141 4594 primi--
2179 4542 2340 4625 οιμιξ
2375 4543 2733 4599 mammae“,
2795 4565 3013 4615 qunque
3071 4550 3161 4602 ηιξ
3213 4526 3359 4606 non},
3410 4555 3686 4622 granaque
3733 4526 3801 4607 di;

577 4638 696 4688 peni
725 4637 884 4674 suum
939 4638 1059 4675 esse
1104 4623 1336 4674 chalifen
1399 4623 1563 4689 hujus
1599 4619 1831 4686 saeculi),
1861 4620 2021 4686 eique
2062 4620 2145 4672 di-

575 4712 708 4775 cito,
741 4718 996 4764 imatnuni
1050 4729 1288 4764 azcnmn
1332 4714 1431 4766 hoc
1479 4716 1596 4782 ipso
1627 4713 1733 4774 die,
1788 4728 1910 4763 cum
1962 4711 2142 4778 egredi

583 4823 610 4857 e
641 4809 890 4872 paradiso
927 4807 1103 4864 vellet,
1142 4805 1444 4858 sclieicbcm
1502 4803 1782 4856 liaitlatem
1840 4813 1961 4854 ante
1990 4819 2142 4870 para-

579 4902 681 4947 tltst
739 4899 884 4951 iores
932 4899 1238 4952 invenisse;
1299 4914 1456 4964 quem
1507 4898 1690 4962 praelii)
1747 4897 1989 4958 adortus,
2039 4913 2141 4945 ttott

578 4991 742 5043 modo
808 4991 1016 5052 κήκ-ατη,
1067 5005 1253 5042 verum
1329 4991 1491 5040 etiam
1559 4985 1853 5046 occiderit;
1905 4989 2144 5050 adeoque

578 5092 779 5136 δια-ΜΗ
833 5083 1002 5150 ipsius
1051 5095 1193 5132 nunc
1242 5080 1400 5133 linem
1458 5079 1780 5130 habituram.
1830 5076 2144 5129 ﬂortabcris

576 5191 705 5241 ergo
728 5171 984 5233 cbalifen,
1042 5180 1098 5224 ut
1130 5172 1390 5224 adtersus
1423 5170 1704 5223 lia-retices
1749 5183 1896 5224 arma
1925 5171 2142 5236 capiat:

577 5279 716 5330 quos
743 5265 947 5314 auxilio
991 5262 1176 5315 divino
1235 5261 1533 5329 superabit,
1575 5261 1748 5328 deque
1816 5262 1953 5314 l'acie
1989 5269 2144 5312 terra:

577 5369 597 5406 ί
618 5355 883 5422 issipulnt.
1437 5367 1449 5373 '

652 5446 912 5500 ueritatis
961 5445 1172 5499 dliflJUS
1247 5447 1396 5499 hisce
1449 5445 1695 5512 somniis,
1749 5447 1980 5515 primum
2031 5447 2140 5499 sul-

578 5545 684 5591 lam
735 5539 957 5592 Muralis
1012 5539 1310 5591 Scitcirltes
1343 5542 1423 5591 sic
1480 5540 1871 5607 interpretatus
1932 5550 2033 5601 est,
2087 5551 2142 5592 ut

573 5639 773 5685 dit-ciet
831 5632 1064 5684 medium
1132 5632 1316 5685 mttudi
1381 5631 1689 5700 signiﬁcare
1737 5634 1919 5687 sedem
1974 5635 2142 5702 ipsius

575 5724 774 5776 suilani
843 5724 987 5777 Mura
1020 5725 1064 5778 is
1126 5725 1497 5793 imperiatum;
1570 5734 1624 5778 et
1682 5724 1934 5780 arborem
2016 5743 2138 5779 cum

575 5817 785 5867 uuolus
848 5814 1094 5868 maximis
1146 5818 1330 5881 ramis,
1409 5817 1668 5870 «lenolare
1724 5816 2137 5886 amplitudinem

2247 4648 2410 4700 gnum
2439 4633 2663 4698 videret,
2690 4637 2848 4705 plane
2894 4640 3028 4693 nihil
3069 4642 3383 4695 oblocutum
3414 4661 3554 4698 esse.
3589 4643 3798 4698 l’rsrter-

2247 4738 2304 4774 ea
2338 4725 2526 4779 dicunt
2549 4727 2714 4781 iidem
2738 4728 2936 4796 i’ersm,
2971 4735 3198 4798 primam
3254 4750 3476 4787 uxorem
3530 4735 3780 4792 Mahume

2249 4815 2337 4879 tis,
2402 4820 2485 4869 cui
2541 4834 2736 4872 nomen
2800 4820 2964 4875 fuerit
3012 4825 3230 4888 Aisclie,
3299 4843 3575 4895 nunquam
3646 4829 3806 4884 fuistr

2247 4918 2471 4960 castam.
2509 4909 2618 4963 imo
2663 4913 2974 4980 prophetam
3008 4914 3394 4982 .‘llabuntetem,
3430 4923 3516 4986 qui
3553 4937 3610 4976 se
3664 4934 3802 4990 puta-

2249 5009 2324 5051 rcl
2360 5003 2716 5056 inw-ntnrunt
2759 5006 3043 5074 tit-ginem,
3106 5025 3169 5062 ac
3227 5013 3499 5079 pudicam.
3551 5019 3807 5082 reperisse

2247 5094 2400 5158 plane
2444 5095 2795 5148 contrarium.
2837 5098 3057 5152 Addunt
3102 5102 3288 5164 etiam,
3345 5105 3490 5172 quod
3544 5109 3806 5162 esstinetc

2247 5186 2506 5251 pmphcta
2563 5185 2892 5250 Habumete,
2935 5206 3058 5245 cum
3109 5193 3223 5247 Alis
3276 5197 3612 5264 prepinquus
3644 5207 3807 5268 τιςο-

2247 5288 2341 5326 uer
2370 5273 2510 5340 ejus.
2567 5281 2770 5329 electus
2814 5281 3006 5333 fuisset
3054 5283 3281 5338 chalifes
3332 5289 3445 5339 sire
3477 5290 3711 5344 vicarius
3765 5304 3816 5344 cl.

2246 5380 2529 5418 successor
2593 5368 2801 5435 ipsius;
2866 5371 3139 5425 Ebubeltir
3216 5378 3399 5430 lavore
3456 5380 3812 5449 malignorum

2244 5459 2602 5523 quorumdam
2666 5461 2906 5526 adjutus,
2968 5479 3063 5530 per
3120 5466 3420 5534 injuriant,
3489 5483 3676 5525 contra
3737 5473 3815 5526 la-

2245 5561 2390 5602 clum
2425 5568 2450 5601 a
2487 5554 2748 5621 propheta
2783 5564 3190 5622 testamentum,
3234 5575 3292 5613 se
3314 5562 3660 5617 constituerit
3683 5565 3815 5619 elia-

2247 5643 2398 5695 iifcn.
2477 5643 2618 5697 idem
2680 5657 2799 5712 post
2868 5649 3066 5718 ipsum,
3135 5651 3372 5718 reliquos
3430 5655 3592 5708 etiam
3660 5658 3816 5712 duos.

2245 5734 2494 5788 Omercin
2559 5745 2613 5788 et.
2665 5734 2983 5798 Osmancm.
3047 5743 3344 5799 factitasse.
3408 5746 3548 5798 Alius
3617 5747 3814 5800 interea

2245 5827 2478 5895 quadam
2512 5827 2562 5880 in
2597 5830 2858 5898 spelunca
2905 5846 3074 5889 semet
3127 5837 3427 5904 abdidisse,
3479 5838 3650 5894 donec
3706 5853 3818 5893 oni-
