4212 6288
472 366 570 428 63!

1584 369 1956 430 SUPPLEM.
1994 364 2270 432 .\.\'N.‘.L.
2309 365 2607 434 TURCIC.

3624 379 3733 443 682

473 504 504 538 ιι
543 503 568 539 s
615 484 805 538 ordine
842 490 1210 544 morerentur,
1257 490 1420 550 atque
1470 483 1541 536 ita
1567 485 1782 539 tandem
1813 488 1892 540 eis
1927 502 2048 539 suc-
2079 495 2124 548 Α
2155 497 2320 556 patet,
2375 491 2516 560 apud
2573 488 2784 544 Turcos
2835 489 3009 558 pluris
3068 487 3411 548 Christianos
3470 493 3733 566 religione

468 581 730 637 cessisse.
797 579 936 634 Cum
1003 593 1130 648 ergo
1185 587 1296 633 tres
1355 578 1442 632 isti
1494 587 1683 631 contra
1741 594 2056 647 siqu-enimn

469 673 707 742 elogium
758 672 1070 724 testamenti
1127 677 1567 738 praeceptumque
1622 669 1893 737 propheta:
1943 667 2055 722 Mr

471 767 713 819 lmmetis
748 763 1104 831 deliquerint,
1173 762 1376 816 nullam
1423 764 1488 815 iis
1537 760 1715 817 Persa:
1759 764 1916 816 filem
1963 764 2057 816 atl-

476 861 682 921 hihent,
736 873 857 928 qua:
901 872 932 910 a
996 857 1170 909 tribus
1216 855 1323 908 illis
1385 856 1466 907 vel
1530 855 1728 907 tradita
1773 868 1926 915 voce,
1980 852 2059 906 vel

474 955 776 1006 litterarum
807 949 1180 1003 monumentis
1216 948 1425 1014 prodita
1469 955 1618 1003 sunt.
1670 948 1782 1000 Ιηιο
1829 949 2061 1002 ubicun-

471 1061 582 1113 qne
623 1045 794 1098 libros
849 1041 1090 1108 ipsorum
1149 1051 1204 1093 et
1256 1040 1458 1107 scripta
1517 1039 1817 1107 reperiunt,
1876 1040 2060 1094 confe-

477 1138 602 1188 stim
657 1135 892 1188 flarnmis
949 1142 1207 1198 exurunt,
1277 1142 1332 1186 et
1389 1133 1687 1186 crudeliter
1753 1132 1808 1185 in
1865 1149 2056 1186 eorum

477 1230 858 1280 observatores
938 1226 1404 1282 animadvertunt.
1464 1224 1629 1278 Iidem
1695 1222 1873 1279 Persa:
1939 1241 2060 1280 sca-

475 1319 640 1370 chum
669 1319 782 1370 sive
816 1331 992 1385 regem
1047 1333 1208 1371 suum
1264 1315 1514 1380 adorant,
1564 1326 1617 1368 et
1669 1319 1740 1368 ita
1798 1330 2060 1368 veneran-

478 1420 588 1473 tur,
629 1424 691 1462 ac
723 1410 768 1461 si
795 1409 929 1462 deus
950 1409 1220 1478 quispiam
1248 1416 1498 1462 terrenus
1529 1417 1696 1461 esset.
1749 1404 1866 1460 Non
1891 1406 2055 1460 etiam

478 1499 767 1567 quinquies
795 1497 1029 1551 interdiu
1064 1506 1342 1566 noctuque
1374 1497 1583 1567 precari
1617 1497 1816 1561 solent,
1867 1493 2062 1550 Osma-

477 1591 725 1644 uicorum
755 1605 929 1651 more,
962 1591 1054 1644 sed
1104 1590 1274 1644 sctnel
1307 1589 1596 1645 duntaxat.
1626 1589 1708 1643 Ad
1760 1604 2056 1651 summam,

476 1691 775 1736 Sectatores
831 1693 962 1734 sunt
1016 1681 1297 1750 religionis
1345 1697 1372 1734 a
1412 1681 1640 1734 doctore
1690 1680 1923 1749 quodam
1979 1679 2060 1734 eis

478 1774 710 1840 traditas,
742 1773 832 1827 cui
862 1790 1060 1828 nomen
1087 1772 1186 1826 fuit
1215 1773 1507 1828 seheiches
1542 1773 1779 1829 llaidar:
1841 1781 1893 1825 et
1939 1771 2059 1832 qui-

2162 584 2431 648 diversos,
2463 599 2626 653 quam
2652 583 2842 638 Persas
2872 583 3197 638 Mahumctis
3232 587 3472 643 cultores
3502 590 3641 644 fieri.

2239 675 2516 744 l-prositis
2541 676 2664 729 belli
2699 676 2880 732 causis
2916 686 2968 729 ct
2996 677 3188 745 initiis,
3221 689 3274 734 et
3317 681 3528 748 plenius
3572 682 3739 753 369

2161 770 2379 838 quidem
2415 784 2478 823 ac
2511 769 2716 832 verius,
2740 785 2902 838 quam
2941 773 3172 824 antehac
3196 771 3493 839 pmstitum
3522 790 3550 827 a
3594 791 3738 844 quo-

2161 878 2327 930 quam
2353 863 2444 925 sit,
2468 861 2625 929 cujus
2654 862 2872 928 quidem
2900 864 3052 916 labor
3107 865 3158 916 in
3195 864 3471 932 publicum
3503 868 3732 934 exierit,

2163 971 2308 1008 nunc
2332 954 2395 1007 ad
2427 955 2572 1021 ipsas
2601 954 2742 1006 bello
2775 966 2955 1024 gestas
2987 970 3072 1010 res
3100 955 3452 1009 accedamus.

2236 1043 2446 1098 Dictum
2478 1045 2756 1113 superius,
2806 1045 3121 1100 inchoatum
3167 1045 3332 1100 fuisse
3373 1048 3570 1101 bellum
3632 1049 3740 1100 sul;

2164 1131 2379 1186 lsmaile
2411 1133 2673 1195 seetimlo,
2710 1134 2913 1187 scacho
2939 1133 3258 1187 Persarum:
3283 1149 3393 1202 quo
3423 1150 3530 1188 non
3563 1138 3736 1189 multo

2165 1236 2280 1292 post
2311 1233 2551 1287 mortuo,
2579 1225 2702 1277 licet
2731 1224 2898 1277 frater
2923 1237 2976 1278 et
3002 1239 3288 1278 successor
3333 1227 3387 1280 in
3419 1242 3587 1294 regno
3610 1243 3738 1279 sca-

2163 1321 2298 1370 chus
2356 1315 2726 1370 Muchemetes
2783 1315 3138 1370 llodabendes
3191 1326 3430 1382 emptum
3486 1331 3515 1371 a
3571 1317 3737 1372 fratre

2162 1407 2364 1460 bellum
2401 1406 2656 1475 prosequi
2688 1407 3042 1471 decrevisset,
3073 1418 3252 1461 tamen
3280 1418 3341 1464 ut
3385 1426 3453 1465 eo
3499 1411 3741 1480 paratior

2163 1497 2468 1560 accederet,
2507 1496 2653 1550 aliud
2700 1496 2995 1567 agendum,
3051 1509 3105 1552 et
3161 1499 3309 1552 aliud
3367 1499 3737 1556 simulandum

2163 1586 2337 1650 duxit,
2374 1602 2540 1657 regno
2571 1589 2870 1657 prtcsertim
2908 1604 3012 1643 non
3045 1588 3116 1642 ita
3149 1589 3358 1657 pridem
3405 1591 3577 1658 adito,
3634 1606 3740 1648 nec

2161 1679 2297 1734 satis
2329 1680 2505 1735 adhuc
2530 1680 2850 1749 compositis
2897 1680 3081 1745 rebus,
3116 1697 3253 1749 quas
3284 1680 3515 1738 lsuiailis
3570 1695 3739 1740 terno-

2164 1773 2310 1826 raria
2351 1774 2652 1829 crudelitas
2698 1789 2808 1829 non
2857 1789 3050 1844 parum
3110 1777 3481 1844 perturbarat.
3552 1778 3741 1848 Itaque

475 1866 598 1919 dam
638 1880 706 1919 ex
754 1866 889 1934 ipsis
949 1865 1179 1919 alterius
1240 1879 1460 1935 quoque
1516 1863 1758 1919 doctoris
1817 1864 2063 1934 vestigiis
2094 1865 2138 1921 B
2170 1863 2597 1921 moderationem
2626 1868 2920 1936 quamdam
2956 1881 3066 1936 pra:
3093 1883 3152 1921 se
3181 1868 3383 1936 ferens,
3418 1883 3525 1938 qua
3561 1872 3739 1926 turbis

479 1959 758 2023 insistunt,
789 1974 949 2027 quem
991 1959 1253 2013 imamum
1310 1957 1585 2012 llarustim
1639 1953 2049 2027 appellant.,lli

475 2055 588 2109 duo
631 2053 887 2108 doctores
912 2052 994 2106 vel
1046 2053 1234 2106 imarui
1274 2051 1604 2107 exstiterunt
1640 2053 1692 2105 iu
1731 2051 1865 2105 urbe
1920 2049 2052 2105 l‘er-

475 2163 660 2201 sarum
698 2147 863 2211 Reza,
899 2162 1010 2214 quo
1037 2157 1281 2214 tempore
1303 2144 1559 2199 vixerunt
1589 2143 1828 2207 Erdchil,
1852 2140 2053 2198 Usum-

475 2239 736 2295 chasanis
784 2238 970 2293 scachi
1018 2237 1308 2292 Persarum
1364 2251 1552 2308 gener,
1605 2246 1659 2291 et
1691 2241 1925 2291 scachus
1975 2235 2054 2290 Is-

478 2335 633 2396 mail,
664 2332 787 2400 ejus
820 2330 1058 2384 nominis
1086 2332 1316 2399 primus,
1349 2329 1615 2385 Erdebilis
1651 2328 1816 2394 filius,
1846 2325 2053 2384 Usum-

478 2427 736 2480 ehasanis
768 2441 830 2479 ex
870 2423 1075 2477 Martha
1105 2425 1212 2476 lilia
1275 2437 1465 2490 nepos.
1504 2420 1753 2490 Cumque
1801 2425 2054 2477 doctores

481 2519 536 2572 hi
566 2525 677 2570 tam
712 2516 1117 2576 conciouanuo,
1153 2531 1315 2585 quam
1374 2515 1687 2580 scribendo,
1741 2531 1803 2568 ea
1858 2528 2057 2583 propo-

480 2611 741 2674 suissent,
772 2625 893 2675 quae
919 2607 1178 2673 diximus,
1219 2610 1327 2661 duo
1360 2609 1436 2660 illi
1487 2607 1784 2676 principes,
1839 2606 2057 2660 Erdebil

479 2713 536 2758 et
580 2702 803 2766 lsmail,
841 2711 994 2770 pater
1044 2709 1099 2755 et
1154 2700 1318 2762 filius,
1383 2715 1575 2754 eorum
1625 2699 1928 2753 doctrinam
1975 2712 2055 2751 sev

479 2807 735 2864 elatoque
782 2796 1084 2863 probarunt
1131 2805 1187 2847 et
1229 2791 1462 2861 amplexi
1506 2801 1654 2848 sunt.
1682 2795 1756 2846 Ac
1807 2791 1900 2844 filii
1939 2790 2060 2860 qui-

484 2888 608 2942 dem
663 2888 919 2950 lsmailis,
978 2897 1336 2956 cognomento
1389 2883 1642 2954 Sophini,
1701 2899 1766 2939 ea
1827 2882 2059 2938 felicitas

493 2981 618 3047 fuit,
653 2991 711 3035 ut
745 2995 898 3034 nova
926 2980 1224 3050 religionis,
1253 2995 1416 3050 quam
1446 2977 1743 3048 Sophinam
1771 2986 2060 3040 vocarunt,

497 3075 640 3129 fama
659 3074 1060 3129 conﬂuentibus
1106 3074 1172 3129 ad
1207 3074 1385 3142 ipsum
1439 3073 1624 3142 parvis
1681 3070 1859 3132 initio,
1907 3070 2063 3125 dein-

487 3173 554 3223 de
589 3168 887 3238 majoribus
913 3167 1190 3221 hominum
1225 3166 1419 3236 c0piis,
1481 3165 1696 3219 tandem
1724 3163 1926 3232 praeliis
1976 3163 2060 3214 vi-

2161 1955 2302 2009 inter
2359 1967 2650 2027 utramque
2703 1969 2921 2030 gentem
2968 1975 3136 2029 nuper
3173 1960 3381 2014 exortis
3437 1962 3738 2016 remedium

2161 2045 2360 2102 afferre
2385 2059 2648 2118 cuperet:
2687 2051 2895 2120 legatos
2925 2065 3051 2106 cum
3109 2052 3308 2108 litteris
3355 2053 3421 2108 ad
3457 2054 3737 2110 sultanum

2161 2138 2423 2194 Muratem
2467 2143 2635 2207 misit,
2700 2143 2900 2213 quibus
2948 2145 3316 2215 significabat,
3367 2161 3649 2218 nunquam
3679 2161 3743 2205 se

2164 2230 2349 2287 fratris
2382 2235 2435 2288 in
2494 2236 2868 2307 abrumpenda
2918 2251 3051 2307 pace
3106 2237 3397 2293 consilium
3455 2239 3740 2310 probasse,

2164 2325 2256 2378 sed
2282 2325 2332 2378 in
2365 2326 2555 2396 primis
2597 2329 2701 2383 hoc
2753 2344 2971 2399 semper
3030 2331 3394 2398 desiderasse,
3450 2334 3529 2386 uti
3569 2333 3743 2390 semel

2166 2419 2307 2471 inter
2352 2431 2639 2487 utramque
2695 2420 2959 2475 familiam
3015 2424 3339 2488 constituta,
3397 2433 3585 2495 totque
3626 2425 3741 2494 jam

2166 2511 2413 2567 abannis
2455 2513 2604 2565 culta
2638 2529 2740 2582 pax
2782 2524 2836 2567 et
2901 2517 3145 2570 amicitia
3204 2525 3415 2582 mutua,
3476 2527 3743 2587 perpetuo

2167 2616 2609 2658 conservaretur.

2239 2697 2319 2750 Ah
2344 2696 2514 2751 altera
2576 2707 2731 2768 parte
2787 2696 3050 2762 Mutates,
3118 2699 3212 2768 qui
3271 2715 3452 2755 veram
3495 2701 3746 2758 crederet

2168 2790 2559 2856 expositionem
2583 2805 2648 2845 ac
2693 2790 3120 2846 declarationem
3181 2791 3541 2848 iudicatorum
3595 2809 3746 2850 som-

2171 2884 2412 2943 niorum,
2457 2892 2510 2935 ct
2566 2883 2704 2938 citra
2757 2882 3221 2938 intermissionem
3268 2884 3337 2938 ad
3395 2885 3742 2941 inferendum

2171 2975 2348 3029 Persis
2368 2976 2635 3031 hmreticis
2683 2976 2883 3031 bellum
2939 2979 3332 3032 accenderetur
3380 2994 3409 3032 a
3471 2979 3745 3049 praedictis

2170 3065 2425 3120 scheiehe
2445 3077 2607 3136 atque
2636 3066 2853 3134 hoggia,
2882 3065 3037 3121 ﬂocci
3064 3068 3372 3138 legationes
3416 3083 3482 3124 ac
3533 3069 3744 3125 litteras

2171 3159 2354 3212 scachi
2384 3158 2742 3214 Muchemetis
2768 3159 3046 3214 faciebat:
3105 3160 3350 3230 adeoque
3402 3162 3490 3214 vix
3541 3162 3746 3217 auditis

486 3268 604 3313 ctos
634 3255 928 3312 Persarum
987 3270 1163 3324 reges,
1207 3253 1470 3324 Jacupem
1528 3254 1858 3308 avunculum
1899 3265 2060 3305 suum
2086 3251 2133 3313 C
2170 3250 2363 3321 legatis
2394 3250 2718 3319 imperabat,
2746 3259 2805 3304 ut
2832 3265 3160 3307 numerosus
3182 3267 3248 3308 ac
3299 3263 3608 3323 prapotens
3652 3269 3746 3308 co-

487 3354 721 3420 ejusque
748 3351 920 3404 lilium
950 3349 1258 3412 Alvantem,
1295 3347 1577 3412 occiderit,
1609 3363 1671 3401 ac
1709 3346 1812 3402 sibi
1836 3360 2065 3416 regnum

487 3443 806 3513 subjeccrit,
855 3442 924 3495 ad
974 3449 1224 3508 posteros
1274 3441 1438 3494 etiam
1492 3439 1754 3508 dignitate
1816 3438 1962 3507 regia
2012 3437 2064 3490 in

491 3536 636 3590 hunc
666 3549 839 3604 usque
861 3535 1008 3589 diem
1044 3544 1362 3602 propagata.
1413 3529 1778 3585 Nihilominus
1831 3530 1906 3582 illi
1957 3529 2068 3582 duo

487 3630 779 3684 Persarum
802 3627 1117 3680 imamis‘rve
1169 3625 1440 3684 doctores,
1468 3620 1670 3675 llaidar
1712 3628 1766 3674 et
1791 3617 2066 3683 llarustis,

488 3737 598 3776 non
647 3720 1066 3775 Osmanicorum
1100 3716 1386 3776 duntaxat,
1412 3729 1601 3768 verum
1636 3715 1800 3768 etiam
1834 3714 2066 3766 aliorum

488 3815 1002 3870 Mahumetanorum
1055 3811 1440 3863 exsecratione
1489 3807 1824 3862 damnantur
1851 3816 1959 3862 tam
2013 3807 2066 3860 in

489 3909 748 3963 Barbaria
791 3907 873 3963 vel
918 3903 1122 3966 Africa,
1143 3919 1306 3973 quam
1334 3904 1386 3956 ir.
1407 3901 1588 3957 Keziis
1613 3902 2071 3958 bassaelatissituo

487 4003 738 4072 imperio,
766 4000 861 4070 qui
913 4012 1145 4067 magnus
1194 3995 1519 4050 Tatarorum
1587 4003 1725 4048 rhan
1781 3994 2070 4051 Chitainus

489 4099 653 4164 vulgo
703 4095 928 4150 dicitur.
981 4094 1092 4146 Has
1121 4105 1312 4145 omnes
1362 4089 1527 4159 igitur
1580 4092 1651 4144 ob
1700 4103 1897 4143 causas
1933 4092 2070 4142 adeo

493 4191 676 4245 Persis
711 4187 897 4242 infesti
921 4194 1051 4241 sunt
1107 4181 1410 4247 Osinanici,
1443 4189 1503 4237 ut
1556 4185 1748 4236 horum
1802 4182 2068 4249 muphtis,

492 4283 714 4345 hocest,
745 4279 1058 4349 patriarcha
1087 4275 1172 4330 vel
1213 4291 1464 4331 summus
1506 4274 1769 4342 pontifex.
1821 4273 1961 4328 hanc
2005 4275 2072 4327 de

491 4373 627 4443 ipsis
666 4370 1000 4426 sententiam
1035 4369 1221 4421 tulerit
1250 4383 1264 4420 :
1303 4370 1513 4436 gratius
1543 4369 1799 4421 nimirum
1831 4377 1883 4421 et
1911 4382 2067 4419 arce-

490 4465 640 4534 ptius
667 4478 787 4516 esse
811 4463 945 4525 Deo,
978 4459 1257 4529 religionis
1289 4459 1682 4513 Mahumetana:
1728 4473 1888 4512 causa
1933 4458 2064 4511 Per-

2171 3353 2392 3413 geretur
2411 3344 2712 3396 exercitus.
2747 3342 3058 3398 Accedebat
3101 3344 3371 3414 impulsor
3432 3343 3595 3408 alius,
3645 3361 3750 3402 nec

2172 3438 2354 3490 minus
2387 3453 2532 3502 acer,
2564 3439 2842 3493 llusrevcs
2883 3438 3040 3492 bassa
3074 3436 3406 3495 Wanensis:
3460 3440 3556 3510 qui
3607 3457 3748 3511 quo-

2171 3530 2299 3582 tidie
2329 3532 2643 3585 veredarios
2663 3547 2787 3585 cum
2822 3533 3016 3586 litteris
3037 3532 3570 3604 Constantinopolim
3610 3537 3744 3590 mis-

2171 3621 2393 3683 sitabat.
2425 3639 2522 3692 per
2547 3638 2685 3693 quas
2725 3624 2936 3678 litteras
2983 3629 3260 3680 sultauum
3309 3624 3574 3684 Muratem
3629 3644 3748 3685 cer-

2174 3718 2361 3770 tiorem
2388 3718 2665 3783 reddebat,
2696 3732 2887 3785 reapse
2911 3717 3105 3772 Persas
3123 3733 3313 3788 pacem
3339 3734 3445 3776 non
3465 3731 3744 3790 expetere,

2172 3809 2267 3861 sed
2291 3809 2427 3864 dicis
2480 3810 2746 3865 duntaxat
2805 3825 2995 3872 causa.
3054 3812 3264 3869 litteras
3326 3825 3380 3870 et
3431 3816 3638 3886 legatos
3675 3817 3744 3886 ad

2175 3903 2391 3955 Portam
2421 3903 2658 3966 misisse,
2688 3918 2798 3972 quo
2820 3903 3032 3956 scilicet
3063 3919 3267 3958 moram
3304 3883 3742 3978 interponerent,

2175 4011 2340 4062 seque
2368 3995 2609 4065 gerendo
2635 3994 2779 4050 bello
2813 3995 2976 4050 rebus
3007 3996 3076 4050 ab
3115 3998 3373 4052 omnibus
3426 3999 3745 4055 instructio-

2176 4101 2262 4141 res
2292 4087 2587 4142 clliccrcnt.

2243 4177 2400 4231 Anno
2463 4176 2846 4232 Mahunietano
2919 4178 3024 4233 98t
3075 4177 3228 4248 (Chr.
3291 4179 3446 4248 1577)
3511 4187 3745 4240 scachus

2175 4270 2544 4325 tluchemetes
2573 4283 2698 4326 cum
2735 4269 2804 4324 iis
2845 4269 3082 4340 populis.
3145 4285 3377 4338 quorum
3445 4272 3745 4343 imperator

2176 4366 2330 4431 longe
2359 4362 2604 4415 omnium
2637 4369 2752 4415 toto
2790 4368 3064 4416 terrarum
3116 4364 3249 4416 orbe
3303 4365 3741 4432 potentissimus.

2174 4452 2280 4509 Ulu
2312 4454 2460 4506 Chao
2491 4451 2798 4518 Chitainus,
2833 4464 2890 4507 et
2914 4453 3112 4509 Kezies
3153 4455 3310 4509 hassa
3361 4459 3742 4525 cognominari

493 4571 609 4613 sam
636 4569 805 4608 uirum
826 4553 1027 4615 occidi,
1084 4553 1210 4605 licet
1261 4549 1598 4620 professione
1648 4549 2067 4603 Mahumetanus
2103 4589 2142 4641 ο
2176 4547 2335 4610 solet,
2355 4543 2535 4599 fmdus
2563 4544 2707 4610 iniit,
2734 4545 3058 4614 eosquesibi
3082 4545 3224 4601 bello
3279 4557 3470 4603 contra
3525 4549 3742 4608 Turcos

492 4650 581 4714 ait,
608 4662 771 4716 quam
813 4645 858 4698 si
908 4646 1034 4714 quis
1059 4646 1128 4698 70
1172 4641 1541 4705 Christianos,
1593 4659 1624 4696 a
1665 4641 2063 4696 Mahumetanis

494 4740 550 4795 in
580 4739 844 4808 religione
874 4750 1102 4806 prorsus
1125 4733 1479 4799 dissidentes,
1543 4734 1853 4787 interficiat.
1903 4734 2064 4787 Deni-

499 4849 604 4902 que
641 4837 859 4886 constat
899 4829 950 4881 ld
987 4826 1270 4896 temporis,
1299 4840 1424 4880 cum
1479 4825 1706 4880 illustris
1731 4836 1784 4878 et
1843 4839 2067 4894 genero-

500 4940 597 4980 sus
633 4921 868 4975 Caesaris
903 4917 1346 4972 Christianorum
1413 4913 1479 4966 ad
1540 4913 1760 4967 Portam
1816 4912 2066 4967 Osmani-

497 5030 621 5070 cam
660 5023 872 5074 orator,
937 5008 1169 5062 Davides
1222 5002 1565 5076 Ungnadtns,
1620 5005 1762 5059 Baro
1818 5003 2068 5060 Sonnec-

499 5109 706 5169 eiacus,
765 5099 1239 5167 Constantinopoli
1298 5098 1666 5162 discessurus,
1734 5107 1787 5150 et
1849 5101 2068 5152 sultauo

499 5197 974 5254 Ilusulmant-ruut
1001 5189 1369 5242 valedicturus
1397 5196 1537 5251 erat,
1563 5186 1809 5241 eamdem
1843 5187 1912 5241 ob
1942 5201 2074 5240 cau-

502 5303 620 5344 sam
651 5288 886 5354 legatum
914 5282 1078 5336 etiam
1114 5277 1392 5333 Persicum
1420 5279 1485 5332 ad
1517 5277 1781 5332 Divanum
1827 5293 1887 5333 se
1941 5291 2072 5332 cnn-

504 5380 718 5434 tulissc.
756 5375 909 5429 Hunc
938 5372 1100 5443 paulo
1129 5371 1310 5425 serius
1357 5370 1652 5424 adveniens
1677 5380 1857 5424 orator
1885 5369 2069 5424 Cassa-

506 5475 582 5528 ris
609 5471 782 5525 nostri
815 5468 994 5521 locum
1022 5469 1280 5534 primum,
1314 5463 1418 5518 sibi
1444 5464 1714 5528 debitum,
1775 5476 2073 5530 occupasse

507 5563 876 5632 conspicatus,
916 5557 1209 5611 insalutato
1239 5556 1478 5617 sultano,
1514 5555 1860 5609 discessurus
1917 5568 2070 5620 erat;

505 5662 600 5714 sed
621 5658 981 5710 Mechemetes
1013 5653 1174 5706 hassa
1201 5653 1584 5714 veziratemes,
1637 5649 1798 5719 cujus
1846 5653 2074 5704 mentio-

505 5770 630 5807 nem
677 5749 927 5811 fecimus,
982 5760 1044 5800 ea
1098 5760 1157 5798 re
1189 5745 1590 5807 animadversa,
1647 5743 1889 5808 Persam,
1951 5745 2074 5797 lieet

513 5848 974 5903 “aliumetanum,
1009 5839 1266 5893 inferiore
1305 5839 1422 5890 loco
1457 5839 1645 5894 sedere
1700 5838 1885 5907 jussit.
1921 5836 2072 5890 Unde

714 5943 987 6002 Parnm.
1014 5942 1136 5998 tiu.
1177 5931 1360 5993 CLIX

2173 4640 2411 4709 gerendo
2437 4639 2619 4692 socios
2671 4639 2956 4704 adjunxit.
3006 4639 3219 4692 tametsi
3292 4642 3524 4710 majores
3575 4644 3746 4713 ipsius

2167 4733 2426 4784 continua
2463 4747 2585 4784 cum
2621 4731 2700 4784 eis
2755 4733 2890 4786 bella
2928 4732 3251 4800 gessissent.
3301 4732 3449 4787 Licet
3477 4736 3622 4788 ettitn
3687 4747 3744 4789 et

2171 4827 2272 4893 ipsi
2303 4823 2676 4878 Mahumetani
2705 4834 2856 4886 sunt,
2883 4837 3062 4879 tamen
3104 4827 3436 4895 quibusdam
3493 4828 3560 4882 de
3612 4831 3742 4883 reli-

2169 4919 2329 4986 gione
2357 4915 2684 4970 seutentiisa
2721 4916 2902 4970 Persis
2933 4917 3263 4986 discrepant.
3307 4917 3507 4972 llabuit
3564 4922 3736 4978 etiam

2171 5018 2364 5074 praeter
2405 5009 2501 5061 hos
2545 5010 2856 5076 complures
2886 5022 2952 5062 cx
3007 5009 3140 5078 ipsis
3171 5008 3370 5064 Turcis
3399 5027 3504 5065 non
3557 5028 3738 5082 parva:

2171 5099 2515 5154 auctoritatis
2541 5099 2856 5161 auxiliares,
2883 5101 2974 5169 qui
2995 5102 3062 5153 ab
3092 5101 3212 5154 aliis
3243 5101 3440 5157 Turcis
3491 5100 3742 5159 Osmani-

2173 5193 2327 5247 cisin
2361 5192 2636 5260 religionis
2687 5192 2946 5260 opinione
2995 5191 3352 5256 dissidebant,
3418 5204 3474 5250 et
3513 5197 3579 5249 ad
3638 5195 3744 5254 So.-

2174 5284 2369 5351 phinos
2395 5281 2748 5335 inclinabant.
2791 5283 3030 5350 Denique
3079 5298 3183 5335 non
3240 5283 3463 5353 exiguas
3503 5299 3532 5338 a
3572 5283 3742 5340 Geor-

2175 5371 2351 5440 gianis
2402 5385 2622 5438 quoque
2671 5376 2853 5438 copias
2912 5371 3238 5436 impetravit,
3287 5374 3379 5442 qui
3441 5377 3743 5443 antiquitus

2175 5461 2310 5514 lberi
2340 5463 2679 5527 dicebantur,
2713 5471 2764 5513 cl
2790 5463 3107 5532 religionem
3139 5464 3505 5520 Christianam
3553 5468 3740 5524 hodie-

2177 5572 2281 5624 que
2323 5557 2660 5623 protitcntur,
2698 5556 2947 5609 nonnihil
2975 5568 3154 5610 tamen
3182 5575 3211 5612 a
3239 5558 3440 5615 Grazcis
3461 5570 3516 5616 et
3535 5563 3738 5618 nostris

2178 5650 2526 5702 dissidentes.
2561 5647 2911 5720 Principibus
2937 5651 3169 5706 diversis
3204 5667 3414 5720 parent.
3447 5666 3498 5709 et
3537 5660 3737 5709 animis

2179 5748 2456 5800 aill’ctsas
2493 5748 2853 5815 propendent,
2890 5748 3091 5818 quibus
3123 5748 3226 5802 hoc
3259 5749 3397 5802 bello
3442 5752 3733 5818 plurimum

2181 5857 2228 5907 pi
2247 5838 2525 5891 oluerunt.

3328 5937 3407 5996 22
