  <div class='ocr_page' id='page_1' title='image "/cluster/home/n/w/nwhite01/storage/ocr_20150623/159/mdp.39015015350443/349.png"; bbox 0 0 4218 6308; ppageno 0'>
   <div class='ocr_carea' id='block_1_1' title="bbox 433 293 540 356">
    <p class='ocr_par' dir='ltr' id='par_1_1' title="bbox 433 293 540 356">
     <span class='ocr_line' id='line_1_1' title="bbox 433 293 540 356; baseline -0.037 0"><span class='ocrx_word' id='word_1_1' title='bbox 433 293 540 356; x_wconf 61' lang='grc' dir='ltr'>6ςί</span> 
     </span>
    </p>
   </div>
   <div class='ocr_carea' id='block_1_2' title="bbox 1663 288 2486 348">
    <p class='ocr_par' dir='ltr' id='par_1_2' title="bbox 1663 288 2486 348">
     <span class='ocr_line' id='line_1_2' title="bbox 1663 288 2486 348; baseline -0.004 0"><span class='ocrx_word' id='word_1_2' title='bbox 1663 288 1989 348; x_wconf 72' lang='lat' dir='ltr'>JUANNIS</span> <span class='ocrx_word' id='word_1_3' title='bbox 2024 288 2486 348; x_wconf 66' lang='lat' dir='ltr'>LEUNCLAVH</span> 
     </span>
    </p>
   </div>
   <div class='ocr_carea' id='block_1_3' title="bbox 3601 286 3705 348">
    <p class='ocr_par' dir='ltr' id='par_1_3' title="bbox 3601 286 3705 348">
     <span class='ocr_line' id='line_1_3' title="bbox 3601 286 3705 348; baseline 0.038 -3"><span class='ocrx_word' id='word_1_4' title='bbox 3601 286 3705 348; x_wconf 68' lang='grc' dir='ltr'>ὒδί</span> 
     </span>
    </p>
   </div>
   <div class='ocr_carea' id='block_1_4' title="bbox 505 401 3707 474">
    <p class='ocr_par' dir='ltr' id='par_1_4' title="bbox 505 401 3707 474">
     <span class='ocr_line' id='line_1_4' title="bbox 505 401 3707 474; baseline -0.002 -12"><span class='ocrx_word' id='word_1_5' title='bbox 505 407 580 462; x_wconf 81' lang='lat' dir='ltr'>Ex</span> <span class='ocrx_word' id='word_1_6' title='bbox 619 409 854 463; x_wconf 82' lang='lat' dir='ltr'>adverso</span> <span class='ocrx_word' id='word_1_7' title='bbox 881 405 1133 460; x_wconf 83' lang='lat' dir='ltr'>sultanus</span> <span class='ocrx_word' id='word_1_8' title='bbox 1165 403 1406 458; x_wconf 75' lang='lat' dir='ltr'>Muratcs</span> <span class='ocrx_word' id='word_1_9' title='bbox 1431 405 1696 458; x_wconf 70' lang='lat' dir='ltr'>esereitui</span> <span class='ocrx_word' id='word_1_10' title='bbox 1733 419 1835 459; x_wconf 72' lang='lat' dir='ltr'>suo</span> <span class='ocrx_word' id='word_1_11' title='bbox 1864 405 2021 473; x_wconf 81' lang='lat' dir='ltr'>longe</span> <span class='ocrx_word' id='word_1_12' title='bbox 2048 407 2096 464; x_wconf 74' lang='grc' dir='ltr'><strong>Α</strong></span> <span class='ocrx_word' id='word_1_13' title='bbox 2200 402 2560 474; x_wconf 71' lang='lat' dir='ltr'>Posteaquam</span> <span class='ocrx_word' id='word_1_14' title='bbox 2627 405 2845 457; x_wconf 84' lang='lat' dir='ltr'>redacto</span> <span class='ocrx_word' id='word_1_15' title='bbox 2915 402 2967 456; x_wconf 90' lang='lat' dir='ltr'>in</span> <span class='ocrx_word' id='word_1_16' title='bbox 3042 412 3363 471; x_wconf 72' lang='lat' dir='ltr'>poteStatr‘m</span> <span class='ocrx_word' id='word_1_17' title='bbox 3443 401 3707 472; x_wconf 76' lang='lat' dir='ltr'>Tiphlisio</span> 
     </span>
    </p>
   </div>
   <div class='ocr_carea' id='block_1_5' title="bbox 421 497 2015 568">
    <p class='ocr_par' dir='ltr' id='par_1_5' title="bbox 421 497 2015 568">
     <span class='ocr_line' id='line_1_5' title="bbox 421 497 2015 568; baseline -0.002 -18"><span class='ocrx_word' id='word_1_18' title='bbox 421 501 787 568; x_wconf 74' lang='lat' dir='ltr'>mnplissitno,</span> <span class='ocrx_word' id='word_1_19' title='bbox 821 515 930 568; x_wconf 88' lang='lat' dir='ltr'>qtto</span> <span class='ocrx_word' id='word_1_20' title='bbox 977 497 1248 552; x_wconf 63' lang='lat' dir='ltr'>contineri</span> <span class='ocrx_word' id='word_1_21' title='bbox 1300 497 1670 552; x_wconf 79' lang='lat' dir='ltr'>credebantur</span> <span class='ocrx_word' id='word_1_22' title='bbox 1733 497 2015 551; x_wconf 83' lang='lat' dir='ltr'>hominum</span> 
     </span>
    </p>
   </div>
   <div class='ocr_carea' id='block_1_6' title="bbox 421 590 2016 660">
    <p class='ocr_par' dir='ltr' id='par_1_6' title="bbox 421 590 2016 660">
     <span class='ocr_line' id='line_1_6' title="bbox 421 590 2016 660; baseline -0.001 -14"><span class='ocrx_word' id='word_1_23' title='bbox 421 597 489 646; x_wconf 88' lang='lat' dir='ltr'>al</span> <span class='ocrx_word' id='word_1_24' title='bbox 531 593 764 652; x_wconf 85' lang='lat' dir='ltr'>ducenta</span> <span class='ocrx_word' id='word_1_25' title='bbox 799 592 992 656; x_wconf 85' lang='lat' dir='ltr'>millia,</span> <span class='ocrx_word' id='word_1_26' title='bbox 1057 590 1406 660; x_wconf 79' lang='lat' dir='ltr'>Mustapham</span> <span class='ocrx_word' id='word_1_27' title='bbox 1471 590 1688 644; x_wconf 86' lang='lat' dir='ltr'>bassam</span> <span class='ocrx_word' id='word_1_28' title='bbox 1755 604 2016 659; x_wconf 86' lang='lat' dir='ltr'>supremo</span> 
     </span>
    </p>
   </div>
   <div class='ocr_carea' id='block_1_7' title="bbox 423 687 2015 760">
    <p class='ocr_par' dir='ltr' id='par_1_7' title="bbox 423 687 2015 760">
     <span class='ocr_line' id='line_1_7' title="bbox 423 687 2015 760; baseline -0.003 -15"><span class='ocrx_word' id='word_1_29' title='bbox 423 707 548 745; x_wconf 85' lang='lat' dir='ltr'>eum</span> <span class='ocrx_word' id='word_1_30' title='bbox 569 690 807 758; x_wconf 85' lang='lat' dir='ltr'>imperio</span> <span class='ocrx_word' id='word_1_31' title='bbox 836 689 1104 759; x_wconf 64' lang='lat' dir='ltr'>praefecit,</span> <span class='ocrx_word' id='word_1_32' title='bbox 1136 689 1296 760; x_wconf 85' lang='lat' dir='ltr'>cujus</span> <span class='ocrx_word' id='word_1_33' title='bbox 1331 688 1649 742; x_wconf 78' lang='lat' dir='ltr'>immanitas</span> <span class='ocrx_word' id='word_1_34' title='bbox 1680 704 1742 740; x_wconf 85' lang='lat' dir='ltr'>ac</span> <span class='ocrx_word' id='word_1_35' title='bbox 1785 687 2015 757; x_wconf 89' lang='lat' dir='ltr'>perlidia</span> 
     </span>
    </p>
   </div>
   <div class='ocr_carea' id='block_1_8' title="bbox 425 780 2016 855">
    <p class='ocr_par' dir='ltr' id='par_1_8' title="bbox 425 780 2016 855">
     <span class='ocr_line' id='line_1_8' title="bbox 425 780 2016 855; baseline -0.001 -19"><span class='ocrx_word' id='word_1_36' title='bbox 425 785 568 847; x_wconf 80' lang='lat' dir='ltr'>bello</span> <span class='ocrx_word' id='word_1_37' title='bbox 616 783 821 855; x_wconf 76' lang='lat' dir='ltr'>Cyprio</span> <span class='ocrx_word' id='word_1_38' title='bbox 873 783 1158 836; x_wconf 79' lang='lat' dir='ltr'>nobilitata</span> <span class='ocrx_word' id='word_1_39' title='bbox 1225 783 1432 836; x_wconf 79' lang='lat' dir='ltr'>fuerat.</span> <span class='ocrx_word' id='word_1_40' title='bbox 1494 780 1544 834; x_wconf 85' lang='lat' dir='ltr'>ls</span> <span class='ocrx_word' id='word_1_41' title='bbox 1595 781 1684 834; x_wconf 89' lang='lat' dir='ltr'>die</span> <span class='ocrx_word' id='word_1_42' title='bbox 1736 781 1769 832; x_wconf 85' lang='lat'><strong>5</strong></span> <span class='ocrx_word' id='word_1_43' title='bbox 1813 781 2016 834; x_wconf 85' lang='lat' dir='ltr'>mensis</span> 
     </span>
    </p>
   </div>
   <div class='ocr_carea' id='block_1_9' title="bbox 424 874 2014 945">
    <p class='ocr_par' dir='ltr' id='par_1_9' title="bbox 424 874 2014 945">
     <span class='ocr_line' id='line_1_9' title="bbox 424 874 2014 945; baseline -0.004 -14"><span class='ocrx_word' id='word_1_44' title='bbox 424 878 650 945; x_wconf 80' lang='lat' dir='ltr'>Aprilis,</span> <span class='ocrx_word' id='word_1_45' title='bbox 726 893 868 930; x_wconf 89' lang='lat' dir='ltr'>anno</span> <span class='ocrx_word' id='word_1_46' title='bbox 919 877 1025 931; x_wconf 79' lang='lat'>985</span> <span class='ocrx_word' id='word_1_47' title='bbox 1072 877 1229 933; x_wconf 78' lang='lat' dir='ltr'>(Chr.</span> <span class='ocrx_word' id='word_1_48' title='bbox 1271 875 1472 945; x_wconf 66' lang='lat'>£578),</span> <span class='ocrx_word' id='word_1_49' title='bbox 1539 874 2014 942; x_wconf 83' lang='lat' dir='ltr'>Constantinopoli</span> 
     </span>
    </p>
   </div>
   <div class='ocr_carea' id='block_1_10' title="bbox 424 966 2014 1035">
    <p class='ocr_par' dir='ltr' id='par_1_10' title="bbox 424 966 2014 1035">
     <span class='ocr_line' id='line_1_10' title="bbox 424 966 2014 1035; baseline -0.005 -11"><span class='ocrx_word' id='word_1_50' title='bbox 424 971 717 1026; x_wconf 81' lang='lat' dir='ltr'>discedens</span> <span class='ocrx_word' id='word_1_51' title='bbox 757 971 1003 1023; x_wconf 84' lang='lat' dir='ltr'>maximo</span> <span class='ocrx_word' id='word_1_52' title='bbox 1033 984 1157 1022; x_wconf 90' lang='lat' dir='ltr'>cum</span> <span class='ocrx_word' id='word_1_53' title='bbox 1197 966 1373 1022; x_wconf 76' lang='lat' dir='ltr'>Porta:</span> <span class='ocrx_word' id='word_1_54' title='bbox 1401 983 1692 1035; x_wconf 83' lang='lat' dir='ltr'>procerum</span> <span class='ocrx_word' id='word_1_55' title='bbox 1725 967 2014 1028; x_wconf 75' lang='lat' dir='ltr'>(.Omllaltl,</span> 
     </span>
    </p>
   </div>
   <div class='ocr_carea' id='block_1_11' title="bbox 426 1059 2012 1133">
    <p class='ocr_par' dir='ltr' id='par_1_11' title="bbox 426 1059 2012 1133">
     <span class='ocr_line' id='line_1_11' title="bbox 426 1059 2012 1133; baseline -0.003 -17"><span class='ocrx_word' id='word_1_56' title='bbox 426 1066 520 1133; x_wconf 92' lang='lat' dir='ltr'>qui</span> <span class='ocrx_word' id='word_1_57' title='bbox 553 1064 778 1118; x_wconf 75' lang='lat' dir='ltr'>honoris</span> <span class='ocrx_word' id='word_1_58' title='bbox 833 1078 958 1116; x_wconf 90' lang='lat' dir='ltr'>eum</span> <span class='ocrx_word' id='word_1_59' title='bbox 1035 1077 1198 1117; x_wconf 87' lang='lat' dir='ltr'>causa</span> <span class='ocrx_word' id='word_1_60' title='bbox 1265 1061 1649 1125; x_wconf 74' lang='lat' dir='ltr'>deducebant,</span> <span class='ocrx_word' id='word_1_61' title='bbox 1707 1059 2012 1112; x_wconf 81' lang='lat' dir='ltr'>lseodaram</span> 
     </span>
    </p>
   </div>
   <div class='ocr_carea' id='block_1_12' title="bbox 427 1152 2012 1218">
    <p class='ocr_par' dir='ltr' id='par_1_12' title="bbox 427 1152 2012 1218">
     <span class='ocr_line' id='line_1_12' title="bbox 427 1152 2012 1218; baseline -0.002 -11"><span class='ocrx_word' id='word_1_62' title='bbox 427 1156 758 1210; x_wconf 81' lang='lat' dir='ltr'>transmisit.</span> <span class='ocrx_word' id='word_1_63' title='bbox 816 1153 945 1206; x_wconf 90' lang='lat' dir='ltr'>lude</span> <span class='ocrx_word' id='word_1_64' title='bbox 985 1153 1166 1207; x_wconf 79' lang='lat' dir='ltr'>ductis</span> <span class='ocrx_word' id='word_1_65' title='bbox 1225 1153 1289 1206; x_wconf 89' lang='lat' dir='ltr'>ad</span> <span class='ocrx_word' id='word_1_66' title='bbox 1331 1154 1570 1206; x_wconf 89' lang='lat' dir='ltr'>hostium</span> <span class='ocrx_word' id='word_1_67' title='bbox 1635 1156 1770 1206; x_wconf 79' lang='lat' dir='ltr'>lines</span> <span class='ocrx_word' id='word_1_68' title='bbox 1818 1152 2012 1218; x_wconf 84' lang='lat' dir='ltr'>cepiis,</span> 
     </span>
    </p>
   </div>
   <div class='ocr_carea' id='block_1_13' title="bbox 424 1246 2012 1316">
    <p class='ocr_par' dir='ltr' id='par_1_13' title="bbox 424 1246 2012 1316">
     <span class='ocr_line' id='line_1_13' title="bbox 424 1246 2012 1316; baseline -0.003 -14"><span class='ocrx_word' id='word_1_69' title='bbox 424 1262 552 1302; x_wconf 85' lang='lat' dir='ltr'>cum</span> <span class='ocrx_word' id='word_1_70' title='bbox 594 1253 698 1302; x_wconf 86' lang='lat' dir='ltr'>sub</span> <span class='ocrx_word' id='word_1_71' title='bbox 727 1247 942 1300; x_wconf 89' lang='lat' dir='ltr'>initium</span> <span class='ocrx_word' id='word_1_72' title='bbox 974 1247 1209 1316; x_wconf 77' lang='lat' dir='ltr'>Augusti</span> <span class='ocrx_word' id='word_1_73' title='bbox 1266 1246 1475 1300; x_wconf 79' lang='lat' dir='ltr'>mensis</span> <span class='ocrx_word' id='word_1_74' title='bbox 1532 1261 1596 1299; x_wconf 86' lang='lat' dir='ltr'>eo</span> <span class='ocrx_word' id='word_1_75' title='bbox 1652 1246 2012 1313; x_wconf 78' lang='lat' dir='ltr'>pervenisset,</span> 
     </span>
    </p>
   </div>
   <div class='ocr_carea' id='block_1_14' title="bbox 423 1335 2016 1408">
    <p class='ocr_par' dir='ltr' id='par_1_14' title="bbox 423 1335 2016 1408">
     <span class='ocr_line' id='line_1_14' title="bbox 423 1335 2016 1408; baseline -0.003 -15"><span class='ocrx_word' id='word_1_76' title='bbox 423 1337 854 1408; x_wconf 76' lang='lat' dir='ltr'>Georgianorum</span> <span class='ocrx_word' id='word_1_77' title='bbox 897 1353 984 1393; x_wconf 84' lang='lat' dir='ltr'>res</span> <span class='ocrx_word' id='word_1_78' title='bbox 1009 1353 1107 1407; x_wconf 79' lang='lat' dir='ltr'>per</span> <span class='ocrx_word' id='word_1_79' title='bbox 1143 1352 1419 1392; x_wconf 83' lang='lat' dir='ltr'>summam</span> <span class='ocrx_word' id='word_1_80' title='bbox 1449 1335 1832 1392; x_wconf 74' lang='lat' dir='ltr'>crudelitatem</span> <span class='ocrx_word' id='word_1_81' title='bbox 1851 1351 2016 1406; x_wconf 79' lang='lat' dir='ltr'>agere</span> 
     </span>
    </p>
   </div>
   <div class='ocr_carea' id='block_1_15' title="bbox 424 1428 2016 1499">
    <p class='ocr_par' dir='ltr' id='par_1_15' title="bbox 424 1428 2016 1499">
     <span class='ocr_line' id='line_1_15' title="bbox 424 1428 2016 1499; baseline -0.003 -14"><span class='ocrx_word' id='word_1_82' title='bbox 424 1431 572 1486; x_wconf 68' lang='lat' dir='ltr'>ferre</span> <span class='ocrx_word' id='word_1_83' title='bbox 606 1429 796 1499; x_wconf 76' lang='lat' dir='ltr'>ca‘pit.</span> <span class='ocrx_word' id='word_1_84' title='bbox 833 1429 980 1484; x_wconf 86' lang='lat' dir='ltr'>Inter</span> <span class='ocrx_word' id='word_1_85' title='bbox 1016 1430 1122 1485; x_wconf 89' lang='lat' dir='ltr'>hoc</span> <span class='ocrx_word' id='word_1_86' title='bbox 1156 1439 1277 1483; x_wconf 87' lang='lat' dir='ltr'>erat</span> <span class='ocrx_word' id='word_1_87' title='bbox 1305 1428 1519 1484; x_wconf 66' lang='lat' dir='ltr'>femina</span> <span class='ocrx_word' id='word_1_88' title='bbox 1566 1430 1816 1499; x_wconf 59' lang='lat' dir='ltr'>quadam</span> <span class='ocrx_word' id='word_1_89' title='bbox 1867 1429 2016 1496; x_wconf 81' lang='lat' dir='ltr'>prin-</span> 
     </span>
    </p>
   </div>
   <div class='ocr_carea' id='block_1_16' title="bbox 424 1523 2014 1592">
    <p class='ocr_par' dir='ltr' id='par_1_16' title="bbox 424 1523 2014 1592">
     <span class='ocr_line' id='line_1_16' title="bbox 424 1523 2014 1592; baseline 0 -15"><span class='ocrx_word' id='word_1_90' title='bbox 424 1538 580 1592; x_wconf 84' lang='lat' dir='ltr'>ceps,</span> <span class='ocrx_word' id='word_1_91' title='bbox 612 1540 795 1590; x_wconf 72' lang='lat' dir='ltr'>quam.</span> <span class='ocrx_word' id='word_1_92' title='bbox 821 1524 982 1592; x_wconf 81' lang='lat' dir='ltr'>vulgo</span> <span class='ocrx_word' id='word_1_93' title='bbox 1015 1524 1255 1577; x_wconf 86' lang='lat' dir='ltr'>vetulam</span> <span class='ocrx_word' id='word_1_94' title='bbox 1289 1523 1372 1579; x_wconf 90' lang='lat' dir='ltr'>vel</span> <span class='ocrx_word' id='word_1_95' title='bbox 1401 1538 1671 1577; x_wconf 80' lang='lat' dir='ltr'><strong>annosam</strong></span> <span class='ocrx_word' id='word_1_96' title='bbox 1725 1523 2014 1578; x_wconf 85' lang='lat' dir='ltr'>vocabant.</span> 
     </span>
    </p>
   </div>
   <div class='ocr_carea' id='block_1_17' title="bbox 427 1615 2014 1685">
    <p class='ocr_par' dir='ltr' id='par_1_17' title="bbox 427 1615 2014 1685">
     <span class='ocr_line' id='line_1_17' title="bbox 427 1615 2014 1685; baseline 0 -17"><span class='ocrx_word' id='word_1_97' title='bbox 427 1617 504 1668; x_wconf 71' lang='lat' dir='ltr'>Ea</span> <span class='ocrx_word' id='word_1_98' title='bbox 564 1632 690 1668; x_wconf 88' lang='lat' dir='ltr'>cuiu</span> <span class='ocrx_word' id='word_1_99' title='bbox 749 1615 816 1668; x_wconf 90' lang='lat' dir='ltr'>de</span> <span class='ocrx_word' id='word_1_100' title='bbox 860 1617 1099 1685; x_wconf 85' lang='lat' dir='ltr'>potentia</span> <span class='ocrx_word' id='word_1_101' title='bbox 1154 1615 1358 1670; x_wconf 89' lang='lat' dir='ltr'>sultani</span> <span class='ocrx_word' id='word_1_102' title='bbox 1399 1617 1624 1670; x_wconf 81' lang='lat' dir='ltr'>Muratis</span> <span class='ocrx_word' id='word_1_103' title='bbox 1684 1617 2014 1684; x_wconf 85' lang='lat' dir='ltr'>accepisset,</span> 
     </span>
    </p>
   </div>
   <div class='ocr_carea' id='block_1_18' title="bbox 425 1706 2012 1778">
    <p class='ocr_par' dir='ltr' id='par_1_18' title="bbox 425 1706 2012 1778">
     <span class='ocr_line' id='line_1_18' title="bbox 425 1706 2012 1778; baseline 0 -19"><span class='ocrx_word' id='word_1_104' title='bbox 425 1708 530 1762; x_wconf 62' lang='lat' dir='ltr'>sub</span> <span class='ocrx_word' id='word_1_105' title='bbox 568 1706 672 1762; x_wconf 84' lang='lat' dir='ltr'>ﬁde</span> <span class='ocrx_word' id='word_1_106' title='bbox 708 1707 926 1774; x_wconf 89' lang='lat' dir='ltr'>publica</span> <span class='ocrx_word' id='word_1_107' title='bbox 961 1709 1100 1763; x_wconf 89' lang='lat' dir='ltr'>ﬁlios</span> <span class='ocrx_word' id='word_1_108' title='bbox 1131 1708 1270 1763; x_wconf 84' lang='lat' dir='ltr'>duos</span> <span class='ocrx_word' id='word_1_109' title='bbox 1299 1709 1367 1764; x_wconf 87' lang='lat' dir='ltr'>ad</span> <span class='ocrx_word' id='word_1_110' title='bbox 1399 1707 1743 1778; x_wconf 71' lang='lat' dir='ltr'>Mustapham</span> <span class='ocrx_word' id='word_1_111' title='bbox 1795 1710 2012 1766; x_wconf 82' lang='lat' dir='ltr'>bassam</span> 
     </span>
    </p>
   </div>
   <div class='ocr_carea' id='block_1_19' title="bbox 427 1800 2015 1871">
    <p class='ocr_par' dir='ltr' id='par_1_19' title="bbox 427 1800 2015 1871">
     <span class='ocr_line' id='line_1_19' title="bbox 427 1800 2015 1871; baseline 0.001 -19"><span class='ocrx_word' id='word_1_112' title='bbox 427 1800 598 1862; x_wconf 81' lang='lat' dir='ltr'>misit,</span> <span class='ocrx_word' id='word_1_113' title='bbox 635 1813 691 1852; x_wconf 90' lang='lat' dir='ltr'>ut</span> <span class='ocrx_word' id='word_1_114' title='bbox 719 1801 1081 1870; x_wconf 79' lang='lat' dir='ltr'>subjectionis</span> <span class='ocrx_word' id='word_1_115' title='bbox 1126 1809 1180 1855; x_wconf 90' lang='lat' dir='ltr'>ct</span> <span class='ocrx_word' id='word_1_116' title='bbox 1219 1801 1550 1856; x_wconf 81' lang='lat' dir='ltr'>obedientia:</span> <span class='ocrx_word' id='word_1_117' title='bbox 1604 1801 1820 1871; x_wconf 78' lang='lat' dir='ltr'>signum</span> <span class='ocrx_word' id='word_1_118' title='bbox 1886 1815 2015 1869; x_wconf 78' lang='lat' dir='ltr'>erga</span> 
     </span>
    </p>
   </div>
   <div class='ocr_carea' id='block_1_20' title="bbox 427 1891 2012 1962">
    <p class='ocr_par' dir='ltr' id='par_1_20' title="bbox 427 1891 2012 1962">
     <span class='ocr_line' id='line_1_20' title="bbox 427 1891 2012 1962; baseline 0.001 -16"><span class='ocrx_word' id='word_1_119' title='bbox 427 1891 1084 1948; x_wconf 77' lang='lat' dir='ltr'>sultanumOsmanidant</span> <span class='ocrx_word' id='word_1_120' title='bbox 1113 1895 1322 1948; x_wconf 80' lang='lat' dir='ltr'>edctet.</span> <span class='ocrx_word' id='word_1_121' title='bbox 1367 1893 1447 1948; x_wconf 90' lang='lat' dir='ltr'>Illi</span> <span class='ocrx_word' id='word_1_122' title='bbox 1499 1909 1624 1948; x_wconf 86' lang='lat' dir='ltr'>eum</span> <span class='ocrx_word' id='word_1_123' title='bbox 1668 1895 1902 1962; x_wconf 87' lang='lat' dir='ltr'>primutn</span> <span class='ocrx_word' id='word_1_124' title='bbox 1949 1895 2012 1949; x_wconf 88' lang='lat' dir='ltr'>ad</span> 
     </span>
    </p>
   </div>
   <div class='ocr_carea' id='block_1_21' title="bbox 426 1985 2017 2056">
    <p class='ocr_par' dir='ltr' id='par_1_21' title="bbox 426 1985 2017 2056">
     <span class='ocr_line' id='line_1_21' title="bbox 426 1985 2017 2056; baseline 0.002 -18"><span class='ocrx_word' id='word_1_125' title='bbox 426 1985 774 2055; x_wconf 77' lang='lat' dir='ltr'>Mustapbam</span> <span class='ocrx_word' id='word_1_126' title='bbox 799 1994 1096 2056; x_wconf 86' lang='lat' dir='ltr'>tyrannum</span> <span class='ocrx_word' id='word_1_127' title='bbox 1134 1986 1434 2051; x_wconf 76' lang='lat' dir='ltr'>venissent,</span> <span class='ocrx_word' id='word_1_128' title='bbox 1472 2002 1594 2040; x_wconf 87' lang='lat' dir='ltr'>mox</span> <span class='ocrx_word' id='word_1_129' title='bbox 1632 1989 1700 2039; x_wconf 84' lang='lat' dir='ltr'>ab</span> <span class='ocrx_word' id='word_1_130' title='bbox 1752 2003 1838 2046; x_wconf 87' lang='lat' dir='ltr'>eo.</span> <span class='ocrx_word' id='word_1_131' title='bbox 1900 1994 2017 2041; x_wconf 86' lang='lat' dir='ltr'>viro</span> 
     </span>
    </p>
   </div>
   <div class='ocr_carea' id='block_1_22' title="bbox 427 2078 2013 2148">
    <p class='ocr_par' dir='ltr' id='par_1_22' title="bbox 427 2078 2013 2148">
     <span class='ocr_line' id='line_1_22' title="bbox 427 2078 2013 2148; baseline 0.001 -15"><span class='ocrx_word' id='word_1_132' title='bbox 427 2080 640 2134; x_wconf 83' lang='lat' dir='ltr'>scilicet</span> <span class='ocrx_word' id='word_1_133' title='bbox 657 2086 864 2142; x_wconf 86' lang='lat' dir='ltr'>astuto,</span> <span class='ocrx_word' id='word_1_134' title='bbox 893 2079 1042 2133; x_wconf 88' lang='lat' dir='ltr'>nulla</span> <span class='ocrx_word' id='word_1_135' title='bbox 1069 2078 1212 2133; x_wconf 70' lang='lat' dir='ltr'>data-</span> <span class='ocrx_word' id='word_1_136' title='bbox 1239 2079 1358 2133; x_wconf 81' lang='lat' dir='ltr'>ﬁdei</span> <span class='ocrx_word' id='word_1_137' title='bbox 1384 2081 1591 2134; x_wconf 77' lang='lat' dir='ltr'>ratione</span> <span class='ocrx_word' id='word_1_138' title='bbox 1617 2081 1822 2144; x_wconf 76' lang='lat' dir='ltr'>habitu,</span> <span class='ocrx_word' id='word_1_139' title='bbox 1848 2098 2013 2148; x_wconf 77' lang='lat' dir='ltr'>quarti</span> 
     </span>
    </p>
   </div>
   <div class='ocr_carea' id='block_1_23' title="bbox 429 2171 2016 2240">
    <p class='ocr_par' dir='ltr' id='par_1_23' title="bbox 429 2171 2016 2240">
     <span class='ocr_line' id='line_1_23' title="bbox 429 2171 2016 2240; baseline 0 -14"><span class='ocrx_word' id='word_1_140' title='bbox 429 2186 582 2226; x_wconf 84' lang='lat' dir='ltr'>more</span> <span class='ocrx_word' id='word_1_141' title='bbox 622 2181 857 2228; x_wconf 78' lang='lat' dir='ltr'>suotam</span> <span class='ocrx_word' id='word_1_142' title='bbox 921 2185 1051 2240; x_wconf 78' lang='lat' dir='ltr'>erga</span> <span class='ocrx_word' id='word_1_143' title='bbox 1089 2171 1464 2235; x_wconf 74' lang='lat' dir='ltr'>Christianos,</span> <span class='ocrx_word' id='word_1_144' title='bbox 1497 2188 1662 2240; x_wconf 88' lang='lat' dir='ltr'>quam</span> <span class='ocrx_word' id='word_1_145' title='bbox 1723 2174 2016 2226; x_wconf 81' lang='lat' dir='ltr'>Mahume-</span> 
     </span>
    </p>
   </div>
   <div class='ocr_carea' id='block_1_24' title="bbox 426 2263 2014 2334">
    <p class='ocr_par' dir='ltr' id='par_1_24' title="bbox 426 2263 2014 2334">
     <span class='ocr_line' id='line_1_24' title="bbox 426 2263 2014 2334; baseline 0.001 -16"><span class='ocrx_word' id='word_1_146' title='bbox 426 2276 610 2326; x_wconf 67' lang='lat' dir='ltr'>tatros.</span> <span class='ocrx_word' id='word_1_147' title='bbox 645 2279 744 2333; x_wconf 89' lang='lat' dir='ltr'>pro</span> <span class='ocrx_word' id='word_1_148' title='bbox 785 2263 941 2317; x_wconf 87' lang='lat' dir='ltr'>Iibitu</span> <span class='ocrx_word' id='word_1_149' title='bbox 975 2263 1190 2318; x_wconf 79' lang='lat' dir='ltr'>solebat</span> <span class='ocrx_word' id='word_1_150' title='bbox 1226 2263 1456 2329; x_wconf 85' lang='lat' dir='ltr'>violare,</span> <span class='ocrx_word' id='word_1_151' title='bbox 1483 2266 2014 2334; x_wconf 70' lang='lat' dir='ltr'>linustantinopolim</span> 
     </span>
    </p>
   </div>
   <div class='ocr_carea' id='block_1_25' title="bbox 425 2356 2015 2426">
    <p class='ocr_par' dir='ltr' id='par_1_25' title="bbox 425 2356 2015 2426">
     <span class='ocr_line' id='line_1_25' title="bbox 425 2356 2015 2426; baseline 0 -14"><span class='ocrx_word' id='word_1_152' title='bbox 425 2358 803 2413; x_wconf 74' lang='lat' dir='ltr'>adsultanum</span> <span class='ocrx_word' id='word_1_153' title='bbox 832 2356 1100 2412; x_wconf 71' lang='lat' dir='ltr'>Moralem</span> <span class='ocrx_word' id='word_1_154' title='bbox 1160 2357 1478 2411; x_wconf 89' lang='lat' dir='ltr'>mittuntur.</span> <span class='ocrx_word' id='word_1_155' title='bbox 1537 2359 1713 2410; x_wconf 72' lang='lat' dir='ltr'>Simul</span> <span class='ocrx_word' id='word_1_156' title='bbox 1766 2361 1836 2412; x_wconf 88' lang='lat' dir='ltr'>ab</span> <span class='ocrx_word' id='word_1_157' title='bbox 1895 2359 2015 2426; x_wconf 90' lang='lat' dir='ltr'>ipso</span> 
     </span>
    </p>
   </div>
   <div class='ocr_carea' id='block_1_26' title="bbox 427 2449 2016 2521">
    <p class='ocr_par' dir='ltr' id='par_1_26' title="bbox 427 2449 2016 2521">
     <span class='ocr_line' id='line_1_26' title="bbox 427 2449 2016 2521; baseline -0.003 -15"><span class='ocrx_word' id='word_1_158' title='bbox 427 2452 632 2506; x_wconf 85' lang='lat' dir='ltr'>certior</span> <span class='ocrx_word' id='word_1_159' title='bbox 663 2450 903 2506; x_wconf 74' lang='lat' dir='ltr'>Murates</span> <span class='ocrx_word' id='word_1_160' title='bbox 933 2449 1204 2513; x_wconf 84' lang='lat' dir='ltr'>redditur,</span> <span class='ocrx_word' id='word_1_161' title='bbox 1237 2464 1520 2519; x_wconf 87' lang='lat' dir='ltr'>nunquam</span> <span class='ocrx_word' id='word_1_162' title='bbox 1553 2454 1816 2505; x_wconf 88' lang='lat' dir='ltr'>ditionem</span> <span class='ocrx_word' id='word_1_163' title='bbox 1865 2453 2016 2521; x_wconf 88' lang='lat' dir='ltr'>prin-</span> 
     </span>
    </p>
   </div>
   <div class='ocr_carea' id='block_1_27' title="bbox 426 2528 2011 2619">
    <p class='ocr_par' dir='ltr' id='par_1_27' title="bbox 426 2528 2011 2619">
     <span class='ocr_line' id='line_1_27' title="bbox 426 2528 2011 2619; baseline 0.001 -20"><span class='ocrx_word' id='word_1_164' title='bbox 426 2528 564 2619; x_wconf 71' lang='lat' dir='ltr'>cipis</span> <span class='ocrx_word' id='word_1_165' title='bbox 597 2561 842 2609; x_wconf 60' lang='lat' dir='ltr'>annosa,</span> <span class='ocrx_word' id='word_1_166' title='bbox 877 2545 1076 2601; x_wconf 78' lang='lat' dir='ltr'>matris</span> <span class='ocrx_word' id='word_1_167' title='bbox 1141 2561 1357 2610; x_wconf 87' lang='lat' dir='ltr'>eorum,</span> <span class='ocrx_word' id='word_1_168' title='bbox 1394 2547 1496 2600; x_wconf 91' lang='lat' dir='ltr'>sub</span> <span class='ocrx_word' id='word_1_169' title='bbox 1555 2548 1777 2602; x_wconf 72' lang='lat' dir='ltr'>Montis</span> <span class='ocrx_word' id='word_1_170' title='bbox 1822 2550 2011 2617; x_wconf 73' lang='lat' dir='ltr'>jnguin</span> 
     </span>
    </p>
   </div>
   <div class='ocr_carea' id='block_1_28' title="bbox 429 2639 2016 2708">
    <p class='ocr_par' dir='ltr' id='par_1_28' title="bbox 429 2639 2016 2708">
     <span class='ocr_line' id='line_1_28' title="bbox 429 2639 2016 2708; baseline -0.001 -11"><span class='ocrx_word' id='word_1_171' title='bbox 429 2657 740 2701; x_wconf 83' lang='lat' dir='ltr'>venturam,</span> <span class='ocrx_word' id='word_1_172' title='bbox 796 2641 850 2694; x_wconf 88' lang='lat' dir='ltr'>ni</span> <span class='ocrx_word' id='word_1_173' title='bbox 881 2639 965 2693; x_wconf 77' lang='lat' dir='ltr'>vel</span> <span class='ocrx_word' id='word_1_174' title='bbox 1001 2651 1253 2708; x_wconf 79' lang='lat' dir='ltr'>uterque,</span> <span class='ocrx_word' id='word_1_175' title='bbox 1313 2640 1701 2694; x_wconf 65' lang='grc' dir='ltr'>νοιειιιυιηιιιιι·</span> <span class='ocrx_word' id='word_1_176' title='bbox 1749 2643 2016 2696; x_wconf 79' lang='lat' dir='ltr'>duntaxat</span> 
     </span>
    </p>
   </div>
   <div class='ocr_carea' id='block_1_29' title="bbox 425 2731 2018 2802">
    <p class='ocr_par' dir='ltr' id='par_1_29' title="bbox 425 2731 2018 2802">
     <span class='ocr_line' id='line_1_29' title="bbox 425 2731 2018 2802; baseline -0.001 -14"><span class='ocrx_word' id='word_1_177' title='bbox 425 2735 492 2789; x_wconf 89' lang='lat' dir='ltr'>ad</span> <span class='ocrx_word' id='word_1_178' title='bbox 523 2733 964 2802; x_wconf 84' lang='lat' dir='ltr'>amplecteudum</span> <span class='ocrx_word' id='word_1_179' title='bbox 997 2731 1322 2800; x_wconf 75' lang='lat' dir='ltr'>religionem</span> <span class='ocrx_word' id='word_1_180' title='bbox 1359 2731 1835 2787; x_wconf 77' lang='lat' dir='ltr'>Musulmanorinn</span> <span class='ocrx_word' id='word_1_181' title='bbox 1889 2751 2018 2802; x_wconf 65' lang='grc' dir='ltr'>ναι-ο</span> 
     </span>
    </p>
   </div>
   <div class='ocr_carea' id='block_1_30' title="bbox 429 2823 2012 2894">
    <p class='ocr_par' dir='ltr' id='par_1_30' title="bbox 429 2823 2012 2894">
     <span class='ocr_line' id='line_1_30' title="bbox 429 2823 2012 2894; baseline 0 -12"><span class='ocrx_word' id='word_1_182' title='bbox 429 2833 736 2882; x_wconf 80' lang='lat' dir='ltr'>moveatur.</span> <span class='ocrx_word' id='word_1_183' title='bbox 771 2823 890 2890; x_wconf 80' lang='lat' dir='ltr'>Qua</span> <span class='ocrx_word' id='word_1_184' title='bbox 923 2824 1142 2894; x_wconf 88' lang='lat' dir='ltr'>quidem</span> <span class='ocrx_word' id='word_1_185' title='bbox 1177 2823 1231 2877; x_wconf 90' lang='lat' dir='ltr'>in</span> <span class='ocrx_word' id='word_1_186' title='bbox 1286 2841 1345 2880; x_wconf 88' lang='lat' dir='ltr'>re</span> <span class='ocrx_word' id='word_1_187' title='bbox 1378 2834 1486 2879; x_wconf 81' lang='lat' dir='ltr'>tam</span> <span class='ocrx_word' id='word_1_188' title='bbox 1547 2827 1640 2880; x_wconf 84' lang='lat' dir='ltr'>diu</span> <span class='ocrx_word' id='word_1_189' title='bbox 1701 2828 2012 2882; x_wconf 73' lang='lat' dir='ltr'>laboratum</span> 
     </span>
    </p>
   </div>
   <div class='ocr_carea' id='block_1_31' title="bbox 427 2916 2017 2980">
    <p class='ocr_par' dir='ltr' id='par_1_31' title="bbox 427 2916 2017 2980">
     <span class='ocr_line' id='line_1_31' title="bbox 427 2916 2017 2980; baseline -0.002 -6"><span class='ocrx_word' id='word_1_190' title='bbox 427 2923 526 2975; x_wconf 87' lang='lat' dir='ltr'>luit</span> <span class='ocrx_word' id='word_1_191' title='bbox 554 2918 623 2974; x_wconf 89' lang='lat' dir='ltr'>ab</span> <span class='ocrx_word' id='word_1_192' title='bbox 663 2916 998 2980; x_wconf 77' lang='lat' dir='ltr'>Osmanicis,</span> <span class='ocrx_word' id='word_1_193' title='bbox 1051 2924 1111 2970; x_wconf 91' lang='lat' dir='ltr'>ut</span> <span class='ocrx_word' id='word_1_194' title='bbox 1171 2917 1387 2970; x_wconf 86' lang='lat' dir='ltr'>tandem</span> <span class='ocrx_word' id='word_1_195' title='bbox 1431 2917 1611 2971; x_wconf 86' lang='lat' dir='ltr'>minor</span> <span class='ocrx_word' id='word_1_196' title='bbox 1670 2930 1796 2971; x_wconf 87' lang='lat' dir='ltr'>natu</span> <span class='ocrx_word' id='word_1_197' title='bbox 1851 2919 2017 2971; x_wconf 75' lang='lat' dir='ltr'>frater</span> 
     </span>
    </p>
   </div>
   <div class='ocr_carea' id='block_1_32' title="bbox 429 3007 2016 3079">
    <p class='ocr_par' dir='ltr' id='par_1_32' title="bbox 429 3007 2016 3079">
     <span class='ocr_line' id='line_1_32' title="bbox 429 3007 2016 3079; baseline -0.001 -14"><span class='ocrx_word' id='word_1_198' title='bbox 429 3011 966 3073; x_wconf 75' lang='lat' dir='ltr'>inusulntanissaret,</span> <span class='ocrx_word' id='word_1_199' title='bbox 1007 3021 1155 3062; x_wconf 91' lang='lat' dir='ltr'>anno</span> <span class='ocrx_word' id='word_1_200' title='bbox 1199 3007 1304 3063; x_wconf 85' lang='lat'>986</span> <span class='ocrx_word' id='word_1_201' title='bbox 1345 3007 1501 3079; x_wconf 80' lang='lat' dir='ltr'>(Chr.</span> <span class='ocrx_word' id='word_1_202' title='bbox 1557 3009 1747 3076; x_wconf 77' lang='lat' dir='ltr'>l579),</span> <span class='ocrx_word' id='word_1_203' title='bbox 1803 3011 1891 3064; x_wconf 85' lang='lat' dir='ltr'>die</span> <span class='ocrx_word' id='word_1_204' title='bbox 1947 3010 2016 3064; x_wconf 71' lang='lat'>23</span> 
     </span>
    </p>
   </div>
   <div class='ocr_carea' id='block_1_33' title="bbox 430 3101 2014 3174">
    <p class='ocr_par' dir='ltr' id='par_1_33' title="bbox 430 3101 2014 3174">
     <span class='ocr_line' id='line_1_33' title="bbox 430 3101 2014 3174; baseline 0.001 -16"><span class='ocrx_word' id='word_1_205' title='bbox 430 3105 636 3159; x_wconf 77' lang='lat' dir='ltr'>mensis</span> <span class='ocrx_word' id='word_1_206' title='bbox 672 3101 862 3163; x_wconf 82' lang='lat' dir='ltr'>Junii;</span> <span class='ocrx_word' id='word_1_207' title='bbox 903 3102 991 3157; x_wconf 78' lang='lat' dir='ltr'>cui</span> <span class='ocrx_word' id='word_1_208' title='bbox 1019 3112 1304 3172; x_wconf 83' lang='lat' dir='ltr'>propterea</span> <span class='ocrx_word' id='word_1_209' title='bbox 1364 3112 1589 3171; x_wconf 83' lang='lat' dir='ltr'>paterna</span> <span class='ocrx_word' id='word_1_210' title='bbox 1655 3113 2014 3174; x_wconf 85' lang='lat' dir='ltr'>maternaque</span> 
     </span>
    </p>
   </div>
   <div class='ocr_carea' id='block_1_34' title="bbox 424 3177 2087 3263">
    <p class='ocr_par' dir='ltr' id='par_1_34' title="bbox 424 3177 2087 3263">
     <span class='ocr_line' id='line_1_34' title="bbox 424 3177 2087 3263; baseline 0.002 -14"><span class='ocrx_word' id='word_1_211' title='bbox 424 3197 562 3252; x_wconf 88' lang='lat' dir='ltr'>ditio</span> <span class='ocrx_word' id='word_1_212' title='bbox 589 3213 715 3250; x_wconf 87' lang='lat' dir='ltr'>eum</span> <span class='ocrx_word' id='word_1_213' title='bbox 752 3198 852 3250; x_wconf 89' lang='lat' dir='ltr'>hac</span> <span class='ocrx_word' id='word_1_214' title='bbox 880 3195 1001 3263; x_wconf 80' lang='lat' dir='ltr'>lege</span> <span class='ocrx_word' id='word_1_215' title='bbox 1028 3209 1292 3249; x_wconf 83' lang='lat' dir='ltr'>concessa</span> <span class='ocrx_word' id='word_1_216' title='bbox 1325 3195 1448 3255; x_wconf 78' lang='lat' dir='ltr'>fuit,</span> <span class='ocrx_word' id='word_1_217' title='bbox 1482 3204 1538 3246; x_wconf 91' lang='lat' dir='ltr'>ut</span> <span class='ocrx_word' id='word_1_218' title='bbox 1562 3211 1682 3248; x_wconf 72' lang='lat' dir='ltr'>eam</span> <span class='ocrx_word' id='word_1_219' title='bbox 1733 3197 1894 3248; x_wconf 84' lang='lat' dir='ltr'>titulo</span> <span class='ocrx_word' id='word_1_220' title='bbox 1927 3201 2016 3252; x_wconf 82' lang='lat' dir='ltr'>be-</span> <span class='ocrx_word' id='word_1_221' title='bbox 2042 3177 2087 3227; x_wconf 55' lang='grc' dir='ltr'>(λ</span> 
     </span>
    </p>
   </div>
   <div class='ocr_carea' id='block_1_35' title="bbox 430 3288 2011 3362">
    <p class='ocr_par' dir='ltr' id='par_1_35' title="bbox 430 3288 2011 3362">
     <span class='ocr_line' id='line_1_35' title="bbox 430 3288 2011 3362; baseline 0 -16"><span class='ocrx_word' id='word_1_222' title='bbox 430 3292 800 3362; x_wconf 67' lang='lat' dir='ltr'>glerhegattts,</span> <span class='ocrx_word' id='word_1_223' title='bbox 839 3289 1106 3344; x_wconf 86' lang='lat' dir='ltr'>beneﬁcio</span> <span class='ocrx_word' id='word_1_224' title='bbox 1131 3288 1333 3342; x_wconf 82' lang='lat' dir='ltr'>sultani</span> <span class='ocrx_word' id='word_1_225' title='bbox 1401 3288 1626 3343; x_wconf 78' lang='lat' dir='ltr'>Mutatis</span> <span class='ocrx_word' id='word_1_226' title='bbox 1687 3291 2011 3359; x_wconf 81' lang='lat' dir='ltr'>possideret.</span> 
     </span>
    </p>
   </div>
   <div class='ocr_carea' id='block_1_36' title="bbox 429 3379 2018 3453">
    <p class='ocr_par' dir='ltr' id='par_1_36' title="bbox 429 3379 2018 3453">
     <span class='ocr_line' id='line_1_36' title="bbox 429 3379 2018 3453; baseline -0.001 -13"><span class='ocrx_word' id='word_1_227' title='bbox 429 3386 525 3442; x_wconf 81' lang='lat' dir='ltr'>Est</span> <span class='ocrx_word' id='word_1_228' title='bbox 554 3394 737 3439; x_wconf 88' lang='lat' dir='ltr'>autem</span> <span class='ocrx_word' id='word_1_229' title='bbox 758 3398 823 3438; x_wconf 84' lang='lat' dir='ltr'>ea</span> <span class='ocrx_word' id='word_1_230' title='bbox 854 3381 1007 3453; x_wconf 71' lang='lat' dir='ltr'>regio</span> <span class='ocrx_word' id='word_1_231' title='bbox 1055 3379 1351 3435; x_wconf 84' lang='lat' dir='ltr'>Tschitdiii</span> <span class='ocrx_word' id='word_1_232' title='bbox 1383 3380 1765 3451; x_wconf 83' lang='lat' dir='ltr'>Tiphlisioque</span> <span class='ocrx_word' id='word_1_233' title='bbox 1800 3396 2018 3438; x_wconf 83' lang='lat' dir='ltr'>conter-</span> 
     </span>
    </p>
   </div>
   <div class='ocr_carea' id='block_1_37' title="bbox 429 3473 2018 3546">
    <p class='ocr_par' dir='ltr' id='par_1_37' title="bbox 429 3473 2018 3546">
     <span class='ocr_line' id='line_1_37' title="bbox 429 3473 2018 3546; baseline -0.001 -14"><span class='ocrx_word' id='word_1_234' title='bbox 429 3479 599 3533; x_wconf 90' lang='lat' dir='ltr'>mina.</span> <span class='ocrx_word' id='word_1_235' title='bbox 648 3476 822 3546; x_wconf 76' lang='lat' dir='ltr'>Ilajor</span> <span class='ocrx_word' id='word_1_236' title='bbox 886 3489 1020 3530; x_wconf 80' lang='lat' dir='ltr'>natu</span> <span class='ocrx_word' id='word_1_237' title='bbox 1072 3473 1241 3528; x_wconf 81' lang='lat' dir='ltr'>frater</span> <span class='ocrx_word' id='word_1_238' title='bbox 1289 3474 1341 3527; x_wconf 91' lang='lat' dir='ltr'>in</span> <span class='ocrx_word' id='word_1_239' title='bbox 1415 3475 1692 3529; x_wconf 85' lang='lat' dir='ltr'>retinenda</span> <span class='ocrx_word' id='word_1_240' title='bbox 1759 3476 2018 3546; x_wconf 82' lang='lat' dir='ltr'>religione</span> 
     </span>
    </p>
   </div>
   <div class='ocr_carea' id='block_1_38' title="bbox 427 3566 2016 3636">
    <p class='ocr_par' dir='ltr' id='par_1_38' title="bbox 427 3566 2016 3636">
     <span class='ocr_line' id='line_1_38' title="bbox 427 3566 2016 3636; baseline 0.001 -16"><span class='ocrx_word' id='word_1_241' title='bbox 427 3570 740 3625; x_wconf 72' lang='lat' dir='ltr'>Christiana</span> <span class='ocrx_word' id='word_1_242' title='bbox 769 3576 1115 3624; x_wconf 83' lang='lat' dir='ltr'>constantem</span> <span class='ocrx_word' id='word_1_243' title='bbox 1147 3583 1208 3622; x_wconf 85' lang='lat' dir='ltr'>se</span> <span class='ocrx_word' id='word_1_244' title='bbox 1233 3566 1488 3636; x_wconf 82' lang='lat' dir='ltr'>praebuit,</span> <span class='ocrx_word' id='word_1_245' title='bbox 1522 3581 1586 3621; x_wconf 88' lang='lat' dir='ltr'>ac</span> <span class='ocrx_word' id='word_1_246' title='bbox 1620 3571 1840 3622; x_wconf 79' lang='lat' dir='ltr'>tametsi</span> <span class='ocrx_word' id='word_1_247' title='bbox 1870 3571 2016 3622; x_wconf 86' lang='lat' dir='ltr'>mut-</span> 
     </span>
    </p>
   </div>
   <div class='ocr_carea' id='block_1_39' title="bbox 431 3660 2014 3735">
    <p class='ocr_par' dir='ltr' id='par_1_39' title="bbox 431 3660 2014 3735">
     <span class='ocr_line' id='line_1_39' title="bbox 431 3660 2014 3735; baseline -0.004 -15"><span class='ocrx_word' id='word_1_248' title='bbox 431 3676 546 3720; x_wconf 88' lang='lat' dir='ltr'>tum</span> <span class='ocrx_word' id='word_1_249' title='bbox 580 3664 855 3735; x_wconf 81' lang='lat' dir='ltr'>precibus,</span> <span class='ocrx_word' id='word_1_250' title='bbox 889 3661 1203 3732; x_wconf 80' lang='lat' dir='ltr'>promissis,</span> <span class='ocrx_word' id='word_1_251' title='bbox 1241 3661 1406 3714; x_wconf 88' lang='lat' dir='ltr'>minis</span> <span class='ocrx_word' id='word_1_252' title='bbox 1453 3660 1697 3730; x_wconf 86' lang='lat' dir='ltr'>denique</span> <span class='ocrx_word' id='word_1_253' title='bbox 1751 3660 2014 3714; x_wconf 81' lang='lat' dir='ltr'>formida-</span> 
     </span>
    </p>
   </div>
   <div class='ocr_carea' id='block_1_40' title="bbox 428 3753 2015 3823">
    <p class='ocr_par' dir='ltr' id='par_1_40' title="bbox 428 3753 2015 3823">
     <span class='ocr_line' id='line_1_40' title="bbox 428 3753 2015 3823; baseline -0.005 -8"><span class='ocrx_word' id='word_1_254' title='bbox 428 3759 634 3815; x_wconf 80' lang='lat' dir='ltr'>bilibus</span> <span class='ocrx_word' id='word_1_255' title='bbox 665 3764 988 3819; x_wconf 86' lang='lat' dir='ltr'>tentaretur,</span> <span class='ocrx_word' id='word_1_256' title='bbox 1056 3770 1337 3823; x_wconf 84' lang='lat' dir='ltr'>nunquam</span> <span class='ocrx_word' id='word_1_257' title='bbox 1374 3764 1556 3807; x_wconf 86' lang='lat' dir='ltr'>tamen</span> <span class='ocrx_word' id='word_1_258' title='bbox 1582 3753 1779 3808; x_wconf 80' lang='lat' dir='ltr'>adduci</span> <span class='ocrx_word' id='word_1_259' title='bbox 1815 3756 2015 3823; x_wconf 88' lang='lat' dir='ltr'>potuit,</span> 
     </span>
    </p>
   </div>
   <div class='ocr_carea' id='block_1_41' title="bbox 428 3844 2018 3913">
    <p class='ocr_par' dir='ltr' id='par_1_41' title="bbox 428 3844 2018 3913">
     <span class='ocr_line' id='line_1_41' title="bbox 428 3844 2018 3913; baseline -0.005 -3"><span class='ocrx_word' id='word_1_260' title='bbox 428 3863 488 3910; x_wconf 82' lang='lat' dir='ltr'>ut</span> <span class='ocrx_word' id='word_1_261' title='bbox 520 3850 684 3907; x_wconf 79' lang='lat' dir='ltr'>ﬁdem</span> <span class='ocrx_word' id='word_1_262' title='bbox 718 3847 1091 3905; x_wconf 87' lang='lat' dir='ltr'>Christianam</span> <span class='ocrx_word' id='word_1_263' title='bbox 1114 3849 1417 3902; x_wconf 82' lang='lat' dir='ltr'>desereret.</span> <span class='ocrx_word' id='word_1_264' title='bbox 1467 3844 1622 3902; x_wconf 87' lang='lat' dir='ltr'>Unde</span> <span class='ocrx_word' id='word_1_265' title='bbox 1667 3847 1910 3913; x_wconf 83' lang='lat' dir='ltr'>.l&#39;actuui,</span> <span class='ocrx_word' id='word_1_266' title='bbox 1960 3861 2018 3902; x_wconf 89' lang='lat' dir='ltr'>ut</span> 
     </span>
    </p>
   </div>
   <div class='ocr_carea' id='block_1_42' title="bbox 425 3937 2012 4013">
    <p class='ocr_par' dir='ltr' id='par_1_42' title="bbox 425 3937 2012 4013">
     <span class='ocr_line' id='line_1_42' title="bbox 425 3937 2012 4013; baseline -0.003 -13"><span class='ocrx_word' id='word_1_267' title='bbox 425 3947 562 4013; x_wconf 80' lang='lat' dir='ltr'>ipsis</span> <span class='ocrx_word' id='word_1_268' title='bbox 593 3937 1083 4008; x_wconf 86' lang='lat' dir='ltr'>Constantinopoli</span> <span class='ocrx_word' id='word_1_269' title='bbox 1116 3939 1379 4008; x_wconf 78' lang='lat' dir='ltr'>profectis</span> <span class='ocrx_word' id='word_1_270' title='bbox 1436 3941 1626 3994; x_wconf 89' lang='lat' dir='ltr'>eodem</span> <span class='ocrx_word' id='word_1_271' title='bbox 1684 3954 1834 3994; x_wconf 77' lang='lat' dir='ltr'>anno</span> <span class='ocrx_word' id='word_1_272' title='bbox 1888 3943 2012 4007; x_wconf 78' lang='lat'>986,</span> 
     </span>
    </p>
   </div>
   <div class='ocr_carea' id='block_1_43' title="bbox 425 4035 2017 4106">
    <p class='ocr_par' dir='ltr' id='par_1_43' title="bbox 425 4035 2017 4106">
     <span class='ocr_line' id='line_1_43' title="bbox 425 4035 2017 4106; baseline -0.013 -10"><span class='ocrx_word' id='word_1_273' title='bbox 425 4042 516 4096; x_wconf 77' lang='lat' dir='ltr'>die</span> <span class='ocrx_word' id='word_1_274' title='bbox 546 4037 846 4094; x_wconf 71' lang='lat' dir='ltr'>lSmensis</span> <span class='ocrx_word' id='word_1_275' title='bbox 897 4035 1151 4106; x_wconf 73' lang='lat' dir='ltr'>Augusti,</span> <span class='ocrx_word' id='word_1_276' title='bbox 1213 4035 1374 4090; x_wconf 84' lang='lat' dir='ltr'>simul</span> <span class='ocrx_word' id='word_1_277' title='bbox 1417 4050 1480 4089; x_wconf 86' lang='lat' dir='ltr'>ac</span> <span class='ocrx_word' id='word_1_278' title='bbox 1521 4038 1727 4090; x_wconf 77' lang='lat' dir='ltr'>reversi</span> <span class='ocrx_word' id='word_1_279' title='bbox 1783 4037 2017 4091; x_wconf 52' lang='lat' dir='ltr'>{nissum</span> 
     </span>
    </p>
   </div>
   <div class='ocr_carea' id='block_1_44' title="bbox 427 4127 2013 4202">
    <p class='ocr_par' dir='ltr' id='par_1_44' title="bbox 427 4127 2013 4202">
     <span class='ocr_line' id='line_1_44' title="bbox 427 4127 2013 4202; baseline -0.003 -14"><span class='ocrx_word' id='word_1_280' title='bbox 427 4135 483 4188; x_wconf 85' lang='lat' dir='ltr'>in</span> <span class='ocrx_word' id='word_1_281' title='bbox 525 4132 780 4202; x_wconf 70' lang='lat' dir='ltr'>patriam,</span> <span class='ocrx_word' id='word_1_282' title='bbox 819 4129 987 4186; x_wconf 86' lang='lat' dir='ltr'>lrater</span> <span class='ocrx_word' id='word_1_283' title='bbox 1025 4127 1111 4182; x_wconf 83' lang='lat' dir='ltr'>hic</span> <span class='ocrx_word' id='word_1_284' title='bbox 1172 4128 1524 4184; x_wconf 87' lang='lat' dir='ltr'>Christianus</span> <span class='ocrx_word' id='word_1_285' title='bbox 1578 4129 1869 4185; x_wconf 74' lang='grc' dir='ltr'>ουιιῐι-ειίιιι</span> <span class='ocrx_word' id='word_1_286' title='bbox 1917 4147 2013 4184; x_wconf 70' lang='lat' dir='ltr'>cx-</span> 
     </span>
    </p>
   </div>
   <div class='ocr_carea' id='block_1_45' title="bbox 429 4220 2010 4296">
    <p class='ocr_par' dir='ltr' id='par_1_45' title="bbox 429 4220 2010 4296">
     <span class='ocr_line' id='line_1_45' title="bbox 429 4220 2010 4296; baseline -0.002 -16"><span class='ocrx_word' id='word_1_287' title='bbox 429 4226 664 4296; x_wconf 83' lang='lat' dir='ltr'>spiraret</span> <span class='ocrx_word' id='word_1_288' title='bbox 689 4239 702 4274; x_wconf 85' lang='lat'>:</span> <span class='ocrx_word' id='word_1_289' title='bbox 731 4227 795 4278; x_wconf 88' lang='lat' dir='ltr'>de</span> <span class='ocrx_word' id='word_1_290' title='bbox 815 4222 979 4292; x_wconf 82' lang='lat' dir='ltr'>cujus</span> <span class='ocrx_word' id='word_1_291' title='bbox 1008 4231 1186 4275; x_wconf 86' lang='lat' dir='ltr'>morte</span> <span class='ocrx_word' id='word_1_292' title='bbox 1214 4220 1446 4276; x_wconf 81' lang='lat' dir='ltr'>diversa:</span> <span class='ocrx_word' id='word_1_293' title='bbox 1475 4221 1696 4276; x_wconf 80' lang='lat' dir='ltr'>fuerunt</span> <span class='ocrx_word' id='word_1_294' title='bbox 1730 4223 2010 4276; x_wconf 66' lang='lat' dir='ltr'>hominum</span> 
     </span>
    </p>
   </div>
   <div class='ocr_carea' id='block_1_46' title="bbox 427 4314 2016 4392">
    <p class='ocr_par' dir='ltr' id='par_1_46' title="bbox 427 4314 2016 4392">
     <span class='ocr_line' id='line_1_46' title="bbox 427 4314 2016 4392; baseline -0.003 -17"><span class='ocrx_word' id='word_1_295' title='bbox 427 4319 742 4392; x_wconf 77' lang='lat' dir='ltr'>opiniones,</span> <span class='ocrx_word' id='word_1_296' title='bbox 779 4316 906 4371; x_wconf 90' lang='lat' dir='ltr'>aliis</span> <span class='ocrx_word' id='word_1_297' title='bbox 933 4332 962 4370; x_wconf 84' lang='lat' dir='ltr'>a</span> <span class='ocrx_word' id='word_1_298' title='bbox 995 4314 1166 4370; x_wconf 75' lang='lat' dir='ltr'>fratre</span> <span class='ocrx_word' id='word_1_299' title='bbox 1210 4330 1480 4371; x_wconf 88' lang='lat' dir='ltr'>venenum</span> <span class='ocrx_word' id='word_1_300' title='bbox 1514 4315 1563 4368; x_wconf 82' lang='lat' dir='ltr'>ei</span> <span class='ocrx_word' id='word_1_301' title='bbox 1592 4318 1773 4369; x_wconf 87' lang='lat' dir='ltr'>datum</span> <span class='ocrx_word' id='word_1_302' title='bbox 1833 4319 1886 4369; x_wconf 85' lang='lat' dir='ltr'>iit</span> <span class='ocrx_word' id='word_1_303' title='bbox 1932 4319 2016 4370; x_wconf 84' lang='lat' dir='ltr'>iti-</span> 
     </span>
    </p>
   </div>
   <div class='ocr_carea' id='block_1_47' title="bbox 427 4408 2009 4480">
    <p class='ocr_par' dir='ltr' id='par_1_47' title="bbox 427 4408 2009 4480">
     <span class='ocr_line' id='line_1_47' title="bbox 427 4408 2009 4480; baseline -0.004 -13"><span class='ocrx_word' id='word_1_304' title='bbox 427 4428 558 4468; x_wconf 89' lang='lat' dir='ltr'>nere</span> <span class='ocrx_word' id='word_1_305' title='bbox 589 4409 1025 4480; x_wconf 84' lang='lat' dir='ltr'>perhibentibus,</span> <span class='ocrx_word' id='word_1_306' title='bbox 1062 4408 1184 4464; x_wconf 89' lang='lat' dir='ltr'>aliis</span> <span class='ocrx_word' id='word_1_307' title='bbox 1245 4423 1344 4478; x_wconf 89' lang='lat' dir='ltr'>pro</span> <span class='ocrx_word' id='word_1_308' title='bbox 1379 4415 1530 4462; x_wconf 89' lang='lat' dir='ltr'>certo</span> <span class='ocrx_word' id='word_1_309' title='bbox 1562 4408 1962 4463; x_wconf 67' lang='lat' dir='ltr'>allii-manutius</span> <span class='ocrx_word' id='word_1_310' title='bbox 1996 4451 2009 4474; x_wconf 95' lang='lat'>,</span> 
     </span>
    </p>
   </div>
   <div class='ocr_carea' id='block_1_48' title="bbox 2123 497 3709 570">
    <p class='ocr_par' dir='ltr' id='par_1_48' title="bbox 2123 497 3709 570">
     <span class='ocr_line' id='line_1_48' title="bbox 2123 497 3709 570; baseline -0.002 -17"><span class='ocrx_word' id='word_1_311' title='bbox 2123 499 2508 570; x_wconf 76' lang='lat' dir='ltr'>heglethegnan</span> <span class='ocrx_word' id='word_1_312' title='bbox 2570 498 2926 570; x_wconf 71' lang='lat' dir='ltr'>prml&#39;eeisset,</span> <span class='ocrx_word' id='word_1_313' title='bbox 2986 513 3048 549; x_wconf 85' lang='lat' dir='ltr'>ae</span> <span class='ocrx_word' id='word_1_314' title='bbox 3112 497 3539 566; x_wconf 82' lang='lat' dir='ltr'>dephterdarum</span> <span class='ocrx_word' id='word_1_315' title='bbox 3595 499 3709 550; x_wconf 81' lang='lat' dir='ltr'>sive.</span> 
     </span>
    </p>
   </div>
   <div class='ocr_carea' id='block_1_49' title="bbox 2123 589 3710 660">
    <p class='ocr_par' dir='ltr' id='par_1_49' title="bbox 2123 589 3710 660">
     <span class='ocr_line' id='line_1_49' title="bbox 2123 589 3710 660; baseline 0 -15"><span class='ocrx_word' id='word_1_316' title='bbox 2123 593 2470 657; x_wconf 85' lang='lat' dir='ltr'>rationalem,</span> <span class='ocrx_word' id='word_1_317' title='bbox 2503 593 2584 646; x_wconf 69' lang='lat' dir='ltr'>Vel</span> <span class='ocrx_word' id='word_1_318' title='bbox 2619 602 2974 660; x_wconf 67' lang='lat' dir='ltr'>quazstoretn,</span> <span class='ocrx_word' id='word_1_319' title='bbox 3036 589 3234 644; x_wconf 83' lang='lat' dir='ltr'>ﬁumen</span> <span class='ocrx_word' id='word_1_320' title='bbox 3271 590 3544 658; x_wconf 82' lang='lat' dir='ltr'>quoddam</span> <span class='ocrx_word' id='word_1_321' title='bbox 3593 591 3710 645; x_wconf 89' lang='lat' dir='ltr'>suis</span> 
     </span>
    </p>
   </div>
   <div class='ocr_carea' id='block_1_50' title="bbox 2120 685 3710 756">
    <p class='ocr_par' dir='ltr' id='par_1_50' title="bbox 2120 685 3710 756">
     <span class='ocr_line' id='line_1_50' title="bbox 2120 685 3710 756; baseline -0.002 -15"><span class='ocrx_word' id='word_1_322' title='bbox 2120 703 2246 741; x_wconf 89' lang='lat' dir='ltr'>cum</span> <span class='ocrx_word' id='word_1_323' title='bbox 2277 687 2451 756; x_wconf 77' lang='lat' dir='ltr'>cepiis</span> <span class='ocrx_word' id='word_1_324' title='bbox 2487 687 2818 750; x_wconf 77' lang='lat' dir='ltr'>transmisit,</span> <span class='ocrx_word' id='word_1_325' title='bbox 2859 686 3001 754; x_wconf 84' lang='lat' dir='ltr'>quod</span> <span class='ocrx_word' id='word_1_326' title='bbox 3040 685 3106 738; x_wconf 89' lang='lat' dir='ltr'>ah</span> <span class='ocrx_word' id='word_1_327' title='bbox 3135 685 3255 738; x_wconf 77' lang='lat' dir='ltr'>a‘iis</span> <span class='ocrx_word' id='word_1_328' title='bbox 3279 687 3434 740; x_wconf 64' lang='lat' dir='ltr'>Art-3.</span> <span class='ocrx_word' id='word_1_329' title='bbox 3471 687 3538 737; x_wconf 90' lang='lat' dir='ltr'>ab</span> <span class='ocrx_word' id='word_1_330' title='bbox 3586 686 3710 738; x_wconf 85' lang='lat' dir='ltr'>aliis</span> 
     </span>
    </p>
   </div>
   <div class='ocr_carea' id='block_1_51' title="bbox 2120 780 3705 849">
    <p class='ocr_par' dir='ltr' id='par_1_51' title="bbox 2120 780 3705 849">
     <span class='ocr_line' id='line_1_51' title="bbox 2120 780 3705 849; baseline -0.001 -17"><span class='ocrx_word' id='word_1_331' title='bbox 2120 780 2350 844; x_wconf 79' lang='lat' dir='ltr'>Carasn,</span> <span class='ocrx_word' id='word_1_332' title='bbox 2386 781 2435 833; x_wconf 89' lang='lat' dir='ltr'>id</span> <span class='ocrx_word' id='word_1_333' title='bbox 2489 791 2596 840; x_wconf 89' lang='lat' dir='ltr'>est,</span> <span class='ocrx_word' id='word_1_334' title='bbox 2654 782 2803 849; x_wconf 79' lang='lat' dir='ltr'>Aqua</span> <span class='ocrx_word' id='word_1_335' title='bbox 2871 780 3048 848; x_wconf 82' lang='lat' dir='ltr'>nigra,</span> <span class='ocrx_word' id='word_1_336' title='bbox 3105 790 3332 832; x_wconf 81' lang='lat' dir='ltr'>vocatur</span> <span class='ocrx_word' id='word_1_337' title='bbox 3396 789 3705 848; x_wconf 76' lang='lat' dir='ltr'>propterea,</span> 
     </span>
    </p>
   </div>
   <div class='ocr_carea' id='block_1_52' title="bbox 2122 871 3709 942">
    <p class='ocr_par' dir='ltr' id='par_1_52' title="bbox 2122 871 3709 942">
     <span class='ocr_line' id='line_1_52' title="bbox 2122 871 3709 942; baseline -0.001 -17"><span class='ocrx_word' id='word_1_338' title='bbox 2122 874 2267 942; x_wconf 86' lang='lat' dir='ltr'>quod</span> <span class='ocrx_word' id='word_1_339' title='bbox 2304 874 2508 941; x_wconf 87' lang='lat' dir='ltr'>impetu</span> <span class='ocrx_word' id='word_1_340' title='bbox 2546 873 2716 927; x_wconf 81' lang='lat' dir='ltr'>veloci</span> <span class='ocrx_word' id='word_1_341' title='bbox 2757 872 2892 926; x_wconf 86' lang='lat' dir='ltr'>ﬂuat</span> <span class='ocrx_word' id='word_1_342' title='bbox 2941 882 2994 926; x_wconf 85' lang='lat' dir='ltr'>et</span> <span class='ocrx_word' id='word_1_343' title='bbox 3043 871 3373 939; x_wconf 76' lang='lat' dir='ltr'>profundum</span> <span class='ocrx_word' id='word_1_344' title='bbox 3427 872 3518 925; x_wconf 66' lang='lat' dir='ltr'>sit.</span> <span class='ocrx_word' id='word_1_345' title='bbox 3573 871 3709 924; x_wconf 78' lang='lat' dir='ltr'>Dum</span> 
     </span>
    </p>
   </div>
   <div class='ocr_carea' id='block_1_53' title="bbox 2121 964 3710 1032">
    <p class='ocr_par' dir='ltr' id='par_1_53' title="bbox 2121 964 3710 1032">
     <span class='ocr_line' id='line_1_53' title="bbox 2121 964 3710 1032; baseline -0.001 -13"><span class='ocrx_word' id='word_1_346' title='bbox 2121 967 2172 1019; x_wconf 89' lang='lat' dir='ltr'>id</span> <span class='ocrx_word' id='word_1_347' title='bbox 2201 965 2400 1018; x_wconf 84' lang='lat' dir='ltr'>ﬁumen</span> <span class='ocrx_word' id='word_1_348' title='bbox 2447 965 2828 1032; x_wconf 85' lang='lat' dir='ltr'>transjieeret,</span> <span class='ocrx_word' id='word_1_349' title='bbox 2893 981 3002 1018; x_wconf 90' lang='lat' dir='ltr'>uno</span> <span class='ocrx_word' id='word_1_350' title='bbox 3055 966 3320 1020; x_wconf 76' lang='lat' dir='ltr'>duntaxat</span> <span class='ocrx_word' id='word_1_351' title='bbox 3379 964 3467 1019; x_wconf 79' lang='lat' dir='ltr'>die</span> <span class='ocrx_word' id='word_1_352' title='bbox 3536 964 3710 1018; x_wconf 76' lang='grc' dir='ltr'>17οιιο</span> 
     </span>
    </p>
   </div>
   <div class='ocr_carea' id='block_1_54' title="bbox 2121 1059 3708 1129">
    <p class='ocr_par' dir='ltr' id='par_1_54' title="bbox 2121 1059 3708 1129">
     <span class='ocr_line' id='line_1_54' title="bbox 2121 1059 3708 1129; baseline -0.003 -15"><span class='ocrx_word' id='word_1_353' title='bbox 2121 1077 2344 1114; x_wconf 88' lang='lat' dir='ltr'>suorum</span> <span class='ocrx_word' id='word_1_354' title='bbox 2400 1060 2607 1125; x_wconf 86' lang='lat' dir='ltr'>amisit,</span> <span class='ocrx_word' id='word_1_355' title='bbox 2677 1074 2816 1128; x_wconf 84' lang='lat' dir='ltr'>quos</span> <span class='ocrx_word' id='word_1_356' title='bbox 2874 1059 3182 1114; x_wconf 84' lang='lat' dir='ltr'>vortieosus</span> <span class='ocrx_word' id='word_1_357' title='bbox 3238 1059 3437 1125; x_wconf 86' lang='lat' dir='ltr'>amnis,</span> <span class='ocrx_word' id='word_1_358' title='bbox 3514 1069 3708 1129; x_wconf 62' lang='lat' dir='ltr'>pra‘ter</span> 
     </span>
    </p>
   </div>
   <div class='ocr_carea' id='block_1_55' title="bbox 2120 1152 3709 1224">
    <p class='ocr_par' dir='ltr' id='par_1_55' title="bbox 2120 1152 3709 1224">
     <span class='ocr_line' id='line_1_55' title="bbox 2120 1152 3709 1224; baseline -0.003 -17"><span class='ocrx_word' id='word_1_359' title='bbox 2120 1171 2315 1224; x_wconf 78' lang='lat' dir='ltr'>equos,</span> <span class='ocrx_word' id='word_1_360' title='bbox 2347 1153 2587 1208; x_wconf 84' lang='lat' dir='ltr'>catnelos</span> <span class='ocrx_word' id='word_1_361' title='bbox 2639 1163 2694 1206; x_wconf 86' lang='lat' dir='ltr'>et</span> <span class='ocrx_word' id='word_1_362' title='bbox 2729 1153 2908 1206; x_wconf 90' lang='lat' dir='ltr'>mulos</span> <span class='ocrx_word' id='word_1_363' title='bbox 2967 1152 3294 1222; x_wconf 82' lang='lat' dir='ltr'>absumpsit.</span> <span class='ocrx_word' id='word_1_364' title='bbox 3338 1153 3509 1206; x_wconf 76' lang='lat' dir='ltr'>Ainitt</span> <span class='ocrx_word' id='word_1_365' title='bbox 3562 1154 3709 1207; x_wconf 87' lang='lat' dir='ltr'>hune</span> 
     </span>
    </p>
   </div>
   <div class='ocr_carea' id='block_1_56' title="bbox 2119 1243 3708 1311">
    <p class='ocr_par' dir='ltr' id='par_1_56' title="bbox 2119 1243 3708 1311">
     <span class='ocr_line' id='line_1_56' title="bbox 2119 1243 3708 1311; baseline -0.002 -12"><span class='ocrx_word' id='word_1_366' title='bbox 2119 1262 2334 1299; x_wconf 84' lang='lat' dir='ltr'>amnem</span> <span class='ocrx_word' id='word_1_367' title='bbox 2368 1245 2759 1301; x_wconf 86' lang='lat' dir='ltr'>disterminare</span> <span class='ocrx_word' id='word_1_368' title='bbox 2791 1243 3048 1310; x_wconf 74' lang='lat' dir='ltr'>Mediam,</span> <span class='ocrx_word' id='word_1_369' title='bbox 3101 1246 3208 1300; x_wconf 88' lang='lat' dir='ltr'>hoc</span> <span class='ocrx_word' id='word_1_370' title='bbox 3243 1257 3345 1311; x_wconf 86' lang='lat' dir='ltr'>cst,</span> <span class='ocrx_word' id='word_1_371' title='bbox 3411 1246 3708 1300; x_wconf 88' lang='lat' dir='ltr'>Sirvanum</span> 
     </span>
    </p>
   </div>
   <div class='ocr_carea' id='block_1_57' title="bbox 2121 1334 3712 1405">
    <p class='ocr_par' dir='ltr' id='par_1_57' title="bbox 2121 1334 3712 1405">
     <span class='ocr_line' id='line_1_57' title="bbox 2121 1334 3712 1405; baseline 0.003 -19"><span class='ocrx_word' id='word_1_372' title='bbox 2121 1354 2147 1387; x_wconf 70' lang='grc' dir='ltr'>τι</span> <span class='ocrx_word' id='word_1_373' title='bbox 2180 1335 2506 1405; x_wconf 78' lang='lat' dir='ltr'>Georgiana.</span> <span class='ocrx_word' id='word_1_374' title='bbox 2546 1334 2887 1401; x_wconf 73' lang='lat' dir='ltr'>Transjectis</span> <span class='ocrx_word' id='word_1_375' title='bbox 2935 1336 3131 1404; x_wconf 82' lang='lat' dir='ltr'>copiis,</span> <span class='ocrx_word' id='word_1_376' title='bbox 3167 1336 3271 1389; x_wconf 85' lang='lat' dir='ltr'>iter</span> <span class='ocrx_word' id='word_1_377' title='bbox 3319 1353 3478 1391; x_wconf 83' lang='lat' dir='ltr'>suum</span> <span class='ocrx_word' id='word_1_378' title='bbox 3508 1338 3712 1390; x_wconf 57' lang='lat' dir='ltr'>direxit</span> 
     </span>
    </p>
   </div>
   <div class='ocr_carea' id='block_1_58' title="bbox 2121 1427 3710 1499">
    <p class='ocr_par' dir='ltr' id='par_1_58' title="bbox 2121 1427 3710 1499">
     <span class='ocr_line' id='line_1_58' title="bbox 2121 1427 3710 1499; baseline 0.002 -18"><span class='ocrx_word' id='word_1_379' title='bbox 2121 1445 2313 1484; x_wconf 81' lang='lat' dir='ltr'>versus</span> <span class='ocrx_word' id='word_1_380' title='bbox 2339 1445 2459 1484; x_wconf 81' lang='lat' dir='ltr'>eam</span> <span class='ocrx_word' id='word_1_381' title='bbox 2501 1427 2946 1499; x_wconf 61' lang='lat' dir='ltr'>civitatumque</span> <span class='ocrx_word' id='word_1_382' title='bbox 2978 1430 3260 1484; x_wconf 88' lang='lat' dir='ltr'>communi</span> <span class='ocrx_word' id='word_1_383' title='bbox 3321 1431 3544 1483; x_wconf 86' lang='lat' dir='ltr'>nomine</span> <span class='ocrx_word' id='word_1_384' title='bbox 3583 1447 3710 1484; x_wconf 87' lang='lat' dir='ltr'>eum</span> 
     </span>
    </p>
   </div>
   <div class='ocr_carea' id='block_1_59' title="bbox 2123 1523 3709 1594">
    <p class='ocr_par' dir='ltr' id='par_1_59' title="bbox 2123 1523 3709 1594">
     <span class='ocr_line' id='line_1_59' title="bbox 2123 1523 3709 1594; baseline 0.001 -19"><span class='ocrx_word' id='word_1_385' title='bbox 2123 1525 2235 1591; x_wconf 76' lang='lat' dir='ltr'>ipsa</span> <span class='ocrx_word' id='word_1_386' title='bbox 2271 1523 2492 1592; x_wconf 80' lang='lat' dir='ltr'>regione</span> <span class='ocrx_word' id='word_1_387' title='bbox 2519 1524 2816 1577; x_wconf 85' lang='lat' dir='ltr'>Sirvanum</span> <span class='ocrx_word' id='word_1_388' title='bbox 2839 1524 3064 1584; x_wconf 89' lang='lat' dir='ltr'>dicitur,</span> <span class='ocrx_word' id='word_1_389' title='bbox 3098 1525 3299 1594; x_wconf 84' lang='lat' dir='ltr'>illaque</span> <span class='ocrx_word' id='word_1_390' title='bbox 3352 1526 3570 1578; x_wconf 79' lang='lat' dir='ltr'>nemine</span> <span class='ocrx_word' id='word_1_391' title='bbox 3626 1542 3709 1577; x_wconf 88' lang='lat' dir='ltr'>re-</span> 
     </span>
    </p>
   </div>
   <div class='ocr_carea' id='block_1_60' title="bbox 2120 1618 3710 1688">
    <p class='ocr_par' dir='ltr' id='par_1_60' title="bbox 2120 1618 3710 1688">
     <span class='ocr_line' id='line_1_60' title="bbox 2120 1618 3710 1688; baseline 0.002 -19"><span class='ocrx_word' id='word_1_392' title='bbox 2120 1619 2347 1671; x_wconf 86' lang='lat' dir='ltr'>sistente</span> <span class='ocrx_word' id='word_1_393' title='bbox 2383 1618 2591 1685; x_wconf 83' lang='lat' dir='ltr'>potitus</span> <span class='ocrx_word' id='word_1_394' title='bbox 2651 1629 2736 1672; x_wconf 82' lang='lat' dir='ltr'>est</span> <span class='ocrx_word' id='word_1_395' title='bbox 2786 1633 2802 1672; x_wconf 89' lang='lat'><strong>:</strong></span> <span class='ocrx_word' id='word_1_396' title='bbox 2854 1618 3000 1688; x_wconf 87' lang='lat' dir='ltr'>quod</span> <span class='ocrx_word' id='word_1_397' title='bbox 3039 1618 3214 1672; x_wconf 78' lang='lat' dir='ltr'>Persae</span> <span class='ocrx_word' id='word_1_398' title='bbox 3253 1619 3539 1672; x_wconf 76' lang='lat' dir='ltr'>facultates</span> <span class='ocrx_word' id='word_1_399' title='bbox 3577 1634 3710 1672; x_wconf 80' lang='lat' dir='ltr'>suas</span> 
     </span>
    </p>
   </div>
   <div class='ocr_carea' id='block_1_61' title="bbox 2123 1709 3706 1780">
    <p class='ocr_par' dir='ltr' id='par_1_61' title="bbox 2123 1709 3706 1780">
     <span class='ocr_line' id='line_1_61' title="bbox 2123 1709 3706 1780; baseline 0.003 -22"><span class='ocrx_word' id='word_1_400' title='bbox 2123 1723 2316 1762; x_wconf 86' lang='lat' dir='ltr'>omnes</span> <span class='ocrx_word' id='word_1_401' title='bbox 2340 1710 2683 1774; x_wconf 76' lang='lat' dir='ltr'>avexissent,</span> <span class='ocrx_word' id='word_1_402' title='bbox 2723 1717 3006 1780; x_wconf 83' lang='lat' dir='ltr'>totamque</span> <span class='ocrx_word' id='word_1_403' title='bbox 3036 1710 3289 1763; x_wconf 62' lang='lat' dir='ltr'>vit-iniam</span> <span class='ocrx_word' id='word_1_404' title='bbox 3325 1709 3472 1764; x_wconf 79' lang='lat' dir='ltr'>ferro</span> <span class='ocrx_word' id='word_1_405' title='bbox 3502 1718 3554 1763; x_wconf 77' lang='lat' dir='ltr'>et</span> <span class='ocrx_word' id='word_1_406' title='bbox 3599 1713 3706 1778; x_wconf 72' lang='lat' dir='ltr'>igni</span> 
     </span>
    </p>
   </div>
   <div class='ocr_carea' id='block_1_62' title="bbox 2055 1788 3708 1874">
    <p class='ocr_par' dir='ltr' id='par_1_62' title="bbox 2055 1788 3708 1874">
     <span class='ocr_line' id='line_1_62' title="bbox 2055 1788 3708 1874; baseline 0.001 -21"><span class='ocrx_word' id='word_1_407' title='bbox 2055 1788 2457 1858; x_wconf 79' lang='lat' dir='ltr'>Bvastassent.</span> <span class='ocrx_word' id='word_1_408' title='bbox 2516 1801 2644 1858; x_wconf 81' lang='lat' dir='ltr'>Istic</span> <span class='ocrx_word' id='word_1_409' title='bbox 2699 1819 2922 1872; x_wconf 87' lang='lat' dir='ltr'>quoque</span> <span class='ocrx_word' id='word_1_410' title='bbox 2991 1805 3372 1874; x_wconf 72' lang='lat' dir='ltr'>bcg&#39;erbegum</span> <span class='ocrx_word' id='word_1_411' title='bbox 3437 1819 3558 1858; x_wconf 88' lang='lat' dir='ltr'>cum</span> <span class='ocrx_word' id='word_1_412' title='bbox 3611 1805 3708 1855; x_wconf 81' lang='lat' dir='ltr'>de-</span> 
     </span>
    </p>
   </div>
   <div class='ocr_carea' id='block_1_63' title="bbox 2126 1893 3710 1964">
    <p class='ocr_par' dir='ltr' id='par_1_63' title="bbox 2126 1893 3710 1964">
     <span class='ocr_line' id='line_1_63' title="bbox 2126 1893 3710 1964; baseline 0 -17"><span class='ocrx_word' id='word_1_413' title='bbox 2126 1896 2422 1964; x_wconf 86' lang='lat' dir='ltr'>pbtcrdaro</span> <span class='ocrx_word' id='word_1_414' title='bbox 2455 1895 2763 1950; x_wconf 89' lang='lat' dir='ltr'>constituit.</span> <span class='ocrx_word' id='word_1_415' title='bbox 2828 1893 2891 1951; x_wconf 83' lang='lat' dir='ltr'>Et</span> <span class='ocrx_word' id='word_1_416' title='bbox 2948 1895 3140 1951; x_wconf 79' lang='lat' dir='ltr'>civitas</span> <span class='ocrx_word' id='word_1_417' title='bbox 3200 1910 3262 1948; x_wconf 83' lang='lat' dir='ltr'>ea</span> <span class='ocrx_word' id='word_1_418' title='bbox 3313 1895 3480 1949; x_wconf 81' lang='lat' dir='ltr'>tutius</span> <span class='ocrx_word' id='word_1_419' title='bbox 3524 1897 3710 1949; x_wconf 71' lang='grc' dir='ltr'>Μειιίεη</span> 
     </span>
    </p>
   </div>
   <div class='ocr_carea' id='block_1_64' title="bbox 2126 1987 3709 2061">
    <p class='ocr_par' dir='ltr' id='par_1_64' title="bbox 2126 1987 3709 2061">
     <span class='ocr_line' id='line_1_64' title="bbox 2126 1987 3709 2061; baseline 0 -21"><span class='ocrx_word' id='word_1_420' title='bbox 2126 1987 2442 2055; x_wconf 73' lang='lat' dir='ltr'>metropolis</span> <span class='ocrx_word' id='word_1_421' title='bbox 2475 1997 2577 2043; x_wconf 84' lang='lat' dir='ltr'>est.</span> <span class='ocrx_word' id='word_1_422' title='bbox 2627 1987 2726 2041; x_wconf 89' lang='lat' dir='ltr'>llis</span> <span class='ocrx_word' id='word_1_423' title='bbox 2757 1989 2916 2042; x_wconf 67' lang='lat' dir='ltr'>rebus</span> <span class='ocrx_word' id='word_1_424' title='bbox 2953 1992 3140 2061; x_wconf 75' lang='lat' dir='ltr'>gestis,</span> <span class='ocrx_word' id='word_1_425' title='bbox 3183 1991 3249 2043; x_wconf 89' lang='lat' dir='ltr'>ad</span> <span class='ocrx_word' id='word_1_426' title='bbox 3304 1989 3372 2042; x_wconf 69' lang='lat'>25</span> <span class='ocrx_word' id='word_1_427' title='bbox 3431 1989 3546 2043; x_wconf 83' lang='lat' dir='ltr'>dies</span> <span class='ocrx_word' id='word_1_428' title='bbox 3607 1991 3709 2042; x_wconf 83' lang='lat' dir='ltr'>ibi-</span> 
     </span>
    </p>
   </div>
   <div class='ocr_carea' id='block_1_65' title="bbox 2123 2079 3710 2149">
    <p class='ocr_par' dir='ltr' id='par_1_65' title="bbox 2123 2079 3710 2149">
     <span class='ocr_line' id='line_1_65' title="bbox 2123 2079 3710 2149; baseline 0 -15"><span class='ocrx_word' id='word_1_429' title='bbox 2123 2079 2244 2134; x_wconf 86' lang='lat' dir='ltr'>dem</span> <span class='ocrx_word' id='word_1_430' title='bbox 2278 2080 2592 2149; x_wconf 77' lang='lat' dir='ltr'>Mustaphas</span> <span class='ocrx_word' id='word_1_431' title='bbox 2630 2081 2806 2136; x_wconf 72' lang='lat' dir='ltr'>haesit.</span> <span class='ocrx_word' id='word_1_432' title='bbox 2850 2080 2980 2137; x_wconf 88' lang='lat' dir='ltr'>lude</span> <span class='ocrx_word' id='word_1_433' title='bbox 3018 2083 3297 2138; x_wconf 86' lang='lat' dir='ltr'>rediturus</span> <span class='ocrx_word' id='word_1_434' title='bbox 3349 2084 3710 2147; x_wconf 81' lang='lat' dir='ltr'>Atzeruiuen,</span> 
     </span>
    </p>
   </div>
   <div class='ocr_carea' id='block_1_66' title="bbox 2122 2177 3713 2245">
    <p class='ocr_par' dir='ltr' id='par_1_66' title="bbox 2122 2177 3713 2245">
     <span class='ocr_line' id='line_1_66' title="bbox 2122 2177 3713 2245; baseline 0.003 -18"><span class='ocrx_word' id='word_1_435' title='bbox 2122 2187 2382 2242; x_wconf 88' lang='lat' dir='ltr'>suprema</span> <span class='ocrx_word' id='word_1_436' title='bbox 2411 2190 2533 2229; x_wconf 91' lang='lat' dir='ltr'>cum</span> <span class='ocrx_word' id='word_1_437' title='bbox 2566 2184 2840 2245; x_wconf 84' lang='lat' dir='ltr'>potestate</span> <span class='ocrx_word' id='word_1_438' title='bbox 2871 2177 3067 2232; x_wconf 86' lang='lat' dir='ltr'>ducem</span> <span class='ocrx_word' id='word_1_439' title='bbox 3101 2178 3331 2231; x_wconf 89' lang='lat' dir='ltr'>limitum</span> <span class='ocrx_word' id='word_1_440' title='bbox 3391 2189 3443 2232; x_wconf 93' lang='lat' dir='ltr'>ct</span> <span class='ocrx_word' id='word_1_441' title='bbox 3495 2179 3673 2232; x_wconf 80' lang='lat' dir='ltr'>exerei</span> <span class='ocrx_word' id='word_1_442' title='bbox 3701 2208 3713 2216; x_wconf 73' lang='grc' dir='ltr'><strong>ο</strong></span> 
     </span>
    </p>
   </div>
   <div class='ocr_carea' id='block_1_67' title="bbox 2122 2267 3708 2339">
    <p class='ocr_par' dir='ltr' id='par_1_67' title="bbox 2122 2267 3708 2339">
     <span class='ocr_line' id='line_1_67' title="bbox 2122 2267 3708 2339; baseline 0.003 -21"><span class='ocrx_word' id='word_1_443' title='bbox 2122 2275 2276 2319; x_wconf 90' lang='lat' dir='ltr'>tuum</span> <span class='ocrx_word' id='word_1_444' title='bbox 2308 2267 2518 2332; x_wconf 68' lang='lat' dir='ltr'>Mediae,</span> <span class='ocrx_word' id='word_1_445' title='bbox 2551 2268 2899 2339; x_wconf 84' lang='lat' dir='ltr'>veziremque</span> <span class='ocrx_word' id='word_1_446' title='bbox 2948 2268 3121 2324; x_wconf 70' lang='lat' dir='ltr'>Porta:</span> <span class='ocrx_word' id='word_1_447' title='bbox 3170 2269 3377 2323; x_wconf 84' lang='lat' dir='ltr'>creavit</span> <span class='ocrx_word' id='word_1_448' title='bbox 3412 2269 3708 2324; x_wconf 88' lang='lat' dir='ltr'>Osmancm</span> 
     </span>
    </p>
   </div>
   <div class='ocr_carea' id='block_1_68' title="bbox 2123 2359 3712 2430">
    <p class='ocr_par' dir='ltr' id='par_1_68' title="bbox 2123 2359 3712 2430">
     <span class='ocr_line' id='line_1_68' title="bbox 2123 2359 3712 2430; baseline 0.003 -19"><span class='ocrx_word' id='word_1_449' title='bbox 2123 2359 2389 2424; x_wconf 85' lang='lat' dir='ltr'>bassain,</span> <span class='ocrx_word' id='word_1_450' title='bbox 2421 2360 2514 2429; x_wconf 89' lang='lat' dir='ltr'>qui</span> <span class='ocrx_word' id='word_1_451' title='bbox 2566 2369 2690 2430; x_wconf 84' lang='lat' dir='ltr'>post</span> <span class='ocrx_word' id='word_1_452' title='bbox 2753 2362 2918 2415; x_wconf 77' lang='lat' dir='ltr'>etiam</span> <span class='ocrx_word' id='word_1_453' title='bbox 2977 2362 3344 2417; x_wconf 80' lang='lat' dir='ltr'>vezirazenns</span> <span class='ocrx_word' id='word_1_454' title='bbox 3407 2361 3712 2417; x_wconf 75' lang='lat' dir='ltr'>Osmaniea:</span> 
     </span>
    </p>
   </div>
   <div class='ocr_carea' id='block_1_69' title="bbox 2123 2451 3709 2526">
    <p class='ocr_par' dir='ltr' id='par_1_69' title="bbox 2123 2451 3709 2526">
     <span class='ocr_line' id='line_1_69' title="bbox 2123 2451 3709 2526; baseline 0.003 -22"><span class='ocrx_word' id='word_1_455' title='bbox 2123 2451 2297 2505; x_wconf 78' lang='lat' dir='ltr'>Porta:</span> <span class='ocrx_word' id='word_1_456' title='bbox 2332 2452 2507 2507; x_wconf 80' lang='lat' dir='ltr'>factus</span> <span class='ocrx_word' id='word_1_457' title='bbox 2543 2463 2649 2518; x_wconf 88' lang='lat' dir='ltr'>est,</span> <span class='ocrx_word' id='word_1_458' title='bbox 2692 2455 2886 2511; x_wconf 86' lang='lat' dir='ltr'>relicto</span> <span class='ocrx_word' id='word_1_459' title='bbox 2934 2455 2984 2510; x_wconf 87' lang='lat' dir='ltr'>ei</span> <span class='ocrx_word' id='word_1_460' title='bbox 3028 2455 3163 2509; x_wconf 88' lang='lat' dir='ltr'>satis</span> <span class='ocrx_word' id='word_1_461' title='bbox 3232 2471 3432 2526; x_wconf 71' lang='lat' dir='ltr'>magno</span> <span class='ocrx_word' id='word_1_462' title='bbox 3485 2456 3709 2526; x_wconf 66' lang='lat' dir='ltr'>genita-</span> 
     </span>
    </p>
   </div>
   <div class='ocr_carea' id='block_1_70' title="bbox 2125 2546 3706 2616">
    <p class='ocr_par' dir='ltr' id='par_1_70' title="bbox 2125 2546 3706 2616">
     <span class='ocr_line' id='line_1_70' title="bbox 2125 2546 3706 2616; baseline 0.006 -21"><span class='ocrx_word' id='word_1_463' title='bbox 2125 2559 2311 2598; x_wconf 91' lang='lat' dir='ltr'>rorum</span> <span class='ocrx_word' id='word_1_464' title='bbox 2351 2546 2698 2616; x_wconf 87' lang='lat' dir='ltr'>aliorumque</span> <span class='ocrx_word' id='word_1_465' title='bbox 2755 2548 2992 2601; x_wconf 88' lang='lat' dir='ltr'>militum</span> <span class='ocrx_word' id='word_1_466' title='bbox 3055 2564 3328 2615; x_wconf 86' lang='lat' dir='ltr'>numero,</span> <span class='ocrx_word' id='word_1_467' title='bbox 3375 2565 3502 2604; x_wconf 89' lang='lat' dir='ltr'>cum</span> <span class='ocrx_word' id='word_1_468' title='bbox 3553 2550 3706 2604; x_wconf 79' lang='lat' dir='ltr'>sufﬁ-</span> 
     </span>
    </p>
   </div>
   <div class='ocr_carea' id='block_1_71' title="bbox 2123 2641 3709 2713">
    <p class='ocr_par' dir='ltr' id='par_1_71' title="bbox 2123 2641 3709 2713">
     <span class='ocr_line' id='line_1_71' title="bbox 2123 2641 3709 2713; baseline 0.004 -21"><span class='ocrx_word' id='word_1_469' title='bbox 2123 2642 2298 2692; x_wconf 76' lang='lat' dir='ltr'>ciente</span> <span class='ocrx_word' id='word_1_470' title='bbox 2333 2648 2729 2692; x_wconf 73' lang='lat' dir='ltr'>tormentorum</span> <span class='ocrx_word' id='word_1_471' title='bbox 2779 2641 3125 2708; x_wconf 74' lang='lat' dir='ltr'>be’licorutn,</span> <span class='ocrx_word' id='word_1_472' title='bbox 3185 2659 3477 2713; x_wconf 83' lang='lat' dir='ltr'>rerumque</span> <span class='ocrx_word' id='word_1_473' title='bbox 3525 2645 3589 2698; x_wconf 90' lang='lat' dir='ltr'>ad</span> <span class='ocrx_word' id='word_1_474' title='bbox 3644 2660 3709 2698; x_wconf 79' lang='lat' dir='ltr'>ra</span> 
     </span>
    </p>
   </div>
   <div class='ocr_carea' id='block_1_72' title="bbox 2126 2732 3711 2801">
    <p class='ocr_par' dir='ltr' id='par_1_72' title="bbox 2126 2732 3711 2801">
     <span class='ocr_line' id='line_1_72' title="bbox 2126 2732 3711 2801; baseline 0.005 -21"><span class='ocrx_word' id='word_1_475' title='bbox 2126 2732 2560 2794; x_wconf 70' lang='lat' dir='ltr'>necessariarum</span> <span class='ocrx_word' id='word_1_476' title='bbox 2595 2742 2648 2782; x_wconf 86' lang='lat' dir='ltr'>et</span> <span class='ocrx_word' id='word_1_477' title='bbox 2678 2747 2908 2785; x_wconf 65' lang='lat' dir='ltr'>annona!</span> <span class='ocrx_word' id='word_1_478' title='bbox 2938 2733 3118 2801; x_wconf 81' lang='lat' dir='ltr'>Copia.</span> <span class='ocrx_word' id='word_1_479' title='bbox 3171 2734 3386 2799; x_wconf 80' lang='lat' dir='ltr'>Quibus</span> <span class='ocrx_word' id='word_1_480' title='bbox 3452 2737 3711 2790; x_wconf 78' lang='lat' dir='ltr'>Omnibus</span> 
     </span>
    </p>
   </div>
   <div class='ocr_carea' id='block_1_73' title="bbox 2125 2825 3709 2898">
    <p class='ocr_par' dir='ltr' id='par_1_73' title="bbox 2125 2825 3709 2898">
     <span class='ocr_line' id='line_1_73' title="bbox 2125 2825 3709 2898; baseline 0.004 -22"><span class='ocrx_word' id='word_1_481' title='bbox 2125 2825 2198 2878; x_wconf 79' lang='lat' dir='ltr'>ita</span> <span class='ocrx_word' id='word_1_482' title='bbox 2237 2826 2576 2885; x_wconf 68' lang='lat' dir='ltr'>consituiis,</span> <span class='ocrx_word' id='word_1_483' title='bbox 2639 2843 2763 2880; x_wconf 85' lang='lat' dir='ltr'>cum</span> <span class='ocrx_word' id='word_1_484' title='bbox 2834 2827 3043 2897; x_wconf 84' lang='lat' dir='ltr'>reliquo</span> <span class='ocrx_word' id='word_1_485' title='bbox 3081 2828 3399 2898; x_wconf 58' lang='lat' dir='ltr'>Mustaphas</span> <span class='ocrx_word' id='word_1_486' title='bbox 3466 2830 3709 2884; x_wconf 80' lang='lat' dir='ltr'>exercitu</span> 
     </span>
    </p>
   </div>
   <div class='ocr_carea' id='block_1_74' title="bbox 2122 2917 3704 2987">
    <p class='ocr_par' dir='ltr' id='par_1_74' title="bbox 2122 2917 3704 2987">
     <span class='ocr_line' id='line_1_74' title="bbox 2122 2917 3704 2987; baseline 0.004 -21"><span class='ocrx_word' id='word_1_487' title='bbox 2122 2917 2456 2968; x_wconf 70' lang='lat' dir='ltr'>Arz~rnmen</span> <span class='ocrx_word' id='word_1_488' title='bbox 2495 2932 2549 2968; x_wconf 68' lang='lat' dir='ltr'>se</span> <span class='ocrx_word' id='word_1_489' title='bbox 2571 2918 2826 2980; x_wconf 85' lang='lat' dir='ltr'>enutnlit,</span> <span class='ocrx_word' id='word_1_490' title='bbox 2853 2918 3126 2972; x_wconf 64' lang='lat' dir='ltr'>Armeniae</span> <span class='ocrx_word' id='word_1_491' title='bbox 3155 2921 3376 2987; x_wconf 74' lang='lat' dir='ltr'>majoris</span> <span class='ocrx_word' id='word_1_492' title='bbox 3400 2921 3704 2985; x_wconf 83' lang='lat' dir='ltr'>civitatem,</span> 
     </span>
    </p>
   </div>
   <div class='ocr_carea' id='block_1_75' title="bbox 2120 3011 3709 3082">
    <p class='ocr_par' dir='ltr' id='par_1_75' title="bbox 2120 3011 3709 3082">
     <span class='ocr_line' id='line_1_75' title="bbox 2120 3011 3709 3082; baseline 0.006 -23"><span class='ocrx_word' id='word_1_493' title='bbox 2120 3025 2240 3075; x_wconf 61' lang='lat' dir='ltr'>quin</span> <span class='ocrx_word' id='word_1_494' title='bbox 2272 3025 2363 3062; x_wconf 54' lang='lat' dir='ltr'>su</span> <span class='ocrx_word' id='word_1_495' title='bbox 2396 3013 2608 3062; x_wconf 84' lang='lat' dir='ltr'>llll&#39;lltllt</span> <span class='ocrx_word' id='word_1_496' title='bbox 2669 3012 2862 3065; x_wconf 76' lang='lat' dir='ltr'>itinere</span> <span class='ocrx_word' id='word_1_497' title='bbox 2918 3011 3262 3081; x_wconf 78' lang='lat' dir='ltr'>Trapezurtte</span> <span class='ocrx_word' id='word_1_498' title='bbox 3314 3015 3499 3066; x_wconf 79' lang='lat' dir='ltr'>distat.</span> <span class='ocrx_word' id='word_1_499' title='bbox 3551 3013 3709 3082; x_wconf 83' lang='lat' dir='ltr'>Apud</span> 
     </span>
    </p>
   </div>
   <div class='ocr_carea' id='block_1_76' title="bbox 2063 3103 3709 3187">
    <p class='ocr_par' dir='ltr' id='par_1_76' title="bbox 2063 3103 3709 3187">
     <span class='ocr_line' id='line_1_76' title="bbox 2063 3103 3709 3187; baseline 0.005 -34"><span class='ocrx_word' id='word_1_500' title='bbox 2063 3166 2084 3187; x_wconf 34' lang='grc' dir='ltr'><strong>η</strong></span> <span class='ocrx_word' id='word_1_501' title='bbox 2123 3103 2460 3155; x_wconf 64' lang='lat' dir='ltr'>Auzernmen</span> <span class='ocrx_word' id='word_1_502' title='bbox 2486 3103 2625 3156; x_wconf 78' lang='lat' dir='ltr'>alius</span> <span class='ocrx_word' id='word_1_503' title='bbox 2655 3114 2738 3158; x_wconf 83' lang='lat' dir='ltr'>est</span> <span class='ocrx_word' id='word_1_504' title='bbox 2772 3105 3158 3176; x_wconf 66' lang='lat' dir='ltr'>bi-glet&#39;hegus,</span> <span class='ocrx_word' id='word_1_505' title='bbox 3221 3119 3276 3160; x_wconf 78' lang='lat' dir='ltr'>et</span> <span class='ocrx_word' id='word_1_506' title='bbox 3306 3108 3709 3175; x_wconf 72' lang='lat' dir='ltr'>ili-phlerdatus</span> 
     </span>
    </p>
   </div>
   <div class='ocr_carea' id='block_1_77' title="bbox 2123 3195 2696 3250">
    <p class='ocr_par' dir='ltr' id='par_1_77' title="bbox 2123 3195 2696 3250">
     <span class='ocr_line' id='line_1_77' title="bbox 2123 3195 2696 3250; baseline 0 -2"><span class='ocrx_word' id='word_1_507' title='bbox 2123 3196 2322 3248; x_wconf 69' lang='lat' dir='ltr'>subani</span> <span class='ocrx_word' id='word_1_508' title='bbox 2365 3195 2696 3250; x_wconf 61' lang='lat' dir='ltr'>Onuanidan</span> 
     </span>
    </p>
   </div>
   <div class='ocr_carea' id='block_1_78' title="bbox 2199 3287 3710 3362">
    <p class='ocr_par' dir='ltr' id='par_1_78' title="bbox 2199 3287 3710 3362">
     <span class='ocr_line' id='line_1_78' title="bbox 2199 3287 3710 3362; baseline 0.007 -24"><span class='ocrx_word' id='word_1_509' title='bbox 2199 3287 2562 3357; x_wconf 74' lang='lat' dir='ltr'>Posteaquam</span> <span class='ocrx_word' id='word_1_510' title='bbox 2646 3289 2755 3342; x_wconf 93' lang='lat' dir='ltr'>huc</span> <span class='ocrx_word' id='word_1_511' title='bbox 2808 3305 3064 3345; x_wconf 84' lang='lat' dir='ltr'>reversos</span> <span class='ocrx_word' id='word_1_512' title='bbox 3128 3291 3323 3344; x_wconf 61' lang='lat' dir='ltr'>ftllSs’tzl</span> <span class='ocrx_word' id='word_1_513' title='bbox 3393 3290 3710 3362; x_wconf 57' lang='lat' dir='ltr'>Mustuphas</span> 
     </span>
    </p>
   </div>
   <div class='ocr_carea' id='block_1_79' title="bbox 2125 3382 3708 3444">
    <p class='ocr_par' dir='ltr' id='par_1_79' title="bbox 2125 3382 3708 3444">
     <span class='ocr_line' id='line_1_79' title="bbox 2125 3382 3708 3444; baseline 0.003 -8"><span class='ocrx_word' id='word_1_514' title='bbox 2125 3384 2305 3444; x_wconf 68' lang='lat' dir='ltr'>ltassn,</span> <span class='ocrx_word' id='word_1_515' title='bbox 2351 3382 2720 3437; x_wconf 72' lang='lat' dir='ltr'>Muclteutetes</span> <span class='ocrx_word' id='word_1_516' title='bbox 2749 3400 2839 3438; x_wconf 78' lang='lat' dir='ltr'>rex</span> <span class='ocrx_word' id='word_1_517' title='bbox 2884 3384 3139 3439; x_wconf 86' lang='lat' dir='ltr'>Persicus</span> <span class='ocrx_word' id='word_1_518' title='bbox 3199 3401 3553 3441; x_wconf 64' lang='lat' dir='ltr'>Itum-&quot;rusum</span> <span class='ocrx_word' id='word_1_519' title='bbox 3601 3390 3708 3440; x_wconf 81' lang='lat' dir='ltr'>mi-</span> 
     </span>
    </p>
   </div>
   <div class='ocr_carea' id='block_1_80' title="bbox 2124 3476 3701 3539">
    <p class='ocr_par' dir='ltr' id='par_1_80' title="bbox 2124 3476 3701 3539">
     <span class='ocr_line' id='line_1_80' title="bbox 2124 3476 3701 3539; baseline 0.003 -12"><span class='ocrx_word' id='word_1_520' title='bbox 2124 3476 2527 3527; x_wconf 77' lang='lat' dir='ltr'>sitexereitum</span> <span class='ocrx_word' id='word_1_521' title='bbox 2580 3480 2844 3530; x_wconf 71' lang='lat' dir='ltr'>adversus</span> <span class='ocrx_word' id='word_1_522' title='bbox 2898 3476 3104 3539; x_wconf 81' lang='lat' dir='ltr'>hostes,</span> <span class='ocrx_word' id='word_1_523' title='bbox 3163 3479 3376 3529; x_wconf 71' lang='lat' dir='ltr'>Sin-nui</span> <span class='ocrx_word' id='word_1_524' title='bbox 3436 3480 3701 3534; x_wconf 84' lang='lat' dir='ltr'>relictos:</span> 
     </span>
    </p>
   </div>
   <div class='ocr_carea' id='block_1_81' title="bbox 2123 3569 3708 3637">
    <p class='ocr_par' dir='ltr' id='par_1_81' title="bbox 2123 3569 3708 3637">
     <span class='ocr_line' id='line_1_81' title="bbox 2123 3569 3708 3637; baseline 0.003 -17"><span class='ocrx_word' id='word_1_525' title='bbox 2123 3573 2324 3637; x_wconf 85' lang='lat' dir='ltr'>quibus</span> <span class='ocrx_word' id='word_1_526' title='bbox 2358 3574 2498 3621; x_wconf 82' lang='lat' dir='ltr'>utter</span> <span class='ocrx_word' id='word_1_527' title='bbox 2528 3586 2588 3621; x_wconf 80' lang='lat' dir='ltr'>se</span> <span class='ocrx_word' id='word_1_528' title='bbox 2622 3570 2810 3636; x_wconf 67' lang='lat' dir='ltr'>ptmlio</span> <span class='ocrx_word' id='word_1_529' title='bbox 2847 3569 3180 3637; x_wconf 75' lang='lat' dir='ltr'>congressis,</span> <span class='ocrx_word' id='word_1_530' title='bbox 3221 3573 3395 3625; x_wconf 85' lang='lat' dir='ltr'>\ietus</span> <span class='ocrx_word' id='word_1_531' title='bbox 3441 3571 3542 3625; x_wconf 66' lang='lat' dir='ltr'>fuit</span> <span class='ocrx_word' id='word_1_532' title='bbox 3591 3572 3708 3627; x_wconf 85' lang='lat' dir='ltr'>Sir—</span> 
     </span>
    </p>
   </div>
   <div class='ocr_carea' id='block_1_82' title="bbox 2126 3663 3705 3731">
    <p class='ocr_par' dir='ltr' id='par_1_82' title="bbox 2126 3663 3705 3731">
     <span class='ocr_line' id='line_1_82' title="bbox 2126 3663 3705 3731; baseline 0.006 -21"><span class='ocrx_word' id='word_1_533' title='bbox 2126 3663 2379 3716; x_wconf 79' lang='lat' dir='ltr'>vanensis</span> <span class='ocrx_word' id='word_1_534' title='bbox 2403 3663 2779 3730; x_wconf 71' lang='lat' dir='ltr'>heglerbcgns,</span> <span class='ocrx_word' id='word_1_535' title='bbox 2805 3677 3070 3731; x_wconf 85' lang='lat' dir='ltr'>omnique</span> <span class='ocrx_word' id='word_1_536' title='bbox 3095 3679 3216 3716; x_wconf 89' lang='lat' dir='ltr'>cum</span> <span class='ocrx_word' id='word_1_537' title='bbox 3244 3665 3484 3718; x_wconf 79' lang='lat' dir='ltr'>exercitu</span> <span class='ocrx_word' id='word_1_538' title='bbox 3513 3680 3705 3719; x_wconf 73' lang='lat' dir='ltr'>exesus.</span> 
     </span>
    </p>
   </div>
   <div class='ocr_carea' id='block_1_83' title="bbox 2123 3754 3710 3828">
    <p class='ocr_par' dir='ltr' id='par_1_83' title="bbox 2123 3754 3710 3828">
     <span class='ocr_line' id='line_1_83' title="bbox 2123 3754 3710 3828; baseline 0.003 -20"><span class='ocrx_word' id='word_1_539' title='bbox 2123 3754 2285 3808; x_wconf 79' lang='lat' dir='ltr'>Persa</span> <span class='ocrx_word' id='word_1_540' title='bbox 2318 3765 2423 3808; x_wconf 87' lang='lat' dir='ltr'>tam</span> <span class='ocrx_word' id='word_1_541' title='bbox 2458 3757 2656 3824; x_wconf 79' lang='lat' dir='ltr'>insigni</span> <span class='ocrx_word' id='word_1_542' title='bbox 2690 3758 2896 3824; x_wconf 83' lang='lat' dir='ltr'>potitus</span> <span class='ocrx_word' id='word_1_543' title='bbox 2921 3757 3173 3818; x_wconf 81' lang='lat' dir='ltr'>victoria,</span> <span class='ocrx_word' id='word_1_544' title='bbox 3207 3758 3710 3828; x_wconf 75' lang='lat' dir='ltr'>triutnphabundus</span> 
     </span>
    </p>
   </div>
   <div class='ocr_carea' id='block_1_84' title="bbox 2122 3847 3710 3921">
    <p class='ocr_par' dir='ltr' id='par_1_84' title="bbox 2122 3847 3710 3921">
     <span class='ocr_line' id='line_1_84' title="bbox 2122 3847 3710 3921; baseline 0.003 -22"><span class='ocrx_word' id='word_1_545' title='bbox 2122 3849 2186 3899; x_wconf 73' lang='lat' dir='ltr'>ad</span> <span class='ocrx_word' id='word_1_546' title='bbox 2219 3847 2496 3900; x_wconf 80' lang='lat' dir='ltr'>civitatem</span> <span class='ocrx_word' id='word_1_547' title='bbox 2537 3847 2834 3900; x_wconf 88' lang='lat' dir='ltr'>Sirvattuut</span> <span class='ocrx_word' id='word_1_548' title='bbox 2867 3859 3140 3917; x_wconf 86' lang='lat' dir='ltr'>properat,</span> <span class='ocrx_word' id='word_1_549' title='bbox 3195 3865 3432 3921; x_wconf 83' lang='lat' dir='ltr'>eamque</span> <span class='ocrx_word' id='word_1_550' title='bbox 3487 3851 3710 3921; x_wconf 57' lang='lat' dir='ltr'>paucis-</span> 
     </span>
    </p>
   </div>
   <div class='ocr_carea' id='block_1_85' title="bbox 2121 3938 3709 4010">
    <p class='ocr_par' dir='ltr' id='par_1_85' title="bbox 2121 3938 3709 4010">
     <span class='ocr_line' id='line_1_85' title="bbox 2121 3938 3709 4010; baseline 0.003 -18"><span class='ocrx_word' id='word_1_551' title='bbox 2121 3938 2276 3992; x_wconf 82' lang='lat' dir='ltr'>simis</span> <span class='ocrx_word' id='word_1_552' title='bbox 2323 3940 2518 3993; x_wconf 83' lang='lat' dir='ltr'>diebus</span> <span class='ocrx_word' id='word_1_553' title='bbox 2567 3940 2849 3994; x_wconf 89' lang='lat' dir='ltr'>obsessam</span> <span class='ocrx_word' id='word_1_554' title='bbox 2910 3950 3215 4010; x_wconf 86' lang='lat' dir='ltr'>recuperat.</span> <span class='ocrx_word' id='word_1_555' title='bbox 3260 3939 3463 3997; x_wconf 85' lang='lat' dir='ltr'>Osman</span> <span class='ocrx_word' id='word_1_556' title='bbox 3524 3944 3709 4010; x_wconf 83' lang='lat' dir='ltr'>bassa,</span> 
     </span>
    </p>
   </div>
   <div class='ocr_carea' id='block_1_86' title="bbox 2121 4032 3705 4105">
    <p class='ocr_par' dir='ltr' id='par_1_86' title="bbox 2121 4032 3705 4105">
     <span class='ocr_line' id='line_1_86' title="bbox 2121 4032 3705 4105; baseline 0.006 -23"><span class='ocrx_word' id='word_1_557' title='bbox 2121 4032 2212 4099; x_wconf 92' lang='lat' dir='ltr'>qui</span> <span class='ocrx_word' id='word_1_558' title='bbox 2242 4042 2369 4084; x_wconf 87' lang='lat' dir='ltr'>ante</span> <span class='ocrx_word' id='word_1_559' title='bbox 2391 4034 2636 4100; x_wconf 66' lang='lat' dir='ltr'>pra-hum</span> <span class='ocrx_word' id='word_1_560' title='bbox 2669 4034 2771 4087; x_wconf 73' lang='lat' dir='ltr'>hoc</span> <span class='ocrx_word' id='word_1_561' title='bbox 2807 4035 2871 4087; x_wconf 86' lang='lat' dir='ltr'>ad</span> <span class='ocrx_word' id='word_1_562' title='bbox 2900 4034 3087 4087; x_wconf 87' lang='lat' dir='ltr'>urbem</span> <span class='ocrx_word' id='word_1_563' title='bbox 3125 4044 3266 4100; x_wconf 85' lang='lat' dir='ltr'>erat,</span> <span class='ocrx_word' id='word_1_564' title='bbox 3297 4051 3423 4089; x_wconf 91' lang='lat' dir='ltr'>cum</span> <span class='ocrx_word' id='word_1_565' title='bbox 3468 4038 3705 4105; x_wconf 87' lang='lat' dir='ltr'>primum</span> 
     </span>
    </p>
   </div>
   <div class='ocr_carea' id='block_1_87' title="bbox 2121 4125 3708 4196">
    <p class='ocr_par' dir='ltr' id='par_1_87' title="bbox 2121 4125 3708 4196">
     <span class='ocr_line' id='line_1_87' title="bbox 2121 4125 3708 4196; baseline 0.002 -18"><span class='ocrx_word' id='word_1_566' title='bbox 2121 4127 2187 4178; x_wconf 88' lang='lat' dir='ltr'>de</span> <span class='ocrx_word' id='word_1_567' title='bbox 2223 4139 2397 4177; x_wconf 85' lang='lat' dir='ltr'>moi-te</span> <span class='ocrx_word' id='word_1_568' title='bbox 2439 4125 2747 4196; x_wconf 61' lang='grc' dir='ltr'>ιιι-ίςῐιϊιιρὸί</span> <span class='ocrx_word' id='word_1_569' title='bbox 2805 4137 2858 4178; x_wconf 87' lang='lat' dir='ltr'>et</span> <span class='ocrx_word' id='word_1_570' title='bbox 2924 4127 3205 4180; x_wconf 86' lang='lat' dir='ltr'>exercitus</span> <span class='ocrx_word' id='word_1_571' title='bbox 3237 4127 3393 4182; x_wconf 86' lang='lat' dir='ltr'>clade</span> <span class='ocrx_word' id='word_1_572' title='bbox 3449 4129 3708 4182; x_wconf 89' lang='lat' dir='ltr'>nuntium</span> 
     </span>
    </p>
   </div>
   <div class='ocr_carea' id='block_1_88' title="bbox 2120 4218 3707 4287">
    <p class='ocr_par' dir='ltr' id='par_1_88' title="bbox 2120 4218 3707 4287">
     <span class='ocr_line' id='line_1_88' title="bbox 2120 4218 3707 4287; baseline 0.003 -16"><span class='ocrx_word' id='word_1_573' title='bbox 2120 4222 2367 4285; x_wconf 77' lang='lat' dir='ltr'>aeri-pit;</span> <span class='ocrx_word' id='word_1_574' title='bbox 2410 4218 2552 4281; x_wconf 86' lang='lat' dir='ltr'>quod</span> <span class='ocrx_word' id='word_1_575' title='bbox 2579 4219 2689 4287; x_wconf 81' lang='lat' dir='ltr'>jam</span> <span class='ocrx_word' id='word_1_576' title='bbox 2719 4235 2824 4286; x_wconf 70' lang='lat' dir='ltr'>prae</span> <span class='ocrx_word' id='word_1_577' title='bbox 2872 4221 3050 4273; x_wconf 90' lang='lat' dir='ltr'>oculis</span> <span class='ocrx_word' id='word_1_578' title='bbox 3097 4220 3443 4276; x_wconf 82' lang='lat' dir='ltr'>obsidionem</span> <span class='ocrx_word' id='word_1_579' title='bbox 3488 4222 3707 4276; x_wconf 75' lang='lat' dir='ltr'>Sit-vani</span> 
     </span>
    </p>
   </div>
   <div class='ocr_carea' id='block_1_89' title="bbox 2121 4312 3704 4383">
    <p class='ocr_par' dir='ltr' id='par_1_89' title="bbox 2121 4312 3704 4383">
     <span class='ocr_line' id='line_1_89' title="bbox 2121 4312 3704 4383; baseline 0.004 -20"><span class='ocrx_word' id='word_1_580' title='bbox 2121 4327 2387 4378; x_wconf 48' lang='lat' dir='ltr'>sumitque</span> <span class='ocrx_word' id='word_1_581' title='bbox 2446 4314 2653 4364; x_wconf 70' lang='lat' dir='ltr'>videret</span> <span class='ocrx_word' id='word_1_582' title='bbox 2707 4312 3008 4374; x_wconf 87' lang='lat' dir='ltr'>interitum,</span> <span class='ocrx_word' id='word_1_583' title='bbox 3073 4325 3231 4366; x_wconf 87' lang='lat' dir='ltr'>nocte</span> <span class='ocrx_word' id='word_1_584' title='bbox 3288 4318 3524 4383; x_wconf 87' lang='lat' dir='ltr'>quadam</span> <span class='ocrx_word' id='word_1_585' title='bbox 3581 4333 3704 4370; x_wconf 78' lang='lat' dir='ltr'>tum</span> 
     </span>
    </p>
   </div>
   <div class='ocr_carea' id='block_1_90' title="bbox 2120 4404 3706 4476">
    <p class='ocr_par' dir='ltr' id='par_1_90' title="bbox 2120 4404 3706 4476">
     <span class='ocr_line' id='line_1_90' title="bbox 2120 4404 3706 4476; baseline 0.005 -22"><span class='ocrx_word' id='word_1_586' title='bbox 2120 4405 2310 4470; x_wconf 87' lang='lat' dir='ltr'>paucis</span> <span class='ocrx_word' id='word_1_587' title='bbox 2339 4420 2565 4455; x_wconf 74' lang='lat' dir='ltr'>sum-uin</span> <span class='ocrx_word' id='word_1_588' title='bbox 2605 4419 2797 4458; x_wconf 79' lang='lat' dir='ltr'>versus</span> <span class='ocrx_word' id='word_1_589' title='bbox 2842 4404 3233 4475; x_wconf 82' lang='lat' dir='ltr'>TetniiCapim,</span> <span class='ocrx_word' id='word_1_590' title='bbox 3276 4409 3378 4461; x_wconf 88' lang='lat' dir='ltr'>hoc</span> <span class='ocrx_word' id='word_1_591' title='bbox 3428 4419 3533 4476; x_wconf 81' lang='lat' dir='ltr'>est,</span> <span class='ocrx_word' id='word_1_592' title='bbox 3575 4410 3706 4466; x_wconf 81' lang='lat' dir='ltr'>Por-</span> 
     </span>
    </p>
   </div>
   <div class='ocr_carea' id='block_1_91' title="bbox 426 4497 3705 4573">
    <p class='ocr_par' dir='ltr' id='par_1_91' title="bbox 426 4497 3705 4573">
     <span class='ocr_line' id='line_1_91' title="bbox 426 4497 3705 4573; baseline 0 -15"><span class='ocrx_word' id='word_1_593' title='bbox 426 4505 477 4558; x_wconf 90' lang='lat' dir='ltr'>id</span> <span class='ocrx_word' id='word_1_594' title='bbox 507 4504 554 4558; x_wconf 89' lang='lat' dir='ltr'>ei</span> <span class='ocrx_word' id='word_1_595' title='bbox 583 4501 930 4573; x_wconf 82' lang='lat' dir='ltr'>propinatum</span> <span class='ocrx_word' id='word_1_596' title='bbox 961 4500 1136 4555; x_wconf 81' lang='lat' dir='ltr'>fuisse</span> <span class='ocrx_word' id='word_1_597' title='bbox 1153 4499 1634 4568; x_wconf 78' lang='lat' dir='ltr'>ConstantinOpoli</span> <span class='ocrx_word' id='word_1_598' title='bbox 1700 4517 1727 4552; x_wconf 88' lang='lat' dir='ltr'>a</span> <span class='ocrx_word' id='word_1_599' title='bbox 1768 4501 1966 4558; x_wconf 79' lang='lat' dir='ltr'>Ttttcis</span> <span class='ocrx_word' id='word_1_600' title='bbox 1994 4551 2006 4571; x_wconf 82' lang='grc'><em>,</em></span> <span class='ocrx_word' id='word_1_601' title='bbox 2043 4512 2091 4571; x_wconf 82' lang='lat' dir='ltr'><strong>n</strong></span> <span class='ocrx_word' id='word_1_602' title='bbox 2122 4507 2228 4549; x_wconf 75' lang='lat' dir='ltr'>tam</span> <span class='ocrx_word' id='word_1_603' title='bbox 2266 4499 2298 4548; x_wconf 70' lang='grc' dir='ltr'><strong>[ς</strong></span> <span class='ocrx_word' id='word_1_604' title='bbox 2323 4513 2526 4560; x_wconf 87' lang='lat' dir='ltr'>rrcatn,</span> <span class='ocrx_word' id='word_1_605' title='bbox 2567 4498 2682 4551; x_wconf 81' lang='lat' dir='ltr'>sive</span> <span class='ocrx_word' id='word_1_606' title='bbox 2725 4497 3089 4563; x_wconf 72' lang='lat' dir='ltr'>Dei-bentuni,</span> <span class='ocrx_word' id='word_1_607' title='bbox 3156 4500 3389 4571; x_wconf 73' lang='lat' dir='ltr'>aufugit.</span> <span class='ocrx_word' id='word_1_608' title='bbox 3429 4501 3485 4556; x_wconf 92' lang='lat' dir='ltr'>ld</span> <span class='ocrx_word' id='word_1_609' title='bbox 3542 4504 3705 4559; x_wconf 88' lang='lat' dir='ltr'>situm</span> 
     </span>
    </p>
   </div>
   <div class='ocr_carea' id='block_1_92' title="bbox 423 4593 2009 4664">
    <p class='ocr_par' dir='ltr' id='par_1_92' title="bbox 423 4593 2009 4664">
     <span class='ocr_line' id='line_1_92' title="bbox 423 4593 2009 4664; baseline 0.005 -20"><span class='ocrx_word' id='word_1_610' title='bbox 423 4608 540 4650; x_wconf 74' lang='lat' dir='ltr'>arte</span> <span class='ocrx_word' id='word_1_611' title='bbox 567 4595 657 4648; x_wconf 87' lang='lat' dir='ltr'>tali</span> <span class='ocrx_word' id='word_1_612' title='bbox 692 4602 960 4664; x_wconf 64' lang='lat' dir='ltr'>paratum.</span> <span class='ocrx_word' id='word_1_613' title='bbox 991 4602 1051 4648; x_wconf 87' lang='lat' dir='ltr'>ut</span> <span class='ocrx_word' id='word_1_614' title='bbox 1102 4593 1171 4646; x_wconf 87' lang='lat' dir='ltr'>ad</span> <span class='ocrx_word' id='word_1_615' title='bbox 1199 4605 1416 4646; x_wconf 79' lang='lat' dir='ltr'>certum</span> <span class='ocrx_word' id='word_1_616' title='bbox 1465 4595 1765 4646; x_wconf 87' lang='lat' dir='ltr'>terminum</span> <span class='ocrx_word' id='word_1_617' title='bbox 1817 4606 2009 4662; x_wconf 80' lang='lat' dir='ltr'>pauta-</span> 
     </span>
    </p>
   </div>
   <div class='ocr_carea' id='block_1_93' title="bbox 425 4686 1258 4757">
    <p class='ocr_par' dir='ltr' id='par_1_93' title="bbox 425 4686 1258 4757">
     <span class='ocr_line' id='line_1_93' title="bbox 425 4686 1258 4757; baseline -0.006 -13"><span class='ocrx_word' id='word_1_618' title='bbox 425 4693 522 4744; x_wconf 88' lang='lat' dir='ltr'>tim</span> <span class='ocrx_word' id='word_1_619' title='bbox 556 4688 834 4744; x_wconf 87' lang='lat' dir='ltr'>hominem</span> <span class='ocrx_word' id='word_1_620' title='bbox 859 4686 1258 4757; x_wconf 78' lang='lat' dir='ltr'>exstingueret.</span> 
     </span>
    </p>
   </div>
   <div class='ocr_carea' id='block_1_94' title="bbox 494 4781 2014 4851">
    <p class='ocr_par' dir='ltr' id='par_1_94' title="bbox 494 4781 2014 4851">
     <span class='ocr_line' id='line_1_94' title="bbox 494 4781 2014 4851; baseline 0.001 -16"><span class='ocrx_word' id='word_1_621' title='bbox 494 4784 574 4836; x_wconf 77' lang='lat' dir='ltr'>Ad</span> <span class='ocrx_word' id='word_1_622' title='bbox 604 4781 947 4851; x_wconf 79' lang='lat' dir='ltr'>Mustapham</span> <span class='ocrx_word' id='word_1_623' title='bbox 979 4795 1108 4834; x_wconf 88' lang='lat' dir='ltr'>vero</span> <span class='ocrx_word' id='word_1_624' title='bbox 1137 4781 1355 4834; x_wconf 81' lang='lat' dir='ltr'>bassam</span> <span class='ocrx_word' id='word_1_625' title='bbox 1388 4789 1448 4832; x_wconf 90' lang='lat' dir='ltr'>ut</span> <span class='ocrx_word' id='word_1_626' title='bbox 1489 4781 1803 4843; x_wconf 85' lang='lat' dir='ltr'>redeamus,</span> <span class='ocrx_word' id='word_1_627' title='bbox 1837 4784 1934 4834; x_wconf 76' lang='lat' dir='ltr'>iter</span> <span class='ocrx_word' id='word_1_628' title='bbox 1970 4783 2014 4836; x_wconf 85' lang='lat' dir='ltr'>is</span> 
     </span>
    </p>
   </div>
   <div class='ocr_carea' id='block_1_95' title="bbox 426 4872 2018 4941">
    <p class='ocr_par' dir='ltr' id='par_1_95' title="bbox 426 4872 2018 4941">
     <span class='ocr_line' id='line_1_95' title="bbox 426 4872 2018 4941; baseline -0.003 -12"><span class='ocrx_word' id='word_1_629' title='bbox 426 4888 594 4929; x_wconf 85' lang='lat' dir='ltr'>suum</span> <span class='ocrx_word' id='word_1_630' title='bbox 615 4885 672 4928; x_wconf 87' lang='lat' dir='ltr'>et</span> <span class='ocrx_word' id='word_1_631' title='bbox 694 4873 1099 4941; x_wconf 75' lang='lat' dir='ltr'>expeditionem</span> <span class='ocrx_word' id='word_1_632' title='bbox 1126 4885 1490 4940; x_wconf 77' lang='lat' dir='ltr'>prosequens,</span> <span class='ocrx_word' id='word_1_633' title='bbox 1517 4880 1642 4938; x_wconf 88' lang='lat' dir='ltr'>post</span> <span class='ocrx_word' id='word_1_634' title='bbox 1672 4872 1856 4924; x_wconf 85' lang='lat' dir='ltr'>varios</span> <span class='ocrx_word' id='word_1_635' title='bbox 1884 4888 2018 4925; x_wconf 84' lang='lat' dir='ltr'>eon-</span> 
     </span>
    </p>
   </div>
   <div class='ocr_carea' id='block_1_96' title="bbox 426 4961 2011 5035">
    <p class='ocr_par' dir='ltr' id='par_1_96' title="bbox 426 4961 2011 5035">
     <span class='ocr_line' id='line_1_96' title="bbox 426 4961 2011 5035; baseline -0.003 -13"><span class='ocrx_word' id='word_1_636' title='bbox 426 4966 608 5022; x_wconf 78' lang='lat' dir='ltr'>ﬂictus</span> <span class='ocrx_word' id='word_1_637' title='bbox 640 4975 694 5018; x_wconf 81' lang='lat' dir='ltr'>et</span> <span class='ocrx_word' id='word_1_638' title='bbox 725 4979 953 5035; x_wconf 73' lang='lat' dir='ltr'>pugnas,</span> <span class='ocrx_word' id='word_1_639' title='bbox 985 4961 1376 5034; x_wconf 72' lang='lat' dir='ltr'>370&#39;quibus</span> <span class='ocrx_word' id='word_1_640' title='bbox 1425 4963 1586 5018; x_wconf 87' lang='lat' dir='ltr'>modo</span> <span class='ocrx_word' id='word_1_641' title='bbox 1644 4979 1768 5018; x_wconf 88' lang='lat' dir='ltr'>cum</span> <span class='ocrx_word' id='word_1_642' title='bbox 1809 4963 2011 5024; x_wconf 56' lang='lat' dir='ltr'>Persis.</span> 
     </span>
    </p>
   </div>
   <div class='ocr_carea' id='block_1_97' title="bbox 425 5053 2010 5124">
    <p class='ocr_par' dir='ltr' id='par_1_97' title="bbox 425 5053 2010 5124">
     <span class='ocr_line' id='line_1_97' title="bbox 425 5053 2010 5124; baseline -0.004 -12"><span class='ocrx_word' id='word_1_643' title='bbox 425 5059 592 5114; x_wconf 90' lang='lat' dir='ltr'>modo</span> <span class='ocrx_word' id='word_1_644' title='bbox 617 5065 742 5109; x_wconf 82' lang='lat' dir='ltr'>etim</span> <span class='ocrx_word' id='word_1_645' title='bbox 795 5053 1144 5122; x_wconf 63' lang='lat' dir='ltr'>Georgianis,</span> <span class='ocrx_word' id='word_1_646' title='bbox 1208 5054 1409 5121; x_wconf 63' lang='lat' dir='ltr'>insigni</span> <span class='ocrx_word' id='word_1_647' title='bbox 1465 5056 1744 5108; x_wconf 73' lang='lat' dir='ltr'>exercitus</span> <span class='ocrx_word' id='word_1_648' title='bbox 1795 5055 2010 5124; x_wconf 73' lang='lat' dir='ltr'>jactura</span> 
     </span>
    </p>
   </div>
   <div class='ocr_carea' id='block_1_98' title="bbox 423 5146 2014 5220">
    <p class='ocr_par' dir='ltr' id='par_1_98' title="bbox 423 5146 2014 5220">
     <span class='ocr_line' id='line_1_98' title="bbox 423 5146 2014 5220; baseline -0.002 -17"><span class='ocrx_word' id='word_1_649' title='bbox 423 5162 757 5220; x_wconf 79' lang='lat' dir='ltr'>congressus</span> <span class='ocrx_word' id='word_1_650' title='bbox 791 5147 1126 5213; x_wconf 79' lang='lat' dir='ltr'>l‘nit(mense</span> <span class='ocrx_word' id='word_1_651' title='bbox 1148 5146 1368 5214; x_wconf 85' lang='lat' dir='ltr'>quidem</span> <span class='ocrx_word' id='word_1_652' title='bbox 1394 5148 1640 5214; x_wconf 72' lang='lat' dir='ltr'>Augusto</span> <span class='ocrx_word' id='word_1_653' title='bbox 1681 5147 1843 5216; x_wconf 88' lang='lat' dir='ltr'>primi</span> <span class='ocrx_word' id='word_1_654' title='bbox 1900 5159 2014 5201; x_wconf 86' lang='lat' dir='ltr'>sta-</span> 
     </span>
    </p>
   </div>
   <div class='ocr_carea' id='block_1_99' title="bbox 424 5237 2008 5304">
    <p class='ocr_par' dir='ltr' id='par_1_99' title="bbox 424 5237 2008 5304">
     <span class='ocr_line' id='line_1_99' title="bbox 424 5237 2008 5304; baseline -0.003 -7"><span class='ocrx_word' id='word_1_655' title='bbox 424 5245 523 5297; x_wconf 87' lang='lat' dir='ltr'>tim</span> <span class='ocrx_word' id='word_1_656' title='bbox 558 5242 711 5304; x_wconf 86' lang='lat' dir='ltr'>anni,</span> <span class='ocrx_word' id='word_1_657' title='bbox 763 5238 1060 5294; x_wconf 76' lang='lat' dir='ltr'>Tocmaci-s</span> <span class='ocrx_word' id='word_1_658' title='bbox 1112 5237 1387 5302; x_wconf 87' lang='lat' dir='ltr'>sultanns,</span> <span class='ocrx_word' id='word_1_659' title='bbox 1453 5237 1657 5292; x_wconf 69' lang='lat' dir='ltr'>ltevani</span> <span class='ocrx_word' id='word_1_660' title='bbox 1714 5239 2008 5304; x_wconf 83' lang='lat' dir='ltr'>domitius,</span> 
     </span>
    </p>
   </div>
   <div class='ocr_carea' id='block_1_100' title="bbox 425 5319 2006 5408">
    <p class='ocr_par' dir='ltr' id='par_1_100' title="bbox 425 5319 2006 5408">
     <span class='ocr_line' id='line_1_100' title="bbox 425 5319 2006 5408; baseline -0.003 -18"><span class='ocrx_word' id='word_1_661' title='bbox 425 5339 520 5408; x_wconf 84' lang='lat' dir='ltr'>qui</span> <span class='ocrx_word' id='word_1_662' title='bbox 545 5337 746 5392; x_wconf 74' lang='lat' dir='ltr'>seat-bo</span> <span class='ocrx_word' id='word_1_663' title='bbox 783 5319 1112 5388; x_wconf 70' lang='lat' dir='ltr'>Muclietiteti</span> <span class='ocrx_word' id='word_1_664' title='bbox 1160 5331 1458 5391; x_wconf 75' lang='lat' dir='ltr'>militabat,</span> <span class='ocrx_word' id='word_1_665' title='bbox 1495 5347 1604 5385; x_wconf 89' lang='lat' dir='ltr'>uno</span> <span class='ocrx_word' id='word_1_666' title='bbox 1650 5332 1840 5400; x_wconf 79' lang='lat' dir='ltr'>prtelio</span> <span class='ocrx_word' id='word_1_667' title='bbox 1867 5331 2006 5385; x_wconf 86' lang='lat' dir='ltr'>Tur-</span> 
     </span>
    </p>
   </div>
   <div class='ocr_carea' id='block_1_101' title="bbox 425 5423 2006 5495">
    <p class='ocr_par' dir='ltr' id='par_1_101' title="bbox 425 5423 2006 5495">
     <span class='ocr_line' id='line_1_101' title="bbox 425 5423 2006 5495; baseline -0.006 -8"><span class='ocrx_word' id='word_1_668' title='bbox 425 5425 616 5486; x_wconf 83' lang='lat' dir='ltr'>cornm</span> <span class='ocrx_word' id='word_1_669' title='bbox 647 5424 822 5480; x_wconf 73' lang='grc'>15000</span> <span class='ocrx_word' id='word_1_670' title='bbox 849 5423 1093 5495; x_wconf 85' lang='lat' dir='ltr'>cecidit).</span> <span class='ocrx_word' id='word_1_671' title='bbox 1127 5423 1342 5477; x_wconf 87' lang='lat' dir='ltr'>tandem</span> <span class='ocrx_word' id='word_1_672' title='bbox 1381 5424 1706 5491; x_wconf 81' lang='lat' dir='ltr'>Tipblisium</span> <span class='ocrx_word' id='word_1_673' title='bbox 1754 5428 1896 5492; x_wconf 82' lang='lat' dir='ltr'>cepit</span> <span class='ocrx_word' id='word_1_674' title='bbox 1954 5428 2006 5478; x_wconf 89' lang='lat' dir='ltr'>in</span> 
     </span>
    </p>
   </div>
   <div class='ocr_carea' id='block_1_102' title="bbox 425 5516 2007 5592">
    <p class='ocr_par' dir='ltr' id='par_1_102' title="bbox 425 5516 2007 5592">
     <span class='ocr_line' id='line_1_102' title="bbox 425 5516 2007 5592; baseline -0.006 -13"><span class='ocrx_word' id='word_1_675' title='bbox 425 5525 648 5592; x_wconf 72' lang='lat' dir='ltr'>regimie</span> <span class='ocrx_word' id='word_1_676' title='bbox 673 5518 1135 5586; x_wconf 78' lang='lat' dir='ltr'>Georgianorum,</span> <span class='ocrx_word' id='word_1_677' title='bbox 1163 5517 1436 5570; x_wconf 84' lang='lat' dir='ltr'>civuatem</span> <span class='ocrx_word' id='word_1_678' title='bbox 1476 5516 1764 5568; x_wconf 69' lang='lat' dir='ltr'>ﬁnitimam</span> <span class='ocrx_word' id='word_1_679' title='bbox 1814 5517 2007 5570; x_wconf 87' lang='lat' dir='ltr'>ditioui</span> 
     </span>
    </p>
   </div>
   <div class='ocr_carea' id='block_1_103' title="bbox 426 5605 2010 5688">
    <p class='ocr_par' dir='ltr' id='par_1_103' title="bbox 426 5605 2010 5688">
     <span class='ocr_line' id='line_1_103' title="bbox 426 5605 2010 5688; baseline -0.006 -21"><span class='ocrx_word' id='word_1_680' title='bbox 426 5611 693 5688; x_wconf 80' lang='lat' dir='ltr'>principis</span> <span class='ocrx_word' id='word_1_681' title='bbox 733 5608 976 5666; x_wconf 79' lang='lat' dir='ltr'>Simonis</span> <span class='ocrx_word' id='word_1_682' title='bbox 1035 5619 1088 5661; x_wconf 82' lang='lat' dir='ltr'>et</span> <span class='ocrx_word' id='word_1_683' title='bbox 1143 5607 1401 5660; x_wconf 79' lang='lat' dir='ltr'>Leventis</span> <span class='ocrx_word' id='word_1_684' title='bbox 1435 5607 1577 5675; x_wconf 67' lang='lat' dir='ltr'>begi,</span> <span class='ocrx_word' id='word_1_685' title='bbox 1631 5607 1724 5675; x_wconf 86' lang='lat' dir='ltr'>qui</span> <span class='ocrx_word' id='word_1_686' title='bbox 1781 5617 1833 5660; x_wconf 91' lang='lat' dir='ltr'>ct</span> <span class='ocrx_word' id='word_1_687' title='bbox 1893 5605 2010 5675; x_wconf 75' lang='lat' dir='ltr'>ipse</span> 
     </span>
    </p>
   </div>
   <div class='ocr_carea' id='block_1_104' title="bbox 425 5701 2009 5779">
    <p class='ocr_par' dir='ltr' id='par_1_104' title="bbox 425 5701 2009 5779">
     <span class='ocr_line' id='line_1_104' title="bbox 425 5701 2009 5779; baseline -0.006 -17"><span class='ocrx_word' id='word_1_688' title='bbox 425 5714 680 5779; x_wconf 77' lang='lat' dir='ltr'>princeps</span> <span class='ocrx_word' id='word_1_689' title='bbox 712 5704 1054 5773; x_wconf 74' lang='lat' dir='ltr'>Georgianus</span> <span class='ocrx_word' id='word_1_690' title='bbox 1080 5711 1182 5756; x_wconf 83' lang='lat' dir='ltr'>est.</span> <span class='ocrx_word' id='word_1_691' title='bbox 1220 5702 1428 5756; x_wconf 74' lang='lat' dir='ltr'>Accidit</span> <span class='ocrx_word' id='word_1_692' title='bbox 1489 5704 1593 5755; x_wconf 90' lang='lat' dir='ltr'>hoc</span> <span class='ocrx_word' id='word_1_693' title='bbox 1625 5717 1768 5754; x_wconf 85' lang='lat' dir='ltr'>anno</span> <span class='ocrx_word' id='word_1_694' title='bbox 1822 5701 2009 5754; x_wconf 78' lang='lat' dir='ltr'>Matiu-</span> 
     </span>
    </p>
   </div>
   <div class='ocr_carea' id='block_1_105' title="bbox 427 5794 1762 5868">
    <p class='ocr_par' dir='ltr' id='par_1_105' title="bbox 427 5794 1762 5868">
     <span class='ocr_line' id='line_1_105' title="bbox 427 5794 1762 5868; baseline -0.005 -15"><span class='ocrx_word' id='word_1_695' title='bbox 427 5811 646 5854; x_wconf 83' lang='lat' dir='ltr'>mctano</span> <span class='ocrx_word' id='word_1_696' title='bbox 678 5797 782 5853; x_wconf 77' lang='lat'>985</span> <span class='ocrx_word' id='word_1_697' title='bbox 813 5796 968 5868; x_wconf 67' lang='lat' dir='ltr'>tClir.</span> <span class='ocrx_word' id='word_1_698' title='bbox 994 5794 1177 5866; x_wconf 77' lang='grc'>1578),</span> <span class='ocrx_word' id='word_1_699' title='bbox 1209 5811 1394 5850; x_wconf 82' lang='lat' dir='ltr'>mense</span> <span class='ocrx_word' id='word_1_700' title='bbox 1426 5794 1762 5864; x_wconf 60' lang='lat' dir='ltr'>Septembri.</span> 
     </span>
    </p>
   </div>
   <div class='ocr_carea' id='block_1_106' title="bbox 2119 4592 3708 4667">
    <p class='ocr_par' dir='ltr' id='par_1_106' title="bbox 2119 4592 3708 4667">
     <span class='ocr_line' id='line_1_106' title="bbox 2119 4592 3708 4667; baseline 0.004 -22"><span class='ocrx_word' id='word_1_701' title='bbox 2119 4603 2200 4645; x_wconf 84' lang='lat' dir='ltr'>est</span> <span class='ocrx_word' id='word_1_702' title='bbox 2231 4594 2297 4643; x_wconf 91' lang='lat' dir='ltr'>ad</span> <span class='ocrx_word' id='word_1_703' title='bbox 2349 4607 2499 4643; x_wconf 85' lang='lat' dir='ltr'>mare</span> <span class='ocrx_word' id='word_1_704' title='bbox 2559 4592 2846 4661; x_wconf 75' lang='lat' dir='ltr'>Caspium,</span> <span class='ocrx_word' id='word_1_705' title='bbox 2901 4594 3045 4663; x_wconf 81' lang='lat' dir='ltr'>quod</span> <span class='ocrx_word' id='word_1_706' title='bbox 3080 4594 3322 4660; x_wconf 87' lang='lat' dir='ltr'>ipsorum</span> <span class='ocrx_word' id='word_1_707' title='bbox 3360 4597 3540 4667; x_wconf 65' lang='lat' dir='ltr'>lingua</span> <span class='ocrx_word' id='word_1_708' title='bbox 3605 4595 3708 4652; x_wconf 80' lang='lat' dir='ltr'>Be-</span> 
     </span>
    </p>
   </div>
   <div class='ocr_carea' id='block_1_107' title="bbox 2124 4684 3307 4742">
    <p class='ocr_par' dir='ltr' id='par_1_107' title="bbox 2124 4684 3307 4742">
     <span class='ocr_line' id='line_1_107' title="bbox 2124 4684 3307 4742; baseline 0.003 -6"><span class='ocrx_word' id='word_1_709' title='bbox 2124 4685 2440 4737; x_wconf 74' lang='lat' dir='ltr'>lierenlzutn</span> <span class='ocrx_word' id='word_1_710' title='bbox 2473 4685 2589 4737; x_wconf 82' lang='lat' dir='ltr'>sive</span> <span class='ocrx_word' id='word_1_711' title='bbox 2613 4684 2844 4738; x_wconf 84' lang='lat' dir='ltr'>Cnlzutn</span> <span class='ocrx_word' id='word_1_712' title='bbox 2872 4687 3050 4742; x_wconf 80' lang='lat' dir='ltr'>denizi</span> <span class='ocrx_word' id='word_1_713' title='bbox 3083 4688 3307 4740; x_wconf 89' lang='lat' dir='ltr'>dicitur.</span> 
     </span>
    </p>
   </div>
   <div class='ocr_carea' id='block_1_108' title="bbox 2189 4777 3707 4848">
    <p class='ocr_par' dir='ltr' id='par_1_108' title="bbox 2189 4777 3707 4848">
     <span class='ocr_line' id='line_1_108' title="bbox 2189 4777 3707 4848; baseline 0.004 -18"><span class='ocrx_word' id='word_1_714' title='bbox 2189 4777 2247 4830; x_wconf 90' lang='lat' dir='ltr'>In</span> <span class='ocrx_word' id='word_1_715' title='bbox 2273 4778 2418 4830; x_wconf 89' lang='lat' dir='ltr'>hunc</span> <span class='ocrx_word' id='word_1_716' title='bbox 2442 4778 2664 4831; x_wconf 88' lang='lat' dir='ltr'>modum</span> <span class='ocrx_word' id='word_1_717' title='bbox 2703 4789 2921 4848; x_wconf 86' lang='lat' dir='ltr'>recepto</span> <span class='ocrx_word' id='word_1_718' title='bbox 2975 4780 3234 4844; x_wconf 75' lang='lat' dir='ltr'>Sit-vano,</span> <span class='ocrx_word' id='word_1_719' title='bbox 3292 4797 3379 4835; x_wconf 83' lang='lat' dir='ltr'>res</span> <span class='ocrx_word' id='word_1_720' title='bbox 3415 4797 3441 4833; x_wconf 87' lang='lat' dir='ltr'>a</span> <span class='ocrx_word' id='word_1_721' title='bbox 3512 4782 3707 4836; x_wconf 81' lang='lat' dir='ltr'>Turcis</span> 
     </span>
    </p>
   </div>
   <div class='ocr_carea' id='block_1_109' title="bbox 2121 4871 3704 4938">
    <p class='ocr_par' dir='ltr' id='par_1_109' title="bbox 2121 4871 3704 4938">
     <span class='ocr_line' id='line_1_109' title="bbox 2121 4871 3704 4938; baseline 0.004 -16"><span class='ocrx_word' id='word_1_722' title='bbox 2121 4873 2339 4924; x_wconf 87' lang='lat' dir='ltr'>relictas</span> <span class='ocrx_word' id='word_1_723' title='bbox 2369 4871 2548 4925; x_wconf 70' lang='lat' dir='ltr'>Persa:</span> <span class='ocrx_word' id='word_1_724' title='bbox 2587 4871 2876 4938; x_wconf 89' lang='lat' dir='ltr'>diripiunt,</span> <span class='ocrx_word' id='word_1_725' title='bbox 2921 4886 3096 4927; x_wconf 84' lang='lat' dir='ltr'>muris</span> <span class='ocrx_word' id='word_1_726' title='bbox 3125 4871 3420 4926; x_wconf 73' lang='lat' dir='ltr'>Sinam-tn</span> <span class='ocrx_word' id='word_1_727' title='bbox 3474 4877 3704 4938; x_wconf 86' lang='lat' dir='ltr'>nudant,</span> 
     </span>
    </p>
   </div>
   <div class='ocr_carea' id='block_1_110' title="bbox 2120 4963 3704 5032">
    <p class='ocr_par' dir='ltr' id='par_1_110' title="bbox 2120 4963 3704 5032">
     <span class='ocr_line' id='line_1_110' title="bbox 2120 4963 3704 5032; baseline 0.003 -22"><span class='ocrx_word' id='word_1_728' title='bbox 2120 4963 2528 5028; x_wconf 83' lang='lat' dir='ltr'>p:0pugn:tcula</span> <span class='ocrx_word' id='word_1_729' title='bbox 2557 4976 2735 5030; x_wconf 73' lang='lat' dir='ltr'>empta</span> <span class='ocrx_word' id='word_1_730' title='bbox 2761 4963 3018 5025; x_wconf 90' lang='lat' dir='ltr'>diruunt,</span> <span class='ocrx_word' id='word_1_731' title='bbox 3063 4966 3343 5032; x_wconf 77' lang='lat' dir='ltr'>regionem</span> <span class='ocrx_word' id='word_1_732' title='bbox 3384 4980 3511 5019; x_wconf 89' lang='lat' dir='ltr'>cum</span> <span class='ocrx_word' id='word_1_733' title='bbox 3555 4968 3704 5019; x_wconf 79' lang='lat' dir='ltr'>ineo-</span> 
     </span>
    </p>
   </div>
   <div class='ocr_carea' id='block_1_111' title="bbox 2119 5054 3705 5127">
    <p class='ocr_par' dir='ltr' id='par_1_111' title="bbox 2119 5054 3705 5127">
     <span class='ocr_line' id='line_1_111' title="bbox 2119 5054 3705 5127; baseline 0.003 -21"><span class='ocrx_word' id='word_1_734' title='bbox 2119 5054 2182 5106; x_wconf 67' lang='lat' dir='ltr'>lis</span> <span class='ocrx_word' id='word_1_735' title='bbox 2211 5057 2278 5107; x_wconf 80' lang='lat' dir='ltr'>ab</span> <span class='ocrx_word' id='word_1_736' title='bbox 2309 5054 2752 5123; x_wconf 69' lang='lat' dir='ltr'>Ostiiauicojugo</span> <span class='ocrx_word' id='word_1_737' title='bbox 2786 5055 3042 5118; x_wconf 83' lang='lat' dir='ltr'>liberant,</span> <span class='ocrx_word' id='word_1_738' title='bbox 3077 5055 3172 5124; x_wconf 87' lang='lat' dir='ltr'>qui</span> <span class='ocrx_word' id='word_1_739' title='bbox 3204 5055 3399 5124; x_wconf 78' lang='lat' dir='ltr'>majori</span> <span class='ocrx_word' id='word_1_740' title='bbox 3436 5072 3498 5112; x_wconf 82' lang='lat' dir='ltr'>ex</span> <span class='ocrx_word' id='word_1_741' title='bbox 3550 5070 3705 5127; x_wconf 82' lang='lat' dir='ltr'>parte</span> 
     </span>
    </p>
   </div>
   <div class='ocr_carea' id='block_1_112' title="bbox 2115 5147 3706 5217">
    <p class='ocr_par' dir='ltr' id='par_1_112' title="bbox 2115 5147 3706 5217">
     <span class='ocr_line' id='line_1_112' title="bbox 2115 5147 3706 5217; baseline 0.004 -20"><span class='ocrx_word' id='word_1_742' title='bbox 2115 5158 2246 5198; x_wconf 74' lang='lat' dir='ltr'>sunt</span> <span class='ocrx_word' id='word_1_743' title='bbox 2276 5147 2546 5208; x_wconf 69' lang='lat' dir='ltr'>Armenii,</span> <span class='ocrx_word' id='word_1_744' title='bbox 2581 5147 2780 5215; x_wconf 86' lang='lat' dir='ltr'>reliqui</span> <span class='ocrx_word' id='word_1_745' title='bbox 2827 5148 2964 5217; x_wconf 80' lang='lat' dir='ltr'>legis</span> <span class='ocrx_word' id='word_1_746' title='bbox 3014 5147 3414 5203; x_wconf 70' lang='lat' dir='ltr'>Maltnmetatne</span> <span class='ocrx_word' id='word_1_747' title='bbox 3461 5160 3706 5203; x_wconf 77' lang='lat' dir='ltr'>sectato-</span> 
     </span>
    </p>
   </div>
   <div class='ocr_carea' id='block_1_113' title="bbox 2117 5234 3702 5306">
    <p class='ocr_par' dir='ltr' id='par_1_113' title="bbox 2117 5234 3702 5306">
     <span class='ocr_line' id='line_1_113' title="bbox 2117 5234 3702 5306; baseline 0.004 -21"><span class='ocrx_word' id='word_1_748' title='bbox 2117 5253 2222 5299; x_wconf 75' lang='lat' dir='ltr'>res,</span> <span class='ocrx_word' id='word_1_749' title='bbox 2264 5247 2372 5288; x_wconf 87' lang='lat' dir='ltr'>tam</span> <span class='ocrx_word' id='word_1_750' title='bbox 2403 5237 2734 5301; x_wconf 72' lang='lat' dir='ltr'>Usinanicm,</span> <span class='ocrx_word' id='word_1_751' title='bbox 2763 5251 2929 5306; x_wconf 88' lang='lat' dir='ltr'>quam</span> <span class='ocrx_word' id='word_1_752' title='bbox 2981 5234 3220 5291; x_wconf 76' lang='lat' dir='ltr'>Persica:</span> <span class='ocrx_word' id='word_1_753' title='bbox 3272 5236 3702 5305; x_wconf 72' lang='lat' dir='ltr'>superstitionis.</span> 
     </span>
    </p>
   </div>
   <div class='ocr_carea' id='block_1_114' title="bbox 2114 5329 3705 5398">
    <p class='ocr_par' dir='ltr' id='par_1_114' title="bbox 2114 5329 3705 5398">
     <span class='ocr_line' id='line_1_114' title="bbox 2114 5329 3705 5398; baseline 0.001 -18"><span class='ocrx_word' id='word_1_754' title='bbox 2114 5329 2319 5382; x_wconf 68' lang='lat' dir='ltr'>Ostnan</span> <span class='ocrx_word' id='word_1_755' title='bbox 2353 5345 2483 5382; x_wconf 86' lang='lat' dir='ltr'>vero</span> <span class='ocrx_word' id='word_1_756' title='bbox 2507 5330 2664 5381; x_wconf 88' lang='lat' dir='ltr'>hassa</span> <span class='ocrx_word' id='word_1_757' title='bbox 2685 5343 2812 5382; x_wconf 86' lang='lat' dir='ltr'>cunt</span> <span class='ocrx_word' id='word_1_758' title='bbox 2836 5329 3206 5398; x_wconf 86' lang='lat' dir='ltr'>Temireapitn</span> <span class='ocrx_word' id='word_1_759' title='bbox 3232 5331 3495 5392; x_wconf 82' lang='lat' dir='ltr'>venisset,</span> <span class='ocrx_word' id='word_1_760' title='bbox 3520 5342 3705 5386; x_wconf 84' lang='lat' dir='ltr'>astute</span> 
     </span>
    </p>
   </div>
   <div class='ocr_carea' id='block_1_115' title="bbox 2113 5418 3705 5488">
    <p class='ocr_par' dir='ltr' id='par_1_115' title="bbox 2113 5418 3705 5488">
     <span class='ocr_line' id='line_1_115' title="bbox 2113 5418 3705 5488; baseline 0.001 -15"><span class='ocrx_word' id='word_1_761' title='bbox 2113 5421 2217 5473; x_wconf 66' lang='lat' dir='ltr'>tibi</span> <span class='ocrx_word' id='word_1_762' title='bbox 2249 5419 2622 5472; x_wconf 79' lang='lat' dir='ltr'>Schemhalitn</span> <span class='ocrx_word' id='word_1_763' title='bbox 2662 5421 2920 5484; x_wconf 85' lang='lat' dir='ltr'>chanem,</span> <span class='ocrx_word' id='word_1_764' title='bbox 2963 5418 3066 5473; x_wconf 88' lang='lat' dir='ltr'>hoc</span> <span class='ocrx_word' id='word_1_765' title='bbox 3107 5429 3225 5485; x_wconf 81' lang='lat' dir='ltr'>est,</span> <span class='ocrx_word' id='word_1_766' title='bbox 3279 5422 3522 5488; x_wconf 77' lang='lat' dir='ltr'>regulum</span> <span class='ocrx_word' id='word_1_767' title='bbox 3589 5438 3705 5475; x_wconf 78' lang='lat' dir='ltr'>sive</span> 
     </span>
    </p>
   </div>
   <div class='ocr_carea' id='block_1_116' title="bbox 2115 5510 3701 5582">
    <p class='ocr_par' dir='ltr' id='par_1_116' title="bbox 2115 5510 3701 5582">
     <span class='ocr_line' id='line_1_116' title="bbox 2115 5510 3701 5582; baseline 0.004 -20"><span class='ocrx_word' id='word_1_768' title='bbox 2115 5514 2414 5582; x_wconf 67' lang='lat' dir='ltr'>principem</span> <span class='ocrx_word' id='word_1_769' title='bbox 2441 5510 2694 5565; x_wconf 79' lang='lat' dir='ltr'>Derbenti</span> <span class='ocrx_word' id='word_1_770' title='bbox 2726 5550 2742 5573; x_wconf 93' lang='lat'>,</span> <span class='ocrx_word' id='word_1_771' title='bbox 2791 5514 3031 5566; x_wconf 87' lang='lat' dir='ltr'>amicum</span> <span class='ocrx_word' id='word_1_772' title='bbox 3080 5512 3360 5575; x_wconf 86' lang='lat' dir='ltr'>reddidit,</span> <span class='ocrx_word' id='word_1_773' title='bbox 3420 5515 3701 5569; x_wconf 87' lang='lat' dir='ltr'>addictum</span> 
     </span>
    </p>
   </div>
   <div class='ocr_carea' id='block_1_117' title="bbox 2115 5605 3700 5676">
    <p class='ocr_par' dir='ltr' id='par_1_117' title="bbox 2115 5605 3700 5676">
     <span class='ocr_line' id='line_1_117' title="bbox 2115 5605 3700 5676; baseline 0.003 -18"><span class='ocrx_word' id='word_1_774' title='bbox 2115 5607 2510 5660; x_wconf 74' lang='lat' dir='ltr'>Mantuan-tuna:</span> <span class='ocrx_word' id='word_1_775' title='bbox 2541 5606 2961 5676; x_wconf 69' lang='lat' dir='ltr'>()stnaniezeque</span> <span class='ocrx_word' id='word_1_776' title='bbox 2987 5616 3171 5670; x_wconf 71' lang='lat' dir='ltr'>sectae,</span> <span class='ocrx_word' id='word_1_777' title='bbox 3198 5605 3384 5661; x_wconf 83' lang='lat' dir='ltr'>Persis</span> <span class='ocrx_word' id='word_1_778' title='bbox 3409 5607 3700 5673; x_wconf 81' lang='lat' dir='ltr'>infestum,</span> 
     </span>
    </p>
   </div>
   <div class='ocr_carea' id='block_1_118' title="bbox 2115 5700 3701 5768">
    <p class='ocr_par' dir='ltr' id='par_1_118' title="bbox 2115 5700 3701 5768">
     <span class='ocr_line' id='line_1_118' title="bbox 2115 5700 3701 5768; baseline 0 -14"><span class='ocrx_word' id='word_1_779' title='bbox 2115 5703 2336 5754; x_wconf 85' lang='lat' dir='ltr'>natione</span> <span class='ocrx_word' id='word_1_780' title='bbox 2377 5700 2682 5754; x_wconf 85' lang='lat' dir='ltr'>Tatarum:</span> <span class='ocrx_word' id='word_1_781' title='bbox 2721 5701 2881 5768; x_wconf 84' lang='lat' dir='ltr'>cujus</span> <span class='ocrx_word' id='word_1_782' title='bbox 2915 5709 2969 5753; x_wconf 89' lang='lat' dir='ltr'>et</span> <span class='ocrx_word' id='word_1_783' title='bbox 3019 5700 3182 5754; x_wconf 86' lang='lat' dir='ltr'>ﬁliam</span> <span class='ocrx_word' id='word_1_784' title='bbox 3238 5702 3390 5754; x_wconf 88' lang='lat' dir='ltr'>duxit</span> <span class='ocrx_word' id='word_1_785' title='bbox 3447 5715 3701 5763; x_wconf 83' lang='lat' dir='ltr'>uxorem,</span> 
     </span>
    </p>
   </div>
   <div class='ocr_carea' id='block_1_119' title="bbox 2114 5794 3696 5865">
    <p class='ocr_par' dir='ltr' id='par_1_119' title="bbox 2114 5794 3696 5865">
     <span class='ocr_line' id='line_1_119' title="bbox 2114 5794 3696 5865; baseline 0.003 -23"><span class='ocrx_word' id='word_1_786' title='bbox 2114 5811 2235 5865; x_wconf 67' lang='lat' dir='ltr'>qua!</span> <span class='ocrx_word' id='word_1_787' title='bbox 2267 5805 2388 5863; x_wconf 88' lang='lat' dir='ltr'>post</span> <span class='ocrx_word' id='word_1_788' title='bbox 2419 5794 2678 5848; x_wconf 80' lang='lat' dir='ltr'>instinctu</span> <span class='ocrx_word' id='word_1_789' title='bbox 2711 5794 2893 5847; x_wconf 78' lang='lat' dir='ltr'>mariti</span> <span class='ocrx_word' id='word_1_790' title='bbox 2947 5805 3158 5861; x_wconf 84' lang='lat' dir='ltr'>patrem</span> <span class='ocrx_word' id='word_1_791' title='bbox 3221 5811 3427 5848; x_wconf 65' lang='lat' dir='ltr'>veneno</span> <span class='ocrx_word' id='word_1_792' title='bbox 3453 5794 3696 5847; x_wconf 75' lang='lat' dir='ltr'>sustulit.</span> 
     </span>
    </p>
   </div>
  </div>
