4212 6288
419 341 525 406 085

1532 343 1623 400 Sil
1653 341 1926 400 Pl‘lEM.
1965 337 2231 399 ANNAL.
2276 336 2577 396 'FUllClC.

3558 339 3660 398 080

420 435 473 499 Id
509 447 706 502 factum
736 445 1065 502 abOsmane
1126 451 1412 518 perhibent
1463 454 1597 504 «luas
1632 452 1700 504 oh
1763 465 1977 504 catts.:s.
2016 458 2054 508 Α
2090 449 2305 501 initium
2367 465 2491 501 vero
2558 451 2834 514 sequentis
2882 448 3103 515 aestatis,
3163 463 3307 503 anno
3360 448 3461 505 986
3508 451 3658 518 (Chr.

421 536 682 600 Plinium,
745 540 889 608 quntl
969 553 1250 596 vereretur
1306 558 1371 595 ne
1423 560 1676 597 succi-ssn
1730 545 1984 608 temporis

415 647 727 686 eumsoecr
776 635 891 702 ipse
925 634 991 686 dc
1033 633 1212 688 medio
1259 635 1489 688 tolleret.
1551 634 1773 700 "Cilidt',
1834 645 1891 687 ut
1934 639 1984 687 in

419 733 737 789 potestatum
783 725 998 778 redacta
1045 728 1347 781 munitione
1384 727 1762 798 Temirt-apina
1814 729 1989 796 legiu-

421 833 595 886 neque
622 819 824 882 soceri,
868 821 1174 887 patrocinio
1215 822 1414 875 sultani
1445 824 1528 876 sui
1567 819 1877 876 Oﬁlllahldil!
1931 833 1988 870 se

420 910 677 975 traderet,
700 913 848 979 quod
885 913 1048 965 etiam
1080 927 1270 983 reapse
1299 913 1448 967 fecit.
1513 913 1721 980 Quippe
1776 923 1990 966 mortuo

415 1003 715 1056 sehemhali
749 1003 948 1067 chane,
983 1002 1184 1058 Osman
1232 1008 1387 1060 bassa
1431 1007 1583 1060 solus
1607 1015 1662 1058 et
1703 1006 1989 1058 absolutus

417 1095 674 1164 princeps
699 1097 899 1150 mansit
933 1097 984 1149 in
1010 1098 1219 1151 ditione
1251 1100 1449 1161 soceri,
1512 1097 1728 1152 nemine
1767 1112 1992 1167 prorsus

419 1188 769 1256 impediente.
800 1187 1098 1245 ConfeStim
1131 1205 1259 1245 vero
1288 1206 1382 1257 per
1411 1189 1675 1262 Capbant,
1696 1204 1817 1260 quae
1851 1189 1993 1242 inter

418 1275 696 1330 Tutariam
759 1275 1204 1349 Hoscoriamque
1255 1282 1321 1332 ad
1389 1280 1808 1349 septemtriones
1865 1280 1990 1344 sita,

419 1371 748 1425 Cirmssiam
787 1387 978 1426 versus
1021 1373 1304 1426 meridiem
1333 1373 1516 1437 habet,
1551 1371 1814 1442 ablegatis
1839 1387 1994 1426 vere-

419 1462 762 1526 dariis,eum
798 1463 995 1519 litteris
1019 1464 1083 1518 ad
1137 1463 1414 1519 sultanum
1473 1463 1826 1519 Osmanidam
1882 1463 1994 1516 lliu-

423 1563 616 1616 ratcm,
654 1554 771 1622 ejus
797 1571 857 1610 se
889 1554 1010 1609 fidei
1052 1558 1417 1626 potestatique
1479 1565 1654 1612 totum
1699 1554 1904 1612 dedidit
1945 1566 1997 1609 et

421 1643 823 1699 commendavit
851 1659 864 1695 :
897 1643 1060 1700 simul
1090 1660 1372 1710 exponens
1405 1659 1468 1701 ea
1491 1660 1612 1716 qua:
1639 1646 1708 1702 ab
1741 1660 1801 1701 se
1850 1655 1998 1718 gesta

423 1737 676 1800 fuissent,
707 1751 770 1793 ac
799 1747 1007 1807 petens,
1044 1749 1101 1792 ut
1135 1739 1407 1807 siquidem
1441 1755 1549 1794 non
1583 1741 1652 1793 de
1683 1739 1827 1796 illius
1859 1739 2000 1793 dun-
2042 1791 2062 1811 .

2100 541 2367 604 lii79).ad
2403 544 2534 595 fines
2593 541 2842 597 Persicos
2875 544 3177 598 exercitum
3239 544 3418 609 duxit,
3485 544 3660 596 «liver—

2095 638 2278 702 sisque
2307 637 2508 703 pra-liis
2548 636 2706 689 modo
2738 651 2857 688 cum
2893 635 3094 700 Persis,
3129 636 3290 690 modo
3325 651 3447 689 cum
3494 634 3667 691 Geor—

2099 727 2274 792 gianis
2318 725 2650 792 conﬂigens,
2713 728 2939 781 inferior
2997 743 3232 796 semper,
3292 728 3488 796 insigni
3545 744 3665 782 cum

2095 834 2316 870 siturum
2348 819 2519 884 clade,
2563 821 2834 875 illaCt‘S;il.

2169 909 2367 962 Eodem
2406 926 2549 964 anno
2593 911 2858 967 Carsequ
2914 915 3165 980 munivit,
3221 915 3396 970 locum
3435 917 3503 966 ab
3563 915 3662 966 Ar-

2097 1015 2316 1053 zerume
2360 1015 2556 1056 versus
2590 1001 2872 1057 Revanum
2915 1017 3155 1073 quatuor
3196 1006 3406 1060 diei-um
3472 1006 3666 1059 itinere

2097 1092 2428 1145 distantem:
2478 1096 2640 1162 eique
2700 1095 3076 1168 beglerbcgum
3137 1106 3187 1150 et
3247 1097 3668 1167 dephterdaruni

2099 1184 2361 1252 prmlreit.
2415 1187 2782 1242 Consimiliter
2841 1189 2906 1242 ad
2958 1188 3332 1254 Tschildirim,
3403 1190 3561 1244 sitam
3616 1191 3668 1242 in

2097 1275 2420 1345 Georgiana:
2450 1278 2738 1343 limitibus,
2765 1282 2932 1337 alium
2986 1282 3363 1355 lieglcrhegum
3400 1297 3526 1339 cum
3581 1283 3665 1336 tle-

2100 1370 2392 1438 phterdaro
2411 1375 2716 1427 constituit.

2099 1521 2102 1523 Α
2172 1463 2501 1517 Misitctiam
2531 1465 2630 1520 hoc
2662 1481 2810 1522 anno
2851 1483 2973 1522 eum
3030 1469 3208 1524 classe
3247 1468 3499 1524 sultanns
3556 1467 3671 1522 Mu-

2101 1563 2244 1606 rates
2267 1551 2534 1608 Uluzalim
2572 1556 2812 1622 bassam,
2839 1557 3155 1628 prafeetum
3209 1561 3397 1627 maris,
3430 1561 3483 1613 in
3533 1559 3670 1614 Min-

2102 1643 2351 1710 greliam,
2391 1646 2670 1715 regionem
2706 1650 3030 1718 populorum
3070 1651 3372 1713 Colchidis,
3414 1659 3473 1704 nt
3498 1651 3564 1704 iis
3622 1652 3672 1703 in

2105 1734 2238 1790 locis
2275 1737 2634 1794 munitionem
2689 1740 3001 1798 aediﬁcaret.
3063 1741 3202 1795 Huic
3260 1741 3527 1798 absoluta:
3585 1743 3662 1795 hc-

421 1840 573 1883 taxat
600 1831 700 1886 loci
723 1846 786 1885 ac
809 1830 1058 1893 ditionis,
1087 1846 1274 1884 verum
1313 1829 1481 1884 etiam
1513 1832 1580 1885 de
1615 1831 1781 1888 totius
1815 1830 1997 1898 Caspii
2033 1827 2074 1886 Β
2102 1826 2390 1897 glerbegus
2413 1828 2484 1884 ab
2521 1844 2590 1886 eo
2612 1832 2775 1889 datus
2828 1833 2950 1896 fuit,
2983 1849 3047 1888 ac
3092 1834 3507 1903 dephterdarus.
3569 1834 3675 1901 1νεί

424 1926 634 1984 tumis,
671 1922 978 1991 luscovir,
1032 1922 1325 1978 Orientalis
1379 1923 1562 1988 ludite,
1617 1923 1996 1980 Samarcaudze

422 2016 756 2071 Chorasmiis
821 2026 876 2069 et
929 2016 1215 2082 Cbilanis,
1299 2016 1634 2070 l‘ersicarum
1684 2018 1995 2089 regionum,

426 2109 654 2177 imperio
678 2123 892 2162 summo
925 2107 1218 2177 cogitaret,
1277 2109 1456 2178 primo
1489 2122 1707 2178 quoque
1751 2120 2000 2176 tempore

426 2198 524 2250 sibi
558 2198 880 2261 exercitum,
904 2199 1189 2267 pecunias,
1214 2214 1463 2254 annonas
1500 2199 1758 2256 mitteret.
1817 2199 2002 2255 Sulta-

428 2305 531 2345 nus
558 2290 794 2347 Murates
825 2291 961 2346 laetis
993 2292 1148 2346 hisce
1174 2293 1378 2348 nuntiis
1400 2302 1680 2362 permotus
1713 2307 1836 2346 cum
1865 2292 2001 2347 alias

425 2387 476 2438 ei
512 2399 599 2436 res
631 2385 975 2438 necessarias
1006 2383 1241 2449 curavit,
1276 2394 1388 2438 tum
1433 2385 1596 2439 etiam
1621 2384 1796 2440 60000
1841 2383 2003 2438 Tata-

429 2492 614 2530 rorum
651 2476 820 2542 misit,
852 2491 978 2531 cum
1025 2477 1239 2532 duobus
1271 2474 1535 2532 fratribus
1590 2476 1712 2544 ejus
1770 2475 2004 2533 Tataria:

430 2569 594 2636 regis,
624 2568 716 2637 qui
746 2569 1006 2637 deinceps
1035 2583 1179 2622 anno
1221 2568 1321 2623 991
1358 2570 1512 2637 (Chr.
1570 2569 1731 2638 1581)
1784 2569 1854 2625 ab
1905 2573 2006 2624 Us-

431 2674 588 2712 mane
623 2659 778 2713 bassa
803 2659 1181 2729 strangulatus
1205 2659 1332 2714 fuit.
1369 2659 1431 2712 Et
1458 2659 1572 2713 hate
1598 2661 1816 2729 quidem
1858 2675 2006 2713 anno

433 2751 553 2806 belli
571 2752 746 2819 primo
773 2761 926 2821 gesta
946 2751 1188 2816 fuerunt,
1217 2751 1478 2806 nimirum
1501 2751 1608 2806 985
1636 2750 1788 2821 (Chr.
1822 2752 2003 2820 1578):

431 2854 539 2906 quo
579 2836 884 2892 Turcorum
906 2849 1014 2893 tam
1049 2841 1102 2893 in
1150 2840 1393 2908 przliis,
1448 2855 1612 2911 quam
1668 2851 2006 2897 commeatus

436 2931 636 2996 inopia,
663 2932 894 3000 periisse
920 2946 1084 3001 supra
1114 2933 1288 2988 70000
1310 2943 1548 2988 constat.

508 3019 692 3076 llieme
718 3038 844 3077 vero
874 3034 1068 3078 exat-ta
1089 3065 1103 3089 ,
1131 3040 1259 3078 cum
1315 3035 1477 3080 aestas
1531 3025 1660 3078 anni
1708 3024 1813 3079 980
1850 3025 2003 3092 (Chr.

439 3113 597 3181 1579)
625 3115 961 3183 appetiisset,
988 3117 1392 3185 auxiliaresque
1412 3119 1583 3187 copiae
1614 3134 1737 3172 cum
1763 3117 2006 3186 pecuniis

436 3207 501 3257 :ul
563 3205 926 3275 'l‘emicarpim
1006 3208 1392 3274 accessissent,
1452 3209 1629 3264 solitis
1680 3210 1734 3263 in
1791 3210 2004 3263 Sirvani

437 3300 567 3354 lines
601 3300 1021 3356 excursionibus
1044 3299 1319 3356 Osmanici
1350 3316 1416 3355 ex
1451 3317 1580 3357 arce
1619 3302 2003 3368 Temircapina

434 3396 575 3451 hosti
641 3396 902 3451 damnum
971 3397 1300 3452 inferebant.
1363 3395 1437 3450 Ea
1481 3412 1569 3451 res
1626 3397 1828 3466 ingenti
1877 3410 2004 3450 cum

435 3486 614 3543 Persis
638 3488 824 3556 pra-lio
848 3503 1074 3544 causam
1133 3489 1390 3558 praebuit.
1423 3503 1534 3557 quo
1571 3487 1754 3541 Tatari
1789 3490 1858 3542 ad
1923 3487 2005 3541 itt-

434 3583 829 3645 teznecionem,
859 3596 962 3634 una
995 3596 1117 3634 cum
1163 3582 1338 3634 altero
1367 3579 1550 3634 Tatari
1615 3579 1756 3648 regis
1815 3580 2002 3644 fratre,

435 3673 560 3726 carsi
613 3673 882 3740 deletique
916 3673 1174 3736 fuerunt,
1209 3677 1386 3728 altero
1433 3672 1602 3726 fratre
1631 3672 1751 3726 vivo
1799 3673 1868 3725 ab
1911 3672 2006 3727 ho-

434 3766 612 3818 stibus
633 3774 812 3833 capto.
861 3763 1062 3820 Osman
1124 3766 1239 3835 ipse
1270 3765 1430 3822 bassa
1485 3779 1608 3818 cum
1657 3764 2006 3833 paucissimis

435 3872 660 3909 suorum
693 3857 778 3909 vix
800 3858 984 3911 salvus
1004 3857 1200 3910 evasit.
1222 3856 1470 3924 Cumque
1496 3870 1592 3924 per
1617 3857 1848 3924 exiguas
1873 3869 2006 3910 sane

434 3948 623 4017 copias
645 3947 803 4019 371
846 3949 1061 4003 adversi
1120 3949 1289 4016 praelii
1313 3963 1475 4003 casus
1530 3949 1577 4001 ei
1639 3949 1880 4016 reliquas
1929 3946 2007 4001 fc-

436 4044 624 4104 cisset,
650 4055 802 4094 more
834 4041 1110 4093 latronum
1169 4039 1531 4093 Turcicorum
1588 4041 1831 4109 quotidie
1875 4040 2006 4093 vici-

437 4150 534 4188 nas
565 4134 669 4188 sibi
697 4136 934 4189 ditiones
967 4134 1166 4205 praedis
1222 4135 1446 4202 agendis
1496 4131 1758 4187 infestare
1819 4144 2004 4203 ςωνιι,

441 4225 591 4279 nullo
640 4240 742 4279 nec
788 4227 1090 4279 amicorum
1123 4240 1224 4280 nec
1266 4226 1500 4279 hostium
1550 4225 1870 4279 discrimine
1924 4240 2009 4278 ra-

440 4329 698 4386 ttottequc
728 4317 945 4371 habita:
976 4318 1175 4387 quibus
1200 4331 1265 4370 ex
1299 4317 1509 4385 rapinis
1558 4325 1613 4372 et
1683 4317 1802 4385 ipse
1853 4316 2005 4371 victi—

440 4412 613 4473 talat,
643 4419 698 4462 et
735 4422 865 4462 suos
891 4408 1090 4472 alebat,
1121 4407 1357 4461 subinde
1379 4421 1582 4461 secum
1623 4407 1723 4470 eis,
1754 4405 1800 4459 si
1835 4408 2007 4458 hostis

439 4502 770 4564 immineret,
804 4497 871 4555 ad
925 4500 1226 4554 indicatum
1271 4498 1552 4552 castellum
1604 4497 1892 4566 recipiens.
1941 4495 2004 4548 Et
2039 4516 2082 4570 υ

440 4593 754 4661 pt-t'lttbctur
779 4592 895 4660 ejus
925 4591 1134 4645 castelli
1162 4591 1306 4644 situs
1361 4602 1553 4643 natura
1607 4587 2010 4642 munitissimus

653 4685 740 4736 cui
799 4700 923 4736 cum
995 4697 1215 4734 manum
1280 4683 1573 4748 quamdam
1626 4681 2006 4750 genizarorunt

439 4779 694 4844 sclupetis
731 4778 1000 4829 utentium
1034 4776 1408 4843 imposuisset,
1443 4788 1566 4826 cum
1591 4773 1859 4826 machinis
1909 4774 2008 4824 ali-

441 4882 572 4938 quot
607 4869 1007 4936 campestribus
1033 4877 1088 4920 et
1115 4867 1404 4922 l'alconetis
1432 4881 1449 4918 :
1485 4867 1536 4918 in
1565 4866 1686 4918 loco
1731 4871 2009 4934 tantopere

439 4978 468 5015 a
501 4969 692 5012 natura
729 4959 963 5018 munito.
991 4968 1187 5011 contra
1241 4956 1419 5010 nudos
1474 4963 1524 5007 et
1594 4954 1829 5007 inermes
1887 4954 2010 5006 illos

443 5053 694 5121 populos,
717 5052 808 5119 qui
841 5065 942 5103 nec
963 5048 1143 5102 oculis
1169 5049 1283 5102 suis
1315 5056 1431 5101 toto
1467 5047 1588 5100 vita
1615 5061 1731 5100 sua
1762 5055 2009 5112 tempore

441 5156 710 5199 tormenta
747 5144 937 5196 bellica
964 5142 1351 5211 sclopctosque
1374 5139 1659 5203 vidissent,
1706 5153 1804 5192 nec
1862 5138 2006 5190 auri-

444 5245 548 5294 bus
587 5251 777 5291 eorum
809 5237 1037 5290 fulmina
1084 5235 1483 5304 percepisset“,
1525 5234 1663 5286 adeo
1692 5245 1752 5286 se
1805 5241 2004 5293 tutum,

444 5345 734 5400 ipsumque
764 5328 1049 5382 castellum
1082 5325 1502 5397 inexpugnabile
1528 5323 1787 5387 reddidit,
1843 5333 1901 5376 ut
1938 5323 2009 5375 si-

445 5423 718 5491 bimetipsi
757 5421 1052 5476 monarcha
1083 5420 1301 5490 quidam
1334 5432 1458 5472 esse
1489 5417 1786 5470 videretur.

515 5517 595 5568 Ab
626 5517 794 5568 altera
826 5524 979 5582 parte
1011 5510 1300 5580 pradictus
1321 5511 1477 5564 bassa
1506 5507 1825 5576 Mustaphas
1869 5507 2014 5557 hunc

447 5617 968 5657 rerunisuecessntu
1027 5601 1396 5668 conspicatus,
1445 5597 1581 5648 nihil
1639 5594 1863 5647 omnino
1920 5609 2012 5659 per

449 5696 680 5749 hiemem
701 5695 828 5747 anni
859 5695 962 5748 11115
990 5691 1140 5762 (Chr.
1169 5691 1327 5759 1578)
1360 5690 1546 5759 gessit,
1582 5687 1647 5742 ad
1681 5689 2012 5739 Arzerumcn

452 5805 574 5843 cum
607 5787 782 5856 cepiis
816 5787 1050 5850 hterens,
1083 5784 1159 5837 uti
1195 5783 1447 5852 superius
1481 5779 1865 5834 indicavimus.
1899 5775 2013 5829 Suh

437 4701 556 4735 esse
586 4725 599 4744 ,

2106 1917 2225 1972 loco
2275 1933 2476 1975 nomen
2522 1929 2610 1977 est
2661 1919 2851 1978 Fossa.
2922 1922 3146 1980 Curavit
3215 1934 3393 1980 autem
3455 1921 3676 1979 Fossam

2105 2012 2352 2066 sultanus
2393 2011 2638 2068 Murates
2661 2015 2893 2081 exstrui,
2933 2024 2994 2072 ut
3042 2018 3108 2071 iis
3141 2017 3193 2070 in
3255 2018 3391 2073 locis
3437 2019 3678 2087 aperiret

2107 2103 2207 2157 iter
2241 2104 2462 2159 brevius
2510 2121 2576 2162 ac
2620 2109 2891 2176 securius,
2934 2124 3043 2179 quo
3080 2108 3295 2167 facilius
3332 2111 3385 2166 in
3420 2109 3677 2181 Georgia-

2106 2208 2206 2247 nos
2239 2197 2366 2250 duci
2401 2195 2574 2266 copiae
2604 2209 2850 2266 possent,
2893 2209 2946 2258 et
2970 2201 3038 2255 iis
3071 2201 3140 2256 ab
3165 2202 3254 2256 illa
3303 2213 3460 2269 parte
3492 2203 3678 2258 debel-

2109 2287 2233 2340 latis
2256 2302 2320 2340 ac
2355 2287 2461 2344 suh
2492 2289 2682 2358 jugum
2718 2292 2935 2358 missis,
2969 2301 3116 2349 tanto
3148 2294 3489 2350 cotnmodius
3539 2295 3679 2350 ultra

2108 2377 2490 2448 Tetnireapim,
2533 2381 2599 2436 ad
2630 2382 2971 2440 inferendum
3022 2385 3255 2441 Sirvano
3309 2386 3536 2451 bellum,
3592 2388 3678 2443 iri.

2105 2469 2223 2526 Non
2252 2475 2424 2528 multo
2450 2483 2574 2543 post
2598 2483 2804 2541 tamen,
2826 2492 2990 2546 quam
3033 2476 3161 2533 inde
3186 2479 3355 2534 maris
3385 2481 3680 2549 praefectus

2110 2563 2354 2619 Uluzalis
2381 2579 2505 2619 eum
2545 2566 2718 2621 milite
2780 2567 3073 2638 classeque
3133 2569 3500 2633 discessisset,
3553 2567 3681 2623 Fas-

2107 2670 2244 2710 sana
2275 2655 2506 2710 munitio
2530 2658 2752 2722 penitus
2806 2659 2874 2714 ab
2931 2659 3088 2716 hoste
3127 2660 3310 2714 diruta
3360 2668 3684 2728 vastataque

2107 2748 2230 2804 fuit.

2177 2841 2313 2896 Cum
2340 2859 2531 2912 parum
2583 2858 2846 2914 prospere
2877 2843 3076 2900 bellum
3106 2859 3134 2897 δ
3186 2841 3469 2914 Mustapha
3524 2845 3683 2901 hassa

2109 2946 2408 3001 gereretur,
2473 2933 2687 2988 amictis
2761 2934 2957 2989 misere
3009 2934 3404 2999 militibus,ob
3452 2951 3683 2990 annome

2111 3023 2391 3089 penuriam
2446 3035 2502 3079 et
2565 3026 2878 3081 immaniter
2948 3037 3289 3099 grassantem
3367 3027 3422 3084 in
3482 3031 3681 3083 eaStris

2109 3111 2500 3180 pestilentiam,
2533 3113 2731 3171 litteris
2760 3117 2966 3172 sultani
3003 3117 3232 3175 Muralis
3278 3120 3577 3187 Atnasiam,
3626 3130 3686 3174 ut

2109 3203 2234 3258 istic
2265 3205 2599 3270 hibernaret,
2627 3210 2932 3264 concedere
2955 3210 3146 3279 jussus
3193 3210 3314 3267 fuit.
3369 3214 3462 3271 ille
3498 3223 3679 3269 tamen

2109 3295 2463 3352 nihilominus
2486 3301 2535 3352 in
2553 3301 2851 3357 Arzerume
2869 3316 2994 3356 cum
3019 3303 3262 3373 reliquiis
3283 3317 3398 3359 exet
3414 3305 3557 3361 citus
3583 3310 3683 3360 huc

2109 3388 2287 3442 hieme
2316 3389 2579 3453 substitit.
2624 3393 2821 3464 majori
2867 3395 3102 3450 militum
3134 3406 3287 3465 parte
3320 3408 3541 3467 prapter
3561 3415 3687 3470 egr-

2109 3491 2330 3545 statem,
2364 3484 2471 3538 luis
2524 3488 2857 3556 rontagioste
2911 3488 3042 3552 vim,
3089 3502 3143 3543 et
3177 3490 3470 3548 imminens
3499 3493 3683 3548 biber-

2111 3591 2240 3628 num
2267 3577 2460 3647 frigus,
2493 3577 2726 3647 dilapsa,
2771 3581 3106 3650 domumque
3127 3580 3468 3655 bcglet'begis
3518 3587 3681 3639 etiam

2111 3666 2370 3730 reversis,
2403 3680 2525 3720 cum
2591 3669 2726 3723 nihil
2776 3671 2832 3723 in
2895 3671 3106 3725 hostem
3162 3681 3309 3727 recte
3354 3674 3470 3745 geri
3528 3689 3686 3742 posse

2109 3769 2422 3814 cernerem.

2180 3853 2399 3904 Interim
2430 3850 2592 3906 l‘ersa
2623 3850 2908 3920 Casmino,
2940 3869 3063 3926 qua:
3108 3855 3280 3911 altera
3341 3855 3686 3928 penitiorquo

2111 3944 2319 4013 imperii
2353 3945 2474 4013 ejus
2494 3956 2578 3999 est
2609 3945 2782 4014 regia,
2815 3943 3126 4003 Tehrisium
3179 3961 3304 4006 eum
3344 3949 3516 4017 copiis
3552 3965 3684 4020 pro-

2111 4035 2395 4088 ficiscitur.
2437 4035 2516 4088 lbi
2549 4050 2675 4091 cum
2711 4037 2779 4091 de
2817 4035 3082 4104 dispersis
3137 4037 3267 4094 hinc
3309 4037 3436 4094 inde
3488 4040 3681 4108 profu-

2107 4129 2297 4196 gisque
2347 4124 2543 4182 Turcis
2577 4127 2988 4183 certiorfactus
3035 4127 3256 4195 fuisset,
3317 4129 3369 4194 in
3413 4131 3681 4187 hosticum

2111 4222 2403 4288 procurrit,
2442 4221 2761 4291 ingentique
2791 4223 2972 4291 praeda
3020 4232 3279 4290 onustus,
3337 4226 3392 4278 in
3454 4227 3691 4281 hiberna

2110 4310 2338 4366 militem
2404 4324 2458 4366 et
2514 4314 2628 4378 ipse
2674 4313 2924 4368 dimittit.
2980 4311 3095 4366 Hac
3152 4316 3439 4371 Persarum
3488 4336 3681 4373 extur-

2111 4403 2264 4457 sione
2297 4403 2539 4470 e0gnita,
2594 4405 2799 4459 veritus
2848 4403 3110 4468 Murates,
3162 4424 3230 4460 ne
3262 4408 3432 4462 hostis
3461 4425 3679 4478 progre-

2112 4494 2330 4549 deretur
2379 4496 2627 4559 ulterius,
2692 4494 2956 4553 continuo
3005 4495 3300 4565 Mustapbae
3343 4513 3437 4567 per
3473 4499 3681 4553 llllct‘ns

2115 4588 2366 4654 imperat,
2398 4598 2456 4640 ut
2493 4587 2642 4643 omni
2673 4602 2795 4641 cum
2817 4589 3065 4642 exercitu
3093 4599 3267 4643 semet
3296 4592 3362 4643 ad
3389 4591 3678 4646 Persarum

2115 4678 2249 4730 lines
2279 4677 2456 4730 denuo
2476 4677 2772 4733 conferret.
2827 4678 2876 4733 ls
2927 4691 3058 4734 vero
3095 4679 3229 4733 nihil
3285 4679 3476 4732 horum
3535 4681 3680 4743 fecit,

2113 4769 2259 4837 quod
2286 4771 2397 4838 jam
2430 4770 2498 4823 de
2537 4767 2830 4824 Persarum
2859 4769 3008 4824 abitu
3042 4785 3135 4838 per
3163 4771 3538 4839 exploratores
3601 4773 3682 4825 in.

2123 4860 2416 4916 tellexisset
2445 4876 2459 4914 :
2489 4869 2543 4916 et
2569 4860 2860 4931 caeteroqui
2892 4862 2938 4914 si
2975 4861 3209 4917 maxime
3242 4861 3429 4930 copias
3470 4864 3523 4916 in
3579 4866 3681 4916 ho.

2111 4961 2249 5007 stem
2284 4953 2482 5007 dueere
2517 4952 2797 5013 voluisset.
2837 4952 2968 5006 nihil
2995 4952 3260 5022 potuisset
3287 4954 3523 5015 ellicerc,
3551 4970 3676 5022 pio-

2112 5055 2229 5113 pter
2259 5045 2658 5098 contumaciam
2691 5045 2989 5109 exercitus,
3014 5045 3105 5112 qui
3147 5059 3370 5114 prorsus
3404 5047 3550 5099 dicto
3572 5061 3680 5099 nun

2110 5141 2229 5188 erat
2265 5135 2515 5189 audiens.
2566 5136 2680 5188 ltno
2713 5137 3080 5192 consultatum
3139 5135 3430 5204 aliquando
3464 5145 3678 5189 constat

2111 5227 2166 5280 in
2201 5227 2394 5282 castris
2430 5229 2497 5281 de
2523 5229 2770 5283 neramlo
2792 5227 3097 5295 Mustapha,
3133 5226 3292 5293 cujus
3340 5228 3392 5280 in
3423 5241 3544 5280 eum
3567 5229 3674 5282 odii

2110 5333 2292 5373 causa:
2335 5319 2390 5372 in
2422 5319 2612 5389 primis
2649 5328 2807 5373 erant
2840 5319 3186 5391 inexplebilis
3244 5318 3489 5387 quaedam
3553 5334 3678 5371 ara.

2115 5410 2260 5476 ritia,
2296 5410 2599 5479 supinaque
2655 5393 2912 5465 socordia'
2938 5410 2992 5463 in
3034 5407 3392 5479 procurandis
3448 5412 3681 5461 annonis

2115 5508 2166 5551 ct
2194 5497 2316 5552 aliis
2351 5499 2583 5553 militum
2652 5499 2956 5553 cmumodis
2983 5518 2993 5551 :
3021 5500 3163 5553 unde
3218 5499 3420 5552 fattum
3480 5496 3677 5562 fuerat,

2115 5601 2172 5644 ut
2208 5591 2415 5645 enectis
2457 5591 2600 5646 fame
2638 5601 2898 5661 pesteque
2957 5591 3238 5655 militibus,
3287 5600 3462 5644 castra
3519 5589 3681 5641 modo

2117 5699 2224 5736 non
2280 5683 2545 5738 exhausta
2606 5684 3077 5754 conspicerentur.
3143 5683 3248 5736 llas
3294 5684 3364 5736 ob
3409 5695 3602 5735 causas
3649 5694 3676 5730 a

2118 5779 2335 5832 sultano
2372 5775 2579 5831 Mnrate
2617 5784 2906 5830 revocatus
2943 5776 3007 5829 atl
3073 5776 3290 5830 Portant
3337 5774 3438 5826 fuit
3475 5772 3677 5825 Mustao
