4218 6308
456 367 560 430 687

1664 374 1986 435 JUANNIS
2027 373 2496 434 LEUNCLAVII

3605 364 3710 429 688

452 489 610 552 pnas.
632 490 685 536 et
718 479 772 536 in
799 479 920 549 ejus
942 482 1120 536 locum
1145 482 1406 540 suﬂectus
1431 483 1595 540 Sinan
1625 485 1808 548 bassa,
1860 501 2020 556 quem
2053 494 2097 550 Α
2128 485 2418 538 severitate
2452 484 2518 537 de
2553 480 2810 537 omnibus
2845 479 3146 549 Mustaplre
3174 480 3349 536 bassa:
3401 479 3558 536 iactis
3582 498 3717 536 exa-

452 588 616 643 supra
662 576 1216 632 commemoravimus
1261 577 1508 634 Guletain
1553 591 1607 634 et
1663 581 1856 634 Africae
1917 596 2016 634 ma-

449 667 646 719 ritima:
673 666 789 720 sive
842 666 1109 721 Barlariaz
1162 671 1562 738 possessionem
1620 669 1875 739 Hispanis
1921 675 2023 724 eri-

453 758 656 824 puisse.
693 754 815 810 Fuit
841 757 1131 812 confestim
1171 761 1297 814 huic
1347 763 1699 831 imperatum,
1756 772 1813 816 ut
1851 762 2025 830 primo

451 865 577 903 vere
610 861 775 904 semei
824 853 888 904 ad
922 855 1321 922 expeditionem
1382 857 1680 919 Persicam,
1747 857 1907 910 rebus
1958 857 2026 908 ab

449 943 704 994 omnilms
734 945 948 1012 egregie
982 956 1205 1012 paratus
1233 956 1285 1000 et
1341 947 1663 1011 instructus,
1693 947 2023 1013 accingeret.

520 1033 836 1098 Musiaplms
864 1038 1066 1088 interea
1103 1039 1268 1091 semel
1292 1053 1454 1107 atque.
1475 1043 1669 1094 iterum
1698 1042 2022 1099 arei-.ssizns.

445 1128 513 1176 de
549 1126 720 1190 signis
756 1130 979 1180 minime
1009 1130 1186 1182 dubiis
1217 1131 1352 1183 itaut
1404 1132 1602 1186 sultani
1667 1132 1914 1197 Muralis,
1973 1145 2025 1186 et

449 1217 660 1280 odium,
719 1233 784 1271 ex
879 1220 1114 1275 militum
1169 1223 1466 1288 delatione,
1537 1226 2022 1294 dcprehendebal:

446 1309 738 1364 accedente
789 1313 1093 1379 pra-serliin
1133 1315 1487 1369 conscientia:
1520 1332 1730 1380 morsu,
1786 1335 1847 1372 ex
1912 1318 2026 1371 clli-

445 1401 549 1454 ciis
583 1399 639 1454 in
695 1404 940 1456 exercitu
997 1409 1226 1473 pecunia
1284 1409 1540 1474 venditis,
1572 1412 1802 1479 aliisque
1842 1411 2027 1465 crimi-

447 1493 630 1549 nibus.
655 1494 863 1566 Quippe
907 1507 1053 1552 tanta
1084 1502 1328 1570 supremi
1357 1506 1497 1571 apud
1526 1502 1733 1559 'l'urcos
1791 1506 2021 1558 militum

443 1585 620 1649 dneis,
655 1588 750 1656 qui
799 1588 896 1643 Ser
957 1589 1116 1644 aslter
1191 1592 1329 1662 apud
1370 1595 1516 1662 ipsos
1555 1594 1775 1660 dicitur,
1837 1605 2026 1648 aecto-

446 1675 582 1729 iitas
611 1687 662 1730 el
695 1689 934 1746 potestas
965 1692 1070 1747 est,
1105 1693 1162 1736 ul
1187 1698 1294 1737 non
1331 1685 1510 1737 solum
1544 1685 1722 1739 oftieia
1771 1686 2022 1739 militaria

447 1769 656 1822 minora
690 1773 1008 1843 majoraque
1032 1790 1130 1843 pro
1159 1776 1393 1830 arbitrio
1433 1777 1716 1846 lubituque
1757 1791 1861 1832 suo
1885 1793 2018 1832 cou-

445 1862 614 1939 ferre,
647 1878 838 1918 verum
878 1867 1044 1920 etiam
1093 1868 1270 1923 Porta:
1318 1870 1527 1926 vezires
1588 1886 1776 1925 ereare
1808 1871 2016 1939 possit;

442 1937 905 2021 quemadmodum
965 1972 1022 2012 et
1085 1975 1249 2027 supra
1289 1963 1655 2025 narravimus.
1726 1960 2017 2016 Osmauem

447 2046 661 2098 bassatn
699 2045 768 2098 ab
801 2049 903 2101 hoc
941 2048 1059 2117 ipso
1096 2047 1383 2116 Mustaplia
1419 2067 1735 2121 supremam
1774 2056 1840 2108 ad
1874 2053 2021 2106 illam

445 2139 764 2204 dignitatem
804 2141 903 2194 hoc
929 2151 1178 2196 evectu-n
1217 2146 1359 2198 bello
1395 2145 1586 2200 fuisse.

514 2229 844 2298 Cumigilur
874 2231 945 2284 ob
999 2236 1161 2289 hasce
1218 2252 1414 2290 causas
1461 2250 1746 2291 vereretur
1797 2239 2023 2292 insidias

446 2336 472 2372 s
498 2321 548 2372 bi
581 2324 740 2384 strui,
776 2325 1064 2392 diligenter
1096 2342 1157 2379 ar.
1189 2341 1402 2381 mature
1457 2330 1558 2383 sibi
1603 2331 1854 2383 cavebat.
1903 2329 2021 2384 Mit-

449 2417 646 2470 iiiuriu
677 2427 857 2471 castra
893 2419 1124 2485 denique
1179 2421 1335 2487 jussu
1389 2419 1614 2478 Muralis
1669 2423 2022 2492 Capizilario-

450 2528 567 2564 tum
609 2510 854 2574 Kihaias,
885 2510 976 2579 qui
1026 2510 1328 2578 ianitorum
1387 2517 1677 2582 pra-lectus
1731 2525 1835 2579 est,
1896 2530 2023 2568 cum

446 2607 569 2668 aliis
601 2606 912 2672 quindecim
946 2605 1280 2673 capizilariis
1309 2607 1427 2660 sive
1479 2608 1834 2676 ianitoribus.
1883 2610 2024 2662 Huic

447 2715 476 2750 a
533 2700 750 2750 sullano
815 2698 1021 2751 Miirale
1069 2698 1299 2751 diversae
1352 2701 1495 2752 data:
1554 2701 1770 2756 lueraul
1832 2701 2025 2756 littera:

446 2787 562 2841 sive
596 2789 868 2848 mandata,
906 2788 1106 2856 quibus
1158 2791 1226 2841 ad
1275 2790 1684 2857 expediiimlum
1745 2793 2022 2861 negotium

445 2881 546 2931 sibi
587 2881 966 2942 commissum,
1005 2889 1167 2948 prout
1201 2884 1369 2934 ferret
1428 2883 1670 2945 occasio,
1731 2887 2024 2951 prudenter

449 2982 715 3024 uteretur.
749 2969 878 3024 Una.-
912 2971 993 3024 sic
1025 2983 1183 3024 erant
1218 2972 1458 3040 scriptio,
1496 2984 1553 3026 ut
1583 2973 1685 3041 ipsi
1723 2974 2025 3041 Mustapha:

447 3079 549 3130 per
600 3065 948 3116 occasionem
990 3062 1129 3115 hanc
1184 3065 1579 3133 strangulando
1634 3065 2016 3120 redderentur.

2133 577 2401 629 minandi.

2203 668 2521 736 Mnstaplias
2547 667 2783 736 denique
2810 666 3346 736 Constantinopolim
3367 667 3399 721 9
3427 669 3516 722 die
3559 684 3714 722 mcu-

2131 762 2207 812 εἰς
2236 760 2764 829 Aprilisingressns,
2819 776 2966 812 anno
3024 756 3147 822 987,
3199 758 3412 828 placato
3464 760 3713 813 nonnihil

2131 855 2349 907 sullauo
2384 854 2679 917 Murate,si
2725 869 2829 905 non
2858 868 2920 906 ex
2975 852 3182 915 animo,
3219 851 3414 905 saltem
3481 867 3577 921 per
3642 853 3714 905 si-

2132 947 2486 999 mulationem
2517 985 2530 1010 ,
2568 962 2699 1000 suos
2736 944 2855 998 illos
2905 944 3177 1009 homines,
3239 945 3582 998 niscbanzini
3653 961 3716 998 ac

2128 1040 2580 1106 deplilerdarmn,
2639 1039 2886 1093 custodia
2951 1038 3166 1091 liberat.
3235 1039 3308 1091 Ac
3366 1039 3714 1090 licetacon-

2132 1142 2324 1198 apcclu
2359 1141 2409 1185 et
2441 1133 2715 1202 colloquio
2747 1133 2946 1186 sultani
2983 1131 3212 1184 Muralis
3252 1141 3556 1191 arceretur,
3594 1141 3713 1183 tan-

2127 1221 2249 1274 dem
2288 1231 2470 1276 tamen
2504 1223 2746 1292 aliquam
2804 1223 3189 1292 largitionibus
3244 1223 3552 1282 immensis.
3593 1235 3714 1289 qua:

2129 1312 2264 1366 nihil
2301 1331 2405 1370 non
2441 1315 2583 1386 apud
2610 1314 2881 1370 Barbaros
2911 1315 3134 1370 eflleere
3167 1322 3424 1384 possunt,
3477 1315 3710 1383 gratiam

2127 1405 2376 1461 redemit.

2201 1498 2258 1552 ln
2287 1498 2406 1568 ejus
2439 1499 2617 1553 locum
2644 1497 2884 1552 diximus
2917 1496 3207 1553 suffectum
3233 1499 3406 1552 luisse
3451 1497 3710 1551 Sinanem

2126 1591 2363 1646 bassam.
2400 1589 2496 1645 llic
2532 1590 2679 1644 enim
2738 1589 2912 1660 prius,
2975 1605 3142 1659 quam
3203 1594 3607 1651 vezirazemes,
3660 1599 3714 1641 et

2127 1697 2416 1750 supremus
2475 1682 2616 1737 bello
2651 1681 2870 1736 Persico
2935 1682 3175 1750 gerendo
3207 1683 3338 1743 dux.
3408 1695 3438 1734 a
3497 1679 3711 1733 Murale

2128 1773 2435 1828 declaratus
2469 1773 2682 1835 fuisset.
2733 1779 2952 1844 quoties
2989 1774 3055 1826 ad
3109 1773 3326 1826 Portant
3389 1789 3570 1828 rerum
3625 1772 3706 1825 in-

2129 1865 2359 1918 leliciter
2393 1867 2658 1920 adversus
2677 1863 2874 1921 Persas
2905 1877 3182 1934 gestarum
3219 1865 3394 1918 nuntii
3437 1865 3711 1929 venirent,

2127 1957 2372 2013 Sinoniis
2403 1959 2615 2012 artibus
2643 1969 2825 2022 utens,
2875 1974 2970 2027 per
3011 1973 3284 2012 summam
3341 1957 3706 2026 arrogantiam

2125 2050 2372 2103 dictitare
2404 2051 2613 2103 solebat
2672 2067 2754 2115 se,
2784 2051 2828 2104 si
2868 2050 2990 2104 belli
3026 2050 3131 2103 dux
3183 2049 3519 2117 amplissima
3579 2064 3705 2102 cum

2127 2144 3258 2213 potestatedesignaretnr,penori-alumni
3324 2144 3404 2198 vel
3452 2146 3519 2196 ad
3579 2144 3706 2197 inti-

2127 2238 2479 2288 mamscachi
2535 2234 2735 2289 l'crsici
2790 2237 2993 2303 regiam
3061 2237 3418 2298 Casminum,
3473 2235 3708 2304 indeque

2125 2341 2306 2394 regem
2332 2328 2511 2379 vivum
2546 2328 2598 2379 in
2629 2337 2955 2394 potestatein
3020 2330 3298 2380 tedaelnm
3351 2328 3566 2380 sultano
3600 2342 3706 2380 suo

2126 2417 2442 2468 miSsnrum.
2474 2418 2539 2468 lli
2596 2417 2815 2470 Sinauis
2853 2419 3029 2472 bassat
3086 2432 3370 2472 Sermones
3415 2433 3539 2471 cum
3591 2418 3706 2471 sul-

2126 2511 2235 2562 tani
2263 2507 2487 2563 Muralis
2519 2509 2583 2562 ad
2612 2526 2774 2564 aures
2826 2510 3239 2578 pervenissent.
3293 2510 3430 2562 adeo
3487 2508 3705 2578 placue-

2124 2614 2270 2660 runt.
2336 2614 2394 2654 iit
2443 2618 2568 2656 eum
2604 2603 2860 2657 sultanus
2912 2617 3109 2672 parare
3160 2618 3219 2656 se
3276 2603 3520 2671 jubcret.
3556 2602 3705 2669 quod

2127 2696 2556 2758 luturumesset,
2627 2697 2700 2748 liti
2774 2711 2990 2749 summo
3055 2710 3180 2748 cum
3242 2695 3471 2764 imperio
3512 2704 3703 2749 contra

2123 2781 2318 2838 Persas
2346 2787 2670 2841 mitteretur.
2708 2789 2875 2839 Sinan
2903 2788 3006 2841 hoc
3039 2802 3145 2841 non
3211 2798 3526 2852 contentus,
3587 2796 3708 2840 tan-

2125 2879 2478 2934 trimi-{licere
2507 2891 2768 2946 μηνίει-«εει
2799 2883 3030 2934 Sullana:
3075 2884 3559 2936 commendatione
3606 2897 3705 2951 po-

2125 2972 2250 3034 tnit,
2287 2981 2344 3023 ut
2408 2971 2646 3025 Munates
2707 2975 2933 3035 diceret,
2977 2974 3249 3042 siquidem
3304 2983 3589 3042 prtcslaret
3650 2974 3705 3026 id

2123 3064 2267 3129 quod
2330 3065 2487 3116 toties
2542 3079 2601 3117 se
2669 3065 3043 3126 pra-stiturum
3107 3067 3426 3133 recepisset,
3479 3067 3707 3120 Omnino

446 3156 646 3208 Altera:
709 3156 911 3207 sidiani
971 3157 1287 3208 mandatum
1345 3159 1721 3221 continebant,
1793 3155 2290 3235 iie_:quact'tiiltll
2331 3170 2389 3208 se
2425 3155 2747 3221 dignitatem
2785 3157 2831 3210 ei
2889 3157 3084 3210 veziris
3144 3157 3372 3218 azemis.
3437 3159 3538 3211 hoc
3599 3167 3738 3225 est,.

449 3247 633 3300 missis
661 3248 727 3298 ab
752 3261 812 3298 se
845 3245 1158 3299 hominibus
1188 3248 1340 3301 hisce
1378 3250 1456 3300 vis
1510 3248 1824 3312 inferretur,
1887 3268 2021 3318 quo-

449 3341 632 3390 minus
659 3338 732 3397 id,
772 3339 915 3404 quod
947 3338 1078 3405 ipsis
1112 3339 1178 3390 ab
1207 3353 1266 3392 se
1307 3339 1613 3408 iujunctum
1656 3353 1818 3405 esset,
1862 3342 2022 3411 372

446 3439 906 3496 exsequerentur.
948 3427 1144 3482 Tertiae
1179 3429 1452 3483 diversam
1487 3431 1556 3484 ab
1587 3433 1832 3500 utrisque
1898 3452 2022 3487 sen-

447 3523 694 3582 tentiain.
740 3524 816 3576 uti
852 3524 1014 3591 paulo
1049 3533 1172 3589 post
1232 3525 1535 3592 apparebit,
1587 3529 2024 3593 complecteban-

447 3626 556 3667 tur.
595 3614 760 3666 Erant
797 3626 974 3668 castra
1014 3613 1312 3682 lin-stapha:
1346 3619 1638 3683 tripertita.
1676 3619 1796 3681 Quo
1822 3618 2020 3673 iactum

450 3719 528 3771 nl,
555 3706 644 3758 ubi
676 3705 901 3758 litbaias
937 3708 988 3757 in
1015 3714 1191 3758 castra
1227 3707 1483 3766 venissrt,
1516 3711 1582 3760 ab
1606 3711 1727 3760 unis
1761 3712 1824 3762 ad
1857 3712 2022 3764 altera

448 3797 718 3864 teiliaqne
767 3797 1004 3850 vicissim
1071 3797 1483 3864 perduceretur,
1545 3815 1642 3853 ιιι-ο
1705 3810 1882 3854 tamen
1971 3805 2022 3856 in

451 3890 748 3956 litasti-plne
781 3889 958 3940 bassm
996 3897 1373 3955 ionspectuin,
1437 3891 1614 3945 varias
1651 3893 1769 3959 ipso
1828 3909 2024 3949 causas

449 3991 800 4051 pra-texetur,
837 3979 1243 4034 admitteretur.
1278 3977 1522 4034 Tanlein
1572 3998 1692 4035 cum
1727 3982 2026 4052 lliustaphzn

449 4074 782 4141 colloquium
831 4072 976 4126 Serio
1039 4081 1309 4142 posceret,
1365 4076 1601 4141 quodam
1661 4091 1690 4128 a
1741 4075 2022 4148 Mustapha

449 4168 726 4235 descripto
785 4164 1016 4228 circulo,
1076 4165 1216 4218 intra
1256 4179 1416 4235 quem
1465 4168 1666 4220 nemini
1715 4168 1907 4223 liceret
1955 4173 2022 4223 ad

452 4263 628 4327 ipsum
664 4255 927 4309 accedere
963 4255 1213 4323 propius.
1264 4271 1327 4308 ex
1367 4257 1648 4309 intervallo
1685 4255 1790 4310 fuit
1824 4259 2024 4314 admis-

453 4368 568 4416 sus,
607 4351 888 4418 dispositis
923 4349 1162 4416 undique
1193 4349 1525 4401 satellitibus
1555 4352 1783 4403 armatis
1811 4365 1824 4401 :
1878 4353 2021 4417 quod

452 4443 836 4513 proculdubio
868 4440 1164 4512 subolcrct,
1224 4439 1486 4508 quidnam
1539 4456 1602 4494 ea
1667 4441 1769 4494 sibi
1821 4442 2021 4510 legatio

2129 3246 2371 3312 Supremi
2414 3246 2716 3300 consiliarii
2751 3247 2949 3312 Portac,
2975 3262 3391 3303 concessurum.

2199 3335 2562 3404 l'osteaquaiii
2631 3353 2763 3407 ergo
2818 3339 3346 3408 Cutis-tantinepoliin
3392 3341 3708 3410 Mustaphas

2127 3426 2606 3496 appulissetdief)
2666 3431 2872 3483 mensis
2929 3431 3176 3499 Aprilis,
3245 3432 3320 3485 uti
3364 3432 3570 3486 dictum
3621 3445 3706 3486 est

2126 3535 2316 3588 supra,
2371 3520 2540 3573 Sanan
2582 3521 2774 3574 eodem
2817 3522 2997 3575 adhuc
3029 3537 3214 3578 mense
3277 3537 3466 3578 contra
3511 3523 3708 3579 Pet‘SaS

2126 3611 2206 3665 ire
2264 3613 2455 3679 jussus
2518 3611 2640 3665 luit.
2696 3611 2891 3666 Nullus
2967 3613 3016 3666 id
3076 3616 3340 3684 temporis
3399 3618 3702 3672 Osmanica:

2125 3705 2299 3757 Porta:
2332 3705 2693 3758 vezirazemes
2723 3714 2863 3771 erat,
2925 3706 3202 3761 exstincto
3228 3707 3490 3761 nimirum
3556 3710 3703 3762 Aeli-

2126 3808 2270 3848 mete
2305 3797 2486 3857 bassa,
2536 3797 2626 3866 qui
2658 3799 2844 3850 occiso
2881 3797 3026 3850 domi
3067 3814 3180 3852 sua
3216 3814 3243 3850 a
3271 3798 3512 3854 dei-visio
3563 3816 3705 3870 quo-

2126 3887 2250 3940 dam
2280 3885 2600 3940 Illi-chemeti
2627 3888 2822 3955 bassae,
2851 3889 3313 3958 quemadmodum
3365 3901 3524 3945 antea
3576 3910 3698 3946 nar-

2125 3981 2404 4039 ravimus.
2462 3989 2844 4046 successerat,
2906 3982 3208 4051 paucisque
3262 3985 3540 4036 mensibus
3604 3984 3706 4037 hoc

2127 4072 2303 4123 fuerat
2339 4069 2524 4124 officio
2565 4069 2811 4125 functus.
2877 4070 3170 4126 Vacaiitcni
3244 4075 3699 4128 rezirazemalum

2125 4159 2439 4228 llustaphas
2499 4163 2656 4214 bassa
2715 4177 2822 4215 non
2879 4170 3089 4216 tantum
3139 4165 3444 4229 ambiebat,
3515 4183 3700 4219 verum

2122 4255 2285 4306 etiam
2322 4269 2418 4320 spe
2457 4269 2624 4324 ιιι-ονε
2656 4265 2802 4308 certa
2835 4255 2936 4308 sibi
3000 4255 3362 4323 pollicebatur
3402 4276 3415 4310 :
3479 4260 3697 4324 partim,

2123 4346 2266 4413 quod
2295 4346 2438 4399 inter
2464 4347 2671 4401 vezires
2696 4349 2887 4402 ordine
2916 4348 3200 4417 proximus
3231 4359 3382 4402 esset
3439 4351 3508 4403 ab
3559 4350 3702 4402 Aeb-

2126 4449 2266 4490 mete
2330 4439 2487 4492 bassa
2536 4441 2892 4501 vczirazeme.
2945 4456 3120 4508 nuper
3179 4452 3430 4504 mortuo;
3480 4445 3701 4510 partim,

453 4539 634 4590 vellet.
670 4537 741 4588 lix
776 4535 945 4587 altera
997 4545 1148 4601 parte
1181 4533 1621 4600 capirilarioruin
1682 4534 1910 4587 Kihaias
1964 4546 2018 4588 et
2053 4519 2269 4598 unnd
2322 4535 2498 4588 astatis
2567 4544 2712 4588 esset
2772 4534 3161 4601 provectioris,
3228 4535 3703 4602 humanarumque

457 4631 572 4698 ipse
601 4627 899 4694 Μιιδιδιιιιω
927 4633 1159 4677 mentem
1191 4623 1656 4688 animadvertetis,
1707 4624 2021 4677 mandatum

455 4724 668 4775 tertium
713 4719 938 4787 piol'crt,
990 4733 1098 4786 quo
1153 4717 1490 4769 nisehanziin
1544 4715 1882 4785 Muslaphte,
1929 4718 2023 4787 qui

451 4825 640 4866 nostro
679 4810 942 4864 vocabulo
968 4809 1330 4862 cancellarins
1353 4821 1453 4868 t'Sl,
1480 4823 1542 4859 ac
1566 4808 2023 4875 depliterdarum,

450 4906 541 4974 qui
567 4903 845 4956 rationalis
883 4909 937 4954 ct
966 4909 1221 4969 quastur,
1266 4900 1484 4952 nomine
1524 4900 1726 4950 sultani
1793 4898 2024 4952 Muralis

453 4998 557 5050 sibi
596 4995 718 5048 dedi
749 4993 1077 5062 pustulabat.
1107 4993 1181 5044 lbi
1228 5002 1341 5043 tum
1383 4994 1611 5044 mirilice
1677 4995 2027 5060 tergiversari

457 5088 788 5157 llustaphas,
845 5096 898 5138 ct
962 5085 1303 5138 Cretensium
1359 5085 1504 5151 (qua:
1557 5087 1776 5153 vocant)
1829 5085 2026 5154 effugia

456 5193 720 5248 qua-rere.
742 5174 848 5230 Sed
873 5191 998 5230 cum
1054 5175 1255 5228 acriter
1317 5189 1624 5243 urgeretur,
1680 5186 1735 5230 et
1783 5177 1928 5231 aliud
1971 5179 2026 5230 in

458 5276 558 5324 hoc
594 5283 835 5337 tempore
859 5269 1068 5321 nullum
1103 5267 1230 5321 huic
1267 5268 1340 5321 rei
1381 5269 1679 5322 remedium
1738 5270 2027 5332 inveniret,

458 5368 556 5417 hac
589 5362 900 5415 conditione
927 5358 1323 5412 deditntunioe
1359 5376 1490 5414 suos
1536 5361 1829 5428 promittit,
1883 5364 1928 5413 si
1961 5363 2030 5415 de

457 5456 700 5522 ipsorum
725 5463 844 5504 rita:
884 5449 1259 5504 incolumitate
1319 5463 1620 5506 caveretur.
1672 5454 1789 5516 Qua
1840 5456 2027 5506 Cotidi-

459 5548 606 5599 tioi'ic
643 5545 901 5604 admissa,
935 5542 1102 5594 dediti
1144 5553 1196 5595 et
1233 5541 1762 5612 Constantinopolim
1810 5546 2029 5598 abducti

461 5642 679 5690 luerunt
706 5638 889 5700 ambo,
922 5647 976 5689 et
1006 5635 1058 5688 in
1085 5634 1386 5690 Jadiculam
1414 5639 1528 5691 sive
1553 5652 1759 5704 septeni
1793 5649 1896 5690 lari
1917 5643 2028 5690 iuni

458 5744 664 5792 att-em,
698 5730 880 5794 inqua
905 5728 1099 5779 stillanti
1130 5726 1598 5781 Musulmanorum
1648 5730 1891 5780 thesauri
1945 5743 2030 5780 re-

463 5820 620 5874 condi
645 5818 843 5884 Solent,
868 5819 1104 5874 inclusi:
1144 5820 1285 5874 velut
1336 5821 1534 5872 ibidem
1586 5821 1845 5889 singulari
1906 5836 2029 5871 tum

2129 4625 2335 4692 pariter
2393 4641 2457 4677 ae
2516 4626 2830 4677 bellicarum
2889 4641 3070 4678 rerum
3136 4628 3433 4680 maximum
3480 4628 3704 4680 haberet

2130 4730 2313 4768 usum.
2351 4715 2454 4767 Sed
2479 4717 2580 4767 ista
2607 4731 2732 4783 spes
2762 4716 3033 4768 hominem
3067 4717 3226 4782 plane
3255 4716 3465 4770 fefellit.
3490 4719 3703 4786 Quippe

2129 4809 2375 4862 sulianus
2436 4807 2672 4860 Ilurates
2742 4808 2930 4860 Sinani
2983 4809 3156 4862 bassa:
3228 4809 3701 4874 Constantinopoli

2131 4905 2465 4969 protectura.
2501 4916 2597 4968 prl‘
2649 4899 3101 4968 (Zapizilai'iorum
3173 4898 3422 4953 Kiltaiam
3465 4901 3702 4969 sigillum

2129 5009 2288 5044 suum
2310 4991 2608 5059 imperiale,
2639 5006 2763 5044 cum
2792 4991 3059 5060 dignitate
3083 4991 3282 5046 velit-is
3310 4992 3515 5045 azemis
3543 5029 3556 5053 .
3603 5008 3652 5060 μ
3671 5011 3701 5045 o

2131 5098 2280 5135 more
2303 5083 2474 5136 misit.

2201 5174 2442 5228 Discedit
2498 5189 2629 5242 ergo
2694 5175 2864 5230 Sinan
2922 5175 2990 5230 ab
3048 5175 3182 5229 mbe
3240 5176 3309 5228 25
3353 5176 3440 5229 die
3502 5177 3705 5229 mensis

2132 5270 2355 5341 Aprilis,
2425 5285 2549 5320 cum
2603 5267 2827 5324 Muniis
2904 5284 3121 5322 manum
3178 5271 3504 5331 osenlatus.
3559 5269 3704 5334 quod

2133 5365 2498 5415 valellte-entes
2552 5360 2731 5414 facere
2777 5361 2994 5423 solent,
3037 5361 3263 5413 acinace
3320 5361 3500 5427 magni
3547 5358 3705 5426 pretii

2133 5452 2347 5505 cinctus
2400 5455 2467 5504 ab
2525 5468 2592 5505 eo
2657 5451 2884 5515 luisset,
2958 5452 3325 5518 vexillumque
3385 5450 3702 5518 praetorium

2134 5561 2256 5596 cum
2279 5559 2421 5614 equo
2451 5562 2719 5612 generoso
2747 5547 3064 5614 :lCt‘cpiSSCI.
3094 5545 3172 5596 Ad
3208 5560 3332 5597 eum
3364 5559 3428 5596 ex
3455 5543 3703 5597 Anatolia

2137 5645 2245 5688 tota
2313 5652 2517 5704 llaaSllll
2588 5639 2899 5690 conﬂuxere
2959 5636 3192 5688 militum
3238 5634 3448 5702 copiie,
3505 5634 3706 5687 Tataro

2135 5744 2348 5795 quoque
2381 5744 2517 5782 nova
2554 5729 2798 5782 subsidia
2849 5738 3096 5796 parante.

2205 5820 2529 5889 Quanquam
2561 5838 2688 5875 vero
2723 5820 2915 5876 melius
2944 5819 3549 5875 administrarebellum
3601 5815 3705 5872 hoc
