4212 6288
395 386 501 448 689

1504 388 1879 448 SITPl‘lEM.
1929 385 2156 444 ANNAI
2185 434 2197 445 .
2237 385 2530 446 Tl.'Rf‘.l(‘..

3538 374 3641 434 ϐδῆ

399 513 650 581 cupiebat
696 515 866 569 Siuan
904 516 1088 576 bassa,
1121 528 1286 580 quam
1350 512 1556 566 factum
1596 529 1623 564 δι
1683 509 1961 580 Mustaplta
1996 507 2222 564 Aextra
2263 512 2554 560 Sirvauum
2617 506 2789 570 posita
2853 504 2966 558 lora
3034 499 3416 563 territoriaque
3465 495 3638 548 relin-

400 605 614 672 luisset,
690 616 872 661 tamen
919 615 1140 673 prolitcr
1187 606 1599 672 absumptorum
1648 604 1824 656 inedia
1874 618 1966 671 pc-

400 706 593 766 steque
626 699 856 752 militum
891 698 1239 766 paucitatem,
1269 696 1402 749 nihil
1429 694 1725 749 admodum
1753 709 1962 746 memo-

399 790 477 842 ria
512 791 734 858 dignum
775 792 994 843 eflicere
1033 789 1227 857 potuit,
1261 788 1362 842 nisi
1401 790 1542 854 quod
1593 788 1645 841 in
1702 787 1963 853 Georgia-

404 898 599 935 noz'um
645 883 908 937 limitilms
957 883 1096 936 duos
1158 882 1529 954 beglerbegos.
1581 897 1704 935 cum
1755 880 1970 936 duobus

399 973 810 1042 alephterdaris.
877 975 1180 1034 consuluit.
1237 973 1442 1027 alteros
1500 973 1566 1026 ad
1613 971 1970 1037 Sochumam,

400 1069 602 1121 alteros
652 1069 718 1119 ad
765 1067 1039 1121 Batiuum.
1086 1064 1160 1119 Ea
1221 1066 1504 1120 civitatum
1560 1065 1614 1118 in
1651 1065 1717 1120 iis
1773 1067 1971 1120 finibus

401 1160 619 1214 nomina
648 1171 796 1214 sunt.
831 1160 1252 1229 Beglerbegatus
1278 1169 1457 1214 tamen
1496 1159 1572 1214 illi
1606 1175 1712 1214 non
1769 1175 1972 1227 magno

400 1250 703 1303 mstimandi
751 1249 1001 1304 veniunt.
1058 1248 1247 1304 Plures
1307 1251 1562 1305 nimirum
1625 1251 1678 1304 in
1721 1251 1785 1304 iis
1838 1250 1973 1303 locis

403 1341 699 1395 limitaueis
730 1341 1140 1410 heglerhegatus
1183 1342 1417 1396 instituti
1449 1343 1622 1404 fuere.
1652 1358 1812 1412 quam
1849 1358 1974 1396 san-

404 1433 670 1500 giacatus.
719 1433 863 1487 ldcm
902 1434 1066 1489 Sinan
1120 1436 1302 1499 bassa,
1361 1449 1486 1489 cum
1539 1436 1833 1504 aliquando
1893 1451 1976 1489 rc-

401 1527 617 1594 gionem
665 1525 1089 1596 Curgginorum,
1134 1527 1184 1580 id
1246 1537 1330 1582 est
1377 1527 1833 1599 Gecrgianorum,
1893 1527 1975 1581 in-

401 1633 692 1684 gressurus
715 1627 881 1680 esset,
912 1634 1133 1686 gravem
1201 1635 1424 1672 suorum
1457 1620 1665 1675 cladem
1718 1631 1974 1688 expertus

403 1708 527 1768 l'uit,
561 1709 745 1761 nmltis
781 1708 978 1762 ibidem
1015 1711 1282 1764 machinis
1307 1711 1469 1764 etiam
1499 1711 1711 1766 bellicis
1748 1712 1972 1766 relictis.

403 1799 468 1853 Et
497 1802 603 1854 alio
631 1810 896 1871 tempore,
935 1817 1058 1857 cum
1087 1803 1432 1873 'l‘ipblisium,
1463 1805 1608 1875 quod
1633 1808 1700 1860 ab
1729 1806 1974 1860 hostibus

405 1892 779 1960 obsidebatur,
811 1895 1099 1950 auxiliares
1140 1898 1327 1966 copias
1363 1908 1525 1966 atque
1550 1898 1812 1966 pecunias
1840 1899 1966 1952 mit-

410 1995 568 2049 teret,
611 1994 763 2040 tanto
787 2002 910 2041 cum
959 1988 1164 2057 impetu
1220 2005 1248 2043 a
1307 1988 1488 2044 Persis
1546 1998 1600 2044 et
1651 1990 2019 2057 Gcorgiauis'

406 2077 632 2132 invasos
667 2076 768 2133 fuit
813 2079 982 2148 ipsius
1035 2080 1329 2145 exercitus,
1394 2091 1446 2135 ut
1507 2083 1762 2137 omnibus
1813 2087 1973 2138 rebus

407 2171 645 2235 amissis,
675 2185 841 2240 prope
877 2172 1058 2226 nullus
1086 2187 1150 2227 ex
1181 2173 1262 2228 eis
1320 2173 1503 2228 salvus
1558 2179 1622 2228 ad
1655 2187 1832 2230 castra
1885 2177 1971 2230 Si-

408 2263 564 2314 nauis
593 2273 978 2318 reverteretur.
1026 2263 1145 2330 Quo
1205 2264 1428 2326 factum.
1494 2279 1550 2321 ut
1585 2269 1726 2322 intra
1765 2267 1974 2339 Tiphli-

404 2352 545 2406 sium
578 2353 781 2408 obsessi
809 2352 973 2408 Turci
1008 2357 1126 2409 dira
1188 2355 1355 2417 fame.
1423 2358 1652 2427 gustatis
1685 2363 1844 2414 etiam
1881 2376 1973 2414 (ιιι

404 2460 534 2500 num
568 2447 914 2513 muriamque
946 2450 1226 2514 carnibus,
1261 2453 1760 2521 exstinguerentur.

475 2538 637 2609 373
666 2541 758 2594 Die
781 2551 976 2607 quarto
1003 2543 1204 2597 mensis
1234 2544 1486 2611 Augusti,
1509 2559 1655 2598 anno
1684 2543 1788 2599 987
1815 2543 1968 2616 (Chr.

406 2629 589 2697 1580),
625 2629 1161 2704 Constantinopolim
1214 2635 1357 2690 venit
1388 2652 1418 2690 τι
1493 2638 1698 2691 scacho
1753 2637 1974 2693 Persico

403 2722 605 2776 uissus
632 2734 836 2788 orator,
874 2725 1135 2780 Maxudcs
1165 2725 1330 2792 chan,
1362 2728 1454 2797 qui
1479 2729 1620 2798 regis
1644 2730 1728 2783 sui
1755 2731 1974 2784 numine

405 2815 624 2868 sultano
654 2813 848 2868 Murati
906 2818 1294 2884 componendae
1350 2821 1500 2886 paris
1551 2830 1744 2872 auctor
1801 2831 1970 2876 esset.

404 2901 688 2973 Magniﬁce
729 2921 758 2958 a
794 2904 1076 2975 Mustapha
1105 2909 1261 2964 bassa
1291 2919 1344 2964 et
1375 2911 1496 2964 aliis
1522 2908 1700 2966 Porta:
1729 2913 1973 2983 proceri-

407 2993 512 3050 bus
535 3009 797 3064 exceptus
826 2997 947 3052 fuit.

482 3086 732 3159 Ejusdem
772 3090 974 3146 mensis
1013 3090 1102 3146 die
1143 3102 1300 3148 sexto
1363 3095 1598 3148 moritur
1659 3093 1972 3164 Mustapbas

2072 612 2318 669 querent.
2345 599 2543 668 quibus
2587 600 2686 650 hoe
2712 596 2854 649 bello
2885 597 3061 649 cultros
3095 595 3189 660 (ita
3229 592 3371 657 loqtti
3435 590 3638 647 selenﬁ

2071 711 2247 762 equus
2282 693 2577 761 Mustanhm
2610 691 2786 744 liassre.
2833 703 2958 742 suas
2993 686 3386 754 itnpressissvt.
3424 683 3478 738 Id
3517 700 3641 741 vero

2073 805 2352 856 nunquam
2390 785 2584 839 facturi
2654 787 2906 837 videntur
2967 780 3169 840 Persae,
3222 779 3314 846 qui
3372 779 3470 829 hac.
3529 777 3641 840 lege.

2071 881 2396 937 dicuutillis
2428 895 2484 933 se
2541 880 2679 932 locis
2737 893 2995 931 cessuros
3042 874 3350 929 Osmaniea:
3397 871 3638 926 familiar.

2051 976 2336 1044 siquidem
2369 991 2428 1027 ea
2453 973 2618 1025 Turci
2655 983 2762 1024 tam
2792 971 2959 1023 armis
2988 969 3041 1021 in
3107 971 3427 1037 potestatem
3495 965 3640 1022 redi-

2074 1084 2219 1135 gere,
2253 1082 2413 1135 quam
2447 1065 2625 1136 gladio
2665 1065 2804 1118 tueri
2839 1078 2900 1116 ac
2930 1062 3166 1116 retinere
3201 1060 3435 1128 possint.
3489 1057 3635 1114 Prat-

2076 1172 2158 1213 ter
2188 1161 2343 1212 hanc.
2377 1159 2580 1212 nullam
2604 1172 2662 1211 se
2689 1157 2838 1224 paris
2885 1155 3047 1208 aliam
3073 1155 3244 1222 legem
3277 1150 3640 1208 admissuros.

2075 1251 2367 1318 aliquoties
2397 1265 2653 1315 expresse
2682 1247 3098 1300 denuntiarunt.
3153 1245 3420 1300 (Ia-ternm
3452 1244 3636 1296 Maxu-

2075 1341 2172 1394 des
2206 1339 2294 1392 ille
2321 1339 2458 1392 cltan
2492 1338 2763 1404 legatione
2793 1351 2889 1390 sua
2947 1334 3260 1393 defunctus.
3286 1341 3339 1386 et
3367 1333 3431 1386 ad
3495 1332 3640 1398 prin-

2075 1430 2247 1499 cipem
2281 1446 2440 1485 suum
2470 1446 2746 1494 reversus,
2777 1429 3057 1496 aliquanto
3095 1438 3219 1497 post
3247 1426 3639 1496 perduellionis

2077 1525 2287 1579 crimen
2319 1523 2568 1587 incurrit,
2606 1532 2662 1576 et
2703 1524 2835 1576 hero
2877 1537 2978 1574 suo
3008 1522 3244 1583 deserto,
3295 1518 3522 1572 Muralis
3585 1534 3642 1572 se

2079 1617 2197 1669 ﬁdei
2231 1616 2498 1685 permisit,
2534 1613 2929 1682 Ferhatemque
2991 1614 3209 1666 bassam
3271 1611 3529 1679 deinceps
3571 1611 3636 1664 ad

2081 1707 2280 1760 bellum
2335 1706 2611 1761 Persicum
2659 1705 3089 1774 proﬁciscentem
3149 1714 3372 1758 secutus
3413 1713 3518 1763 est,
3581 1713 3641 1756 ut

2083 1797 2317 1864 aliquem
2353 1795 2598 1852 nancisci
2651 1795 3025 1864 sangiacatum
3055 1795 3107 1850 in
3153 1793 3260 1848 illis
3289 1793 3486 1848 linihus
3513 1807 3639 1862 pos-

2076 1901 2177 1942 δεῖ.

2148 1986 2306 2040 Anno
2335 1985 2438 2041 988
2458 1986 2610 2056 (Chr.
2637 1987 2818 2054 l58l),
2865 1986 2994 2039 nihil
3027 1983 3137 2039 fere
3167 1989 3379 2053 gestum
3432 1994 3642 2034 memo-

2079 2080 2272 2143 rabile,
2309 2091 2530 2150 propter
2555 2090 2854 2136 extremam
2884 2080 2937 2134 in
3001 2078 3271 2134 limitibus
3324 2085 3377 2130 et
3442 2075 3640 2130 castris

2078 2172 2318 2242 inopiam
2343 2190 2358 2237 ;
2387 2174 2520 2242 ipsis
2544 2174 2706 2229 etiam
2737 2173 3001 2228 militibus
3030 2171 3098 2226 ab
3129 2172 3231 2226 hoc
3254 2170 3393 2225 bello
3416 2184 3642 2238 prorsus

2076 2265 2288 2328 alienis,
2330 2273 2383 2319 et
2409 2281 2737 2336 quacunque
2785 2264 2998 2320 ratione
3051 2273 3372 2334 possent,se
3427 2262 3640 2317 subdu-

2077 2360 2355 2420 ceutibus,
2386 2357 2557 2413 Sinan
2590 2371 2808 2428 quoque
2845 2358 3004 2413 loassa
3035 2357 3157 2411 belli
3183 2365 3470 2426 pertresus.
3490 2354 3636 2424 quod

2077 2451 2231 2504 nullo
2265 2463 2386 2504 cum
2417 2449 2593 2503 fructu
2620 2458 2924 2519 gereretur,
2989 2457 3043 2503 et
3093 2449 3272 2503 redire
3327 2448 3644 2503 Cotistauti-

2078 2542 2320 2610 nopolim
2372 2543 2623 2611 cupiens,
2688 2541 2778 2596 ubi
2837 2540 3046 2606 majora
3089 2540 3158 2595 de
3215 2541 3644 2594 vcziiazematue

2073 2634 2252 2690 ollicio
2274 2636 2560 2689 commoda
2596 2642 2948 2703 percepturus
2983 2639 3150 2696 esset,
3179 2639 3235 2684 ut
3275 2640 3390 2684 erat
3423 2633 3644 2700 ingenio

2075 2728 2284 2796 sagaci,
2314 2742 2418 2782 non
2449 2727 2653 2782 bellum
2689 2735 2883 2780 contra
2917 2723 3140 2779 Persam
3179 2725 3642 2788 continuandum,

2075 2816 2168 2872 sed
2199 2832 2387 2888 pacem
2422 2818 2600 2888 aliqua
2635 2819 2842 2872 ratione
2880 2817 3068 2872 statuit
3110 2815 3434 2872 iucundam.
3471 2817 3540 2873 Ea
3577 2819 3643 2873 de

2075 2922 2242 2963 causa
2277 2909 2465 2964 missis
2493 2909 2557 2963 ad
2584 2923 2763 2977 regem
2797 2909 3086 2964 Persarum
3130 2907 3343 2964 Zausiis
3369 2919 3530 2981 atque
3563 2911 3649 2964 lit-

2077 3003 2229 3065 teris,
2267 3002 2560 3071 signiﬁcat,
2611 3002 2879 3070 siquidem
2916 3017 3017 3058 suo
3043 3016 3166 3057 cum
3229 3003 3480 3072 principe
3549 3020 3646 3073 pao

2076 3111 2194 3153 cem
2231 3097 2411 3152 facere
2433 3096 2615 3162 vellet,
2652 3097 2890 3164 legatum
2955 3095 3118 3152 modo
3177 3097 3523 3164 prudentem,
3592 3109 3647 3152 et

414 3183 597 3244 bassa,
629 3197 751 3236 cum
787 3183 949 3238 biduo
971 3183 1236 3239 duntaxat
1269 3193 1426 3240 antea
1483 3188 1729 3241 morbum
1759 3197 1974 3242 contra-
2003 3194 2044 3248 (ζ
2078 3187 2425 3242 auctoritatis
2449 3189 2684 3253 eximiae,
2723 3195 2982 3256 tantoque
3001 3189 3220 3259 negotio
3253 3205 3462 3256 parem,
3496 3192 3643 3246 able-

415 3276 584 3329 xisset
606 3290 670 3328 ex
699 3290 792 3326 esu
823 3275 1240 3344 tuelnpeponum
1272 3280 1538 3342 aridiore,
1590 3281 1791 3349 quibus
1820 3296 1977 3349 aqua

410 3381 638 3421 sacrare
668 3368 848 3421 dilutae
875 3365 1094 3435 (Turcis
1124 3383 1185 3422 ca
1217 3367 1490 3423 Zerbetum
1516 3369 1738 3440 dicitur)
1765 3373 1974 3438 copiam

414 3460 701 3528 largiorem
783 3458 1248 3529 superinfuderat.
1329 3463 1609 3532 Plerisque
1686 3466 1977 3532 putabatur

413 3552 644 3621 ipsemet
665 3551 770 3608 sibi
825 3562 1052 3608 murtem
1107 3553 1383 3620 attulisse,
1439 3565 1662 3626 sumpto
1720 3566 1977 3627 praeterea

412 3661 645 3708 veneno,
679 3653 824 3700 metu
861 3647 1150 3716 supplicii;
1187 3649 1332 3718 quod
1392 3659 1695 3714 vereretur,
1743 3666 1810 3703 ne
1835 3652 1982 3720 prio-

413 3754 501 3790 res
530 3739 594 3790 a.l
621 3751 839 3802 causas,
878 3739 946 3792 ob
980 3755 1116 3807 quas
1144 3740 1342 3794 sult:mi
1389 3739 1618 3796 Muratis
1649 3742 1977 3810 indignatio-

413 3841 538 3881 nem
570 3827 894 3892 incurrerat,
944 3830 1239 3883 accedente
1284 3829 1489 3886 Persiei
1533 3835 1768 3887 oratoris
1815 3851 1976 3887 :tCt‘tt-

415 3917 646 3974 satioue,
671 3917 737 3971 de
768 3919 1078 3986 suppressis
1119 3918 1328 3988 aliquot
1367 3922 1508 3990 regis
1543 3923 1623 3976 sui
1692 3924 1978 3992 legationi--

416 4009 759 4074 hus,magua
787 4026 907 4062 cum
971 4010 1192 4065 infamia
1258 4013 1378 4068 vita:
1426 4016 1724 4083 perit-olunt
1786 4019 1978 4072 adiret.

413 4100 682 4156 Constans
707 4102 928 4170 quidem
965 4102 1015 4155 id
1049 4106 1313 4174 temporis
1344 4117 1463 4160 erat
1505 4109 1647 4162 fama
1705 4125 1798 4175 per
1856 4113 1978 4163 imi-

417 4211 626 4248 versam
655 4195 1211 4266 Constantinopolim,
1266 4198 1533 4260 futurum,
1565 4210 1624 4255 ut
1669 4204 1981 4272 strangula-

418 4297 590 4341 retur.
618 4285 924 4342 Facultates
956 4291 1155 4341 mortui
1183 4290 1314 4343 fisco
1371 4289 1594 4344 fuerunt
1636 4293 1819 4354 illane,
1857 4309 1982 4362 por—

416 4381 562 4434 tione
593 4379 826 4447 quadam
857 4380 1147 4448 nepotibus
1184 4380 1394 4446 relicta,
1460 4383 1551 4451 qui
1614 4391 1746 4438 tuac
1803 4388 1981 4439 adhuc

419 4469 729 4536 impuberes
756 4470 822 4522 ad
864 4468 1038 4524 Perire
1097 4469 1400 4524 ministeria
1440 4473 1670 4527 traducti
1735 4472 1975 4526 fuerunt.

416 4560 556 4614 Olim
612 4561 860 4616 sultauus
914 4561 1142 4616 Selimes
1185 4562 1464 4617 secundus
1521 4579 1588 4617 co
1644 4574 1978 4633 pra'ceptorc

419 4653 594 4706 fuerat
619 4667 769 4705 usus.
797 4650 921 4705 Inde
951 4670 1073 4705 cum
1110 4654 1280 4720 beglei
1300 4654 1466 4721 hegus
1487 4654 1764 4706 Caireusis
1801 4654 1979 4707 factus

417 4753 584 4804 esset.
617 4760 805 4812 parum
852 4742 1046 4808 abfuit,
1103 4746 1398 4814 quominus
1453 4746 1610 4814 jussu
1648 4744 1867 4797 Si-limis
1901 4745 1982 4797 iu-

419 4834 780 4894 terfireretur.
817 4833 1022 4905 Dignus
1081 4837 1324 4901 otnnino,
1360 4836 1452 4904 qui
1498 4837 1716 4890 sibimet
1767 4836 1980 4888 tandem

420 4930 572 4981 fieret
602 4926 864 4986 carnifex.
893 4929 961 4981 ob
987 4930 1309 4990 exi-rcitato,
1341 4939 1498 4996 capta
1530 4926 1884 4995 Fauiagusta,
1924 4927 1978 4979 in

420 5015 785 5081 llragadinum
810 5027 865 5070 et
894 5016 1030 5070 alios
1052 5018 1358 5086 perlidiam,
1398 5031 1463 5071 ac
1501 5018 1794 5071 belluiuam
1820 5032 1979 5087 pror-

420 5124 512 5162 sus
529 5107 944 5163 immanitatem.

492 5198 587 5253 Die
617 5199 832 5254 decimo
883 5200 1115 5264 septimo
1147 5199 1350 5253 mensis
1405 5200 1654 5267 Augusti,
1722 5213 1982 5253 concessa

420 5291 739 5346 fuitoratori
777 5292 996 5347 Persico
1031 5293 1316 5360 legationis
1349 5294 1682 5360 exponenda:
1710 5289 1939 5345 facultas
1968 5310 1983 5358 ;

419 5398 543 5452 qua:
576 5383 700 5436 licet
727 5384 795 5437 ab
821 5383 980 5436 initio
1008 5399 1102 5453 per
1123 5398 1241 5436 esse
1300 5393 1450 5450 grata
1507 5384 1726 5435 sultauo
1783 5383 1980 5436 Murali

422 5477 719 5540 videretur,
759 5476 908 5529 omni
968 5487 1148 5528 tamen
1208 5477 1382 5526 frm-tu
1440 5476 1632 5526 ςιιιίιὶι.
1679 5476 1984 5538 Quominus

421 5569 564 5623 enim
591 5585 692 5637 pax
727 5569 875 5621 coire
910 5577 1113 5637 posset,
1139 5569 1249 5619 iure
1280 5579 1393 5621 erat
1425 5583 1585 5620 causa
1614 5608 1627 5629 ,
1687 5570 1827 5634 quod
1860 5585 1979 5620 eam

422 5660 696 5714 Osutattici
734 5662 972 5712 tuaxinto
1007 5677 1128 5712 cum
1162 5676 1258 5710 suo
1284 5662 1592 5722 Commodo,
1658 5658 1979 5713 Pcrsaruntv

424 5768 528 5821 que
565 5753 909 5815 detrimento,
942 5751 1116 5804 facere
1167 5751 1365 5805 scilent
1399 5767 1416 5814 ;
1460 5752 1714 5804 tinnirum
1747 5751 1981 5804 utiPcr-

427 5858 499 5898 sar.
525 5843 718 5899 Turcis
750 5843 930 5896 omnia
953 5854 1057 5897 tam
1093 5841 1324 5896 Silvano
1377 5843 1792 5915 comprehensa,
1823 5860 1982 5912 quam

2079 3287 2272 3350 garct:
2318 3279 2390 3333 ita
2425 3280 2666 3334 futurum
2724 3278 2866 3332 haud
2897 3280 3081 3343 dubie,
3142 3281 3371 3336 feliciter
3416 3282 3490 3336 uti
3543 3298 3647 3351 pax

2079 3373 2214 3425 inter
2253 3379 2515 3440 utrosque
2535 3371 2916 3434 conficeretur,
2950 3381 3173 3425 etarma
3215 3372 3279 3425 de
3295 3384 3646 3442 ponerentur.

2078 3461 2286 3514 Interea
2328 3477 2454 3514 vero
2503 3462 2811 3532 pangendas
2883 3462 3170 3526 inducias,
3223 3479 3342 3534 qua:
3395 3467 3648 3524 uti-inqua.

2079 3550 2222 3602 bona
2275 3549 2376 3602 fide
2428 3560 2801 3604 servarentur.
2887 3549 3060 3605 Simul
3123 3553 3188 3605 ad
3240 3559 3648 3621 componendas

2077 3639 2249 3707 mqnis
2284 3639 2494 3709 legibus
2525 3640 2836 3695 discordias
2877 3655 3040 3695 omne
3100 3643 3344 3697 studium
3398 3659 3643 3712 operant-

2079 3746 2186 3801 que
2220 3747 2373 3787 suam
2410 3733 2785 3802 pollicebatur.
2825 3733 2936 3788 Non
2969 3734 3178 3804 ingrata
3200 3737 3401 3792 scacbo
3425 3737 3647 3793 Persico

2081 3824 2228 3893 pacis
2257 3840 2318 3878 ea
2347 3826 2550 3877 mentio
2577 3825 2697 3892 fuit,
2761 3825 2991 3895 ideoque
3057 3844 3179 3882 mox
3252 3831 3536 3884 concessis
3593 3841 3648 3884 et

2081 3917 2395 3985 approbatis
2425 3917 2679 3977 imluciis,
2722 3931 2996 3972 oratorem
3039 3937 3096 3973 se
3130 3923 3451 3985 missurum,
3479 3939 3643 3978 causa

2085 4010 2236 4078 prius
2265 4007 2586 4072 deliberata,
2619 4011 2922 4076 responiit.
2987 4009 3082 4062 llis
3139 4013 3401 4079 perfectis
3458 4015 3645 4077 rebus,

2083 4107 2260 4153 castra
2281 4099 2446 4154 Siuan
2475 4101 2630 4155 bassa
2684 4102 2965 4169 relinquit.
2999 4112 3053 4155 et
3114 4103 3644 4172 Constantinopoliin

2085 4188 2382 4258 profectus.
2417 4191 2520 4244 sub
2549 4190 2786 4244 medium
2814 4206 3054 4245 recusent
3111 4190 3314 4246 .lulium
3376 4193 3646 4257 exquisita

2083 4300 2202 4338 cum
2237 4300 2454 4354 pompa.
2488 4284 2888 4352 prodeuntibus
2940 4285 3156 4340 obviam
3223 4285 3402 4342 Porta:
3462 4303 3650 4356 prore-

2085 4379 2255 4437 ribtts,
2277 4378 2459 4429 urbem
2497 4377 2816 4444 ingreditur.

2156 4471 2318 4522 Initio
2347 4468 2511 4533 veris,
2544 4484 2688 4523 anno
2723 4470 2970 4537 sequenti
3007 4470 3111 4525 989
3152 4471 3307 4541 (Chr.
3340 4471 3526 4536 H582),
3562 4475 3650 4527 die

2085 4557 2260 4610 Martii
2306 4557 2508 4612 mensis
2571 4558 2832 4612 vicesimo
2883 4574 3047 4620 nono.
3108 4561 3311 4615 missus
3373 4576 3400 4614 a
3450 4565 3653 4617 scaclto

2084 4648 2417 4703 Muehemete
2444 4652 2662 4719 quidam
2691 4667 2755 4704 es
2789 4668 3072 4719 proceruut
3136 4652 3478 4710 Persicorum
3545 4674 3650 4711 uu-

2083 4757 2253 4805 mero,
2288 4742 2373 4794 cui
2400 4759 2589 4795 uoau-u
2622 4743 2922 4797 lltraltimes
2969 4745 3131 4808 chao,
3179 4743 3647 4814 Constantinopo-

2081 4832 2172 4885 lim
2198 4848 2394 4902 magno
2423 4841 2476 4887 et
2515 4834 2712 4903 insigni
2769 4850 2892 4888 cum
2950 4836 3211 4888 comitatu
3279 4845 3646 4892 trecentorum

2081 4928 2203 4995 plus
2240 4927 2415 4979 minus
2441 4925 2685 4993 equitum
2749 4926 2943 4979 venit:
3008 4929 3206 4995 partim
3263 4927 3340 4980 uti
3403 4928 3467 4982 de
3518 4946 3651 4997 pace

2081 5033 2206 5071 cum
2241 5019 2458 5071 sultano
2493 5019 2702 5072 Mur-ate
2734 5027 3010 5082 tractaret,
3037 5019 3236 5086 partim
3270 5028 3327 5071 ut
3361 5020 3651 5074 interesset

2082 5109 2422 5162 Ca‘rctnoniaa
2459 5109 2883 5170 Musulmauicae,
2938 5126 3042 5177 qua
3083 5109 3314 5163 Muralis
3345 5111 3490 5165 lilitts
3528 5113 3646 5164 Mu-

2083 5202 2380 5265 cltetuetes,
2423 5200 2696 5254 sexdecim
2744 5199 2864 5268 plus
2909 5202 3088 5253 minus
3134 5216 3400 5254 annorum
3461 5203 3649 5256 adole-

2082 5306 2265 5351 secus,
2288 5289 2516 5344 solemni
2545 5291 2648 5344 ritu
2671 5290 3144 5344 circumcidemlus
3168 5301 3306 5344 erat.
3328 5292 3420 5344 Die
3446 5295 3647 5345 mensis

2087 5382 2208 5435 Maii
2250 5381 2506 5436 vicesimo
2532 5390 2727 5435 octavo
2760 5384 2922 5450 cmplt
2957 5383 3195 5437 inaudita
3222 5385 3422 5437 sacculo
3457 5394 3648 5438 nostro

2085 5474 2373 5528 celebritas
2479 5472 2922 5526 circumcisiouis
2996 5473 3198 5543 hujus,
3295 5478 3650 5542 pt‘a'sentilius

2084 5564 2554 5631 Constantiumioli
2613 5564 2976 5617 maxiuwrtnu
3057 5581 3226 5635 prope
3283 5567 3448 5620 totius
3501 5574 3650 5622 tubis

2088 5660 2393 5730 principum
2421 5657 2634 5724 legatis,
2661 5654 2932 5724 Rudolpbi
2965 5655 3190 5709 secundi
3209 5656 3648 5710 Christianorum

2088 5750 2435 5817 imperatoris
2481 5747 2722 5814 augusti,
2784 5744 3001 5798 llcurici
3061 5744 3205 5799 tertii
3264 5747 3452 5801 Callia:
3505 5749 3652 5816 regis

2093 5842 2269 5912 (cujus
2304 5851 2483 5898 tamen
2522 5847 2702 5895 orator
2737 5835 3046 5892 Ccrmiuius
3074 5836 3428 5893 Gcrmollmus
3457 5854 3650 5893 ερρυη-
