4212 6288
557 384 656 444 631

1783 402 2103 461 JUANNIS
2152 400 2617 466 LEUNCLAVH

3685 402 3789 468 (i952

555 501 642 552 ἀη-
678 516 793 562 ιισιει
826 501 1056 557 (Ῑεὲέτινίς
1126 507 1348 576 legatos,
1417 514 1540 563 loro
1609 527 1861 581 spettate
1915 518 2124 584 jussus,
2160 523 2201 571 Δ

2160 523 2201 571 Δ
2239 523 2391 586 quasi
2433 522 2704 590 quoddam
2738 529 2793 572 ιιι
2823 520 3032 572 frenum
3078 517 3313 572 Murates
3352 516 3620 584 injiceret,
3677 533 3790 569 om-

555 609 681 645 cum
740 610 974 661 primum
1047 598 1349 664 aﬂ'et‘tart-t,
1419 605 1611 670 partim
1682 623 1775 671 per
1836 608 2119 670 invidiam,

559 689 753 753 partim
783 689 926 755 quod
956 689 1200 744 obtinere
1224 707 1328 744 non
1367 707 1568 762 posset.
1609 708 1664 748 nt
1686 700 1844 762 legali
1883 697 2124 754 I‘olouia:

559 780 701 846 regis
741 782 1185 845 excluderentur,
1228 771 1384 851 quem
1421 803 1518 852 pro
1548 803 1672 854 rege
1708 806 1812 841 non
1858 806 2125 856 agnosce-

559 869 668 930 bat,
701 871 950 924 herosuo
987 887 1024 921 rc
1047 890 1211 941 gnum
1245 874 1375 927 illu'l
1407 893 1685 941 aSSerens,
1724 881 1866 934 domi
1921 896 2035 933 sum
2067 900 2124 933 se

556 962 876 1027 continuit),
917 964 1176 1032 Stephani
1205 969 1346 1037 regis
1378 971 1638 1034 Polonizr,
1680 975 1990 1040 reipubliczr
2023 973 2127 1029 Ve-

558 1062 716 1117 neta,
749 1056 930 1110 scachi
962 1055 1185 1120 Persici,
1241 1074 1425 1131 regum
1492 1061 1872 1118 Africanorum
1927 1065 2125 1120 Maroei

556 1153 611 1198 et
637 1144 833 1212 Fessa,
871 1162 933 1200 ac
963 1147 1306 1214 Tatarornm,
1366 1154 1674 1220 principum
1723 1155 1942 1219 Erdelii,
1995 1157 2126 1209 Mul-

555 1235 749 1298 (ιω-ιω.
786 1235 1078 1302 Valacltiar,
1115 1249 1170 1293 et
1223 1242 1478 1296 aliorum.
1523 1243 1748 1303 Duravit
1780 1247 1894 1314 ipsa
1927 1248 2129 1303 festivi-

556 1338 640 1380 tas
661 1333 790 1384 totis
824 1331 1184 1399 quadraginta
1220 1334 1411 1387 diebus
1455 1347 1509 1389 et
1532 1339 1788 1393 noctibus
1824 1339 2126 1393 continuis.

555 1419 922 1477 Muchemeles
945 1434 1035 1476 Lm
1060 1425 1161 1476 lem
1196 1430 1430 1492 septimo
1462 1428 1594 1482 Julii
1658 1431 1768 1496 die,
1801 1433 1906 1486 sub
1953 1435 2128 1502 ipsum

558 1517 733 1570 nouis
767 1517 1005 1577 initium,
1047 1534 1073 1568 a
1109 1516 1441 1575 hlechetnete
1492 1523 1673 1589 bassa,
1705 1533 1986 1594 postremo
2053 1530 2132 1579 in-

554 1616 639 1661 ter
691 1611 921 1670 vezires,
993 1613 1083 1678 qui
1141 1612 1344 1667 sultaui
1393 1614 1726 1672 Soleimanis
1780 1629 1969 1674 tonsor
2030 1622 2129 1674 ali-

554 1704 777 1772 quando
806 1705 1002 1787 fuerat,
1047 1719 1154 1760 n0u
1188 1707 1422 1776 publice,
1481 1711 1574 1766 sed
1601 1713 1651 1767 in
1683 1714 1937 1769 cubiculo
1962 1715 2132 1784 patris

553 1799 920 1854 circumcisus
951 1801 1072 1854 fuit.

631 1891 795 1962 374
823 1893 956 1945 Dum
1003 1895 1115 1949 litec
1174 1898 1650 1967 Constantinopoli
1698 1909 1982 1968 geruntur,
2031 1901 2128 1956 Os—

563 1997 687 2035 ntan
715 1981 874 2036 bassa
901 1999 995 2050 per
1048 1985 1293 2041 inducias
1350 1989 1642 2042 Sirvanum
1691 1990 1921 2052 invadit.
1955 1993 2129 2046 mari-

559 2090 817 2143 unumque
847 2077 1107 2131 damatnn
1145 2077 1326 2133 Persis
1367 2080 1550 2134 infert.
1614 2083 1724 2136 Sed
1752 2083 2002 2137 vicissim
2065 2087 2132 2137 ab

555 2169 639 2223 eis
665 2168 916 2234 exeditur,
949 2172 1238 2240 onmisque
1285 2174 1461 2241 praeda
1495 2185 1867 2242 recuperatur.
1896 2175 2026 2246 Ejus
2057 2180 2131 2230 rei

558 2263 774 2324 nuntio,
816 2263 1048 2317 necdum
1088 2265 1235 2319 finita
1270 2266 1716 2328 circumcisione,
1741 2267 2134 2322 Constantino-

561 2355 725 2420 polim
791 2356 977 2420 allato,
1016 2349 1316 2415 succensus
1355 2361 1632 2414 iracundia
1689 2361 1926 2416 Murates
1976 2362 2135 2431 legati

562 2448 768 2501 Persici
801 2450 1094 2503 stationem
1152 2466 1214 2505 ac
1261 2452 1444 2507 sedem
1507 2455 1560 2506 in
1609 2453 1938 2507 Atmindane
1995 2456 2134 2508 dirui

554 2540 735 2607 jubet,
766 2541 1057 2611 ipsumque
1092 2543 1143 2595 in
1177 2545 1357 2597 saraio
1410 2545 1755 2599 Mecbetnetis
1786 2548 1962 2600 bassm
2011 2560 2130 2597 cum

560 2634 676 2686 suis
710 2634 935 2698 includi,
978 2636 1150 2689 donec
1178 2640 1380 2689 Osmau
1427 2640 1584 2692 bassa
1623 2636 1926 2706 Tcmircapi
1984 2637 2135 2694 Con.

562 2727 976 2796 stantinopolim
999 2729 1262 2782 venisset.
1294 2729 1417 2782 Fuit
1445 2743 1626 2784 autem
1669 2732 1888 2785 habitus
1924 2747 1990 2786 eo
2017 2732 2139 2786 loco

562 2828 676 2873 tam
707 2822 892 2872 stricta
929 2821 981 2873 in
1013 2822 1281 2882 custodia,
1345 2831 1565 2890 tamque
1628 2822 2024 2886 inhumaniter,
2077 2836 2138 2878 ut

564 2921 713 2982 peste
740 2912 1211 2982 Constantinopoli
1240 2923 1545 2982 grassante,
1605 2915 1834 2982 suisque
1864 2915 2133 2970 ministris

565 3023 627 3058 ea
658 3007 947 3077 Col‘t‘PpliS,
977 3022 1208 3076 anrum
1244 3007 1310 3061 ad
1343 3019 1562 3061 centum
1595 3008 1694 3060 hac
1735 3008 1851 3060 dira
1906 3007 1992 3062 lue
2025 3008 2139 3063 fue-

568 3112 694 3154 runt
728 3100 1024 3168 absumpti,
1053 3099 1258 3152 nullatu
1294 3109 1472 3152 tamen
1497 3098 1909 3163 relaxationem,
1936 3100 2135 3155 nullam

567 3196 921 3246 mutationem
952 3192 1055 3246 loci
1093 3192 1330 3260 potuerit
1361 3195 1675 3260 impetrare.

642 3284 754 3337 Non
785 3286 953 3339 tuulto
991 3294 1111 3354 post
1150 3285 1459 3339 nuntiatum
1480 3285 1602 3350 fuit,
1648 3286 1854 3341 Persas
1885 3296 1940 3341 et
1970 3287 2141 3343 Geor-

568 3379 759 3448 gianos
792 3379 1098 3445 conjunctis
1135 3378 1342 3432 viribus
1370 3381 1568 3432 iterum
1623 3378 1946 3433 Osmanicos
1981 3381 2134 3434 adoo

570 3485 652 3523 tos
673 3470 882 3524 fuisse:
928 3471 1020 3539 qui
1071 3469 1338 3538 Tiphlisio
1379 3479 1625 3524 recentes
1660 3472 1846 3539 cupias
1874 3487 1996 3526 cum
2047 3487 2144 3527 ao-

568 3563 730 3617 nonis
767 3547 1337 3632 Solvendisquemiliti
1387 3563 1674 3630 stipendiis
1731 3562 1935 3618 inferre
1975 3579 2143 3618 cona-

570 3653 792 3715 bantur,
863 3655 1048 3708 multis
1077 3669 1268 3708 eorum
1303 3653 1547 3708 millibus
1579 3656 1864 3710 occidione
1924 3657 2140 3719 deletis,

569 3749 890 3800 etannouis
952 3763 1013 3801 ac
1081 3747 1328 3815 pecuniis
1391 3747 1734 3815 interceptis.
1794 3745 1992 3801 Fertur
2021 3750 2142 3817 ejus

569 3843 713 3909 apu-l
737 3837 1074 3908 Georgianos
1113 3837 1376 3905 principis
1414 3837 1629 3892 letnina:
1666 3839 1830 3900 filius,
1866 3854 2028 3907 quam
2063 3836 2144 3890 di-

574 3934 754 3983 ximus
784 3944 1045 3982 annosam
1069 3928 1229 3996 vulgo
1260 3935 1534 3990 vocatam,
1563 3927 1736 3981 cladis
1767 3924 1929 3995 hujus
1956 3939 2146 3981 auelor

571 4018 883 4075 Ustnanieis
908 4016 1079 4073 fuisse
1109 4033 1122 4070 :
1152 4016 1300 4086 quod
1337 4017 1539 4072 Persas
1573 4016 1641 4071 de
1688 4015 2000 4070 Turcorum
2066 4019 2148 4071 in-

575 4117 764 4168 stituto
783 4129 844 4167 ac
872 4110 1210 4182 profectione
1235 4110 1560 4175 monuisset,
1594 4110 1926 4178 hostilesque
1961 4111 2146 4179 copias

575 4207 928 4277 aggrediundi
963 4205 1101 4257 viam
1143 4204 1222 4259 eis
1257 4211 1640 4258 monstrasset.
1694 4203 1931 4257 Mur-ales
1993 4206 2147 4258 intel-

576 4299 714 4352 lecta
751 4296 897 4349 ca-de
915 4307 1167 4354 suorum,
1191 4301 1245 4346 et
1274 4293 1536 4360 principis
1563 4306 1784 4346 annosae
1846 4291 1939 4343 ﬁlii
1971 4294 2146 4346 collu-

575 4392 731 4445 siune
755 4405 876 4444 cum
909 4386 1111 4449 Persis,
1173 4385 1263 4453 qui
1323 4392 1501 4438 tamen
1549 4383 1932 4452 superioribus
1991 4386 2150 4438 annis

577 4478 1113 4542 tnusulmanissarat,
1151 4475 1457 4543 Muratique
1512 4486 1685 4530 semet
1732 4476 1787 4529 in
1837 4476 2149 4531 clientelam

2231 628 2437 680 nesquc
2489 614 2716 667 nocendi
2801 614 2914 666 vias
3001 610 3410 671 intercluderet,
3508 606 3790 660 Ferbatem

2230 705 2445 758 bassam
2508 720 2703 772 magno
2752 720 2874 758 cum
2933 703 3198 766 exercitu,
3250 702 3636 768 fabrorumque
3689 715 3794 751 non

2231 797 2426 863 exiguo
2457 811 2702 856 nurnero.
2759 798 2823 849 ad
2855 813 2948 851 eos
2974 798 3108 848 lines
3165 793 3315 848 misit
3345 813 3357 847 :
3393 807 3450 846 ιιι
3488 808 3671 846 arcem
3730 794 3795 843 ad

2234 887 2511 940 llevannm
2563 888 2848 947 conderet,
2897 885 3041 953 quod
3075 895 3128 938 et
3181 885 3418 940 civitatis
3471 895 3526 935 et
3591 883 3794 950 regioni

2232 979 2484 1032 Tucmaei
2525 978 2780 1047 subjecta:
2818 992 3015 1030 nomen
3043 985 3146 1028 est.
3213 973 3477 1027 Fet-italus
3505 990 3571 1025 eo
3624 973 3798 1036 profr-

2232 1072 2584 1140 ctus,-primo
2627 1071 2910 1126 castellum
2959 1067 3234 1136 quod-iatn
3285 1067 3423 1119 inter
3456 1064 3712 1120 C:trs::uut
3748 1072 3800 1115 rt

2236 1163 2848 1220 lieutnutncxstrnxit:
2910 1162 3036 1215 inde
3061 1175 3185 1213 cum
3245 1159 3420 1226 cupiis
3482 1173 3801 1225 progressus

2233 1275 2412 1312 arcem
2445 1256 2647 1310 [tersui
2672 1254 2979 1310 fabricavit.
3003 1252 3062 1306 Ei
3095 1252 3412 1318 tiigaloglim
3447 1253 3549 1314 (sie
3582 1253 3796 1301 bassam

2236 1352 2453 1404 natione
2512 1348 2940 1407 G--nucn*em.e
2993 1347 3161 1399 nobili
3218 1345 3532 1410 (ligalarum
3597 1341 3797 1394 familia

2235 1454 2444 1502 natum,
2477 1443 2634 1510 quasi
2695 1441 2895 1508 Cigalze
2955 1439 3125 1492 filium
3187 1438 3352 1491 anci
3401 1436 3616 1502 vocant)
3674 1449 3797 1488 cum

2247 1545 2513 1598 putt-state
2555 1534 2881 1602 beglcrhegi,
2907 1543 2959 1586 et
3018 1549 3138 1586 cum
3164 1531 3322 1584 titulo
3349 1531 3543 1584 veziris
3570 1530 3623 1581 in
3685 1528 3802 1583 istis

2237 1628 2517 1688 limitibus,
2552 1627 2811 1696 adjuncto
2859 1626 3034 1680 eidem
3068 1625 3454 1693 depltterdato,
3517 1621 3747 1689 praefecit
3783 1636 3800 1674 ε

2236 1721 2437 1774 τυΙίι-ιὶς
2460 1719 2533 1773 illi
2565 1718 2874 1773 numerosis
2903 1718 3134 1772 militum
3154 1715 3347 1784 copiis,
3369 1715 3637 1780 gcnizaris
3661 1715 3800 1767 sclo—

2238 1813 2482 1878 petariis,
2525 1810 2789 1864 machinis
2822 1809 3051 1868 bellicis,
3090 1808 3252 1862 rebus
3283 1809 3349 1858 ad
3390 1822 3483 1860 eas
3519 1805 3794 1872 pertinen-

2238 1908 2402 1959 libus.
2434 1904 2669 1956 annonis
2716 1912 2768 1956 et
2804 1900 2926 1955 aliis
2969 1901 3321 1955 necessariis.
3354 1898 3493 1951 Hinc
3522 1895 3799 1951 Ostnauiei

2236 2015 2386 2050 more
2409 2014 2508 2052 suo
2544 2012 2637 2064 per
2665 1995 3013 2048 lievanenses
3073 2007 3235 2062 agros
3292 1989 3582 2057 aliquoties
3611 2003 3807 2043 escuw

2235 2106 2431 2153 rt-ntes,
2470 2090 2653 2144 omnia
2686 2090 2890 2156 rapinis
2936 2087 3262 2147 eahauscre,
3319 2084 3410 2139 sed
3461 2099 3558 2137 sua
3625 2082 3804 2149 potius

2236 2186 2607 2253 rutujactura,
2637 2198 2798 2250 quam
2823 2183 2995 2234 lucro.
3028 2181 3188 2233 Gesta
3212 2194 3339 2231 vero
3364 2187 3492 2232 sunt
3523 2178 3657 2240 hac,
3685 2190 3804 2244 quae

2235 2277 2802 2338 commemoravimus,
2835 2288 2979 2326 anno
3010 2271 3114 2325 439
3145 2271 3299 2334 (Chr.
3338 2268 3520 2335 1582).

2310 2369 2462 2419 Auno
2496 2364 2746 2433 sequenti
2781 2363 2886 2416 990
2925 2361 3074 2426 (Chr.
3108 2361 3290 2425 1583),
3320 2358 3583 2412 Fet-hstes
3641 2357 3799 2411 bassa

2238 2460 2674 2525 lit-m-gianorum
2734 2457 2787 2509 in
2819 2472 2980 2520 agros
3051 2452 3263 2506 eductis
3319 2451 3610 2520 aliquoties
3668 2449 3803 2513 suis,

2238 2554 2375 2604 duas
2413 2552 2464 2603 in
2499 2551 2689 2604 iisdem
2726 2548 2922 2601 finibus
2962 2561 3113 2601 arces
3144 2543 3451 2597 :edilicavit.
3479 2541 3792 2608 Cigaloglis,

2240 2657 2398 2708 qutun
2455 2640 2719 2700 diximus,
2792 2639 2958 2689 semel
3027 2646 3190 2703 atque
3241 2635 3436 2687 iterum
3483 2648 3510 2683 a
3567 2630 3810 2698 principe

2243 2734 2507 2787 Tocntacc
2533 2732 2723 2801 praelia
2765 2731 2944 2784 victus
2978 2728 3078 2781 fttit
3115 2747 3126 2789 ;
3161 2723 3458 2795 aliquando
3486 2724 3650 2779 etiam
3687 2723 3806 2773 vul-

2243 2835 2487 2890 ncratns,
2521 2833 2731 2878 tantum
2770 2837 2875 2874 non
2908 2824 2959 2873 in
2988 2820 3226 2873 hostium
3259 2824 3584 2886 potestatem
3639 2813 3806 2866 venit.

2310 2918 2513 2971 Osman
2546 2930 2671 2970 vero
2697 2915 2878 2974 hassa.
2904 2912 2998 2980 qui
3032 2922 3095 2963 a.I
3129 2908 3497 2976 Temircapim
3542 2906 3802 2968 luem-bat,

2244 3011 2320 3085 uti
2348 3010 2603 3080 superius
2638 3008 2963 3066 indicatum,
2997 3019 3132 3057 suos
3179 3004 3243 3054 ad
3286 3001 3568 3053 sultauum
3635 2997 3811 3049 Mura-

2245 3112 2352 3156 tem
2384 3100 2619 3170 ablegat.
2653 3100 2746 3169 qui
2769 3099 2922 3152 abeo
2974 3094 3111 3149 mitti
3140 3092 3241 3147 sibi
3316 3101 3556 3159 peterent
3598 3091 3809 3154 genita-

2245 3211 2332 3248 ros
2363 3192 2746 3262 sclopetarios,
2781 3189 3018 3244 artifices
3076 3188 3455 3242 machinarum
3509 3182 3810 3236 fundentia-

2247 3306 2365 3344 t'um
2401 3290 2626 3358 peritos,
2667 3284 3000 3340 architectos
3035 3280 3347 3335 triremibus
3372 3287 3483 3331 tam
3519 3275 3812 3345 majoribus

2244 3396 2407 3447 quam
2445 3377 2751 3431 minoribus
2802 3371 3156 3432 fabricandis,
3188 3384 3327 3440 quos
3357 3366 3811 3434 calapltagilarios

2245 3470 2409 3525 Turri
2451 3464 2924 3537 vocantutybride
2987 3462 3194 3516 scilicet
3229 3477 3257 3514 a
3309 3458 3516 3514 Graecis
3569 3466 3808 3524 acet-pta,

2247 3566 2340 3632 qui
2393 3562 2712 3628 calaphatas
2748 3556 2978 3623 dicunt).
3036 3555 3276 3620 itemque
3332 3552 3513 3606 socios
3573 3549 3814 3611 navales,

2247 3669 2371 3706 cum
2433 3652 2617 3706 liaisis
2689 3664 2900 3714 eorum,
2960 3647 3077 3700 sive
3129 3643 3433 3697 triremium
3490 3643 3815 3708 naviumque.

2251 3745 2542 3816 prrefretis,
2585 3742 2847 3812 aquibus
2894 3740 3358 3808 gubernarentnr.
3408 3733 3677 3794 Praeterra
3727 3751 3813 3786 ro-

2249 3841 2410 3909 gabat
2445 3838 2520 3892 uti
2549 3835 2796 3909 pecuniae
2826 3833 2926 3887 sibi
2961 3829 3534 3888 subministrarcntur,
3567 3843 3670 3880 nua
3694 3843 3816 3879 cum

2252 3931 2524 4000 aliquibus
2576 3926 2862 3988 Rutneliae,
2899 3924 3003 3977 hoc
3030 3931 3135 3984 est,
3169 3919 3392 3975 Gracia:
3437 3932 3492 3973 et
3525 3919 3808 3980 Anatolio).

2255 4027 2356 4077 hoc
2387 4030 2468 4075 est
2526 4019 2670 4074 Asia:
2721 4016 2968 4076 minoris.
3019 4015 3324 4068 etSivastze
3390 4013 3501 4066 sive
3562 4010 3824 4065 Sebastia‘.

2251 4113 2543 4183 sangiacis.
2585 4110 2860 4165 Assenstts
2890 4115 2972 4162 est
3003 4107 3254 4161 tultanus
3280 4104 3514 4159 \lurates
3537 4103 3823 4173 postulatis

2253 4210 2374 4276 ejus
2393 4205 2674 4262 omnibus.
2702 4200 2883 4267 Quare
2914 4216 3036 4254 cum
3063 4198 3428 4266 Temircapim
3451 4197 3506 4252 hi
3541 4198 3822 4267 pervenis-

2254 4308 2395 4363 sent,
2430 4296 2638 4366 navigia
2666 4297 2912 4362 quwdatn
2944 4291 3197 4344 lubricari
3237 4291 3474 4350 curavit,
3521 4304 3690 4356 eaque
3722 4287 3824 4340 tui-

2262 4395 2334 4448 sit
2363 4393 2428 4446 ad
2459 4388 2772 4445 infestantis
2806 4386 2975 4440 maris
3002 4384 3187 4453 Caspii
3223 4386 3430 4438 littora.
3458 4382 3826 4438 Consimiliter

2255 4495 2309 4540 et
2338 4494 2628 4540 terrestres
2651 4482 2920 4549 ablegavit
2949 4478 3154 4547 copias.
3196 4488 3254 4530 ιιι
3276 4488 3384 4530 tarn
3412 4475 3823 4529 Sirvauensiutn

575 4574 838 4628 dederat:
871 4572 1046 4640 prius.
1100 4584 1265 4638 quam
1328 4568 1588 4623 Ferhates
1651 4568 1830 4633 bassa,
1874 4586 2035 4639 quem
2086 4570 2152 4625 ad
2185 4573 2235 4633 D

2185 4573 2235 4633 Β
2262 4593 2425 4647 quam
2458 4577 2694 4629 aliorum
2736 4574 2840 4628 sibi
2879 4573 3236 4625 finitimorum
3272 4584 3456 4639 agros,
3491 4584 3596 4622 non
3651 4569 3827 4621 minus

576 4665 874 4732 gerendum
916 4672 1037 4732 post
1070 4661 1326 4715 Sinauem
1356 4658 1554 4712 bellum
1583 4657 1858 4714 Persicum
1895 4660 2147 4728 ablegare

578 4761 916 4817 decreverat,
972 4752 1448 4822 Constantinopoli
1505 4752 1852 4818 discederet;
1915 4752 2145 4806 manda-

578 4862 692 4904 tttm
727 4851 792 4904 ad
827 4849 1173 4921 brglerhegos
1203 4845 1471 4918 quosdam
1503 4845 1812 4900 lituitaneos
1840 4846 2007 4910 misit,
2040 4862 2151 4915 quo

581 4945 945 5015 prtecipiebat,
1004 4954 1060 4995 ιιι
1094 4951 1213 4995 astu
1247 4937 1512 5008 principis
1569 4951 1792 5015 annosae
1850 4936 2020 4990 lilium
2084 4943 2152 4992 de

581 5039 758 5092 medio
804 5037 1071 5090 tollerent.
1100 5033 1147 5088 Is
1173 5047 1322 5093 vero,
1355 5029 1641 5099 patefactis
1665 5046 1759 5099 per
1788 5029 1998 5083 amicos
2059 5029 2144 5083 in-

581 5134 756 5194 sidiis,
794 5148 822 5185 a
855 5130 1069 5185 sultauo
1099 5127 1303 5181 Murate
1359 5125 1576 5187 defecit,
1608 5133 1660 5176 et
1698 5121 1822 5193 fuga
1855 5123 1960 5177 sibi
2013 5139 2144 5177 con-

581 5226 789 5286 SUit‘llS.
826 5223 1086 5276 ditionem
1125 5235 1277 5271 suam
1305 5217 1371 5270 ab
1401 5216 1692 5272 Osntauico
1722 5215 1851 5284 jngo
1904 5219 2152 5285 tyranni-

581 5315 1047 5387 dequeliheratit,
1081 5328 1244 5380 seque
1297 5325 1420 5363 cum
1446 5309 1569 5361 aliis
1617 5307 1983 5376 principibus,
2039 5319 2148 5360 tam

581 5409 900 5479 Georgianis
946 5422 1109 5475 quam
1160 5403 1361 5465 Persis,
1415 5401 1703 5466 conjunxit
1754 5399 1822 5454 ac
1874 5402 2150 5470 perpetuis

579 5501 1001 5559 exettrsionihus
1040 5500 1174 5552 fines
1200 5496 1522 5550 Osmanicos
1552 5494 1812 5548 infestare
1836 5510 1940 5546 non
1965 5495 2150 5547 desiit.

584 5597 776 5650 Iisdem
812 5591 1133 5659 Georgiauis
1169 5601 1332 5644 etiam
1362 5587 1616 5655 princeps
1671 5586 1860 5641 Simon
1895 5598 1949 5640 ct
2011 5588 2153 5641 Toc-

584 5706 766 5745 ntaces
798 5690 1064 5745 sultauus,
1101 5683 1304 5737 llevani
1338 5682 1619 5746 dominus,
1677 5680 1902 5734 hederis
1968 5681 2143 5732 tnuttti

587 5784 847 5842 religione
873 5779 1117 5832 obstricti
1153 5785 1330 5829 erant.

656 5869 792 5926 Huic
826 5862 1075 5923 'l'octnari
1159 5865 1588 5935 cremauerunt
1651 5878 1833 5934 partes
1871 5866 2150 5931 sequenti,

2263 4669 2772 4734 atnicorutn,quam
2809 4662 3071 4725 hostium,
3102 4662 3307 4728 rapinis
3362 4660 3540 4712 dirum
3614 4659 3666 4711 in
3718 4673 3828 4712 mo-

2262 4763 2390 4816 dum
2414 4769 2661 4830 agcrent,
2700 4753 3057 4810 ferrentISed
3087 4754 3404 4822 plerumque
3445 4767 3641 4819 magno
3705 4766 3823 4804 cum

2260 4852 2611 4913 detrimento,
2638 4861 2975 4916 suorumque
3012 4846 3159 4900 caede
3188 4845 3619 4899 revertebantur.

2339 4943 2587 4998 Diximus
2608 4950 2791 5003 antea,
2815 4938 3006 4992 Persas
3037 4949 3090 4990 et
3108 4937 3442 5006 Gcorgianos
3471 4937 3639 4988 unitis
3662 4933 3829 5002 copiis

2265 5040 2569 5092 Turcorum
2602 5033 2902 5086 exercitum
2968 5030 3205 5086 adortos.
3234 5028 3327 5095 qui
3380 5026 3649 5096 Tipblisio
3710 5038 3828 5079 suc-

2265 5143 2488 5182 currere
2521 5125 2866 5193 properabat,
2908 5123 3176 5189 iugentem
3229 5136 3418 5169 ctu-um
3452 5131 3688 5181 stragem
3720 5117 3826 5173 edi-

2269 5224 2434 5276 disse.
2468 5220 2602 5272 Cum
2631 5217 2751 5284 ejus
2793 5214 2960 5266 cladis
2987 5222 3220 5276 aeri-pta:
3264 5208 3490 5262 nuntius
3521 5207 3830 5260 Consumti-

2269 5313 2505 5380 nopolim
2557 5307 2814 5366 venisset,
2878 5306 3207 5372 compellato
3290 5300 3540 5355 sultanus
3602 5298 3830 5351 Mutates

2267 5404 2472 5458 Sinane
2497 5402 2680 5463 bassa,
2746 5399 2838 5466 qui
2889 5408 3014 5448 tunc.
3067 5394 3433 5454 vezit'azetacs
3476 5401 3638 5445 crat:
3695 5390 3830 5455 Quid

2270 5495 2391 5560 hoc,
2422 5494 2518 5554 ait,
2544 5501 2625 5544 est
2663 5491 2736 5543 rci
2762 5489 3052 5556 ?qu:r-nam
3103 5486 3354 5546 induciae,
3385 5483 3528 5552 quod
3560 5482 3829 5534 laxamen-

2269 5596 2381 5638 tum
2422 5585 2523 5637 Itoc
2563 5581 2730 5636 belli?
2764 5579 2838 5632 Ad
2874 5595 2993 5647 qua:
3051 5578 3243 5640 Sinau,
3285 5579 3569 5630 temeraria
3602 5575 3827 5641 quadam

2266 5676 2668 5736 cntnaudaeia,
2711 5677 3045 5744 respondeas
3089 5687 3103 5724 :
3139 5669 3207 5724 lit
3258 5670 3341 5722 his
3389 5670 3572 5726 rebus,
3635 5668 3825 5733 inquit.

2266 5771 2485 5826 obviam
2520 5768 2699 5821 eundo
2733 5768 3028 5821 remedium
3073 5766 3403 5822 inveniatur,
3467 5761 3665 5813 sraeho
3720 5774 3818 5812 sea-

2262 5864 2397 5918 cltus
2433 5863 2790 5930 opponendus
2824 5861 2949 5915 erit.
2989 5860 3200 5923 Quibus
3235 5857 3414 5911 verbis
3454 5856 3682 5908 innuere
3736 5871 3798 5905 vo
