4212 6288
445 397 554 466 693

1563 409 1935 472 SUPPIEM.
1972 413 2247 475 ANNAL.
2289 413 2594 474 'l'URClC.

3609 412 3720 475 65H

452 509 611 562 lebat.
652 509 917 565 alrersus
969 526 1148 580 regem
1226 515 1366 584 regis
1428 529 1567 584 opus
1625 535 1746 572 esse
1811 533 1980 587 opera
2021 541 2031 582 ;
2069 527 2110 581 Α
2143 531 2267 574 octo
2301 522 2558 572 decemve
2619 519 2828 573 dierum
2866 520 2967 574 iter
3001 522 3068 573 ab
3104 519 3236 588 ipsis
3275 521 3470 575 vastati
3509 520 3717 584 Persis,

447 604 716 672 planeque
744 605 1060 658 necessario
1104 606 1305 674 requiri
1333 607 1396 660 ad
1427 608 1788 662 obtinendam
1842 613 1908 665 de
1942 611 2038 663 lio-

450 708 532 745 ste
559 695 867 758 victoriam,
909 706 966 748 nt
1003 699 1114 764 ipse
1144 699 1395 754 sultauns
1466 700 1706 756 Muratcs
1741 704 1848 756 dux
1906 705 2032 757 belli

449 787 710 840 adversus
744 787 1138 843 Mueliemeteut
1165 791 1453 846 Persarum
1687 810 1868 862 regem
1902 811 2030 864 pro-

453 881 809 932 Iirisrerctnr.
861 880 1098 932 .llurates-
1133 898 1199 934 eo
1241 883 1462 938 Sinanis
1504 897 1730 956 accepto
1761 904 2032 957 responso

451 985 567 1020 mox
597 970 870 1022 sultanam
900 982 1130 1024 matrem
1162 973 1298 1039 adit,
1336 985 1388 1028 et
1423 976 1490 1031 ab
1518 993 1578 1029 ea
1632 979 1924 1032 consilium
1979 984 2031 1035 in

451 1065 548 1112 lae
577 1077 739 1115 causa
774 1065 890 1116 dari
917 1065 1021 1118 sibi
1081 1068 1234 1134 petit.
1299 1067 1436 1121 Tum
1469 1071 1557 1125 illa
1611 1091 1621 1124 :
1661 1072 1725 1124 Mi
1795 1075 1892 1137 [i!i,
1929 1074 2028 1136 ait,

451 1152 688 1204 hau-eine
750 1165 879 1208 sunt
930 1156 1017 1208 illa
1101 1160 1389 1225 magnifica
1445 1165 1714 1230 promissa
1762 1162 2032 1222 Sinanis?

447 1243 588 1295 itane
621 1244 902 1316 pollicitus
935 1261 1020 1302 est
1045 1251 1246 1304 iturum
1285 1268 1344 1308 se
1367 1257 1616 1322 rapiendi
1655 1257 1856 1313 Persici
1932 1277 2023 1316 re-

447 1335 528 1403 gis
564 1349 751 1401 causa,
777 1338 857 1393 vel
897 1340 963 1393 ad
1014 1342 1262 1396 intimam
1294 1346 1581 1400 Persarum
1623 1353 1824 1419 regiam
1893 1354 2025 1405 (Ias-

450 1427 660 1481 minum
689 1444 703 1491 ;
736 1438 790 1484 et
819 1447 962 1485 nunc
1001 1445 1195 1488 auctor
1215 1452 1335 1489 esse
1367 1439 1479 1490 vult
1543 1441 1660 1504 lilii,
1696 1455 1752 1496 nt
1798 1443 2026 1512 ipsemet

449 1518 515 1572 ad
541 1522 838 1589 gerendum
870 1525 971 1580 hoc
1007 1526 1205 1581 bellum
1237 1531 1648 1598 proﬁciscaris?
1679 1534 1796 1590 Non
1827 1536 2028 1604 dignus

449 1621 556 1678 est,
620 1615 710 1681 qui
779 1616 1039 1688 deinceps
1098 1636 1326 1676 muoere
1415 1626 1615 1678 vcziris
1685 1628 1890 1681 azemis
1944 1629 2022 1682 tui

451 1704 730 1776 fungatur.
779 1707 897 1775 Quo
943 1712 1180 1768 consilio
1234 1716 1466 1771 sultante
1529 1718 2026 1775 tnatrisintcllecto

449 1799 809 1869 probatoque,
869 1803 1160 1858 confestim
1209 1805 1444 1863 Muratcs
1509 1811 1768 1864 Sinanem
1832 1811 2017 1867 Masu-

2143 628 2314 682 nsque
2351 613 2488 665 adeo
2514 611 2717 666 redacti
2757 621 2887 668 sunt
2918 612 2983 666 ad
3051 613 3379 667 solitudines
3406 654 3420 677 ,
3490 614 3577 666 vix
3646 614 3724 668 uti

2140 706 2360 772 paulum
2396 719 2552 772 aqua:
2585 704 2913 772 reperiatur,
2965 703 3164 756 nedum
3217 705 3373 772 panis
3402 714 3496 757 aut
3525 718 3723 758 carnes

2138 804 2232 850 aut
2260 795 2380 850 alia:
2407 811 2515 860 res,
2560 807 2669 850 tam
2699 796 2767 850 ad
2794 798 2996 850 victum
3062 797 3368 858 hominum,
3414 811 3578 862 quam
3634 795 3722 863 ju-

2139 897 2450 944 tneutorum
2505 889 2768 944 alimenta
2823 890 3174 943 necessari-.e.
3223 889 3353 954 Qua:
3417 890 3532 940 sola
3575 899 3725 941 certe

2135 993 2431 1048 causaest,
2465 983 2822 1050 quamobrem
2853 984 3121 1036 hactenus
3183 983 3496 1035 (lsuiauida:
3547 981 3601 1034 in
3659 983 3726 1033 iis

2134 1074 2268 1128 locis
2306 1089 2538 1128 annona:
2561 1077 2789 1128 caritate
2825 1073 3216 1127 laboraverint.
3247 1075 3324 1126 Ac
3355 1082 3483 1124 sunt
3514 1071 3566 1125 in
3607 1072 3722 1138 ipsa

2133 1163 2332 1220 Turcia
2369 1165 2461 1235 qui
2488 1165 2828 1227 existiment,
2888 1163 3101 1219 Turcos
3135 1166 3239 1217 hoc
3309 1162 3452 1218 bello
3505 1180 3726 1230 semper

2133 1257 2420 1314 inferiores
2452 1259 2691 1324 futuros,
2721 1259 2843 1312 licet
2885 1258 3067 1329 plures
3093 1261 3160 1312 ad
3183 1273 3358 1312 annos
3375 1257 3535 1312 etiam
3557 1257 3609 1311 in
3629 1273 3728 1326 po-

2131 1359 2339 1403 sterum
2379 1351 2754 1405 contiuuetur.

2202 1439 2400 1496 Verum
2431 1461 2496 1496 ne
2522 1443 2736 1512 longius
2763 1455 2917 1497 extra
2944 1445 3116 1507 oleas,
3154 1443 3298 1511 quod
3321 1443 3492 1503 aiunt,
3528 1445 3594 1495 ad
3632 1457 3726 1493 an-

2129 1534 2332 1588 nalium
2353 1536 2549 1590 seriem
2581 1536 2891 1590 redeamus.
2931 1535 3078 1590 Misit
3109 1535 3417 1590 scentulum
3454 1534 3568 1588 lucc
3620 1534 3725 1586 ali-

2128 1627 2344 1694 quoties
2369 1628 2570 1682 Osmatt
2607 1628 2766 1683 bassa
2802 1627 3028 1697 petitum
3065 1628 3268 1683 sultani
3305 1624 3534 1680 Muratis
3560 1641 3720 1695 opem

2130 1729 2295 1787 atque
2331 1720 2555 1782 auxilia,
2589 1736 2709 1787 qua:
2739 1721 3088 1789 suppeditata
3117 1736 3240 1774 cum
3291 1719 3548 1782 fuissent,
3581 1718 3728 1785 jam-

2127 1823 2233 1876 que
2287 1809 2653 1879 Tcttlil‘capittl
2709 1813 3093 1872 accessissent,
3163 1811 3229 1864 ad
3290 1809 3507 1863 Sirvaui
3589 1809 3725 1859 lines

449 1893 554 1945 Isin
589 1896 934 1962 pronuntiat,
991 1897 1096 1952 hoc
1155 1907 1262 1963 est,
1315 1901 1619 1955 honoribus
1665 1903 1919 1958 omnibus
1972 1919 2038 1957 ac
2072 1879 2109 1933 Β
2141 1903 2416 1956 civitatem
2455 1903 2811 1959 Somachiani
2848 1904 3011 1970 cepit.
3045 1902 3228 1972 ibique
3258 1902 3642 1974 heglcrbegum
3675 1910 3730 1953 et

448 1986 755 2054 pmsertim
806 1988 1072 2056 dign’tate
1142 1994 1387 2061 supremi
1446 1995 1644 2049 veziris
1713 1996 1887 2052 exuit.
1937 1994 2038 2050 Pa-

453 2093 575 2130 rum
601 2077 820 2147 quidem
845 2081 1042 2148 abfuit,
1080 2084 1212 2152 quin
1273 2086 1643 2140 occideretur.
1701 2086 1845 2141 Bona
1908 2104 2038 2142 con-

451 2168 692 2223 demnati
720 2171 852 2226 fisco
883 2171 1422 2242 fueruntapplicata.
1452 2179 1745 2246 Beli-gntus
1776 2189 1828 2231 et
1851 2181 2031 2235 exsul.

455 2264 723 2334 hodieque
757 2264 1008 2337 Malagrse
1038 2269 1205 2338 degit,
1224 2271 1369 2339 quod
1397 2272 1520 2340 oppi
1547 2272 1656 2323 litui
1691 2271 2026 2326 Macedonia:

455 2357 620 2410 situm
639 2367 723 2412 est
759 2361 812 2412 in
848 2361 1693 2432 itinere,quoCunstantincpoli
1730 2365 2037 2433 liagnsium

456 2452 585 2505 itur.
623 2451 816 2506 Sinani
845 2453 1118 2509 suffectus
1146 2455 1250 2509 fuit
1285 2457 1337 2509 in
1395 2458 1836 2511 vezirazcmatus
1862 2455 2040 2512 officio

453 2543 676 2598 Siauses
724 2545 906 2609 bassa,
953 2546 1177 2601 natione
1220 2546 1492 2616 ngarus,
1564 2566 1805 2618 quocum
1871 2559 2036 2619 nupta

453 2637 655 2690 sultaui
683 2636 914 2692 Muratis
948 2655 1105 2694 soror
1132 2655 1270 2694 erat.
1307 2642 1462 2708 Quod
1523 2659 1703 2696 mores
1774 2656 1827 2697 et
1891 2645 2038 2708 ittth-

457 2730 604 2782 ninm
642 2730 863 2785 Sinonis
885 2733 1099 2796 attinet,
1153 2735 1302 2787 crudi
1327 2735 1428 2787 leni
1457 2744 1752 2788 etarartnn
1780 2750 1838 2790 se
1871 2734 2040 2804 gessit

453 2837 579 2890 erga
600 2825 847 2890 quos\'is,
879 2839 1006 2893 erga
1046 2825 1396 2881 Christianos
1458 2825 1898 2891 infestissimum,
1950 2842 2039 2878 su-

458 2917 682 2984 perbum
726 2925 779 2968 et
808 2927 1157 2985 arrogantem
1185 2934 1313 2987 erga
1366 2918 1602 2986 majores
1634 2928 1685 2970 et
1715 2932 1895 2985 pares.
1950 2914 2038 2970 Ja-

460 3008 659 3059 ctautia
694 3017 842 3060 tanta
891 3005 1020 3069 fuit.
1070 3017 1128 3061 ut
1181 3025 1304 3062 cum
1351 3008 1647 3077 aliquando
1690 3014 2035 3075 negotiorum

462 3101 805 3170 publicorum
843 3118 1008 3156 causa
1054 3104 1440 3156 conveniretur
1469 3104 1535 3156 al.
1570 3102 1766 3155 illustri
1798 3112 1848 3152 et
1881 3116 2037 3171 gene-

462 3204 590 3245 roso
620 3191 888 3260 Rudolphi
917 3195 1142 3249 sct'undi
1200 3194 1430 3264 Augusti
1465 3195 1664 3264 legato,
1737 3192 2034 3246 Freiericu
2066 3217 2107 3273 ρ

459 3283 742 3350 Breinero,
784 3285 994 3342 Barone
1020 3285 1362 3354 Fladizano,
1422 3285 1794 3341 inverecunde
1845 3286 2041 3354 praedi-

459 3387 635 3440 caret,
678 3392 767 3443 se,
799 3394 1050 3446 suprema
1092 3393 1216 3432 cum
1285 3386 1557 3444 potestate
1615 3374 1920 3444 profectum
1973 3376 2038 3428 ad

463 3469 756 3524 Persarum
792 3471 948 3535 fines,
991 3480 1202 3524 tantum
1244 3488 1295 3523 ιιι
1326 3471 1393 3524 iis
1428 3472 1564 3524 locis
1621 3485 1924 3537 occupasse
1959 3485 2039 3522 re-

462 3564 712 3631 gionum,
755 3573 813 3616 ut
847 3565 1198 3631 sanglacatus
1229 3563 1429 3617 ibiden
1471 3568 1870 3633 quinquaginta
1907 3577 2041 3614 con-

464 3654 720 3709 stituerit.
758 3655 813 3709 ιι
847 3670 973 3710 vero
1004 3668 1207 3723 quanta
1272 3671 1402 3710 cum
1459 3655 1700 3709 vanitate
1766 3653 1931 3707 fuerit
1976 3653 2044 3704 ab

466 3752 581 3816 ipso
614 3749 844 3810 dictum,
882 3749 963 3802 vel
996 3763 1062 3803 ex
1092 3763 1159 3803 eo
1187 3758 1357 3816 patet,
1434 3749 1578 3816 quod
1639 3749 1894 3800 universa
1934 3743 2042 3795 ltu-

466 3841 648 3906 nu-lia,
691 3855 796 3909 qua
831 3850 1012 3894 tamen
1041 3840 1400 3911 amplissima:
1431 3839 1752 3908 provincire,
1809 3853 1905 3889 nec
1938 3850 2047 3890 uno

467 3930 719 3985 aTurcis
785 3933 1074 4004 acquisita:
1117 3933 1345 3995 seculo,
1395 3932 1654 3996 Thracia,
1703 3927 2047 3990 Maculunia,

470 4025 685 4087 Sert'ia,
720 4024 992 4095 Bulgaria,
1042 4025 1297 4091 Albania,
1329 4023 1639 4088 Thessalia,
1703 4021 1880 4074 Morea
1933 4022 2048 4074 sive

474 4119 904 4186 I'elOponnesus,
950 4120 1152 4171 Achaia
1187 4121 1300 4172 sive.
1359 4117 1607 4180 Liradia,
1679 4113 1880 4169 t‘Etolia
1937 4112 2050 4167 sive

475 4211 800 4282 l).-spotattts
860 4226 982 4265 cum
1045 4211 1168 4264 aliis
1229 4211 1602 4271 continentur,
1662 4207 1802 4260 ultra
1866 4205 2049 4274 \igiltii

473 4307 612 4360 duos
637 4306 984 4375 satagiaczitus
1012 4320 1116 4355 non
1177 4306 1392 4356 habeat.
1428 4303 1544 4356 lum
1595 4309 1834 4360 constat,
1897 4298 2053 4351 Sina-

475 4415 596 4452 nem
623 4399 678 4451 in
701 4398 764 4451 iis
784 4398 917 4452 locis
940 4397 1071 4450 nihil
1090 4396 1383 4450 admodum
1412 4392 1770 4446 memorabile
1793 4389 2053 4460 gessisse,

473 4494 576 4545 nisi
615 4493 758 4559 quod
795 4506 962 4543 unum
996 4499 1047 4542 et
1086 4491 1315 4542 alterum
1338 4485 1778 4556 beglerbrgatum
1805 4482 2055 4536 instituc'

2113 3950 2496 4003 .nequaquam
2552 3948 2676 3986 vero
2738 3935 2914 3988 visum
2963 3934 3140 3987 simile

2139 1996 2559 2066 dephterdarmu
2596 1997 2906 2051 collocavit.
2936 1996 3202 2050 Praeterea
3238 1996 3418 2049 locum
3447 1994 3613 2046 alium
3641 2009 3728 2046 re-

2139 2088 2283 2156 degit
2323 2090 2374 2142 iu
2415 2100 2764 2158 potes:atem,
2829 2092 2916 2145 cui
2966 2107 3073 2144 non
3127 2089 3289 2159 longe
3331 2104 3360 2142 a
3419 2085 3728 2154 'l'emireqni

2140 2183 2331 2238 dissito
2365 2198 2562 2236 nomen
2608 2193 2693 2238 cst
2732 2183 3097 2236 Tabassaran.
3142 2181 3310 2233 Paulo
3359 2189 3478 2246 post
3526 2176 3727 2230 ibidem

2141 2285 2195 2328 ct
2235 2276 2394 2329 aliam
2424 2275 2698 2330 civitatem
2756 2276 3068 2345 occupavit,
3129 2290 3249 2344 quae
3283 2275 3467 2327 (Taliba
3503 2271 3726 2326 dicitur.

2139 2364 2198 2423 ιιι
2230 2368 2484 2423 oumibus
2519 2368 2670 2423 hisce
2711 2368 2846 2422 locis
2874 2369 3271 2437 gubernatores
3314 2375 3368 2419 et
3421 2362 3729 2435 praefectos,

2143 2459 2356 2515 idoneis
2386 2475 2509 2513 enin
2541 2460 2834 2528 praesidiis,
2865 2459 3136 2514 machinis
3186 2457 3418 2519 bellicis,
3463 2457 3628 2510 rebus
3662 2458 3728 2507 ad

2141 2565 2234 2604 eas
2267 2551 2595 2605 necessariis
2641 2553 2988 2621 annonisque
3033 2551 3276 2620 reliquit.
3315 2550 3478 2604 Turri
3509 2550 3728 2618 quidem

2141 2642 2316 2700 aiunt,
2373 2639 2670 2697 Osmancm
2728 2655 2921 2712 praeter
2971 2644 3204 2698 indicata
3252 2643 3368 2696 loca
3412 2653 3466 2696 ct
3507 2641 3730 2710 oppida,

2141 2734 2454 2802 complures
2479 2735 2616 2788 alias
2638 2751 2856 2804 quoque
2881 2735 3130 2789 civitates
3164 2746 3217 2789 et
3247 2735 3470 2789 castella
3495 2733 3728 2804 cepisse.

2140 2824 2478 2891 Quinetiam
2541 2836 2777 2891 constat,
2819 2825 3112 2880 Osmancm
3177 2827 3422 2890 bassam,
3476 2840 3620 2878 anno
3645 2841 3732 2878 se-

2140 2920 2326 2988 qut-nti
2379 2922 2654 2988 proximo,
2710 2936 2819 2989 quo
2877 2931 3120 2987 tempore
3190 2917 3729 2983 Constantinopolim

2143 3010 2438 3079 profectus,
2496 3026 2716 3063 manum
2769 3011 2993 3063 sultano
3041 3008 3232 3062 Murati
3281 3007 3728 3071 deoscudaliatur,

2143 3102 2283 3154 inter
2317 3101 2422 3154 alia
2456 3119 2706 3167 munera,
2753 3120 2876 3170 qua:
2922 3118 3018 3170 pro
3050 3101 3268 3156 sultano
3301 3100 3509 3154 Νίκη-διο
3542 3116 3728 3155 secnzu

2145 3192 2458 3258 advexerat,
2492 3194 2669 3247 cidem
2707 3195 2968 3250 obtulisse
3029 3179 3413 3262 septemdecim
3449 3194 3572 3263 plus
3629 3194 3729 3245 mi-

2145 3302 2312 3341 nusve
2340 3286 2520 3342 claves
2550 3296 2858 3358 argenteas.
2900 3287 2966 3341 Et
2997 3287 3229 3355 singulis
3260 3286 3508 3341 clavibus
3534 3287 3727 3338 inseri-

2145 3390 2292 3446 ptum
2326 3393 2523 3432 nomen
2548 3389 2712 3433 certat
2736 3379 2972 3435 civitatis
3001 3387 3095 3430 aut
3127 3376 3358 3439 castelli,
3396 3380 3464 3430 ab
3489 3375 3734 3430 Osmane

2146 3471 2200 3522 in
2234 3479 2562 3538 potestatem
2599 3473 2828 3526 redacti.
2889 3471 3211 3536 Significare
3259 3471 3516 3524 nimirum
3568 3470 3731 3535 Itujus

2145 3565 2424 3619 oblatione
2479 3566 2606 3618 doni
2663 3565 3051 3634 septemdecim
3105 3565 3344 3618 claviunt
3399 3564 3635 3626 volebat,
3674 3578 3734 3616 se

2149 3659 2368 3712 totidem
2391 3660 2603 3726 cepisse
2631 3661 2710 3710 Vel
2749 3658 2968 3726 oppida.
3008 3657 3090 3710 vel
3132 3667 3334 3719 castra,
3378 3665 3512 3724 quot
3546 3667 3733 3709 essent

2151 3751 2281 3818 ipsa:
2305 3765 2534 3806 nurnero
2580 3749 2961 3815 claves.Quod
2996 3751 3246 3819 equidem
3286 3749 3507 3802 memini
3537 3749 3730 3818 pleris—

2150 3855 2256 3910 que
2285 3841 2414 3894 viris
2447 3842 2830 3909 prudentibus,
2854 3848 2908 3894 et
2946 3839 3508 3896 rcrttmTurcicarum
3542 3843 3731 3907 gnaris

3199 3951 3214 3986 :
3265 3949 3390 3987 cum
3447 3934 3627 4002 potius
3666 3949 3728 3985 ra

2152 4041 2414 4095 pagorum
2447 4040 2572 4079 esse
2602 4025 2909 4092 judirarcnt
2957 4025 3199 4086 nomina,
3253 4041 3416 4095 quam
3455 4027 3539 4080 vel
3584 4028 3739 4093 (ιιιιιεη

2154 4116 2475 4182 dorum,vel
2499 4116 2872 4170 castellorum.
2907 4115 3014 4170 Sed
3050 4117 3193 4172 enim
3228 4131 3325 4185 per
3357 4132 3443 4169 tne
3501 4116 3728 4169 liberum

2156 4209 2258 4262 hac
2283 4209 2348 4261 de
2373 4223 2430 4260 re
2456 4207 2725 4276 judicium
2757 4205 2934 4260 cuivis
2964 4214 3100 4260 esto.

2226 4299 2363 4354 Cum
2394 4298 2482 4353 hic
2533 4314 2712 4353 rerum
2760 4300 2812 4352 in
2845 4299 2909 4354 iis
2945 4301 3076 4365 locis
3108 4313 3400 4355 successus
3428 4307 3592 4361 esset,
3625 4303 3693 4353 de
3717 4331 3732 4339 -

2159 4405 2268 4443 nuo
2295 4404 2424 4442 suos
2465 4389 2529 4441 ad
2567 4389 2843 4443 suitanum
2879 4387 3141 4443 Muratem
3199 4390 3346 4443 misit
3378 4388 3606 4455 Ostnau,
3641 4392 3733 4456 qui

2161 4491 2405 4548 peterent
2436 4491 2494 4535 ut
2515 4483 2814 4550 ipsnmntet
2843 4481 3079 4536 Tatarizn
3142 4497 3322 4549 regem
3347 4481 3734 4534 Murlieuietem

479 4590 569 4639 rit.
605 4557 672 4638 At
703 4585 892 4652 quales
914 4579 1526 4652 beglerbegatusiAlha
1557 4577 1740 4631 Gneei
1782 4577 1860 4628 vel
1915 4576 2052 4628 Alba
2088 4557 2130 4610 θ
2162 4572 2304 4628 ferre
2362 4574 2466 4628 sibi
2523 4573 2805 4644 suppetias
2858 4574 3094 4642 juheret.
3157 4570 3306 4625 Fecit
3360 4575 3459 4626 hoc
3515 4573 3736 4641 quidem

476 4675 714 4745 regalis;
751 4673 1087 4745 Strigonium
1144 4674 1230 4727 ve!
1286 4669 1704 4739 Sigetivarum;
1755 4682 1876 4735 qua:
1932 4666 2050 4719 loca

475 4768 891 4838 sazigiaeatuum
925 4765 1147 4818 nomine
1181 4754 1560 4816 tantuziimodo
1600 4769 1896 4812 censentur
1928 4759 2053 4811 hac-

478 4877 662 4926 lf'IIIIS,
701 4875 846 4914 recte
870 4859 1237 4931 jnd‘cautium
1285 4857 1544 4925 opinione
1582 4854 1795 4924 singula
1858 4851 2054 4921 praefe-

482 4957 648 5009 t'euda
683 4955 908 5007 veniunt
938 4961 1181 5020 quatuor
1227 4947 1502 5019 ejusmodi
1543 4946 1624 4999 vel
1669 4947 1915 5014 quinque
1967 4946 2059 5000 be-

483 5042 1056 5115 glerhegatithident
1106 5043 1327 5110 quidem
1395 5049 1545 5094 certe
1584 5041 1680 5091 viri
1736 5039 2056 5105 prudentes.

487 5152 785 5204 rerumque
828 5134 1186 5189 Turciearum
1244 5143 1301 5188 et
1346 5133 1564 5187 illorum
1631 5131 1817 5184 liuium
1876 5129 2056 5198 periti,

485 5249 610 5285 cum
649 5231 865 5284 recitari
905 5239 983 5281 tot
1019 5227 1432 5296 beylerhegatus
1471 5241 1658 5277 CO'tlllt
1691 5225 1934 5277 locorum
1963 5237 2059 5273 .iu-

485 5319 644 5374 diunt
670 5338 681 5372 :
709 5317 1065 5388 Tiphlisiunt,
1091 5315 1465 5377 Tscluhlirim,
1505 5314 1863 5374 Soshuniam,
1923 5312 2060 5366 (Σπ-
2103 5332 2108 5337 ·

485 5427 664 5472 senm,
697 5409 1234 5471 ll.itinunt,etalios.
1312 5406 1589 5460 llennnnt
1647 5404 1806 5460 facile
1861 5419 2059 5460 nomen

490 5507 593 5559 ltoc
630 5514 832 5559 tuctur.
865 5503 1056 5556 Itidem
1091 5502 1381 5555 Sirmnnm
1405 5517 1619 5570 quoque
1647 5500 2061 5567 lteglet'liegatus

492 5598 707 5651 titulum
745 5604 1068 5658 titeierctur,
1095 5596 1139 5648 si
1173 5595 1476 5648 Turenrunt
1521 5605 1664 5646 esset
1697 5592 1746 5643 in
1771 5601 2063 5658 potestate.

491 5689 951 5760 quemadmodum
991 5689 1145 5740 initio
1177 5687 1324 5750 belli,
1371 5687 1541 5740 ductu
1571 5683 1866 5753 Slustaphw
1891 5685 2064 5738 bassae

498 5783 692 5836 vcziris
759 5781 1179 5835 Osmauidaiuin
1237 5781 1469 5846 imperio
1533 5779 1711 5832 fuerat
1764 5776 2061 5845 adjectum.

503 5874 606 5930 Sed
640 5874 1053 5945 lii-glerbegatus
1108 5874 1284 5938 exteri
1314 5874 1427 5928 :ttiti
1455 5888 1574 5928 cum
1634 5869 1947 5936 territoriis,
1997 5870 2063 5926 ad

2158 4665 2417 4722 Osntanis
2444 4676 2631 4737 rogatu
2665 4666 2927 4731 Murates,
2964 4666 3056 4720 sed
3102 4663 3332 4718 Tatarns
3357 4664 3472 4719 suis
3505 4667 3737 4718 homini-

2160 4764 2262 4817 bus
2310 4764 2376 4817 ad
2430 4761 2696 4817 Murateni
2752 4763 3042 4830 ablegatis,
3087 4761 3256 4814 libere
3311 4761 3614 4829 respondit,
3675 4777 3732 4814 su

2164 4856 2422 4910 mandato
2455 4855 2683 4910 Muratis
2737 4854 3118 4924 superioribus
3171 4853 3334 4907 annis
3375 4853 3512 4906 duos
3543 4853 3739 4907 fratres

2161 4966 2292 5003 suos
2329 4965 2454 5003 cum
2494 4947 2680 5002 multis
2705 4948 2948 5002 millibus
2978 4949 3261 5001 hominum
3291 4946 3506 5000 misisse
3527 4945 3738 4998 Temir—

2162 5042 2342 5112 capim
2381 5058 2397 5098 :
2430 5057 2664 5110 quorum
2701 5056 2860 5095 nemo
2887 5057 3010 5095 cum
3040 5040 3224 5093 salvus
3249 5039 3465 5092 domum
3493 5039 3735 5097 redierit,

2162 5135 2328 5190 etiam
2380 5134 2611 5188 fratrum
2664 5134 2836 5187 altero
2877 5147 3042 5193 ca'so,
3095 5132 3267 5184 altero
3323 5130 3377 5182 in
3427 5131 3738 5183 carceribus

2162 5229 2302 5293 apud
2333 5228 2519 5282 hostes
2551 5233 2784 5288 mortuo,
2817 5223 2985 5278 videri
3017 5223 3120 5276 sibi
3156 5238 3355 5275 norum
3390 5221 3555 5293 376
3578 5222 3736 5288 quid--

2163 5323 2287 5374 «fatu
2311 5327 2364 5370 et
2387 5317 2652 5383 insolens,
2677 5332 2734 5369 se
2761 5314 3171 5386 quoquejnberi
3196 5315 3412 5367 tandem
3443 5313 3509 5366 ad
3539 5313 3737 5366 bellum

2171 5416 2273 5466 hoc
2306 5407 2603 5480 proficisci,
2630 5408 2771 5477 quod
2808 5424 2900 5475 per
2928 5408 3137 5475 legatos
3167 5405 3281 5474 geri
3329 5406 3514 5472 possit.
3564 5403 3740 5456 Nihilo

2169 5516 2347 5558 tamen
2383 5504 2566 5557 minus
2605 5517 2684 5562 se,
2719 5499 2938 5566 quando
2987 5497 3223 5551 Mnratcs
3270 5497 3341 5550 ita
3385 5512 3481 5565 νει)
3517 5495 3598 5548 sui
3644 5511 3739 5550 au-

2169 5596 2422 5650 ctoritate
2451 5591 2662 5661 imperii
2695 5591 3035 5660 praeciperet,
3061 5599 3444 5656 suscepturum
3481 5588 3619 5639 hanc
3646 5603 3739 5640 ex-

2171 5690 2498 5760 peditionem
2533 5705 2544 5737 :
2570 5684 2728 5739 modo
2747 5684 2849 5738 sibi
2873 5684 3008 5736 mitti
3039 5691 3256 5737 curaret
3279 5697 3451 5743 arma,
3482 5693 3739 5748 pecnutas

2173 5784 2224 5835 in
2257 5782 2484 5835 militum
2513 5775 2804 5848 stipendia,
2851 5791 2974 5831 cum
3020 5775 3142 5830 aliis
3195 5777 3358 5828 rebus
3405 5775 3712 5826 necessatis

2185 5873 2442 5940 Montes,
2472 5881 2692 5941 accepto
2725 5868 2903 5925 Tatari
2938 5883 3221 5937 responso,
3253 5883 3361 5920 rent
3395 5882 3516 5920 cum
3551 5878 3744 5933 supre-
