4212 6288
517 312 625 374 693

1741 311 2071 370 JOANNIS
2113 313 2584 373 LEUNCLAVII

3668 312 3771 374 696

512 436 603 474 n.o
634 418 950 475 consiliario
982 433 1108 481 suo,
1139 418 1330 473 Siausc
1357 419 1541 484 bassa,
1576 429 1629 473 ct
1664 436 1786 472 cum
1829 420 2093 473 ltmuelia-
2125 429 2162 478 Λ
2199 420 2432 489 ngaria
2464 425 2662 490 fuerat)
2703 437 2826 475 cum
2869 423 3026 476 titulo
3061 421 3258 478 veziris
3307 420 3611 476 Osmnuica:
3641 422 3769 479 Por-

507 513 621 566 sive
647 510 868 566 Gracia:
897 510 1284 565 Cadilcsciicro
1316 511 1600 566 deliberat.
1633 511 1693 562 lli
1725 528 1848 566 cum
1889 515 1934 566 ei
1965 527 2083 579 νυτ-

506 603 820 664 suaderent,
851 617 972 658 esse
1003 600 1204 654 Talaro
1251 602 1512 655 mittenda
1550 602 1845 657 illiusmodi
1903 602 2086 655 subsi-

506 693 615 756 dia,
667 695 784 747 dari
813 693 982 760 jussit
1015 695 1221 754 omnia.
1259 709 1377 763 quae
1427 692 1569 748 bello
1627 693 1866 761 gerendo
1902 708 2085 745 ncces-

507 786 652 838 saria
682 785 1008 855 requireret.
1070 785 1299 838 Centum
1356 784 1575 854 quidem
1612 785 1658 839 ei
1701 785 1865 839 missa
1918 783 2085 838 fuisse

504 876 749 942 iumenta
783 876 1110 947 sagmataria
1142 877 1517 945 perhibentur.
1549 887 1774 930 onerata
1832 891 2085 929 nummu-

510 967 578 1019 lis
637 971 931 1034 argenteis,
992 984 1134 1035 quos
1212 983 1402 1036 aspros
1469 967 1832 1036 appellatione
1898 966 2086 1020 ϐῆναι

512 1057 672 1113 Turci
705 1069 924 1113 vocant.
977 1057 1181 1112 ilormu
1234 1074 1449 1114 summa
1492 1058 1818 1114 conficiebat
1865 1066 2083 1113 centum

510 1162 562 1204 et
590 1151 902 1221 octuaginta
942 1150 1109 1207 millia
1147 1151 1481 1207 thalerorum
1509 1151 1989 1212 Germanicorum,
2019 1149 2084 1202 ad

507 1260 700 1314 aspros
731 1246 1007 1315 sexaginta
1037 1255 1290 1302 revocato
1328 1245 1543 1300 tbalerii
1589 1245 1786 1314 pretio,
1833 1244 1979 1313 quod
2035 1243 2086 1296 id

510 1339 777 1406 temporis
839 1339 965 1392 huic
1005 1353 1232 1393 nummo
1289 1347 1549 1392 statutum
1613 1335 1833 1393 decreto
1887 1335 2084 1390 sultani

511 1428 742 1486 Muralis
804 1442 943 1485 erat.
1023 1433 1279 1500 Adeoque
1367 1431 1601 1499 jumenti
1719 1429 1882 1483 unius
1946 1443 2087 1482 onus

513 1520 751 1575 thaleros
818 1523 968 1576 mille
989 1536 1112 1576 cum
1180 1520 1507 1589 octingcnlis
1569 1517 1904 1573 continebat.
1939 1515 2089 1573 Hauc

507 1615 704 1668 Tataro
734 1617 1018 1684 parturiant
1063 1617 1230 1677 misit,
1284 1627 1480 1686 prauer
1531 1615 1635 1670 alia
1672 1617 1951 1678 deuativa,
2004 1615 2089 1671 ui-

509 1705 706 1759 mirum
761 1719 938 1762 vcstes
997 1723 1061 1761 ex
1120 1723 1300 1776 panno
1361 1710 1643 1776 sericoque
1674 1708 1971 1766 confectas.
2033 1718 2086 1762 et

2191 525 2256 567 ne
2294 518 2608 584 sunuuique
2652 515 2934 585 cupiarum
2969 514 3125 568 ducis
3155 515 3208 568 in
3244 515 3348 568 illis
3387 515 3520 570 locis
3557 534 3571 569 :
3608 526 3770 584 atque

2189 609 2304 674 ipse
2337 609 2640 671 celeritate,
2697 623 2802 674 qua
2858 618 3044 676 posset
3097 608 3357 668 maxima,
3411 607 3652 674 Capham
3704 613 3768 662 ad

2188 700 2564 767 castigandum
2628 699 2890 753 Talarum
2945 699 3408 770 proficisceretur.
3467 698 3598 752 Erat
3646 699 3769 753 huic

2189 788 2390 844 Tataro
2450 808 2645 846 nomen
2706 793 3034 854 Muchemet,
3085 790 3249 846 Kerai
3301 793 3465 853 cban,
3509 791 3610 845 hoc
3663 802 3766 856 est,

2187 882 2552 938 Mucbrmetes
2590 901 2678 938 rex
2706 885 2958 948 Knraius,
3003 886 3120 938 sive
3167 886 3521 940 Keralorum.
3562 888 3760 938 Usman

2189 975 2346 1028 bassa
2375 977 2631 1030 mandato
2661 977 2888 1032 Muralis
2910 987 3152 1045 accepto,
3181 977 3452 1045 quidquid
3484 980 3549 1029 ab
3577 992 3642 1029 eo
3668 976 3768 1029 sibi

2191 1064 2376 1118 fuisset
2435 1067 2769 1136 iniunctum,
2825 1068 2969 1120 fecit.
3036 1066 3248 1136 Quippe
3298 1065 3537 1132 Capham
3595 1064 3774 1134 profe-

2188 1167 2332 1222 ctus,
2364 1168 2532 1213 totam
2560 1160 2681 1215 lstic
2713 1160 2944 1212 hiemem
2973 1160 3116 1213 illam
3139 1160 3423 1229 transegit.
3449 1156 3587 1212 Cum
3615 1169 3772 1215 :rstas

2189 1247 2529 1315 appetiisset,
2557 1262 2700 1301 anno
2719 1247 2818 1302 99l
2857 1247 3010 1317 (Chr.
3039 1247 3199 1312 1584)
3254 1248 3400 1302 misit
3431 1261 3498 1298 eo
3520 1245 3771 1300 sultanus

2191 1338 2427 1393 Muratcs
2454 1339 2673 1394 fratrem
2702 1338 3058 1393 Ilncbemclis
3083 1335 3291 1402 Tatari,
3317 1339 3404 1392 cui
3434 1353 3629 1391 nomen
3654 1346 3772 1391 erat

2193 1430 2331 1484 I~lan
2358 1433 2519 1486 cban.
2553 1433 2600 1487 Is
2629 1433 2895 1487 hactenus
2935 1431 3325 1485 asservabatur
3355 1432 3496 1492 apud
3527 1431 3770 1485 Iconium

2190 1525 2381 1578 urbem
2435 1526 2596 1580 Asim.
2649 1525 2801 1579 Nunc
2841 1541 2971 1581 vero
2999 1527 3242 1596 Capltam
3279 1539 3346 1578 eo
3384 1523 3619 1578 consilio
3650 1524 3772 1577 mit-

2194 1617 2427 1678 tebatur,
2457 1628 2517 1670 ut
2555 1615 2760 1672 Osmau
2803 1618 2962 1672 bassa
2998 1626 3190 1672 necato
3220 1616 3561 1671 Muchemete
3589 1630 3768 1685 regem

2195 1710 2337 1763 hunc
2369 1709 2580 1765 Keraiis
2615 1707 2832 1763 Tataris
2887 1709 3008 1764 loco
3039 1708 3399 1764 Mucbemetis
3430 1707 3605 1762 daret.
3634 1707 3769 1762 Cum

506 1797 692 1851 omnis.
717 1799 930 1866 generis
960 1814 1133 1852 artua.
1168 1799 1318 1852 Sciat
1359 1809 1540 1852 autem
1575 1799 1762 1857 lector,
1798 1809 2086 1866 propterea
2119 1789 2160 1846 Β
2194 1803 2368 1856 Islanc
2418 1801 2598 1857 cbane
2633 1800 2863 1856 Muralis
2915 1801 3176 1855 mandato
3206 1801 3446 1870 Capbam
3497 1799 3774 1867 navigatit

511 1889 683 1943 fuisse
719 1889 912 1944 Murali
966 1893 1193 1947 cbauem
1228 1890 1371 1945 hunc
1400 1890 1723 1945 Tatarorum
1767 1891 2081 1949 Mucbeme-

509 1989 618 2036 tem
677 1982 974 2054 obligatum
1022 1982 1086 2037 ad
1126 1983 1441 2039 educendos
1502 1984 1868 2039 mittendasve
1917 1985 2083 2039 domo

507 2088 737 2133 suorum
769 2074 976 2143 copias.
1002 2073 1055 2126 in
1080 2089 1466 2144 quemcunque
1517 2074 1693 2128 visum
1726 2072 1920 2127 Murali
1952 2073 2085 2128 fuis-

507 2175 595 2221 set
623 2165 857 2228 hostem,
893 2175 946 2220 et
981 2181 1311 2236 quocunque
1341 2176 1608 2235 tempore,
1672 2165 1815 2235 quod
1851 2166 2082 2235 singulis

505 2257 666 2311 annis
704 2273 769 2312 eo
804 2259 1020 2314 nomine
1066 2274 1165 2328 pro
1199 2273 1258 2312 se
1288 2258 1508 2328 suisque
1545 2259 1779 2311 ducibus
1813 2258 2083 2326 acciperet

507 2363 538 2401 a
568 2346 776 2401 Murale
802 2364 1070 2404 summam
1099 2350 1457 2403 ducentorum
1510 2348 1632 2415 plus
1662 2346 1907 2400 minusve
1955 2345 2081 2400 mil-

508 2439 640 2493 lium
673 2440 1072 2496 sultaninorum
1098 2458 1111 2493 :
1143 2449 1335 2510 pra-ter
1362 2441 1636 2510 impensas
1666 2439 1913 2502 diurnas,
1944 2455 2082 2506 qua—

510 2548 632 2587 rum
663 2534 710 2587 ei
770 2537 1011 2598 nomine,
1064 2548 1162 2602 pro
1214 2549 1367 2588 more
1420 2534 1679 2594 Turcico,
1737 2533 1982 2602 singulos
2029 2534 2081 2585 in

506 2625 624 2680 dies
649 2625 795 2694 aspri
825 2627 975 2680 mille
1020 2629 1473 2683 numerabantur.
1510 2627 1746 2683 Tatarus
1783 2627 1872 2681 ubi
1903 2644 1930 2679 a
1972 2625 2084 2680 Mu-

505 2728 643 2784 rate,
713 2735 834 2788 quae
879 2719 1140 2782 diximus,
1196 2719 1522 2788 accepisset,
1580 2718 1814 2780 Crimio,
1861 2718 2084 2774 civitate

507 2813 766 2880 regiaque
797 2827 921 2872 sua.
972 2812 1234 2877 discedit,
1271 2826 1440 2880 seque
1487 2809 1848 2882 Tcmircapim
1901 2826 2085 2880 perre-

507 2916 722 2959 cturum
747 2903 987 2959 simulat.
1020 2904 1125 2960 Sed
1168 2905 1442 2973 aliquanto
1474 2906 1655 2974 spatio
1686 2918 2007 2972 progressus
2051 2918 2080 2956 a

506 2994 732 3058 Crimio.
759 2997 979 3050 domum
1027 2996 1340 3055 revertitur,
1401 3011 1524 3049 cum
1560 2995 1722 3048 modo
1759 2993 1875 3048 suis
1915 2993 1964 3045 id
2024 3008 2084 3047 se

511 3087 692 3144 facere
729 3087 954 3153 diceret,
1005 3087 1076 3142 ob
1129 3090 1258 3142 anui
1322 3095 1695 3156 tempestates.
1756 3084 2079 3155 profectioni

512 3181 808 3244 adversas;
847 3181 1009 3235 modo
1031 3180 1363 3249 snSpiciouis
1392 3195 1579 3243 causa,
1607 3194 1771 3249 quam
1804 3179 1870 3231 de
1907 3177 2086 3232 fratri-

512 3274 613 3327 bus
663 3273 780 3329 suis
840 3273 1223 3341 concepisset;
1268 3270 1430 3325 modo
1471 3281 1693 3340 propter
1744 3270 2084 3326 Cosakorum

509 3373 692 3419 motus
750 3365 854 3434 (sic.
880 3364 1225 3434 appellantur
1253 3365 1307 3417 in
1335 3363 1651 3419 Moldavicis
1676 3363 2089 3432 Valacbicisque

511 3453 731 3513 finibus,
765 3453 858 3523 qui
898 3453 1197 3517 Martelosi,
1228 3453 1485 3516 Uscoebi,
1523 3452 1786 3508 Murlacbi
1831 3452 2090 3507 dicuntur

513 3550 566 3600 in
604 3545 914 3615 Ungaricis,
952 3545 1229 3601 Croatinis
1268 3557 1322 3598 et
1373 3544 1694 3600 Dalmatinis
1726 3560 1742 3600 :
1793 3543 1900 3598 nisi
1943 3543 2088 3612 quod

511 3640 720 3707 majore
756 3655 986 3694 numero
1013 3637 1208 3693 Cosaki
1252 3654 1362 3692 rem
1399 3637 1638 3708 gerunt),
1670 3635 1764 3705 qui
1813 3635 2088 3690 contemni

511 3746 621 3783 non
660 3741 898 3798 possent,
928 3743 1052 3783 cum
1087 3743 1194 3783 non
1235 3728 1442 3782 dudum
1477 3726 1611 3781 adeo
1643 3725 1912 3781 Potocova
1932 3724 2089 3779 Polo-

511 3836 586 3874 no
611 3821 770 3884 duce,
808 3819 1095 3874 finitimam
1128 3819 1231 3874 sibi
1269 3817 1614 3882 Benderiam,
1651 3814 2093 3885 Osmanicijurls

516 3914 801 3984 Oppidum,
835 3929 1027 3968 versus
1053 3911 1277 3981 Nigrum
1318 3926 1468 3970 mare
1500 3912 1688 3974 siluro,
1719 3911 1963 3980 ceperint
2012 3919 2095 3962 at-

515 4021 622 4074 que
701 4005 1023 4072 diripuerint
1058 4022 1071 4058 :
1105 4019 1249 4059 nunc
1304 4005 1398 4058 bas
1448 4004 1707 4073 denique,
1771 4019 1916 4057 nunc
1973 4004 2094 4057 illas

513 4112 711 4153 causas
732 4107 788 4153 et
833 4097 1225 4152 excusationes
1278 4097 1643 4164 praetendens,
1683 4095 2091 4165 expeditionem

517 4191 714 4247 Murali
750 4190 1077 4259 promissam
1110 4204 1218 4242 non
1259 4188 1520 4257 suscepit.
1557 4188 1818 4255 Equidem
1865 4187 1931 4241 de
1963 4188 2096 4240 viris

517 4279 881 4351 sapientibus,
909 4290 963 4334 et
992 4279 1238 4334 Tureieac
1272 4277 1646 4333 fraudulentiaa
1671 4277 1876 4346 gnaris.
1904 4276 2099 4331 audire

518 4375 783 4437 memini,
832 4375 1152 4431 conclusum
1205 4372 1257 4426 in
1319 4371 1549 4426 Muralis
1609 4369 1779 4424 fuisse
1828 4369 2093 4430 consilio,

2190 1892 2434 1948 Uluzalis
2466 1893 2759 1960 praefectus
2791 1893 2982 1957 maris,
3019 1907 3143 1947 cum
3187 1893 3400 1962 aliquot
3431 1893 3771 1957 triremibus,

2187 1999 2286 2040 nec
2341 1985 2608 2040 mediocri
2661 1985 3046 2054 geninarorum
3095 1987 3273 2038 Porta:
3323 1984 3772 2054 sclopelariorum

2185 2078 2464 2148 praesidiO.
2494 2079 2794 2147 Postquam
2830 2079 2884 2132 bi
2918 2078 3161 2146 Capliam
3188 2079 3553 2145 appulissent.
3587 2076 3773 2131 infelix

2187 2172 2275 2226 ille
2307 2170 2680 2225 Muchemctes
2730 2172 2870 2223 cban
2929 2171 3178 2224 desertus
3210 2186 3238 2222 a
3271 2170 3406 2236 suis,
3451 2179 3504 2225 et
3552 2169 3774 2241 potissi-

2187 2279 2334 2315 mum
2366 2265 2611 2330 proditus
2647 2279 2674 2317 a
2704 2263 2896 2316 Kibaia
2959 2264 3073 2316 sive
3106 2261 3362 2331 prmft-clo
3415 2263 3586 2316 curite
3635 2276 3772 2326 sum,

2186 2354 2499 2409 Terrorum
2561 2355 2615 2408 in
2661 2368 2860 2408 manus
2909 2357 3101 2408 venit:
3136 2363 3189 2406 ct
3238 2352 3305 2406 ab
3344 2353 3446 2414 eis.
3490 2369 3594 2404 una
3645 2366 3774 2404 cum

2184 2447 2400 2502 duobus
2441 2448 2588 2509 liliis.
2619 2449 2757 2500 eliso
2786 2457 3007 2517 gutture
3034 2445 3402 2511 strangulatus
3432 2443 3551 2497 fuit.
3581 2444 3636 2497 In
3654 2446 3774 2510 ejus

2186 2539 2367 2592 locum
2413 2555 2538 2593 mox
2570 2539 2638 2593 ab
2674 2539 2828 2608 ipsis,
2868 2539 3085 2592 nemine
3131 2538 3460 2607 refragante,
3511 2535 3777 2590 suffectus

2186 2641 2270 2685 csl
2298 2631 2439 2684 Islan
2479 2633 2642 2694 cban,
2680 2646 2743 2685 ex
2779 2631 3002 2686 decreto
3031 2631 3228 2685 sultani
3275 2629 3522 2690 Muralis,
3576 2636 3634 2683 ul
3665 2626 3776 2681 lie-

2187 2723 2427 2777 raiormu
2451 2723 2778 2778 'l'atarorum
2812 2725 2953 2779 eban
2983 2724 3099 2779 sive
3127 2739 3218 2778 rex
3249 2732 3418 2777 esset.
3445 2722 3600 2776 Alius
3645 2719 3778 2788 qui-

2186 2819 2310 2873 dam
2343 2817 2486 2872 filius
2537 2817 2657 2886 ejus
2695 2817 2761 2871 ad
2826 2813 3157 2886 Nogaiornm
3203 2816 3528 2869 Tatarorum
3575 2811 3778 2883 princi-

2187 2922 2611 2975 pem,soccrum
2639 2922 2824 2970 suum,
2871 2905 3134 2976 profugit.
3180 2905 3506 2958 Muchemeti
3549 2903 3773 2972 quidem

2187 3013 2298 3053 non
2357 2999 2652 3063 immerito,
2706 3007 2929 3067 propter
2982 2998 3314 3068 impietatem
3373 3011 3500 3064 erga
3562 3005 3772 3063 patrem

2189 3093 2532 3153 exercitam,
2593 3089 2862 3155 ejusmodi
2930 3103 3080 3142 mors
3139 3089 3404 3157 obtigisse
3463 3085 3777 3140 verosim-le

2192 3182 2424 3237 videtur.
2456 3181 2590 3234 Nam
2620 3195 2741 3234 cum
2789 3181 2834 3234 is
2861 3179 3012 3233 senio
3068 3179 3368 3243 confectus,
3419 3193 3610 3244 parum
3664 3178 3778 3229 lilio

2194 3279 2480 3341 putaretur
2505 3269 2570 3323 ad
2620 3267 3072 3338 gubernationem
3110 3267 3375 3329 idoneus,
3425 3280 3526 3332 ope
3568 3260 3772 3315 sultaui

2193 3362 2413 3417 Turcici
2446 3369 2656 3429 patrem
2686 3359 2945 3414 abdicare
2984 3375 3044 3414 se
3074 3372 3245 3428 regno
3275 3365 3525 3426 coegerat
3554 3354 3775 3408 MIICitt‘-

2196 3452 2582 3520 metes.idqne
2633 3466 2756 3505 mox
2827 3451 2880 3504 in
2947 3465 3009 3504 se
3083 3451 3497 3503 transtulerat:
3561 3445 3781 3500 Tatauis

2198 3547 2418 3602 fratrem
2476 3545 2597 3612 eius
2665 3541 2893 3597 lslanem
2951 3541 3182 3596 ebanem
3243 3539 3628 3608 poscentibus.
3685 3537 3794 3591 cui'

2193 3651 2346 3711 pater
2380 3636 2544 3694 etiam
2604 3638 2777 3707 magis
2813 3634 3053 3690 favebat.
3079 3634 3220 3688 lslan
3273 3649 3393 3688 cum
3432 3633 3541 3686 alio
3585 3631 3776 3694 fratre.

2196 3744 2326 3787 natu
2395 3735 2630 3795 minore,
2689 3729 3020 3784 Polonornm
3083 3727 3148 3782 ad
3207 3742 3388 3795 regem
3440 3726 3778 3796 Stephanum

2195 3822 2498 3887 Balorium,
2554 3821 2804 3875 fraterna:
2832 3817 3171 3873 crudelitatis
3221 3827 3390 3876 metu.
3420 3832 3480 3870 se
3523 3817 3776 3872 contulit.

2197 3915 2405 3987 Rogato
2477 3911 2832 3968 Mnchemetis
2885 3911 3134 3966 sultanus
3196 3907 3464 3963 Turcicns
3510 3907 3776 3963 Polonum

2194 4027 2377 4083 regem
2413 4018 2590 4074 urget,
2620 4009 2694 4061 uti
2732 4005 2835 4060 sibi
2869 4005 3216 4059 dederentur.
3259 4003 3421 4073 377
3458 4001 3588 4057 Erat
3634 4002 3777 4070 apml

2196 4103 2408 4158 Turcos
2464 4100 2906 4170 Traussylvanus
2957 4098 3200 4164 quidam,
3274 4094 3569 4150 Marcbalzi
3646 4094 3779 4148 Paul

2196 4197 2360 4265 vulgo
2382 4195 2584 4257 dit-tus,
2617 4192 2669 4246 id
2697 4201 2780 4246 est
2815 4190 3014 4244 Paulus
3038 4188 3425 4247 Marebatzius,
3469 4190 3561 4256 qui
3613 4189 3779 4242 rebus

2198 4285 2624 4354 Transsylvanis
2656 4281 2947 4336 insidiatus
2982 4281 3177 4332 fuerat.
3217 4278 3349 4331 [Cum
3390 4279 3627 4332 vicissim
3655 4295 3780 4339 pos-

2197 4380 2343 4434 eruti
2371 4378 2480 4446 regi
2507 4392 2635 4444 spes
2665 4375 2844 4443 aliqua
2871 4373 3168 4426 deditionis
3199 4372 3360 4423 farta.
3412 4370 3699 4433 Quanmbr-
3724 4385 3776 4422 m

518 4465 782 4523 Tatarum
815 4464 1055 4523 Cbauem
1114 4464 1302 4533 procul
1352 4465 1416 4522 ad
1449 4472 1684 4517 remotas
1740 4462 1857 4514 illas
1905 4461 2090 4528 regio-

2204 4470 2435 4525 Tataros
2475 4470 2670 4520 fratres
2708 4467 2924 4521 sultano
2958 4464 3142 4526 mittit,
3170 4463 3263 4532 qui
3293 4473 3473 4514 tamen
3504 4460 3771 4532 Polonum

520 4576 620 4615 nes
643 4559 1003 4627 ablegandum
1039 4576 1053 4613 :
1084 4567 1143 4611 ut
1193 4556 1436 4620 interim,
1471 4557 1599 4608 dum
1637 4555 1850 4608 abesset
1905 4553 2092 4617 domo,

521 4669 750 4722 regnum
779 4652 918 4719 ejus.
954 4649 1096 4718 quod
1133 4650 1298 4703 etiam
1325 4649 1614 4717 czetcroqui
1646 4646 1844 4700 sultani
1870 4643 2096 4698 Muralis

521 4744 892 4801 contineretur
925 4741 1170 4809 imperio,
1201 4743 1254 4796 in
1300 4740 1533 4797 formam
1568 4741 1978 4807 bcglerbegatns
2015 4752 2095 4790 re-

521 4839 818 4907 digeretur.
875 4837 952 4888 Ac
1000 4834 1116 4887 fieri
1181 4842 1379 4903 potest,
1422 4832 1521 4887 bas
1572 4847 1694 4887 eum
1744 4829 2096 4886 subolfecisse

521 4929 825 4984 Turcorutn
863 4925 1107 4984 insidias.
1139 4924 1371 4993 ideoque
1400 4921 1758 4993 profectionis
1804 4921 2092 4977 consilium

524 5032 783 5080 mutasse,
822 5020 1019 5072 nedum
1068 5015 1262 5071 alienis
1296 5014 1560 5084 augendis
1601 5025 1655 5067 et
1706 5012 2095 5068 conservandis

524 5118 767 5169 intentus
815 5121 978 5174 esset,
1046 5109 1280 5179 propriis
1327 5118 1634 5163 exueretur.
1695 5105 1825 5161 Utut
1862 5122 1985 5161 sesc
2010 5120 2096 5159 res

524 5209 741 5271 habeat,
777 5205 1011 5259 Murates
1041 5203 1322 5271 aegerrime
1355 5202 1557 5264 ferens,
1588 5201 1692 5255 boc
1739 5201 1901 5253 modo
1945 5199 2097 5252 delu-

523 5313 645 5351 sum
695 5311 753 5350 se
785 5303 988 5348 tantam
1023 5307 1145 5348 cum
1174 5290 1437 5361 pecuniae,
1481 5300 1593 5343 tum
1652 5288 1878 5343 aliarmn
1915 5302 2094 5340 rermn

518 5388 791 5460 iacturam
822 5386 1035 5449 fecisse,
1095 5384 1337 5455 cogitare
1371 5399 1492 5437 cum
1531 5384 1718 5435 animo
1764 5396 1862 5434 suo
1889 5380 1956 5433 de
1981 5380 2098 5431 vin-

521 5481 667 5533 dicta
702 5480 885 5548 cmpit.
914 5479 1098 5546 Itaque
1133 5477 1444 5530 mandatum
1475 5475 1540 5528 ad
1559 5473 1850 5528 Osmauem
1877 5471 2095 5524 bassam

526 5572 716 5632 mittit,
747 5587 858 5642 quo
899 5570 1265 5640 przccipiebat,
1297 5579 1356 5623 ut
1379 5569 1452 5623 ibi
1477 5568 1711 5636 primum
1740 5564 1790 5618 id
1820 5564 1920 5634 ipsi
1945 5579 2097 5616 man-

524 5665 712 5719 datum
738 5664 1025 5718 olfcrrctur
1055 5680 1065 5716 :
1090 5665 1210 5719 istic
1227 5679 1326 5718 suo
1347 5661 1803 5729 locorelinquerel
1825 5656 2096 5712 Giaft-retn

528 5759 745 5813 bassatn
805 5759 876 5827 (is
930 5758 1222 5827 aliquando
1269 5755 1581 5812 Temcsvaui
1621 5751 1975 5824 bcglct'b-gus
2041 5752 2094 5806 in

2203 4562 2534 4623 ludificatus,
2565 4557 2833 4627 promisso
2857 4571 2962 4609 non
2987 4555 3159 4609 stetit.
3186 4556 3390 4607 Auctor
3413 4552 3556 4605 enim
3583 4554 3780 4602 deden-

2199 4654 2269 4710 do
2297 4652 2418 4717 fuil,
2453 4660 2508 4703 ut
2549 4650 3078 4704 musulmanissarct.
3111 4648 3262 4714 Quod
3297 4662 3420 4699 eum
3455 4647 3500 4698 is
3534 4645 3773 4706 fecisset,

2202 4744 2465 4814 religione
2517 4758 2575 4796 se
2614 4741 2890 4810 prohiberi
2945 4739 3182 4793 Murales
3229 4738 3431 4791 Polouo
3472 4738 3772 4804 re5pomlit,

2199 4837 2500 4906 quominus
2547 4834 2954 4888 Musulmanmn
2994 4832 3307 4886 Christiano
3349 4832 3414 4885 ad
3447 4830 3771 4898 supplicium

2201 4930 2443 4982 dederet.
2501 4927 2616 4993 Ipse
2644 4925 2860 4994 quidem
2896 4923 3262 4977 Marchatzins
3305 4932 3548 4990 apostata
3584 4937 3774 4990 super-

2202 5023 2316 5065 stes
2340 5012 2519 5064 adbuc
2537 5020 2641 5073 est,
2701 5011 2950 5064 Babolza:
2986 5011 3296 5078 praefectus,
3349 5011 3489 5063 baud
3537 5009 3772 5078 procula

2202 5097 2408 5166 Zigeto,
2477 5107 2531 5152 et
2579 5097 2814 5152 lbrabim
2850 5099 2949 5165 beg
3002 5098 3197 5151 Turcis
3258 5113 3399 5152 nunc
3454 5100 3771 5167 appellatur.

2199 5194 2419 5248 Tataris
2472 5195 2733 5248 fratribus
2799 5194 3274 5263 Constantinopoli
3335 5197 3656 5263 degentibus
3717 5194 3771 5248 iu

2201 5286 2363 5339 domo
2388 5286 2568 5339 Zausii
2608 5287 2890 5352 cujusdam
2922 5287 3125 5354 Ungari
3155 5287 3321 5349 senis,
3353 5286 3475 5358 fuga
3509 5297 3636 5340 natu
3674 5287 3771 5339 mi-

2202 5395 2302 5432 nor
2337 5382 2400 5432 ad
2435 5380 2625 5433 Persas
2643 5380 2871 5433 elabitur
2907 5395 2920 5429 :
2963 5380 3120 5446 cujus
3168 5380 3474 5447 esctuplnm
3528 5396 3593 5432 ne
3629 5379 3768 5434 ls'au

2204 5470 2538 5530 imitaretur,
2597 5469 2850 5521 Rhodum
2909 5470 3144 5536 primum
3209 5471 3522 5522 triremibus
3579 5470 3769 5538 depor-

2205 5571 2380 5614 tatur:
2410 5561 2534 5615 it:th
2561 5562 2888 5615 transfertur
2919 5561 3178 5619 Iconium,
3208 5561 3402 5613 ibidem
3434 5573 3769 5624 asservatus,

2202 5654 2375 5708 donec
2441 5653 2656 5706 tamlem
2719 5652 2893 5708 I'aclus
2951 5653 3119 5710 liber.
3183 5653 3334 5704 fratri
3411 5652 3764 5713 lllncbcmeti,

2204 5745 2664 5817 quctuadmodum
2720 5746 2830 5815 jam
2888 5745 3274 5810 indicavimus,
3327 5744 3769 5800 substitueretur.
