4212 6288
514 334 616 395 697

1618 348 2001 412 SUPl‘l.EM.
2035 355 2313 416 ANNAL.
2354 355 2659 418 TURCIC.

3648 363 3754 427 698

578 452 845 505 Caeterum
879 455 1042 509 rebus
1094 472 1160 513 es
1194 459 1360 512 animi
1402 464 1673 516 sententia
1704 468 1931 529 curatis,
1967 465 2072 522 Os-
2106 474 2148 529 Α
2178 471 2423 538 stigaret,
2464 471 2755 527 Osmanem
2810 474 3051 534 bassam,
3090 473 3183 543 qui
3211 488 3467 542 supremo
3499 488 3621 529 eum
3656 479 3756 531 ini-

513 558 639 597 man
670 543 850 605 bassa,
890 546 1165 615 marisque
1223 547 1510 618 przefectus
1568 550 1828 615 Uluzalis,
1888 554 2078 607 trimu-

508 637 785 708 pliabundi
814 639 1342 711 Constantinopolim
1372 644 1574 698 reversi
1606 653 1754 700 sunt.
1788 644 1919 700 Post
1948 662 2083 714 pati-

508 746 607 786 cos
642 731 757 787 dies
787 731 1011 788 Siauses
1064 731 1251 797 bassa,
1307 751 1432 788 cum
1468 735 1602 790 alias
1654 736 1725 790 ob
1766 751 1965 792 causas
1994 752 2081 792 sc-

510 826 798 886 eretiores,
833 837 948 877 tum
980 840 1111 879 vero
1149 826 1299 897 quod
1335 826 1723 883 mittendorum
1758 828 1959 884 Tataro
1986 844 2080 898 pe~

508 917 684 973 cuniae
713 918 1159 989 reliquorumque
1212 922 1585 977 subsidiorum
1637 932 1827 978 auctor
1882 924 2077 980 Murati

507 1008 708 1077 fuerat,
729 1019 786 1065 ut
815 1018 975 1066 antea
997 1013 1362 1076 narravimus,
1386 1013 1878 1072 intervenientibus
1908 1018 2071 1071 etiam

502 1101 735 1157 occultis
768 1103 1033 1157 adversus
1058 1100 1350 1159 Osmanetn
1372 1106 1699 1169 inimicitiis,
1741 1124 1859 1176 quae
1884 1122 2076 1180 postea

504 1190 789 1261 patefactrc
815 1191 1058 1255 fuerunt,
1089 1209 1118 1249 a
1143 1195 1576 1251 vezirazematus
1606 1198 1783 1253 ollicio
1807 1208 2074 1262 remotus.

502 1281 737 1351 ejusque
787 1282 907 1337 loco
964 1284 1217 1354 princeps
1265 1286 1467 1339 sultani
1500 1287 1847 1343 consiliarius
1897 1288 2075 1346 factus

500 1385 585 1429 est
614 1373 815 1429 Osman
840 1375 1022 1440 bassa,
1051 1374 1212 1431 facile
1233 1374 1538 1432 Turcorum
1581 1378 1846 1445 omnium,
1880 1395 2077 1436 secun-

502 1471 634 1520 dum
676 1464 1027 1529 Osmanidas,
1057 1466 1475 1525 nobilissimus:
1512 1469 1658 1538 quod
1688 1476 1840 1537 patre
1875 1470 2074 1525 Dama-

502 1572 671 1615 sceno
730 1559 1079 1630 bcglerbego,
1113 1568 1290 1614 matre
1324 1560 1635 1632 beglerbcgi
1681 1560 2073 1628 Bagadatensis

501 1651 617 1707 sive
655 1651 939 1722 Babylonii
994 1652 1101 1706 lilia
1132 1662 1291 1708 natus
1318 1661 1488 1709 esset.
1521 1653 1637 1710 Hoc
1686 1655 1904 1725 quidem
1956 1671 2075 1710 me-

503 1745 788 1805 morabile,
831 1746 975 1811 quod
1010 1745 1233 1801 Sianses
1264 1745 1315 1799 in
1340 1745 1559 1816 publico
1576 1748 1778 1802 divano
1809 1748 2072 1802 condem-

2180 563 2333 631 pcrio
2358 561 2698 616 terrestrium
2734 563 3016 631 copiarum
3075 562 3183 616 dux
3218 563 3270 615 in
3304 563 3371 618 iis
3414 563 3550 617 locis
3585 577 3750 628 esset,

2179 652 2467 721 ablegavit.
2502 650 2637 705 Eum
2674 652 2728 706 iu
2760 653 2958 708 castris
2992 651 3059 705 ad
3090 651 3486 707 Chalcedonem
3511 670 3633 708 cum
3662 672 3753 710 se-

2178 746 2399 815 xaginta
2453 744 2576 813 plus
2632 743 2882 798 minusve
2934 743 3165 797 millium
3214 746 3459 799 exercitu
3491 747 3749 812 vidimus,

2180 835 2323 890 unde
2346 845 2530 904 postea
2564 850 2661 903 per
2698 835 3029 899 Anatolium,
3058 835 3173 889 sive
3223 836 3408 889 Asiam
3459 837 3749 901 minorem,

2177 928 2283 984 iter
2318 928 2445 984 fecit
2480 930 2624 985 :boe
2648 942 2750 995 est,
2791 930 3055 985 lscodara
3084 928 3537 999 Cbalccdoueque
3572 931 3751 1002 profr-

2176 1031 2298 1078 ctus
2321 1032 2405 1078 est
2432 1022 2624 1077 itinere
2646 1023 2892 1079 terrestri
2917 1022 3156 1090 Sinopen
3177 1038 3389 1087 Versus,
3417 1033 3475 1078 ut
3500 1024 3623 1079 inde
3642 1023 3751 1079 Ca-

2177 1114 2341 1185 pham
2372 1130 2469 1185 per
2502 1115 2773 1169 Euxinum
2828 1115 3199 1184 transjiccrct.
3232 1115 3337 1170 Sed
3370 1119 3516 1184 quod
3558 1115 3668 1172 illis
3692 1118 3746 1171 in

2176 1206 2510 1276 regionibus,
2546 1205 2719 1260 Ponto
2746 1207 2969 1271 vicinis,
3002 1207 3193 1278 ingens
3231 1216 3343 1262 tum
3380 1208 3554 1278 frigus
3580 1220 3745 1268 esset.

2177 1299 2374 1353 maluit
2402 1299 2468 1354 ad
2506 1299 2766 1370 oppidum
2797 1297 3191 1354 Castamonam
3233 1290 3561 1363 subsistere,
3597 1304 3739 1372 quod

2177 1405 2286 1443 non
2318 1393 2507 1459 procul
2542 1408 2570 1446 a
2604 1391 2810 1461 Sinope
2862 1392 3030 1449 situm
3091 1393 3287 1449 itinere
3332 1395 3744 1462 quattuordecim

2178 1484 2258 1535 vel
2309 1484 2621 1551 quindecim
2678 1485 2889 1541 dierum
2950 1485 3430 1556 Constantinopoli
3458 1488 3643 1551 distat,
3686 1495 3748 1541 ut

2180 1577 2299 1633 istis
2326 1595 2497 1649 usque
2528 1581 2593 1632 ad
2617 1580 2759 1635 veris
2788 1579 3001 1635 initium
3036 1580 3374 1638 hibernaret.
3405 1580 3593 1634 Itidem
3630 1596 3745 1635 ma-

2175 1669 2253 1724 ris
2283 1670 2567 1739 praefectus
2603 1669 2867 1729 Uluzalis,
2918 1672 3009 1741 qui
3049 1687 3171 1726 cum
3213 1672 3531 1727 triremibus
3562 1673 3628 1726 ad
3652 1670 3745 1725 Ni-

2174 1778 2328 1833 grum
2361 1777 2510 1816 mare
2543 1763 2622 1817 vel
2672 1760 2943 1816 Euxinum
2979 1778 3035 1817 se
3085 1764 3411 1823 cotitulerat,
3466 1770 3523 1816 ut
3552 1763 3744 1831 prtedi-

503 1848 663 1891 an'S
690 1846 746 1889 ει
781 1839 956 1893 "insul
986 1838 1162 1893 [πως
1184 1839 1308 1894 Nil-
1348 1837 1455 1893 θεά
1489 1840 1685 1895 deinde
1718 1840 1918 1895 Sullani
1953 1839 2067 1894 Μιι-
2100 1841 2148 1900 Β
2177 1863 2320 1907 ctum
2352 1853 2642 1907 Osnianem
2670 1854 2887 1908 bassam
2922 1870 3045 1907 cum
3073 1854 3426 1908 terrestribus
3456 1853 3629 1921 copiis
3661 1850 3747 1907 Si-

501 1929 635 1984 ratis
666 1944 848 1990 soror.
903 1932 1103 2001 roujux
1133 1933 1274 2001 ejus,
1316 1932 1458 1999 apud
1494 1932 1719 1988 fratrem
1754 1934 2074 2003 suppliciter

505 2022 836 2078 intercessit.
876 2021 978 2077 Cui
1018 2021 1277 2090 Ilurates,
1340 2021 1536 2079 Beatus
1562 2032 1667 2089 est,
1707 2024 1805 2090 ait,
1840 2025 1983 2094 quod
2021 2036 2073 2079 tc

499 2113 786 2183 conjugem
807 2114 1002 2169 habeat
1022 2132 1037 2170 :
1061 2115 1268 2183 absque
1293 2114 1395 2170 hoc
1424 2114 1638 2179 fuisset,
1664 2131 1789 2171 eum
1822 2115 1939 2172 sine
1964 2117 2073 2171 ulla

500 2206 1063 2260 commiserationein
1103 2207 1266 2277 pleno
1323 2206 1524 2260 divsno
1550 2207 1846 2274 iussissem
1902 2207 2074 2260 inter-

500 2295 611 2351 lici.
654 2296 871 2350 Amissa
914 2297 1204 2367 dignitate,
1260 2296 1515 2369 conjugis
1543 2309 1727 2354 tamen
1767 2315 1930 2357 causa
1962 2302 2073 2354 sal-

498 2388 583 2441 vis
611 2388 874 2449 annonis.
907 2404 1030 2457 quae
1082 2390 1328 2457 singulos
1381 2390 1437 2445 in
1475 2405 1652 2445 annos
1705 2404 1797 2444 ses
1830 2392 2072 2447 millibus

496 2479 903 2536 sultaniuorum
934 2480 1371 2543 mstimabantur,
1404 2489 1461 2536 et
1497 2481 1649 2536 salvo
1679 2482 1877 2534 timaro
1899 2481 2068 2534 duum

500 2575 737 2630 millium
764 2574 1191 2635 sultaninomm,
1241 2573 1496 2641 migravit
1521 2573 1576 2627 in
1613 2574 1833 2629 domum
1888 2589 2070 2638 suam,

500 2689 665 2740 quam
700 2669 766 2724 ad
806 2670 961 2725 littus
994 2669 1296 2721 Asiaticum
1332 2667 1494 2721 sitam
1528 2667 1581 2721 in
1615 2667 1786 2721 hortis
1815 2667 2069 2732 vidimus,

502 2781 631 2822 cum
664 2766 731 2819 ad
762 2762 1035 2821 Euxinum
1062 2762 1467 2831 navigaremus.
1486 2760 1862 2818 Secrctiorilla
1883 2778 2073 2826 causa,

499 2860 662 2929 cujus
716 2856 876 2911 modo
907 2855 1284 2918 meminimus,
1340 2853 1465 2918 fuit,
1503 2855 1649 2923 quod
1695 2854 1920 2910 Mnratis
1955 2855 2073 2909 auio

502 2967 651 3006 nmm
683 2958 873 3005 contra
902 2946 1297 3002 Mucbemetem
1319 2947 1487 3001 lilium
1518 2948 1923 3012 rsacerbasset,
1948 2965 2072 3002 cum

502 3044 550 3098 is
580 3042 720 3096 forte
754 3040 1004 3096 liiliaiam
1034 3039 1149 3095 sive
1178 3037 1493 3109 przefectum
1522 3054 1683 3092 suum
1715 3040 1936 3109 indigne
1963 3051 2075 3094 t:a-

500 3147 722 3195 classet.
762 3133 933 3203 Egro
957 3133 1079 3189 tulit
1108 3133 1215 3188 hoc
1248 3131 1432 3187 animo
1451 3132 1688 3192 sultana,
1716 3131 2070 3187 blucheun-tis

502 3241 697 3293 mater,
728 3244 789 3283 ac
818 3229 1073 3283 maritum
1102 3230 1154 3282 iu
1195 3227 1565 3297 suspicionem
1602 3226 1851 3287 adduxit,
1908 3227 2069 3295 quasi

498 3324 723 3378 Sianses
744 3320 1110 3376 :emulationis
1137 3334 1202 3375 ac
1226 3319 1580 3376 dissidiorum
1610 3318 1911 3373 seminibus
1931 3317 2072 3371 inter

496 3428 704 3487 patrem
736 3416 1017 3483 filiumque
1049 3412 1282 3482 sparsis,
1314 3414 1499 3468 aerius
1526 3412 1741 3466 tandem
1775 3411 1940 3481 (quod
1966 3411 2072 3464 liuo

496 3510 677 3568 mauis
706 3510 761 3563 in
799 3509 962 3563 rebus
1008 3507 1123 3562 fieri
1164 3505 1359 3576 soleat)
1388 3506 1605 3559 irritato
1652 3513 1823 3573 patre,
1857 3517 1914 3556 ut
1944 3504 2071 3557 uni-

496 3619 622 3659 cum
655 3602 825 3658 lilium
855 3597 1464 3667 occideret,impcrium
1497 3605 1686 3666 postea
1720 3596 1833 3650 suis
1860 3597 2067 3663 liberis,

495 3712 562 3753 ex
592 3693 796 3749 sultani
854 3707 1045 3749 sorore
1082 3690 1225 3745 natis
1272 3690 1604 3759 quaesiturus
1638 3697 1805 3743 esset.
1840 3686 1977 3742 lliuc
2012 3688 2067 3743 in

496 3790 690 3860 primis
716 3789 806 3843 illa
849 3784 1062 3841 Siausis
1100 3784 1407 3838 calamitas.

570 3882 934 3948 Posteaquam
985 3876 1190 3934 Osman
1244 3876 1406 3930 bassa
1439 3873 1807 3930 vetirazemcs
1854 3882 2070 3930 creatus

496 3974 728 4033 fuisset.
769 3981 1054 4038 tantopere
1086 3983 1247 4023 suum
1305 3967 1449 4035 apud
1497 3965 1775 4021 sultanutn
1805 3964 2070 4018 laboravit

495 4075 549 4118 ει
589 4064 807 4123 institit,
870 4068 928 4113 ut
982 4058 1200 4113 tamlcm
1236 4056 1489 4112 Persicus
1525 4067 1735 4121 orator,
1769 4055 2069 4112 lbrabimes

495 4157 662 4216 cbau,
720 4154 813 4225 qui
853 4163 1113 4219 tanquam
1168 4152 1541 4206 iucarceratus
1599 4151 1653 4202 in
1694 4149 1875 4203 saraio
1932 4164 2069 4203 con~

496 4251 679 4305 clusus
703 4257 842 4309 erat,
874 4248 949 4300 uti
971 4260 1136 4315 supra
1153 4245 1416 4309 diximus,
1441 4243 1582 4298 bona
1604 4258 1729 4297 cum
1758 4257 1888 4311 pace
1907 4258 2067 4298 suum

495 4343 560 4400 ad
594 4342 889 4411 principem
940 4338 1197 4391 redi-undi
1243 4335 1553 4390 facultatem
1596 4338 1932 4406 impetraret.
1961 4334 2067 4389 Sed

497 4452 618 4488 eum
650 4433 928 4488 Osniauici
981 4441 1174 4484 natura
1214 4429 1461 4498 duplices
1515 4444 1579 4484 ac
1621 4429 1874 4483 fraudum
1923 4429 2067 4499 pleni

2177 1959 2317 2014 nopc
2365 1944 2610 2015 Capham
2652 1945 3055 2012 transveheret,
3114 1948 3168 2000 in
3220 1955 3434 2016 portum
3473 1943 3744 2015 Sinopen-

2175 2054 2286 2093 sem
2314 2040 2561 2094 triremes
2594 2039 2837 2103 deduxit,
2881 2055 2989 2109 quo
3033 2038 3381 2094 commodius
3414 2035 3744 2106 navigationi

2174 2140 2407 2199 tempus,
2436 2139 2487 2185 et
2517 2128 2740 2184 Osmani
2788 2128 3063 2188 Serdaris.
3104 2132 3207 2184 hoc
3240 2138 3342 2192 est,
3383 2128 3655 2201 generalis
3680 2140 3747 2181 ac

2174 2222 2415 2289 supremi
2458 2225 2741 2290 copiarum
2777 2221 3131 2291 imperatoris
3165 2222 3457 2276 adventum
3490 2220 3611 2275 istic
3645 2234 3745 2274 ex-

2174 2320 2462 2381 spectaret.
2501 2310 2897 2367 Diverszetuuc
2939 2311 3224 2366 hominum
3255 2311 3321 2367 de
3372 2312 3473 2365 hac
3522 2310 3745 2379 expedi-

2176 2404 2321 2457 tione
2356 2402 2829 2473 Constantinopoli
2863 2404 3154 2474 opiniones
3186 2411 3363 2466 erant,
3399 2402 3521 2457 aliis
3560 2405 3745 2458 existi-

2176 2496 2470 2559 mantibus,
2494 2494 2786 2551 Osmanem
2811 2497 2914 2551 iter
2939 2496 3045 2550 hoc
3071 2498 3368 2552 tractanda!
3390 2513 3511 2551 cum
3544 2499 3745 2553 scacbo

2174 2587 2395 2644 Persico
2421 2591 2573 2659 pacis
2629 2603 2794 2643 causa
2827 2588 3128 2658 suscipere,
3148 2588 3268 2643 aliis
3320 2587 3742 2650 aﬂirmautibns,

2173 2681 2409 2748 Capham
2437 2683 2662 2744 iturum,
2713 2680 2948 2747 indeque
2979 2689 3358 2748 perrecturttm
3396 2680 3643 2742 ulterius,
3683 2694 3743 2733 nt

2174 2775 2227 2826 in
2264 2772 2396 2827 urbe
2424 2771 2632 2825 Crimio
2662 2771 3023 2825 munitionem
3044 2779 3376 2832 exstrueret,
3421 2771 3607 2838 ibique
3650 2771 3743 2824 be-

2174 2866 2487 2935 glerbegum
2524 2880 2647 2918 cmn
2682 2862 3046 2931 dephterdaro
3086 2863 3203 2919 sive
3228 2873 3502 2933 quaestore
3529 2861 3739 2915 consti-

2177 2968 2371 3011 tttcrcl.
2401 2955 2507 3011 Sed
2534 2964 2761 3010 eventus
2788 2955 2974 3008 docuit
2995 2955 3551 3025 lianccxpetlitinnetn
3578 2953 3746 3024 378

2176 3049 2376 3106 Persici
2414 3048 2757 3118 potissimum
2799 3045 2923 3101 belli
2958 3046 3313 3101 continuandi
3365 3062 3530 3101 causa
3576 3046 3745 3102 fuisse

2176 3152 2509 3213 susceptam.

2245 3236 2517 3304 Expositis
2535 3236 2800 3289 hactenus
2824 3233 3082 3287 continua
3111 3231 3253 3286 serie
3298 3230 3531 3286 Persicis
3554 3232 3742 3296 rebus,

2171 3344 2321 3383 nunc
2344 3328 2679 3397 subjicienda
2706 3330 2949 3398 quaedam
2978 3326 3223 3389 veniunt,
3250 3341 3368 3391 qua:
3397 3325 3523 3378 licet
3547 3326 3612 3378 ad
3642 3340 3740 3377 su-

2172 3418 2412 3485 periores
2439 3435 2609 3473 atinos
2635 3417 2960 3486 pertineant,
2995 3426 3173 3469 tamen
3205 3415 3310 3469 huc
3367 3413 3571 3468 referre
3630 3431 3745 3468 tuac

2172 3513 2397 3576 luimus,
2445 3526 2513 3566 ne
2561 3508 2687 3566 belli
2724 3507 3090 3564 memorabilis
3144 3507 3311 3561 series
3383 3506 3741 3577 interrumpe-

2172 3616 2350 3659 I'Cllll'.

2240 3694 2361 3751 Jam
2395 3705 2520 3751 ante
2544 3694 2781 3751 diximus
2806 3696 3001 3759 obiter,
3033 3694 3189 3749 annis
3214 3692 3593 3762 superioribus
3617 3707 3744 3762 pro-

2170 3790 2332 3845 ximis
2390 3788 2647 3851 Cosaros,
2695 3787 2966 3841 l’otocova
3026 3800 3295 3855 generoso
3358 3785 3472 3838 vim
3536 3783 3747 3838 Polono

2169 3878 2329 3940 duce,
2361 3887 2574 3948 captam
2615 3876 2930 3932 Bendcriam
2999 3876 3169 3945 (quod
3218 3876 3423 3944 alioqui
3457 3891 3653 3927 nomen
3689 3875 3741 3927 iu

2171 3984 2369 4037 genere
2389 3983 2581 4023 arcem
2617 3969 2732 4023 sive
2765 3969 3162 4021 munimentum
3193 3964 3739 4036 sigiiiﬁeat),Tiircici

2168 4063 2308 4132 juris
2341 4062 2625 4131 Oppitltlm,
2650 4059 2968 4131 diripuisse.
3001 4060 3235 4116 Tantum
3261 4061 3312 4114 in
3348 4061 3450 4115 hoc
3475 4059 3741 4113 l’otncuva

2171 4154 2337 4208 robur
2368 4162 2488 4208 erat
2535 4162 2885 4221 uthnorum
2916 4153 3096 4209 soleas
3152 4155 3377 4217 ferreas,
3446 4154 3610 4206 etiam
3659 4168 3743 4205 re-

2168 4262 2378 4315 centes,
2412 4253 2560 4307 nullo
2590 4253 2810 4319 negotio
2835 4250 3107 4316 manibus,
3136 4251 3305 4304 instar
3330 4250 3533 4303 charm
3557 4249 3637 4303 vel
3659 4246 3743 4303 al-

2172 4346 2343 4399 terius
2396 4344 2472 4399 rei
2510 4342 2743 4413 fragilis,
2794 4351 3092 4413 rumperet.
3124 4342 3358 4410 ldeoquc
3416 4340 3517 4394 sibi
3550 4339 3749 4393 tlttCt—ttb

2171 4435 2317 4488 hunc
2341 4434 2538 4488 Cosaki
2591 4434 2964 4505 pra-fecerant,
2998 4443 3050 4487 et
3083 4434 3341 4503 auspiciis
3374 4432 3491 4502 ejus
3522 4430 3741 4492 Turris,

496 4528 625 4591 sint,
676 4525 766 4579 ubi
804 4525 1039 4591 primum
1076 4518 1331 4574 Persicus
1389 4519 1479 4573 hic
1510 4526 1695 4571 oratur
1733 4518 2066 4586 pervenisset
2098 4534 2143 4591 θ

2098 4534 2143 4591 ἶ)
2171 4526 2262 4593 qtti
2299 4525 2365 4580 ab
2393 4525 2516 4580 aliis
2540 4527 2658 4579 lmtli
2684 4543 2741 4579 se
2776 4526 2989 4590 nolunt,
3019 4540 3141 4579 cum
3175 4524 3468 4577 maximam
3523 4522 3742 4575 sibimet

495 4621 857 4674 Arat-rnnn-u,
916 4630 1037 4683 qua:
1106 4611 1331 4677 majoris
1379 4613 1649 4665 Armenia:
1719 4610 1912 4663 civitas
1962 4618 2066 4671 est,

490 4711 647 4779 jussu
676 4708 902 4765 Muralis
934 4706 1138 4761 ibidem
1166 4705 1422 4759 detentus
1444 4703 1565 4765 fuit,
1596 4719 1663 4756 ne
1694 4702 1922 4758 ulterius
1944 4717 2070 4772 pru-

494 4802 826 4873 grederetur.

564 4894 682 4948 Non
722 4894 890 4947 multo
936 4900 1057 4956 post
1099 4891 1303 4944 certior
1336 4888 1514 4943 faetus
1548 4899 1631 4944 est
1666 4889 1919 4944 stillantis
1956 4889 2070 4944 Mn-

495 4998 661 5048 rutrs,
685 4987 1006 5055 stlattgttlnti
1040 4985 1427 5040 Slnccltemetis
1453 4982 1638 5038 Tartari
1666 4983 1843 5038 Keraii
1874 4985 2065 5049 lilium,

492 5079 585 5148 qui
620 5077 947 5149 Nogaiorum
974 5076 1040 5130 ad
1072 5076 1381 5145 principem
1403 5073 1527 5143 fuga
1560 5090 1621 5130 se
1655 5085 1954 5138 receperat,
1989 5074 2064 5127 uti

493 5185 656 5238 supra
713 5168 1164 5227 memoravimus,
1219 5181 1420 5233 magno
1464 5182 1587 5222 cum
1624 5170 1864 5219 exercitu
1907 5180 2062 5219 soce-

494 5264 648 5332 rique
670 5261 931 5317 subsidiis
987 5260 1290 5331 prnfcrtnnt
1323 5268 1508 5313 contra
1542 5268 1794 5329 patruum
1837 5258 2064 5311 lslauem

494 5357 746 5419 cliancm,
778 5370 843 5407 ro
874 5363 985 5407 tam
1020 5354 1244 5407 civitate
1276 5353 1500 5416 Crimio,
1532 5367 1693 5420 quam
1727 5354 1934 5407 tlilitlllt‘.
1965 5368 2062 5423 pa-

497 5459 647 5503 terna
684 5449 879 5517 ejerto,
934 5449 1193 5517 pleraque
1233 5448 1430 5500 amissa
1481 5461 1830 5515 recuperasse
1872 5465 1883 5500 :
1933 5448 2065 5503 Isla-

494 5557 727 5610 nemque
752 5550 1028 5611 patruum,
1063 5540 1185 5605 fuga
1235 5539 1337 5593 sibi
1384 5540 1785 5602 consulentem,
1824 5539 2063 5606 Capltatn

493 5635 862 5690 COlllt'lldiSSC.
886 5631 1008 5699 Quo
1043 5632 1263 5697 quidem
1309 5628 1546 5683 Mnrates
1578 5640 1802 5697 arrepto
1849 5631 2061 5695 nuntio,

498 5737 607 5781 tum
640 5739 697 5780 ut
722 5727 939 5779 obviam
981 5726 1084 5777 iret
1115 5740 1175 5776 ac
1207 5723 1509 5777 remedium
1556 5722 1773 5778 allen-ct
1809 5726 2063 5779 omnibus

500 5818 625 5875 hinc
656 5821 881 5875 nrituris
938 5818 1317 5884 incommodis,
1354 5825 1465 5870 tntn
1506 5817 1580 5871 uti
1638 5816 1940 5886 perduelles
1974 5834 2061 5871 cu-

2173 4618 2273 4688 ipsi
2320 4618 2546 4673 nocendi
2599 4618 2870 4671 licentiam
2926 4616 2979 4670 in
3018 4617 3214 4670 finibus
3252 4626 3490 4677 sumant,
3536 4615 3743 4683 gravis-

2170 4709 2308 4764 sima
2333 4710 2531 4763 damna
2568 4710 2854 4763 ili-detaut.
2896 4707 3032 4763 Cum
3082 4708 3133 4760 id
3181 4716 3367 4762 contra
3421 4706 3563 4774 leges
3601 4705 3738 4755 anti~

2168 4800 2258 4869 (ιιιί
2296 4802 2519 4857 findi-ris
2554 4803 2693 4856 inter
2724 4800 3072 4856 Osmanicatn
3102 4800 3362 4873 familiam
3401 4816 3738 4869 regnumque

2170 4891 2407 4947 Pnlonia!
2438 4894 2549 4946 fieri
2581 4895 2879 4954 vi‘lcrctur,
2907 4894 3070 4947 mittit
3091 4896 3155 4945 ad
3197 4891 3531 4961 Stephanum
3558 4906 3741 4961 regem

2170 4987 2417 5041 sultanus
2460 4986 2700 5041 Muratcs
2733 4987 2993 5040 Zausium
3048 4986 3242 5050 Porta},
3294 4986 3585 5055 repetitum
3654 5000 3743 5037 res

2169 5079 2401 5141 ablatas,
2435 5091 2490 5132 et
2542 5095 2648 5133 non
2680 5081 2799 5132 sine
2852 5078 3017 5133 minis
3055 5078 3409 5147 postulatum,
3468 5077 3543 5130 uti
3583 5076 3742 5129 Ρυιο-

2168 5185 2301 5225 ctiva
2347 5188 2586 5240 quoque,
2614 5173 2947 5228 Cosacornm
2979 5173 3110 5236 dux,
3161 5181 3421 5241 pra’sente
3470 5189 3532 5226 ac
3562 5173 3740 5241 inspe—

2170 5270 2355 5317 ctnnte
2390 5265 2587 5317 Zausiu
2626 5281 2749 5323 suo.
2805 5265 2983 5330 rapite
3026 5266 3376 5335 plecti-retur.
3418 5263 3652 5319 Venerat
3683 5265 3739 5317 in

2173 5366 2506 5426 potestatem
2574 5360 2712 5426 regis
2760 5357 3033 5410 Pntncnva
3097 5354 3307 5408 nefario
3376 5355 3737 5421 quorumdam

2169 5452 2471 5502 amicorum
2508 5465 2730 5503 suorum
2767 5457 2889 5502 astu
2920 5458 2972 5501 et
3025 5448 3252 5509 scelere,
3287 5448 3379 5515 qui
3409 5447 3590 5500 studio
3616 5460 3741 5511 gra-

2171 5542 2408 5596 tilicnmli
2462 5542 2722 5596 voluntati
2783 5541 2967 5609 regiae,
3016 5556 3109 5610 per
3137 5540 3345 5592 litteras
3378 5554 3405 5592 a
3466 5536 3737 5591 Putat-ova

2168 5635 2463 5703 petierant,
2524 5634 2599 5688 uti
2636 5634 2700 5687 ad
2743 5649 2801 5685 se
2855 5633 3087 5697 veniret,
3126 5647 3362 5699 quocum
3396 5629 3631 5700 colloqui
3669 5638 3736 5681 de

2172 5728 2334 5782 rebus
2368 5727 2430 5780 ad
2459 5726 2753 5797 ipsummet
2803 5722 3203 5793 pertinentibus
3236 5730 3518 5788 cuperent.
3562 5719 3737 5773 Simul

2179 5820 2340 5874 fidem
2376 5818 2591 5873 nomine
2616 5817 2775 5870 liberi
2815 5822 3151 5870 commeatus
3207 5812 3338 5881 regii
3373 5827 3526 5868 suam
3564 5812 3732 5866 inter—
