4212 6288
527 420 636 481 699

1754 399 2091 465 JOANNIS
2136 398 2593 459 LEUNCLAHI

3677 382 3786 443 ".00

529 533 849 602 posuerant.
885 523 1207 576 Accesserat
1254 517 1338 570 vir
1376 515 1584 580 integer
1634 526 1699 566 ac
1738 510 1965 564 minime
2014 525 2103 561 su-
2143 513 2189 567 Α
2218 524 2310 560 (οδ
2340 507 2598 567 venisset,
2674 516 2799 571 qua:
2846 499 2900 553 iu
2948 498 3185 554 medium
3222 495 3291 551 ab
3323 505 3551 564 utroque
3580 495 3781 561 ῃτυῐυτ-

531 622 826 690 spiciosus.
861 613 1209 674 Monebatur,
1267 608 1508 663 Cosacos
1540 603 1614 659 uti
1670 603 1969 663 desereret,
2000 608 2108 653 sta-

534 718 738 781 timque
761 724 943 779 regem
976 706 1152 760 adiret
1190 721 1203 756 :
1261 718 1420 771 quem
1460 710 1649 755 sancte
1714 696 2111 767 pollicebantur

534 807 668 862 nihil
700 808 753 858 in
779 818 902 859 eum
940 808 1275 855 statttlurum
1310 797 1581 861 aSperius.
1618 793 1751 846 Cum
1804 790 1907 841 hoc
1948 783 2111 840 modo

535 902 831 966 deceptus,
889 892 956 946 ad
1011 887 1229 945 comitia
1286 902 1345 941 se
1393 882 1712 940 Varsoviam
1763 879 2110 943 contulisset,

535 991 899 1046 deliberatum
940 985 993 1037 in
1026 992 1217 1039 senatu
1268 980 1397 1050 quid
1433 978 1701 1048 agendum
1738 975 1841 1029 hoc
1875 983 2021 1027 esset
2056 970 2109 1024 in

536 1078 773 1147 negotio.
808 1072 995 1127 Visum
1022 1069 1212 1139 maiori
1238 1078 1555 1126 senatorum
1583 1066 1742 1133 parti,
1765 1077 2110 1133 nequaquam

537 1166 817 1223 hominem
867 1163 1267 1225 Christianum,
1302 1158 1532 1211 militem
1593 1156 1887 1217 Polonum,
1932 1153 2111 1206 virum

538 1261 777 1325 denique
835 1252 1056 1317 fortem,
1128 1253 1222 1321 qui
1252 1253 1449 1304 robore
1497 1248 1747 1317 corporis
1805 1246 2114 1301 admirabili

539 1348 751 1404 cunctis
775 1348 829 1400 in
860 1360 924 1400 eo
962 1357 1132 1413 regno
1191 1350 1499 1411 praestaret,
1536 1339 1773 1392 barbaro
1804 1348 2009 1391 certam
2046 1334 2113 1389 ad

540 1456 729 1497 necem
758 1438 1121 1509 prodendum.
1170 1438 1236 1487 At
1282 1435 1566 1495 Zausium,
1595 1446 1755 1496 quam
1781 1424 2113 1483 εοηιηιοάἱε-

540 1534 698 1590 simis
734 1532 849 1586 ﬁeri
874 1527 1436 1600 posset,purgandum
1467 1523 1798 1578 rationibus.
1827 1518 1987 1574 Omni
2019 1520 2109 1573 de-

543 1623 708 1693 nique
735 1621 895 1676 modo
940 1618 1337 1674 consulendum
1378 1612 1549 1683 ipsius
1580 1612 1763 1673 saluti,
1826 1610 1917 1679 qui
1977 1608 2112 1663 salvi

542 1723 886 1773 commeatus
942 1712 1075 1783 regii
1113 1711 1387 1781 premisso
1422 1706 1617 1769 fretus,
1655 1701 1977 1783 Varsoviam
2020 1716 2114 1754 ve-

544 1811 661 1868 nire
692 1825 799 1864 non
862 1781 1187 1861 dubitasset.
1223 1800 1335 1854 Rex
1391 1799 1703 1868 Stephanus
1732 1813 1760 1848 c
1791 1781 2009 1849 diverso
2040 1794 2115 1847 di-

542 1916 692 1965 cere,
731 1900 835 1954 sub
873 1897 977 1951 lide
1007 1894 1229 1966 quidem
1265 1892 1477 1962 publica
1532 1888 1858 1941 Potocovam
1892 1884 2121 1939 arcessi-

544 2008 684 2060 tum,
752 1995 844 2049 sed
871 1992 1030 2045 aliter
1066 2002 1185 2043 eam
1215 1987 1396 2041 datam
1429 1999 1536 2037 non
1570 1978 1820 2048 intelligi,
1852 1977 1953 2033 nisi
1983 1993 2120 2048 qua-

544 2099 706 2144 tenus
724 2100 946 2141 causam
975 2097 1131 2137 suam
1161 2080 1367 2150 justam
1393 2078 1594 2131 docere
1632 2074 1969 2144 probareque
1999 2084 2121 2139 pos-

545 2190 647 2239 set.
691 2180 849 2234 Nunc
878 2193 1006 2232 vero
1051 2190 1179 2231 cum
1246 2182 1446 2243 pateat,
1487 2186 1611 2223 eum
1664 2178 1855 2223 contra
1898 2164 2121 2220 hederis

546 2284 705 2346 pacta
738 2282 1004 2329 conventa
1032 2269 1251 2334 fecisse,
1280 2267 1420 2346 quod
1458 2263 1840 2335 indignissime
1868 2262 2123 2315 sultanus

549 2342 785 2422 llurates
841 2363 981 2417 l’erat
1024 2379 1038 2417 :
1096 2378 1205 2416 non
1266 2342 1423 2429 posse
1462 2357 1809 2426 lmdilragum
1861 2353 2121 2423 pacisque

548 2459 782 2530 publica:
815 2457 1132 2512 violatorem
1191 2455 1324 2508 salvi
1358 2461 1700 2505 commeatus
1733 2447 1866 2515 regii
1914 2446 2117 2501 benefi-

550 2552 636 2607 cio
687 2550 818 2605 lrui.
855 2550 1082 2603 Auditus
1116 2561 1238 2601 esse
1291 2546 1534 2599 minaces
1577 2540 1778 2598 sultani
1813 2539 2123 2593 Turcorum

549 2643 779 2707 litteras,
804 2641 965 2709 cujus
990 2639 1099 2692 iras
1127 2637 1170 2689 si
1209 2636 1342 2690 tanti
1375 2651 1484 2689 non
1512 2634 1770 2698 lacerent,
1803 2645 1866 2685 ac
1889 2629 2121 2685 l’otoco-

548 2750 671 2788 vam
705 2732 886 2802 potius
934 2741 1210 2785 servatum
1243 2728 1458 2789 vellent,
1515 2741 1574 2779 se
1618 2726 1836 2793 quidem
1874 2723 2121 2791 ipsorum

550 2828 815 2883 voluntati
849 2841 955 2879 non
982 2828 1421 2884 adversaturum,
1453 2821 1695 2886 satisque
1730 2818 2004 2873 facturum
2042 2814 2126 2869 ol-

552 2922 677 2977 ﬁcio
710 2936 809 2974 suo
857 2932 1046 2973 contra
1080 2916 1304 2987 quosvis
1339 2915 1487 2983 regni
1525 2914 1709 2967 hostes
1738 2929 1751 2965 :
1788 2925 2013 2964 monere
2046 2918 2124 2963 ta-

552 3029 678 3068 men
712 3030 777 3067 ue
800 3012 943 3067 bello
962 3008 1315 3064 Moseovitico
1350 3007 1582 3061 necdum
1614 3003 1889 3068 conlecto,
1955 3017 2124 3055 novas

554 3116 755 3161 temere
778 3105 882 3159 sibi
921 3104 1272 3156 cumularent
1304 3098 1638 3153 inimicitias.
1690 3094 1803 3151 lloc
1835 3095 1997 3150 modo
2037 3109 2125 3148 ce-

2216 609 2423 659 retttttr,
2462 595 2637 649 audit.
2675 592 2834 648 lubet
2860 591 3107 646 exhiberi
3160 588 3265 645 sibi
3311 598 3421 642 tam
3474 586 3780 650 Podolovio,

2214 706 2375 759 quam
2400 688 2599 743 Zausio
2624 690 2778 742 datas
2805 702 2833 740 a
2856 685 3073 742 sultano
3102 682 3312 737 litteras
3338 700 3353 739 ;
3384 682 3587 751 quibus
3609 682 3783 749 inspe-

2214 784 2338 846 clis,
2373 798 2491 837 cum
2525 780 2711 835 Zausii
2744 770 3078 834 .tnandatum
3111 777 3385 831 recentius
3415 790 3535 828 esse
3583 790 3783 839 ceguo-

2216 879 2403 939 visset,
2460 877 2565 928 vim
2601 874 2802 943 prioris
2834 872 3169 940 exspirasse,
3208 870 3531 940 posterioris
3566 883 3789 921 exsecu-

2216 971 2420 1024 tionem
2466 968 2693 1037 requiri.
2738 966 3080 1034 pronuntiat.
3138 963 3384 1029 Captum
3418 976 3548 1030 ergo
3577 961 3736 1014 rediri
3775 977 3786 1011 :

2215 1052 2539 1132 cutnquede
2572 1062 2656 1114 via
2690 1060 2838 1127 regia
2892 1073 3014 1112 cum
3051 1056 3131 1111 eis
3168 1054 3405 1109 Zausius
3457 1053 3788 1109 tlcllccht't't,

2219 1166 2472 1209 monetur
2521 1170 2548 1207 a
2599 1153 2777 1222 legato
2800 1153 2942 1206 viant
2980 1152 3058 1203 ttti
3086 1149 3291 1216 regiam
3348 1156 3548 1200 teneat.
3597 1146 3792 1199 Occlu-

2220 1259 2331 1302 tuat
2368 1249 2653 1312 barbarus,
2698 1247 2887 1314 ipsene
2923 1242 3145 1298 sultano
3202 1240 3673 1293 Musulmanorum
3734 1255 3792 1289 ac

2219 1342 2335 1396 suis
2380 1344 2432 1393 in
2469 1356 2635 1412 regno
2668 1353 2772 1393 suo
2796 1336 3151 1406 praescribere
3188 1334 3337 1402 leges
3362 1333 3545 1392 vellet,
3569 1346 3680 1400 quo
3710 1346 3795 1381 re-

2220 1434 2501 1489 ducendus
2535 1442 2678 1489 esset
2707 1431 2902 1485 itinere
2934 1430 2957 1483 ‘l
2986 1427 3079 1481 Sic
3108 1426 3276 1496 igitur
3309 1425 3445 1478 itum
3482 1424 3535 1476 in
3575 1422 3792 1481 silvam,

2224 1527 2314 1582 ubi
2352 1530 2417 1581 ad
2456 1534 2683 1580 mortem
2716 1537 2909 1593 parare
2940 1538 2999 1576 se
3029 1521 3288 1589 iubentur
3330 1533 3541 1581 omnes,
3572 1532 3638 1571 ex
3672 1531 3799 1570 seu—

2226 1618 2396 1675 tentia
2430 1619 2667 1672 mandati
2703 1614 2987 1671 snltanini.
3034 1613 3201 1668 Erant
3230 1611 3278 1665 ei
3305 1611 3529 1681 triginta
3562 1622 3800 1677 quatuor

2226 1714 2435 1775 famuli,
2473 1713 2674 1782 quibus
2700 1710 2896 1765 ordine
2941 1707 3233 1761 trucidatis
3277 1705 3409 1773 (uno
3447 1715 3657 1757 tantum
3708 1720 3801 1755 es-

2226 1815 2385 1876 cepto
2417 1822 2602 1875 puero,
2640 1804 2734 1873 qui
2762 1801 2992 1855 solerter
3026 1800 3078 1852 in
3111 1800 3301 1853 silvam
3337 1795 3653 1866 profugiens
3676 1811 3803 1846 eva-

2155 1884 2195 1938 Β
2226 1902 2367 1955 sisse
2395 1896 2757 1968 perhibetur),
2790 1894 2989 1949 ultimo
3014 1891 3334 1953 Podolovio,
3365 1898 3483 1959 post
3511 1898 3802 1955 εοιιειιριτιε

2228 1994 2294 2048 ad
2324 1994 2489 2047 Deum
2528 2006 2741 2060 preces,
2792 1999 2955 2057 caput
3002 1995 3341 2055 amputatum
3376 2000 3403 2036 a
3439 1982 3643 2037 Zausio
3677 1982 3799 2035 fuit.

2229 2085 2335 2139 Res
2371 2100 2564 2139 omnes
2593 2082 2759 2153 379
2786 2082 2957 2151 ipsius
2982 2090 3036 2134 et
3079 2082 3339 2134 comitum
3396 2076 3628 2131 Zansius
3660 2076 3803 2129 Cott-

2226 2178 2661 2245 stantinopolim,
2675 2191 2797 2232 cum
2815 2173 2972 2243 equis
2995 2172 3181 2242 regiis,
3200 2171 3443 2225 deduxit.
3471 2169 3630 2237 Equi,
3649 2169 3801 2234 iussu

2228 2272 2477 2329 Muratis.
2512 2270 2705 2337 partim
2748 2266 3087 2323 sultaninum
3127 2267 3180 2319 in
3232 2264 3494 2322 saraium.
3529 2264 3596 2318 ad
3634 2263 3805 2328 ipsius

2227 2363 2452 2416 Muralis
2482 2377 2630 2422 usus.
2652 2359 2853 2430 recepti
2877 2378 2889 2413 :
2915 2359 3111 2425 partim
3132 2358 3275 2410 inter
3297 2358 3484 2409 bassas
3503 2354 3804 2409 distributi.

2225 2457 2521 2525 digitisque
2558 2453 2823 2523 singulari
2855 2466 2977 2505 eum
3013 2449 3313 2521 ignominia
3356 2448 3618 2519 Stephani
3661 2447 3806 2517 regis

2229 2548 2436 2620 passim
2468 2546 2756 2602 monstrati
2790 2545 3032 2600 luerunt.

2298 2642 2433 2696 Cum
2482 2642 2595 2694 hzee
2649 2654 2737 2707 per
2785 2646 3101 2693 autumnum
3158 2637 3507 2693 accidissent.
3537 2637 3665 2689 anui
3724 2651 3808 2686 se-

2227 2735 2445 2807 quentis
2480 2734 2579 2789 991
2620 2732 2789 2796 (tlbr.
2843 2731 3014 2798 1584)
3070 2731 3225 2782 initio
3306 2730 3451 2783 venit
3498 2726 3805 2781 Gre-luam.

2228 2844 2347 2899 qua:
2388 2830 2440 2882 in
2484 2825 2777 2881 Lithuania
2810 2825 2913 2879 sita
2947 2832 3051 2882 est.
3082 2824 3148 2878 ad
3186 2822 3523 2890 Stephanum
3576 2821 3812 2875 Ρυιιιηὶςρ

2230 2937 2408 2992 regem
2437 2920 2637 2974 missus
2680 2934 2708 2972 a
2737 2918 2951 2972 sultano
2979 2917 3189 2970 Mttrate
3217 2916 3529 2980 Mostaphas
3556 2912 3807 2968 Zztusius.

2229 3011 2320 3081 qui
2362 3011 2563 3064 emdezn
2620 3008 2776 3075 legati
2835 3007 3317 3076 regii-Podolovii,
3375 3005 3443 3059 de
3492 3021 3597 3073 qua
3650 3007 3813 3056 modo

2227 3103 2455 3167 dictum,
2504 3110 2807 3156 excusaret.
2871 3100 3063 3153 Aiebat
3119 3099 3186 3165 is,
3258 3098 3397 3153 falso
3466 3109 3641 3150 tamen
3702 3116 3811 3149 rem

554 3198 810 3253 dentibus
842 3196 1004 3267 regia:
1031 3194 1315 3249 sententia:
1349 3192 1594 3251 l‘olonis.
1616 3200 1889 3260 sumptum
1923 3187 1988 3242 de
2024 3187 2120 3240 Ρο-

2231 3212 2521 3264 narrans,
2595 3196 2745 3249 illum
2795 3192 2966 3247 fuisse
3040 3202 3316 3249 necatum.
3384 3192 3533 3244 nullo
3614 3191 3814 3242 soltaui

557 3300 747 3342 tocova
774 3286 1099 3354 supplicium
1142 3285 1259 3339 fuit.
1304 3284 1616 3337 Secundum
1650 3283 1787 3345 lucc,
1825 3295 1970 3335 anno
2018 3278 2126 3332 Ma-

558 3382 852 3436 humetano
882 3380 986 3434 990
1015 3378 1164 3447 (Chr.
1194 3377 1377 3445 l585),
1407 3376 1629 3447 quidam
1658 3373 1989 3430 Podolovius
2021 3371 2127 3425 Po-

558 3476 717 3530 lonus
774 3474 902 3534 (hoc
940 3475 1162 3528 nomine
1193 3471 1673 3541 Constantinopoli
1715 3468 2124 3539 appellabatur,

557 3568 650 3623 alii
688 3566 1030 3621 l’olidovium
1063 3567 1283 3623 vocanti
1310 3564 1480 3619 nobili
1508 3578 1707 3633 genere
1727 3561 2128 3625 natus,stabuli

561 3658 694 3728 regii
714 3656 1003 3727 prefectus
1023 3656 1317 3722 secundus,
1340 3673 1500 3727 quem
1529 3656 1686 3727 vulgo
1710 3654 2129 3724 subprazfectunt

562 3760 783 3813 vocant.
847 3750 1048 3805 missus
1103 3748 1203 3803 fuit
1253 3760 1406 3803 extra
1437 3750 1686 3804 ordinem
1714 3749 1924 3818 legatos
1954 3763 1982 3800 a
2017 3748 2133 3801 Ste-

565 3842 744 3912 phano
778 3858 904 3912 rege
953 3858 1078 3896 cum
1122 3842 1321 3896 litteris
1389 3842 1456 3896 ad
1506 3842 1785 3898 sultanum
1842 3840 2132 3905 Muratem,

562 3934 764 4006 quibus
796 3935 937 3988 inter
968 3934 1073 3987 alia
1094 3936 1399 4005 petebatur,
1439 3945 1497 3989 ut
1528 3935 1577 3989 ei
1611 3936 1749 4004 regis
1783 3934 1865 3989 sui
1914 3936 2135 3988 nomine

566 4030 750 4084 liceret
775 4043 951 4098 equos
977 4028 1185 4095 aliquot
1226 4042 1524 4097 generosos
1558 4029 1609 4081 itt
1647 4027 1895 4081 Anatolia
1915 4042 2137 4096 compa-

565 4132 710 4178 rare.
743 4117 942 4185 quibus
978 4118 1031 4170 in
1070 4116 1349 4170 Poloniain
1382 4118 1635 4173 deductis
1670 4134 1765 4189 pro
1798 4134 1858 4172 se
1893 4134 1983 4172 rex
2023 4127 2139 4171 ute-

568 4218 739 4263 retur.
768 4210 1060 4278 ltnpetrato
1090 4208 1314 4264 Muralis
1337 4224 1633 4272 consensu,
1665 4211 1721 4264 in
1755 4211 1938 4265 Asiam
1974 4210 2138 4279 proli~

565 4298 820 4362 ciseitur.
880 4309 934 4354 et
991 4301 1185 4368 viginti
1238 4314 1477 4369 quatuor
1545 4317 1719 4371 equos
1777 4302 2022 4371 insignes
2076 4316 2140 4355 ac

570 4395 728 4463 plane
762 4396 938 4464 regios
975 4397 1125 4448 emit.
1155 4396 1289 4447 Cum
1339 4395 1423 4448 bis
1454 4395 1507 4448 in
1539 4393 1813 4464 Europam
1843 4396 2139 4463 transjicit,

566 4487 793 4542 domum
836 4505 941 4540 non
985 4488 1102 4541 sine
1155 4489 1306 4541 salvo
1352 4488 1800 4543 suitauiMm-atis
1832 4498 2139 4542 commeatu

2233 3292 2457 3345 Muralis
2488 3288 2882 3345 interveniente
2904 3287 3086 3356 jussu.
3142 3303 3265 3340 cum
3296 3288 3640 3355 itrmscriptns
3670 3286 3818 3353 lcga-

2233 3384 2368 3437 tioni
2422 3383 2619 3437 limites
2659 3396 2930 3450 egressus,
2963 3380 3150 3449 copias
3197 3379 3457 3434 Turcicas
3512 3386 3816 3446 spectatum

2234 3476 2497 3540 venisset,
2537 3491 2654 3545 qua:
2684 3487 2796 3527 ttttn
2851 3474 3115 3542 temporis
3165 3482 3355 3526 contra
3412 3470 3601 3525 Persas
3640 3475 3821 3524 mitte-

2237 3571 2473 3623 bantur.
2526 3567 2682 3621 Nunc
2759 3566 2826 3619 ab
2896 3581 2954 3620 se.
3015 3567 3270 3619 mandato
3347 3564 3569 3618 Muratis
3624 3564 3820 3619 adduci

2237 3663 2401 3716 aedis
2435 3670 2723 3724 auctores,
2767 3658 2833 3712 de
2872 3658 3071 3725 quibus
3120 3674 3207 3710 rex
3257 3656 3568 3726 Stephanus
3612 3657 3819 3725 suppli-

2237 3753 2381 3804 cium
2434 3758 2687 3804 sumeret.
2726 3748 2862 3816 Quia
2897 3764 3023 3802 vero
3076 3749 3272 3803 Cosaki
3321 3762 3514 3804 recens
3563 3764 3817 3815 magnum

2238 3846 2438 3900 ﬁnibus
2458 3843 2705 3899 Turcicis
2726 3835 2981 3897 damnum
3017 3841 3345 3909 intulissent,
3370 3841 3610 3895 vicissim
3641 3853 3820 3908 petere.

2240 3939 2538 4001 Muratem,
2586 3946 2645 3991 ut
2682 3936 2857 3990 ablata
2916 3934 3352 3999 restituerentur,
3402 3944 3451 3989 et
3486 3934 3821 3989 Cosaliorum

2240 4032 2347 4085 dux
2380 4032 2445 4083 ad
2486 4045 2670 4085 necem
2707 4029 2810 4083 sibi
2851 4028 3162 4082 dederetur.
3191 4025 3425 4082 Venerat
3466 4030 3511 4083 is
3544 4026 3643 4080 hoc
3690 4037 3825 4079 t--m-

2243 4137 2376 4193 pore
2441 4121 2716 4177 Grodnam
2752 4162 2765 4187 ,
2831 4120 3020 4174 eadem
3082 4119 3297 4174 illectus
3350 4118 3821 4171 l‘raudulentornm

2247 4216 2537 4270 verborum
2600 4230 2764 4278 esca,
2812 4229 2920 4281 qua
2974 4214 3124 4281 prius
3180 4213 3342 4266 etiam
3395 4213 3823 4265 circumventum

2246 4309 2416 4364 luisse
2460 4310 2792 4364 Potocovam
2829 4306 3087 4360 diximus.
3136 4304 3229 4358 Vir
3267 4315 3383 4360 erat
3420 4305 3726 4365 bellicosus,
3775 4313 3827 4355 et

2247 4400 2534 4453 Tttrcosiu
2566 4398 2765 4452 linibus
2801 4412 2953 4452 more
2986 4411 3087 4451 suo
3146 4406 3319 4451 semet
3368 4396 3689 4450 insolentius
3738 4412 3829 4464 ge-

2252 4503 2453 4553 rentes,
2519 4492 2807 4559 aliquoties
2858 4490 3153 4545 ceciderat.
3201 4488 3356 4544 llunc
3411 4490 3511 4544 sibi
3573 4490 3825 4550 Murales,

572 4578 871 4633 rediturus.
907 4576 1011 4631 Sed
1040 4596 1163 4631 cum
1196 4577 1335 4632 forte
1364 4589 1475 4632 tum
1509 4579 1634 4632 novi
1660 4579 1991 4633 Cosaeorum
2031 4592 2121 4629 mo

2254 4587 2371 4639 loco
2408 4586 2637 4638 duorum
2682 4584 2766 4636 vis
2822 4583 3200 4636 triobolrtriutn
3235 4582 3595 4641 nebulonum,
3632 4582 3830 4647 quith

574 4680 661 4723 tus
692 4679 744 4722 et
771 4670 1112 4723 excursionis
1144 4670 1366 4723 nuntius
1414 4671 1478 4723 ad
1521 4669 1734 4723 Portam
1771 4669 2029 4735 venisset,
2084 4668 2144 4720 il-

573 4762 679 4814 lico
709 4762 942 4814 filuratcs
977 4762 1234 4816 ZaUsium
1269 4762 1740 4829 Constantinopoli
1779 4761 2011 4829 ablegat.
2048 4763 2141 4829 qtti

576 4854 930 4907 Podolovium
964 4866 1249 4909 assecutus
1278 4855 1330 4907 in
1369 4856 1581 4911 itinere.
1632 4870 1754 4905 cum
1794 4854 1908 4906 suis
1931 4853 2147 4922 jugula-

579 4959 681 5009 rct,
740 4956 791 4999 ct
821 4963 988 5015 equos
1022 4949 1216 5014 regios,
1256 4963 1378 4999 cum
1420 4947 1636 5001 caeteris
1668 4947 1825 5014 leg-nti
1856 4945 2147 4998 comitum-

576 5055 683 5109 qtte
717 5041 898 5103 rebus,
940 5038 1470 5106 Constantinopolim
1501 5038 1804 5092 reduceret.
1851 5034 2014 5090 Venit
2058 5039 2145 5091 hic

578 5130 642 5183 ad
678 5128 1029 5183 Podolotium
1085 5145 1190 5183 non
1224 5131 1411 5198 procul
1447 5127 1859 5195 Hadrianopoli,
1919 5129 2142 5181 manda-

579 5231 803 5289 tumque
838 5222 942 5274 sibi
986 5231 1169 5273 narrat
1212 5236 1241 5274 a
1297 5220 1617 5289 pra'poteuti
1653 5219 1869 5272 sultano
1899 5235 2022 5279 suo,
2062 5219 2147 5270 lit—

580 5313 709 5367 teris
738 5313 898 5364 etiant
932 5311 1177 5379 prolatis,
1209 5319 1265 5363 ut
1296 5325 1420 5363 eum
1441 5324 1563 5363 eum
1594 5309 1747 5377 eqois
1776 5320 1827 5361 et
1854 5308 2147 5362 comitibus

578 5404 1115 5473 Constantinopolim
1143 5405 1453 5457 reduceret.
1490 5402 1661 5472 Negat
1688 5403 1739 5456 id
1776 5420 1835 5456 se
1871 5403 2145 5455 facturum

580 5495 933 5560 Polodmius,
976 5498 1297 5563 litterasipto
1332 5496 1463 5548 salvi
1505 5506 1846 5549 commeatus
1880 5497 2142 5548 ostendit.

583 5586 691 5642 Nec
716 5589 833 5651 bas,
864 5603 964 5641 nec
996 5588 1155 5656 legati
1189 5604 1501 5657 personam,
1540 5588 1844 5656 contraius
1905 5588 2146 5656 gentiunt

582 5681 771 5735 violari
803 5682 1019 5738 debere.
1056 5684 1355 5749 pra-serunt
1384 5698 1411 5733 a
1449 5680 1973 5747 cooftudetatis,ait.
2010 5680 2149 5733 lau-

584 5776 696 5827 sius
728 5773 791 5827 ad
827 5776 1057 5843 proximi
1088 5794 1145 5827 ia
1172 5776 1224 5827 iii
1262 5779 1375 5829 sive
1397 5776 1596 5843 judncis
1622 5776 1987 5842 cognitionem
2033 5792 2154 5839 pto-

589 5878 765 5931 voeau,
803 5868 891 5935 qui
921 5882 949 5920 c
981 5868 1097 5921 loco
1128 5868 1360 5923 maxime
1394 5869 1569 5923 vicino
1598 5870 1917 5933 arcessitus,
1946 5885 2063 5921 cum
2087 5868 2149 5920 ad

2259 4677 2506 4732 fortassis
2537 4676 2680 4728 aliud
2713 4675 2785 4727 ob
2818 4673 3143 4727 mali-licium
3174 4675 3369 4741 capitis
3412 4672 3672 4741 anqu‘siti
3716 4672 3827 4725 l'ue-

2261 4779 2402 4830 rant,
2452 4770 2591 4821 milli
2636 4769 2872 4820 volebat.
2938 4765 3411 4820 Intercetlentibtts
3467 4768 3606 4835 apud
3650 4782 3824 4831 regem

2260 4874 2357 4927 pro
2385 4858 2502 4923 ejus
2546 4858 2922 4911 incolumitate
2963 4856 3250 4923 prircipuis
3288 4858 3434 4925 regni
3486 4858 3827 4925 proceribus.

2260 4967 2366 5007 non
2394 4952 2482 5003 illo
2509 4950 2727 5019 quidem
2778 4952 2957 5003 Ture"
3000 4949 3234 5013 delites,
3288 4950 3381 5002 sed
3432 4960 3609 5003 tamen
3659 4950 3832 5003 inccr-

2259 5052 2372 5095 tttm
2403 5059 2511 5111 quo
2535 5043 2870 5111 deportstus,
2916 5055 3181 5109 nusquam
3212 5058 3274 5095 cx
3331 5057 3397 5094 eo
3429 5051 3673 5111 tempore
3702 5058 3830 5095 con-

2260 5146 2480 5205 spectus
2528 5135 2648 5188 fuit.
2725 5134 2937 5187 Solebat
3011 5152 3234 5188 narrare
3299 5136 3828 5204 Constantinopolim

2259 5241 2512 5280 reversus
2569 5226 2669 5277 ista
2728 5223 3044 5292 Mustaphas
3115 5224 3385 5283 Zausius.
3448 5230 3539 5294 qui
3604 5244 3708 5279 non
3765 5243 3829 5280 es

2265 5316 2559 5386 primariis.
2598 5316 2691 5371 sed
2731 5317 2850 5370 vilis
2884 5318 3026 5369 inter
3080 5334 3211 5370 suos
3256 5328 3396 5376 erat,
3452 5336 3511 5372 se
3554 5338 3578 5367 :t
3626 5319 3829 5388 princi-

2268 5412 2356 5479 pio
2388 5408 2759 5474 copspicaturu
2796 5409 3066 5463 terribiles
3098 5424 3160 5463 ac
3210 5411 3453 5463 minaces
3504 5411 3828 5462 l‘nlonorunt

2266 5496 2475 5561 oculos,
2505 5498 2573 5549 ob
2607 5499 2881 5566 indignam
2911 5509 2963 5554 et
2994 5510 3179 5552 contra
3208 5499 3298 5566 jus
3335 5504 3572 5569 gentium
3631 5502 3831 5554 admis-

2268 5604 2385 5644 sam
2422 5590 2579 5657 legati
2618 5591 2747 5656 regii
2782 5596 2979 5644 eidem
3037 5593 3275 5659 graviter
3318 5596 3686 5656 licuit-mium,
3731 5612 3830 5647 non

2272 5683 2474 5751 exiguo
2508 5682 2610 5737 sibi
2654 5683 2827 5735 visum
2867 5684 2917 5737 iit
2940 5684 3180 5752 periculo
3211 5686 3432 5739 νει-ξω,
3467 5684 3662 5740 Verum
3693 5685 3831 5748 (μιηὰ

2278 5786 2436 5830 antea
2469 5775 2796 5828 Potocovam
2840 5777 2903 5829 de
2942 5778 3140 5839 int-dio,
3177 5793 3284 5843 prie
3333 5776 3620 5831 formidine
3638 5779 3830 5831 sultani

2267 5870 2371 5922 sui.
2411 5867 2681 5921 sublatum
2722 5870 3091 5922 meznlniSS’l:
3158 5873 3335 5923 animo
3388 5886 3608 5939 ptmsus
3673 5871 3833 5923 oblir-
