4212 6288
450 376 563 444 703

1705 371 2034 432 JOANNIS
2079 367 2548 431 LEUNCLAVH

3639 349 3740 416 Ἱοι

460 490 677 555 legatus
705 483 1009 555 augustalis
1027 483 1148 540 dari
1179 483 1363 554 jussit.
1387 483 1452 538 ad
1482 499 1610 540 suos
1641 487 1850 540 reversi
1881 493 2032 539 sunt.
2067 487 2111 543 Α
2142 484 2308 537 domo
2364 480 2561 536 litteris
2616 473 2992 531 amantissime
3045 469 3263 541 scriptis
3303 468 3538 524 accitum
3601 466 3740 522 invi.

530 576 954 634 Comitabantur
1002 580 1105 633 hoc
1155 577 1348 632 itinere
1403 576 1642 646 legatum
1693 577 1906 645 aliquot
1963 575 2053 629 ba-

467 685 650 725 rones.
725 671 938 740 virique
987 669 1218 736 nobiles,
1256 685 1490 738 quorum
1527 669 1748 723 nomina
1778 668 2055 736 subjicere

465 761 627 816 libuit
688 779 753 818 ex
817 763 1218 818 commentario
1276 761 1589 818 Melcbioris
1665 761 1890 828 Besolti,
1956 761 2053 830 qui

470 870 722 909 nostrum
761 856 864 911 hoc
893 857 1000 910 iter
1025 855 1345 924 descripsit.

539 945 775 1002 Karulus
842 947 1217 1014 Dietricstain,
1282 947 1419 1002 baro
1487 946 1542 1002 in
1606 945 1921 1015 "olenburg
2001 958 2058 1002 ct

467 1033 883 1093 Finckenstain.

537 1129 925 1198 Sigismundus
959 1131 1291 1198 Ludovicus,
1324 1133 1457 1187 baro
1482 1132 1548 1186 de
1581 1129 1851 1186 Polbaim.

539 1223 700 1279 .loan.
736 1225 1042 1280 Bernartius
1075 1243 1104 1281 a
1138 1225 1437 1287 Lembaeb,
1464 1236 1572 1280 etc.

550 1313 782 1370 Wolfius
808 1316 1061 1388 Ungnad,
1096 1318 1229 1373 baro
1257 1320 1311 1372 in
1351 1318 1620 1373 Sonneck.

538 1401 804 1473 Georgius
877 1404 1255 1475 llartmanus,
1315 1406 1450 1462 baro
1502 1406 1572 1462 de
1637 1405 2054 1474 Licbtenstain,

467 1496 631 1562 legati
668 1497 857 1551 frater.

539 1585 700 1642 Joan.
726 1586 965 1656 Ulrirus,
998 1592 1132 1645 baro
1153 1589 1221 1644 de
1252 1590 1664 1661 Stabremberg.

546 1681 822 1752 Georgius
855 1684 1122 1748 Andreas,
1156 1684 1290 1740 baro
1320 1685 1388 1738 de
1419 1685 1701 1740 Buchaim.

544 1775 856 1846 Stephanus
881 1775 949 1832 de
978 1779 1150 1842 Reva,
1177 1793 1362 1833 eomes
1391 1777 1744 1846 Torocensis,
1781 1779 2056 1853 Ungarus.

549 1865 878 1925 Wilbelmus
915 1886 945 1924 a
983 1869 1353 1926 Dietriestain.

474 1943 476 1946 i
551 1957 792 2015 Joannes
822 1959 1182 2015 Lewenklaw.

544 2052 872 2110 Franctscns
904 2055 1174 2125 Georgius
1208 2055 1497 2112 Oberclort‘.

546 2145 807 2201 Melcbior
837 2147 1038 2204 Brsolt.

545 2238 955 2296 Biaximilianus
995 2243 1177 2311 Mager
1212 2262 1240 2300 a
1272 2244 1557 2302 Fucltstat.

547 2337 823 2392 Antonius
853 2354 882 2391 a
919 2339 1134 2410 Statnp.

540 2426 809 2500 Georgius
855 2432 1084 2488 Rotbut.

549 2518 747 2576 Hector
777 2524 845 2576 ab
877 2523 1017 2587 Eltz,
1055 2525 1192 2578 aulae
1228 2525 1537 2593 pra-fectus.

545 2608 706 2663 Joau.
739 2608 980 2667 Jaeohus
1013 2613 1186 2685 Eglof,
1229 2599 1426 2671 stabuli
1465 2614 1775 2684 prtel'ectus.

545 2698 788 2756 Jarobus
819 2703 1052 2760 Mielicb.

553 2793 742 2849 Victor
774 2795 1115 2866 liecblinger.

552 2882 794 2940 Joannes
828 2885 1060 2941 Basilius
1088 2887 1157 2942 ab
1188 2886 1546 2944 llohenwart.

555 2977 794 3031 Aderant
853 2978 1119 3034 baronum
1197 2996 1262 3036 ac
1320 2983 1586 3038 nobilium
1645 2982 1848 3041 addicti
1912 2986 2077 3040 mini-

481 3069 669 3123 Iteriis
700 3069 1080 3125 adolescentes
1115 3073 1330 3132 nobiles
1366 3075 1669 3142 sexdecim,
1705 3089 1906 3148 praeter
1936 3081 2074 3136 alios

2172 583 2403 629 taverat.
2466 572 2516 628 Is
2561 570 2822 641 Dionysio
2856 567 3101 631 Cbiensi,
3162 563 3433 620 monacho
3482 561 3642 616 docto
3692 567 3744 615 et

2168 667 2373 734 optimo
2427 666 2580 727 viro,
2645 662 2896 718 ecclesia!
2960 660 3020 714 S.
3085 657 3250 713 Marci
3310 654 3744 722 Calliopolitana:

2173 757 2492 828 prmposito.
2547 755 2824 810 memoria:
2863 753 3098 809 deluncti
3130 766 3294 806 causa
3317 791 3331 814 ,
3367 749 3625 804 seltedam
3657 747 3744 802 hic

2169 851 2490 920 subjectam,
2558 852 2743 920 lingua
2795 851 3020 911 Graeca,
3073 845 3297 911 Latina,
3379 844 3562 899 Italica
3612 843 3744 899 Ger-

2173 949 2496 1014 manicaque
2517 946 2876 1015 perscriptum
2915 945 3170 1010 reliquit:
3201 943 3374 995 donec
3406 955 3434 993 a
3464 939 3745 1001 fratribus,

2170 1040 2610 1108 generosissimis
2647 1037 2984 1100 baronibus,
3053 1035 3289 1104 Georgio
3356 1032 3619 1092 Erasmo,
3697 1039 3749 1083 tt

2167 1130 2377 1184 Joanne
2432 1131 2736 1197 Septimio,
2788 1145 2899 1199 quo
2953 1127 3134 1182 nullus
3191 1126 3404 1180 ordinis
3434 1126 3518 1179 sui
3551 1134 3743 1176 nostro

2168 1223 2371 1278 seculo
2425 1221 2733 1277 Germanus
2801 1221 3064 1291 majorem
3128 1219 3281 1274 orbis
3340 1226 3546 1287 partem
3602 1233 3755 1283 pcre~

2169 1316 2437 1386 grinando
2496 1313 2709 1370 felicius
2773 1313 3175 1384 perlustravit,
3258 1311 3501 1367 debitum
3564 1309 3751 1363 virtuti

2168 1408 2470 1479 pietatique
2501 1407 2566 1462 ba
2582 1408 2732 1464 ronis
2759 1408 2948 1476 optimi
3000 1413 3422 1460 monumentum
3460 1403 3752 1457 excitetur.

2170 1570 2319 1626 ANNO
2344 1584 2664 1625 ettnts'mrto
2689 1583 2792 1623 cm.
2831 1585 2898 1625 ιο.
2935 1584 3134 1622 Lxxvv.
3180 1582 3266 1619 om
3293 1582 3382 1619 im
3417 1582 3473 1618 ιι.
3525 1581 3750 1618 tit-mus.

2241 1657 2324 1695 PlE
2350 1657 2608 1696 IIICRAVIT
2635 1656 2700 1693 EI
2735 1655 2834 1693 ΙΙΑο
2867 1657 2930 1693 AD
2956 1653 3257 1695 εαῑιιεςοτειι
3289 1653 3452 1690 γιτλιι
3481 1650 3756 1688 ιιιυδτιὶιε

2243 1730 2313 1767 ΕΤ
2365 1726 2671 1766 οῑκεκοςυς
2707 1726 2792 1764 ItN.
2826 1726 3043 1764 HENltIC.
3075 1725 3212 1762 ωηο
3236 1724 3300 1761 DF.
3337 1721 3754 1761 1.δ(ῖιιτε-’ΝςτΑιΝ.

2244 1801 2308 1838 ne
2329 1797 2673 1838 meonsruuc.
2696 1796 2978 1835 nuoowm.
3003 1797 3061 1834 ll.
3099 1796 3204 1834 utr.
3227 1796 3290 1832 ao
3310 1780 3755 1832 rou'rau'osutm-

2237 1871 2343 1909 Cll
2368 1869 2625 1908 ιεοιτιῖε.
2643 1867 2914 1907 δειδυιτυς
2946 1867 2996 1904 ιι(
3020 1865 3119 1905 HOC
3141 1864 3348 1903 TEIPLO
3367 1864 3411 1901 S.
3447 1863 3605 1902 ιιλιιρι
3627 1861 3757 1899 CAL-

2243 1940 2472 1979 LIUPOLI.
2506 1939 2570 1977 AD
2597 1938 2822 1978 GRADUS.
2856 1937 3023 1977 PROPE
3057 1935 3458 1974 CONVERQIONEI
3493 1933 3537 1971 S.
3577 1931 3755 1970 ολιῐιι.

2241 2010 2330 2050 DIE
2355 2011 2412 2050 Io
2445 2009 2622 2051 APRIL.
2652 2008 2745 2050 XX.
2789 2009 2882 2048 AN.
2911 2006 3168 2048 SUPBRIUS
3196 2005 3475 2045 l‘NDlCATO.

2241 2155 2504 2224 Equidem
2541 2154 2674 2209 mibi
2739 2154 3027 2224 polliceor,
3082 2154 3328 2208 humano
3381 2151 3570 2207 lectori
3613 2151 3759 2206 banc

2171 2248 2382 2302 itineris
2409 2247 2584 2302 nostri
2614 2246 2949 2307 mentionem
2980 2261 3089 2300 non
3127 2247 3397 2318 ingratam
3445 2245 3563 2300 fore
3593 2263 3607 2300 :
3642 2260 3753 2313 qua

2171 2339 2328 2394 libuit
2349 2338 2525 2394 obiter
2555 2339 2722 2394 etiam
2751 2353 2873 2393 meo
2895 2353 3024 2411 erga
3054 2340 3242 2396 beatos
3275 2340 3492 2394 Ilenrici
3528 2338 3748 2395 baronii

2168 2433 2358 2487 eximii
2397 2448 2586 2488 manes
2614 2433 2792 2487 oflicio
2809 2432 3054 2504 defungi,
3095 2433 3254 2503 cujus
3283 2448 3412 2503 erga
3452 2448 3537 2487 me
3563 2448 3759 2502 perpe-

2172 2533 2324 2579 tuam
2358 2523 2482 2579 inde
2517 2539 2690 2594 usque
2723 2540 2752 2579 a
2782 2525 3165 2594 primisipsius
3193 2525 3555 2580 adolescentis
3575 2527 3758 2581 adhuc

2173 2617 2334 2672 annis
2372 2615 2806 2671 benevolentiam
2831 2624 2886 2671 et
2909 2632 3148 2671 amorem
3175 2626 3436 2686 expertus
3457 2616 3558 2670 fui.
3598 2616 3760 2671 Nunc

2174 2708 2240 2762 ad
2271 2707 2582 2763 institutum
2620 2707 2933 2775 redeuntes,
2959 2709 3178 2764 tandem
3205 2709 3500 2779 aliquando
3524 2725 3758 2780 pensum

2176 2799 2280 2857 hoc
2306 2802 2679 2857 absolvamus.

2247 2894 2359 2951 liae
2379 2897 2540 2950 etiam
2563 2903 2749 2950 aratate
2777 2894 2902 2948 anni
2935 2892 3032 2948 99!
3104 2894 3260 2963 (Chr.
3299 2894 3459 2966 158‘)
3509 2897 3766 2952 sultauus

2183 2987 2425 3043 Murates
2453 2987 2583 3042 dum
2613 3002 2670 3042 se
2705 3002 2830 3042 cum
2865 2988 3033 3042 mutis
3058 2988 3178 3042 suis
3202 2987 3461 3050 oblectat.
3499 3005 3638 3059 pene
3665 3007 3765 3060 pe-

2179 3078 2288 3134 riit.
2325 3077 2573 3132 Diximus
2599 3081 2745 3133 enim
2778 3076 2963 3148 supra,
2987 3079 3414 3135 mutossultanis
3441 3079 3762 3141 Osinanidis

483 3161 747 3230 plebeios.
799 3162 972 3220 Totus
1009 3166 1245 3235 denique
1277 3169 1578 3225 comitatus
1621 3183 1775 3225 extra
1832 3173 2065 3243 legatum
2097 3181 2142 3238 (ς,
2177 3170 2231 3224 in
2263 3169 2474 3225 deliciis
2495 3185 2640 3233 esse,
2663 3171 2753 3237 qui
2787 3169 2957 3224 animi
3004 3184 3164 3225 sensa
3192 3169 3362 3236 signis
3423 3172 3758 3241 quibusdam

483 3257 772 3310 constabat
833 3258 1142 3326 oetuaginta
1176 3275 1369 3314 novem
1427 3263 1703 3330 personis.
1740 3263 1876 3332 Equi
1909 3280 2072 3320 sexa-

482 3347 634 3418 ginta
673 3363 766 3402 sex
807 3359 985 3412 erant,
1028 3360 1223 3420 praeter
1272 3353 1458 3407 decem
1490 3355 1574 3408 vel
1609 3355 1898 3411 duodecim
1937 3373 2072 3413 con-

487 3441 787 3498 duetitios:
841 3461 1037 3499 currus
1083 3445 1265 3515 (vulgo
1312 3449 1529 3504 coccios
1561 3452 1778 3518 vocant)
1836 3461 2074 3519 septem-

486 3534 688 3593 decim.
719 3536 921 3604 quibus
965 3535 1224 3593 ‘l'auruuo
1254 3540 1370 3593 sive
1414 3541 1678 3609 Belgrade
1738 3542 2073 3597 Constanti-

486 3628 726 3698 nopolim
805 3630 1144 3686 veherentur.
1199 3634 1329 3690 istic
1356 3635 1507 3690 enim
1583 3637 1958 3700 exscenditor,
2021 3645 2077 3692 et

489 3721 684 3776 itinere
723 3723 992 3787 terrestri,
1038 3723 1284 3780 Danubio
1325 3725 1391 3780 ad
1451 3727 1641 3781 laevam
1707 3730 1920 3790 relicto,
1977 3743 2074 3798 per

489 3812 759 3875 Serviani,
789 3814 1117 3886 Uulgariam,
1145 3816 1472 3872 Macedoniae
1496 3831 1729 3889 partem,
1754 3819 2072 3886 Thraciam,

489 3905 1028 3977 Constantinopolim
1065 3910 1191 3965 itur.
1230 3911 1567 3982 Adjunxerat
1603 3913 1814 3970 itineris
1845 3915 2073 3969 comites

495 3999 656 4054 bassa
689 3999 980 4065 Budensis.
1042 4019 1210 4057 unum
1267 4021 1333 4059 ex
1398 4007 1738 4075 proceribus,
1800 4007 1892 4077 qui
1949 4006 2074 4077 Begi

493 4087 690 4145 Turcis
733 4091 1008 4155 dicuntur,
1064 4095 1306 4165 itemque
1368 4105 1480 4152 tres
1525 4099 1765 4164 zausios,
1794 4100 1888 4168 qui
1924 4113 2078 4155 com-

498 4184 879 4240 missnriorum
920 4185 972 4239 in
1011 4188 1152 4242 aulis
1180 4191 1383 4244 nostris
1411 4191 1590 4245 locum
1626 4191 1750 4246 istic
1801 4193 2073 4258 obtinent,

491 4285 548 4330 et
577 4285 688 4333 tres
738 4278 1048 4347 geuizaros.
1107 4278 1171 4332 lli
1240 4281 1354 4336 suis
1421 4298 1545 4336 eum
1617 4283 1834 4339 famulis
1889 4295 1939 4338 et
1972 4286 2073 4354 ipsi

494 4380 688 4440 praeter
714 4371 950 4439 equites,
983 4381 1188 4438 septem
1224 4373 1408 4428 rhedis
1451 4375 1566 4429 sive
1600 4377 1857 4431 curribus
1907 4381 2075 4432 vehe-

2176 3263 2390 3332 aperire
2421 3263 2649 3318 solerter
2681 3273 2904 3326 norunt,
2937 3272 2991 3318 et
3025 3262 3267 3318 vicissim
3306 3264 3614 3334 intelligere
3652 3284 3763 3320 ttu-

2178 3355 2322 3409 tibus
2350 3370 2413 3410 ac
2440 3355 2610 3425 signis
2637 3357 2896 3410 iudicata.
2943 3356 3167 3410 Solebat
3201 3356 3301 3410 bos
3330 3356 3571 3412 Muratcs
3601 3360 3762 3427 equis

2178 3447 2595 3517 praigrandibus
2621 3457 2671 3500 et
2700 3447 2771 3500 ob
2805 3439 3095 3514 corporum
3134 3446 3330 3500 molem
3367 3448 3539 3502 tardis
3583 3449 3769 3517 impo-

2178 3553 2327 3598 nere.
2383 3553 2508 3592 cum
2571 3538 2688 3608 ipse
2734 3539 2966 3592 maxime
3026 3537 3281 3609 agilibus,
3333 3553 3395 3593 ac
3450 3540 3758 3607 praesertim

2177 3631 2446 3694 Arabicis,
2479 3641 2726 3685 uteretur
2758 3649 2770 3685 :
2811 3640 2865 3683 et
2893 3630 3056 3684 modo
3084 3631 3135 3684 in
3175 3631 3341 3695 hunc,
3412 3630 3574 3686 modo
3603 3632 3654 3686 in
3697 3632 3768 3687 il-

2178 3725 2290 3780 lum
2311 3735 2623 3794 provecms.
2640 3725 2790 3778 nervi
2817 3723 3004 3779 bubuli
3028 3727 3401 3792 (caravazzam
3425 3725 3526 3794 ipsi
3547 3725 3770 3794 vocant)

2180 3817 2499 3873 verberibus
2529 3826 2639 3869 tam
2673 3825 2877 3877 mutos,
2933 3830 3098 3885 quam
3127 3830 3299 3884 equos
3351 3831 3542 3870 eorum
3571 3833 3770 3882 caasos,

2187 3911 2255 3965 ad
2293 3924 2516 3966 cursum
2553 3907 2877 3977 impelleret.
2909 3907 2965 3962 in
2997 3907 3103 3962 hoc
3135 3907 3264 3962 ludo
3289 3917 3576 3977 correptus
3596 3911 3772 3963 comi-

2182 4003 2294 4056 tiali
2322 3999 2534 4063 morbo,
2558 4001 2660 4055 sibi
2703 3999 2982 4063 familiari,
3014 4009 3122 4055 tam
3149 4001 3299 4071 gravi
3347 4003 3499 4071 lapsu
3525 4018 3590 4056 ex
3625 4015 3773 4071 equo

2187 4096 2392 4153 decidit
2427 4096 2493 4151 ad
2525 4095 2894 4165 pavimentum
2925 4093 3139 4159 allisus,
3208 4104 3268 4148 ttt
3295 4096 3520 4149 omnino
3555 4111 3652 4164 per
3677 4111 3771 4149 ur.

2183 4193 2302 4247 bem
2339 4189 2421 4243 vel
2451 4188 2563 4258 jam
2599 4188 2925 4249 moriturus,
2969 4188 3054 4241 vel
3112 4201 3366 4242 mortuus
3427 4190 3768 4242 crederetur.

2183 4286 2449 4354 Adeoque
2483 4281 2746 4351 genizari,
2793 4296 2889 4350 pro
2927 4295 3101 4346 more,
3138 4280 3290 4334 velut
3341 4282 3614 4335 exstincto
3647 4283 3765 4335 sul-

2189 4388 2338 4442 tano,
2373 4377 2484 4447 jam
2504 4375 2947 4431 Christianorum
2984 4371 3481 4442 Ilebra-ornmquee
3509 4375 3767 4426 tabernas

497 4464 717 4520 bantur.
775 4462 1043 4518 Henricus
1111 4466 1242 4518 baro
1303 4466 1373 4520 de
1431 4464 1882 4533 Liccbtenstain,
1954 4480 2078 4538 post
2113 4468 2479 4551 Dinvoiando
2503 4467 2886 4536 diripiebant:
2946 4465 3328 4534 maximusque
3387 4468 3654 4521 tumultus
3711 4469 3765 4520 in

495 4557 737 4609 oblatum
800 4561 1016 4610 sultaoo
1093 4557 1286 4611 Murali
1351 4575 1597 4624 munus,
1665 4562 1870 4617 amisso
1905 4562 2075 4618 fratre

495 4649 729 4714 Crorgio
764 4648 1083 4710 llartmano,
1133 4652 1225 4718 qui
1261 4651 1737 4719 (Ionstanlittmioli
1772 4653 1927 4715 obiit,
1960 4653 2073 4722 jam

493 4752 552 4793 et
580 4742 696 4807 ipse
733 4742 993 4792 diuturno
1037 4743 1227 4794 morbo
1275 4743 1508 4797 debilior
1560 4744 1758 4811 foetus,
1818 4747 2076 4815 majorem

498 4832 718 4887 familia:
755 4845 959 4899 partem
1024 4849 1148 4886 cum
1185 4835 1340 4902 equis
1400 4847 1450 4886 et
1484 4837 1741 4890 curribus
1797 4838 2075 4892 Constan—

502 4926 724 4993 tinopoli
801 4925 889 4977 die
959 4925 1284 4981 duodecittto
1365 4929 1571 4982 mensis
1651 4929 1963 4986 Decembris
2024 4933 2075 4985 in

505 5018 787 5071 Austriam
828 5020 1081 5084 remisit;
1125 5019 1241 5088 ipse
1285 5023 1404 5074 navi
1449 5020 1676 5084 Veneta,
1708 5022 1810 5077 sub
1865 5026 2079 5081 initium

505 5115 666 5171 veris,
706 5127 800 5176 per
831 5113 1060 5165 mediam
1106 5113 1370 5166 Gram-iam
1406 5116 1627 5168 dontum
1661 5117 1838 5169 redire
1867 5118 2080 5171 statuit.

507 5211 662 5256 Anno
713 5206 986 5270 sequenti.
1029 5208 1235 5259 decimo
1297 5208 1459 5260 tertio
1489 5207 1576 5262 die
1613 5213 1819 5264 mensis
1855 5210 2078 5278 Aprilis,

505 5297 845 5361 tialliupolim
907 5299 970 5349 ad
1050 5297 1454 5366 Hellespontum
1517 5300 1678 5355 sitam
1751 5305 1935 5362 venit;
1989 5303 2086 5356 ubi

505 5391 698 5446 morbo
716 5393 1097 5455 invalescentc.
1123 5408 1317 5459 magno
1335 5407 1458 5447 cum
1479 5393 2090 5465 suornmssldolore,

511 5487 576 5541 {6
606 5487 693 5542 die
726 5488 925 5541 mensis
948 5488 1210 5556 ejusdem,
1241 5485 1533 5540 continuas
1557 5486 1696 5540 inter
1724 5501 1913 5555 preces
1946 5485 2091 5540 velut

513 5581 952 5644 obdormiscens,
1011 5584 1174 5636 vitam
1262 5581 1403 5635 hanc
1489 5580 1773 5633 mortalem
1854 5579 2090 5633 feliciter

517 5690 639 5726 trum
719 5674 1012 5726 immortali
1087 5673 1494 5726 commutavit.
1556 5671 1756 5726 Aderat
1818 5682 1948 5724 tunc
2019 5668 2085 5723 ad

522 5770 708 5821 beatas
733 5767 944 5833 piorum
979 5766 1138 5821 sexies
1160 5763 1412 5832 migranti
1437 5761 1674 5816 Joannes
1699 5761 2084 5822 Leunclavius,

526 5876 683 5926 quem
717 5862 766 5913 in
796 5859 986 5929 primis
1019 5868 1075 5912 ut
1103 5858 1268 5930 bujus
1306 5857 1518 5912 itineris
1551 5855 1806 5912 comitem
1838 5855 2087 5916 babcrct,

2185 4561 2320 4616 urbe
2344 4570 2638 4616 secuturus
2672 4569 2811 4623 erat,
2848 4560 2953 4613 nisi
2977 4570 3190 4612 mature
3239 4558 3623 4628 genizarorum
3651 4559 3764 4622 Aga

2187 4652 2302 4706 sive
2340 4650 2618 4715 tribunus,
2653 4649 2945 4718 quemdam
2978 4649 3032 4702 in
3064 4649 3180 4718 ipso
3208 4648 3605 4717 deprehensum
3639 4647 3771 4701 faci-

2185 4759 2317 4798 nore
2347 4759 2493 4808 mox,
2531 4743 2599 4797 ad
2637 4741 3257 4796 incutiendumcaatcris
3299 4749 3588 4805 terrorem,
3650 4756 3774 4794 sus--

2185 4838 2344 4908 pendi
2374 4838 2637 4906 iussisset
2676 4834 3009 4905 :mancipiis
3043 4833 3208 4888 etiam
3243 4835 3549 4897 nonnullis,
3612 4834 3771 4904 geni-

2186 4945 2438 4984 zarorum
2464 4928 2649 4982 habitu
2675 4925 2907 4992 vestitis,
2935 4925 3002 4979 ad
3020 4939 3189 4979 uncos
3214 4923 3375 4978 scala:
3399 4923 3625 4994 Syct-nre
3653 4925 3768 4978 sive

2183 5021 2520 5086 Galatensis,
2555 5036 2654 5091 pro
2691 5035 2842 5073 more
2864 5015 3102 5072 Turcieo
3119 5017 3390 5080 deductis,
3417 5025 3473 5070 et
3498 5017 3770 5087 supplicio

2191 5117 2381 5168 mortis
2413 5115 2611 5167 ibidem
2650 5112 2880 5166 allectis.
2925 5110 2978 5165 Si
3010 5109 3404 5171 Muchemetes,
3445 5108 3670 5163 Muratis
3704 5111 3768 5164 fi-

2186 5211 2312 5268 lius,
2338 5205 2430 5275 qui
2468 5203 2757 5273 Magnesia:
2787 5203 3039 5272 degebat.
3073 5201 3122 5256 id
3159 5200 3422 5270 temporis
3477 5201 3541 5256 ad
3573 5203 3765 5256 urbem

2191 5300 2406 5364 fuisset,
2473 5306 2654 5351 actum
2686 5295 2843 5365 plane
2879 5293 2946 5348 de
2979 5294 3086 5347 vita
3150 5293 3318 5363 patris
3351 5302 3467 5347 erat
3508 5304 3563 5348 et
3598 5295 3766 5363 impc-

2195 5394 2299 5447 rio.
2335 5390 2630 5445 Convaluit
2664 5398 2846 5442 tamen
2883 5386 3145 5447 Murates.
3176 5385 3470 5456 statimque
3528 5395 3652 5455 post
3679 5386 3772 5439 ad-

2188 5495 2412 5541 ventum
2457 5495 2726 5546 nostrum,
2761 5481 2847 5535 die
2880 5481 3117 5550 quodam
3151 5477 3396 5542 Veneris,
3428 5480 3520 5549 qui
3557 5480 3768 5533 Turro-

2189 5595 2309 5632 rum
2341 5575 2765 5630 bebdomadario
2800 5573 2934 5628 festo
2969 5586 3126 5626 sacer
3151 5581 3254 5632 est,
3285 5587 3453 5641 eques
3509 5587 3538 5624 e
3592 5572 3770 5626 saraio

2192 5665 2758 5736 novatgenisaraium
2827 5676 2857 5715 a
2919 5660 3117 5715 Turcis
3177 5660 3464 5729 appellari,
3517 5660 3771 5730 deinceps

2192 5762 2394 5832 patebit
2418 5776 2482 5813 ex
2545 5759 2821 5812 annalium
2880 5753 3269 5819 declaratione)
3330 5753 3548 5821 prodiit,
3617 5753 3770 5805 nobis

2192 5851 2622 5923 inspectantibus
2659 5849 2873 5919 cupide,
2922 5847 3378 5916 quemadmodum
3432 5847 3550 5902 tieri
3609 5847 3760 5904 solet.
