4218 6308
462 306 572 372 τδο

1590 314 1964 375 SUPPLEM.
2001 316 2279 374 ᾹΝΝΑῘ..
2320 314 2625 375 TURClC.

3616 313 3721 376 ἨΟ

467 422 559 491 qui
588 421 816 479 Turcico
868 424 1022 479 militi
1092 440 1345 494 suprema
1396 442 1518 480 cum
1562 437 1850 496 potestate,
1907 442 2031 482 ncc-
2061 432 2104 487 Α
2136 426 2363 477 moritur
2411 426 2536 478 Erat
2583 425 2634 477 in
2666 424 2906 479 exercitu
2944 425 3215 480 secundus
3246 426 3312 479 ab
3348 426 3467 495 ipso
3502 428 3721 498 Cigalo-

461 516 590 569 dum
648 515 713 569 ad
780 516 914 571 fines
968 516 1220 571 Persicos
1284 533 1573 587 progresso
1628 534 1750 574 cum
1785 520 2028 574 exercitu

458 605 698 661 Osmane
734 606 894 661 bassa
933 608 1291 674 vezirazeme,
1335 620 1584 675 prmcrat,
1612 611 1848 663 debitam
1893 611 2031 663 mili-

459 694 606 748 tibus
631 708 927 760 annonam,
949 698 1169 751 sordida
1187 699 1415 768 quadam
1446 701 1672 754 avaritia
1695 700 2033 764 diStractaln,

459 799 592 839 suns
620 786 672 838 in
710 801 845 842 usus
883 788 1144 842 vertisse:
1194 791 1350 859 cujus
1389 800 1568 846 tamen
1600 793 1749 862 gravi
1807 794 2033 862 penuria

460 879 743 933 laborabat
773 882 1069 937 exercitus.
1104 882 1247 938 Idem
1279 898 1402 939 cum
1432 887 1769 955 imperasset,
1802 888 2032 941 duarum

459 972 513 1024 in
553 973 637 1027 bis
678 972 815 1026 locis
846 975 1212 1029 munitionum
1261 978 1671 1032 excitandarum
1720 993 1887 1034 causa
1914 1020 1928 1043 ,
1970 979 2036 1033 de

459 1065 759 1129 provinciis
785 1066 858 1118 uti
894 1066 1090 1120 vicinis
1124 1070 1477 1124 convenirent
1510 1070 1806 1125 incolarum
1845 1072 1910 1127 ad
1945 1087 2034 1125 se-

458 1158 676 1225 xaginta
716 1156 837 1232 plus
879 1157 1062 1213 minus
1114 1159 1304 1225 millia,
1354 1161 1447 1230 qui
1499 1176 1696 1231 aperas
1747 1170 2039 1217 strtntum

457 1248 798 1303 necessarias
860 1249 912 1302 in
976 1264 1035 1304 se
1084 1253 1409 1319 reciperent,
1475 1253 1770 1323 asingulis
1831 1254 2033 1322 aliquid

459 1353 835 1402 nummorum.
872 1354 972 1409 pro
1000 1342 1211 1397 ratiune
1248 1344 1593 1410 facultatum,
1619 1346 1867 1414 exegisse
1898 1346 2037 1400 fere-

459 1426 641 1483 batur:
676 1429 890 1497 illistpte
923 1433 1145 1486 domum
1187 1434 1454 1499 remissis,
1481 1436 1547 1489 ad
1580 1436 1889 1495 functiones
1918 1452 2037 1493 sor-

458 1520 613 1573 didas
644 1522 791 1588 ipsos
822 1523 1089 1592 Spacbios
1142 1526 1430 1592 genizaros
1459 1539 1796 1598 canorosque
1839 1530 2037 1586 milites

461 1614 733 1679 atil'giSSlE.
773 1615 976 1670 Mensis
1010 1619 1254 1682 e,’usdem
1290 1620 1378 1672 die
1406 1620 1471 1675 f5
1509 1634 1835 1676 concessum
1866 1623 1918 1675 in
1948 1621 2035 1675 di-

461 1721 600 1757 vann
638 1705 820 1758 Ziansi
878 1708 1070 1772 bassae,
1126 1726 1282 1778 quem
1318 1727 1483 1781 supra
1516 1713 1780 1767 masulctn
1830 1712 2033 1767 factum

2140 518 2239 584 glis
2297 518 2478 578 bassa,
2533 516 2884 585 beglerbegns
2945 516 3298 581 llevanensis,
3349 518 3504 586 cujus
3554 533 3719 587 supra

2137 620 2354 673 quoque
2389 606 2711 659 mentionem
2757 607 2999 659 fecimus.
3050 604 3144 658 llic
3183 604 3420 660 Osurane
3470 620 3717 671 mortuo,

2139 713 2452 768 supremum
2489 707 2681 751 nactus
2714 698 3037 765 imperium,
3069 712 3199 751 su::s
3228 699 3280 749 in
3327 705 3505 751 totum
3556 706 3717 752 redu-

2136 805 2262 845 cere
2296 792 2507 843 nititur.
2537 790 2746 843 Instant
2772 790 3031 859 Cigalogli
3064 806 3092 844 a
3123 800 3270 861 tergo
3299 790 3496 850 Persm.
3521 796 3722 862 quibts

2140 882 2257 952 ipse
2289 885 2522 937 seacbus
2552 882 2797 937 a’dluisse
2829 883 3165 952 perhibetur.
3221 885 3503 939 Acerrimo
3534 888 3723 939 confli-

2139 988 2251 1041 ctu.
2296 991 2344 1032 et
2375 982 2664 1048 aliquoties
2718 978 2936 1049 quidem
2992 981 3261 1049 repetito,
3312 983 3544 1034 maxima
3588 980 3723 1034 Tur-

2137 1085 2322 1124 corum
2364 1080 2571 1140 strages
2601 1070 2801 1124 editur.
2838 1068 3224 1137 Niltiiominus,
3265 1068 3594 1140 quocunque
3626 1087 3721 1142 po-

2140 1172 2246 1217 test
2286 1163 2477 1221 modo,
2529 1160 2825 1230 C'galnglis
2871 1160 2974 1213 iter
3016 1161 3304 1214 continuat
3337 1179 3350 1214 :
3386 1177 3511 1215 cum
3552 1164 3724 1219 hostis

2141 1256 2400 1323 impetum
2420 1252 2691 1321 frangeret
2709 1254 2920 1322 objecta
2940 1251 3343 1316 genizarorum,
3359 1255 3450 1321 qui
3468 1256 3725 1324 selopetis

2140 1347 2257 1399 suis
2311 1344 2503 1398 terrori
2577 1343 2757 1396 Persis
2812 1352 2985 1396 erant.
3039 1342 3263 1407 Quoties
3310 1354 3491 1399 autem
3542 1343 3722 1400 Persa:

2140 1440 2360 1510 gravius
2389 1447 2662 1508 urgerent,
2698 1446 3044 1506 premerent,
3081 1435 3389 1491 Turcotntn
3432 1439 3721 1508 profer-tio-

2141 1548 2264 1587 nem
2310 1532 2655 1600 impedirent,
2704 1530 3008 1584 subsistere
3035 1530 3297 1598 legiones.
3332 1541 3381 1582 et
3427 1532 3722 1587 fortissime

2144 1622 2380 1694 ιιι-ξιξιίδτί
2431 1622 2605 1692 jubet.
2668 1620 3003 1691 Transfugas
3043 1623 3271 1689 denique
3322 1626 3647 1678 subornatos
3674 1626 3724 1677 in

2147 1716 2384 1768 hostium
2444 1723 2622 1767 castra
2675 1712 2874 1777 mittit,
2926 1712 3018 1780 qni
3060 1712 3129 1765 de
3186 1713 3359 1782 ipsius
3395 1716 3731 1782 profectione

458 1797 624 1868 335
654 1799 916 1862 diximus,
957 1812 1012 1853 ut
1044 1802 1246 1866 libere,
1296 1804 1494 1872 quibus
1541 1803 1593 1857 in
1654 1805 1786 1861 locis
1840 1806 2036 1868 vellet,
2073 1780 2116 1833 Β
2148 1807 2485 1875 consilioque
2515 1807 2673 1874 longe
2705 1806 2916 1859 diversi
2944 1804 3206 1859 referrent
3236 1809 3305 1859 ab
3350 1806 3413 1862 iis
3444 1824 3563 1877 qua:
3603 1824 3728 1863 cunt

464 1894 665 1943 vorsari
695 1903 901 1962 posset.
934 1893 1047 1950 lloc
1076 1896 1355 1950 decrettnn
1380 1897 1429 1949 ei
1455 1900 1595 1950 viam
1621 1899 1858 1968 aperuit,
1894 1900 2041 1968 prio-

462 1995 575 2033 rem
605 1982 672 2035 ad
706 1985 1024 2052 dignitatem
1057 1985 1340 2046 redeundi:
1374 1989 1518 2056 quod
1552 1989 1796 2055 quidem,
1827 1999 2041 2041 mortuo

462 2073 711 2128 Persicos
744 2074 811 2129 ad
848 2075 983 2129 flues
1013 2074 1253 2131 Osmaue
1300 2077 1479 2139 bassa,
1522 2093 1630 2131 non
1685 2080 1858 2134 multo
1916 2087 2042 2149 post

462 2166 680 2218 accidit.
718 2164 944 2221 Constat
980 2181 1103 2221 cum
1152 2178 1407 2238 utroque,
1444 2178 1552 2223 tam
1590 2170 1841 2231 Fet-hate,
1875 2185 2040 2241 quam

464 2252 677 2313 Simiae.
714 2257 902 2309 mitius
937 2257 1113 2325 egisse
1147 2256 1421 2311 sultanum
1454 2256 1739 2320 Mnratem,
1774 2263 1915 2325 quot
1952 2272 2044 2309 eos

466 2361 584 2398 tum
618 2346 883 2414 indigeret
909 2361 1095 2414 opeta.
1130 2347 1265 2401 Nam
1298 2350 1391 2418 qui
1426 2362 1523 2416 per
1555 2349 1809 2402 Ostnattis
1844 2352 2045 2401 absen-

465 2439 594 2490 tiam
621 2440 856 2507 Sllpi'Cllll
887 2441 1081 2493 veziris
1115 2440 1234 2495 loco
1259 2456 1344 2495 res
1369 2440 1785 2494 administrabat
1823 2440 2043 2494 Mesites

463 2530 648 2595 bassa,
680 2538 952 2586 castratos
981 2542 1035 2585 et
1090 2547 1281 2597 senex,
1318 2534 1444 2586 licet
1493 2531 1698 2601 alioqui
1750 2532 1936 2600 justus
1992 2540 2045 2585 et

464 2640 729 2695 severus,
760 2640 912 2683 tanto
945 2637 1126 2679 tamen
1162 2627 1370 2679 muneri
1414 2639 1604 2693 parum
1644 2636 1762 2678 erat
1794 2625 2042 2679 idoneus.

543 2721 636 2774 Die
669 2722 732 2774 ιυ
760 2723 963 2775 mensis
993 2719 1195 2790 Aprilis
1225 2719 1387 2773 rediit
1418 2717 1623 2789 Sinope
1656 2716 2045 2773 Constantino-

468 2812 631 2882 polin:
664 2812 903 2867 Uluzalis
932 2813 1221 2882 praefectus
1247 2812 1449 2867 maris:
1483 2811 1629 2879 quod
1662 2818 2044 2880 argumentum

466 2913 607 2967 erat,
634 2917 699 2956 eo
730 2904 850 2957 loco
885 2914 998 2956 tum
1034 2919 1123 2958 res
1154 2903 1323 2957 fuisse
1353 2901 1659 2965 Tataricas,
1694 2911 1752 2954 ut
1786 2898 2047 2953 Osmanis

470 2995 523 3048 in
565 2992 855 3049 Tauricam
896 2996 1303 3051 Chersonesum
1347 2995 1738 3064 transjectione
1769 3008 1875 3047 non
1901 3000 2049 3048 esset

469 3106 629 3161 opus.

542 3183 744 3237 Eodem
776 3197 919 3237 anno
949 3195 1073 3237 cum
1095 3178 1297 3237 Osman
1330 3179 1491 3235 bassa
1520 3177 1772 3232 Persicos
1806 3177 1873 3231 ad
1899 3176 2047 3231 limi-

468 3288 552 3333 tes
613 3278 964 3342 accessisset,
1028 3272 1443 3330 occurrentibus
1498 3274 1766 3341 intrepide
1824 3272 2048 3333 Persis,

469 3369 631 3424 modo
668 3369 833 3435 mille,
866 3367 1029 3421 modo
1059 3368 1246 3437 plures
1269 3406 1283 3429 ,
1316 3366 1382 3419 ad
1416 3365 1601 3418 decem
1636 3378 1810 3433 usque
1844 3364 2009 3415 millia
2032 3400 2049 3427 ,

469 3461 537 3513 de
570 3459 739 3526 ipsius
769 3459 1011 3514 exercitu
1040 3456 1271 3525 carptim
1301 3454 1454 3510 fuere
1483 3455 1630 3508 caesi.
1662 3452 1903 3507 Tandem
1940 3452 2051 3507 Au-

472 3561 629 3622 gusto
654 3566 863 3616 mense,
896 3550 1078 3605 Persis
1108 3548 1317 3613 insciis,
1379 3558 1432 3603 et
1463 3547 1596 3600 nilnl
1636 3548 1702 3599 de
1738 3548 1839 3599 ltoc
1875 3545 2049 3613 ipsius

472 3647 669 3699 itinere
718 3645 1086 3712 engitantibus
1117 3684 1132 3706 ,
1168 3657 1261 3711 per
1290 3643 1588 3699 obscuras.
1618 3655 1840 3709 opacas,
1874 3655 2040 3706 angu-

467 3752 583 3795 stas
624 3741 811 3797 valles,
866 3740 1008 3791 inter
1036 3738 1333 3790 altissimos
1372 3736 1628 3803 utrinque
1663 3744 1874 3786 montes
1921 3746 2049 3801 pro-

472 3832 664 3893 fectus,
689 3830 778 3883 ubi
806 3829 992 3885 militis
1015 3828 1295 3881 animaudi
1315 3841 1479 3879 causa
1505 3822 1783 3879 multoties
1807 3822 2045 3888 displosa

474 3924 621 3975 fuere
651 3932 921 3975 tormenta
954 3920 1144 3974 bellica
1166 3959 1180 3980 .
1214 3917 1521 3973 Tebrisium
1559 3916 1808 3971 accessit.
1872 3913 2051 3968 Facil-

474 4016 661 4067 limum
695 4014 833 4070 bosti
868 4013 1099 4077 fuisset,
1140 4012 1223 4067 bis
1258 4015 1311 4064 itt
1339 4011 1609 4080 angustiis
1634 4026 1758 4062 cum
1782 4020 1894 4064 toto
1922 4022 2048 4061 cum

470 4108 714 4161 exercitu
748 4106 813 4159 ad
855 4106 1281 4160 internecionem
1328 4105 1531 4167 del.-re,
1578 4102 1624 4157 si
1674 4102 1940 4153 maturius
1984 4097 2053 4150 de

475 4201 573 4254 hac
605 4201 725 4268 ejus
758 4197 1097 4267 profectione
1125 4196 1495 4266 cognorisst-t.
1521 4194 1773 4248 Osutanis
1817 4193 2050 4246 adventu

470 4294 770 4354 intellecto.
792 4292 993 4347 Cadius
1014 4292 1129 4344 sive
1145 4289 1313 4358 iudex
1344 4290 1494 4344 urbis
1520 4287 1642 4358 fuga
1669 4287 1769 4340 sibi
1794 4283 2050 4338 consulit.

472 4381 609 4436 Tum
637 4383 814 4437 caeteri
836 4421 851 4444 ,
887 4382 1184 4449 praesertim
1219 4381 1319 4433 viri
1358 4381 1633 4448 sexaginta
1675 4382 1726 4431 in
1760 4382 1894 4432 urbe
1943 4378 2054 4443 pri-

2148 1898 2334 1950 animo
2364 1910 2466 1948 suo
2496 1894 2675 1949 facere
2728 1893 3125 1947 constituisset.
3163 1893 3275 1948 liae
3308 1895 3429 1963 ejus
3464 1899 3727 1966 impastu-

2149 2003 2204 2041 ra
2237 1988 2446 2056 decepti
2473 1983 2653 2039 Persae
2675 2022 2689 2049 ,
2721 1987 2845 2038 dum
2877 1995 2931 2039 et
2960 1985 3061 2054 ipsi
3102 1986 3443 2050 subsistunt,
3490 1989 3730 2044 maxima

2148 2080 2424 2133 celeritate
2454 2094 2578 2132 cum
2606 2079 2720 2133 suis
2747 2077 3032 2146 aufugiens
3078 2076 3373 2146 Cigaloglis
3394 2079 3648 2139 elabitur.
3675 2089 3733 2134 et

2148 2169 2386 2224 Wanum
2437 2167 2695 2237 reliquias
2742 2169 3045 2223 incolumes
3082 2170 3252 2222 ducit.
3312 2169 3488 2224 Persa:
3546 2170 3728 2240 fugant

2154 2262 2325 2315 liOSlIS
2373 2261 2698 2329 conspicati,
2745 2260 3056 2314 Tebrisium
3095 2270 3478 2317 revertuntur:
3512 2270 3567 2316 et
3601 2265 3733 2316 urbe

2153 2363 2493 2423 recuperata,
2522 2368 2645 2405 mox
2675 2365 2855 2405 arcem
2884 2350 3140 2405 obsidere
3166 2361 3473 2419 cmpevunt.
3498 2353 3733 2409 Periisse

2151 2456 2365 2500 constat
2400 2445 2454 2497 in
2485 2444 2634 2497 hisee
2663 2442 3009 2497 conﬂictibus
3044 2437 3185 2496 baud
3221 2444 3384 2498 dubie
3420 2442 3727 2499 Turcorum

2152 2541 2219 2594 ad
2254 2536 2464 2600 80000,
2503 2538 2556 2589 in
2608 2536 2806 2601 quibus
2853 2546 3011 2589 erant
3060 2545 3443 2592 veteranorum
3501 2538 3732 2592 militum

2155 2630 2569 2686 lectissimorum
2608 2628 2673 2679 ad
2708 2626 2918 2683 40000:
2967 2627 3150 2696 praelia
3198 2637 3369 2682 totum
3415 2628 3733 2684 continuata

2159 2722 2397 2774 triduum
2444 2719 2894 2787 trinoctiumque.
2943 2720 3127 2789 Capta:
3171 2726 3388 2774 centum
3438 2734 3502 2776 ac
3550 2722 3737 2790 plures

2157 2812 2423 2865 machina:
2446 2810 2649 2866 bellica:
2671 2812 2925 2877 majores.
2945 2809 3188 2864 Scactms
3215 2810 3483 2876 Persicus,
3519 2828 3575 2866 re
3598 2814 3737 2867 bene

2156 2916 2329 2975 gesta,
2366 2919 2534 2973 regno
2575 2913 2747 2957 semet
2774 2903 3057 2958 abdicasse
3089 2902 3282 2966 fertur,
3317 2904 3477 2973 idque
3509 2905 3590 2959 sic
3618 2915 3732 2959 tr..-

2156 2998 2361 3051 didisse
2394 2998 2525 3063 tilio,
2556 3004 2614 3049 ut
2646 3011 2770 3048 eum
2798 3004 3139 3049 sacramento
3169 2995 3318 3064 prius
3344 2997 3731 3065 obstringerrt,

2156 3103 2266 3157 quo
2298 3096 2484 3141 sancte
2530 3088 2876 3154 polliceretur
2899 3125 2915 3151 ,
2950 3100 3232 3154 nunquam
3264 3102 3322 3141 se
3369 3101 3494 3141 cum
3542 3084 3735 3140 Turcis

2155 3197 2335 3244 parem
2373 3181 2668 3241 facturum,
2710 3178 2763 3232 ni
2815 3178 2968 3247 prius
3015 3179 3309 3247 recepisset
3349 3177 3568 3242 omnia,
3616 3194 3738 3247 quae

2148 3273 2286 3341 juris
2323 3272 2613 3341 aliquando
2643 3271 2845 3325 Persici
2881 3270 3134 3324 fuissent.
3173 3269 3295 3325 lltec
3331 3274 3546 3327 tametsi
3583 3284 3732 3340 gesta

2153 3366 2303 3418 fuere
2336 3374 2457 3434 post
2502 3365 2804 3418 discessum
2838 3378 2871 3417 e
2906 3362 3137 3417 Turcica
3170 3375 3459 3429 nostrum,
3510 3380 3608 3418 nec
3660 3364 3732 3417 ita

2152 3465 2428 3523 comperta
2461 3456 2675 3519 damus,
2707 3454 2783 3506 uti
2832 3468 2953 3522 quae
2997 3467 3161 3521 supra
3209 3453 3275 3506 de
3309 3453 3468 3508 rebus
3505 3453 3737 3509 Persicis

2153 3563 2216 3597 ex
2253 3544 2542 3598 intertrallo
2585 3543 2823 3610 propiori
2857 3545 3143 3595 observata
3194 3544 3617 3612 descripsimus:
3658 3556 3737 3595 tzt-

2155 3653 2278 3691 nn-n
2314 3638 2379 3689 ab
2416 3637 2482 3688 iis
2526 3649 2747 3702 accepta
2793 3634 3078 3688 referimus
3112 3636 3180 3688 de
3227 3652 3456 3702 quinum
3492 3635 3594 3688 fide
3629 3651 3736 3689 non

2153 3730 2488 3781 dubitamus:
2519 3726 2739 3793 sequius
2764 3725 2925 3778 acilii
2956 3727 3170 3790 solent,
3203 3729 3296 3793 qui
3356 3743 3534 3780 terunt
3590 3727 3738 3795 ipsa-

2154 3835 2296 3881 rum,
2326 3835 2464 3888 quas
2499 3819 2882 3885 scripturiunt,
2924 3817 3086 3871 rudes
3118 3827 3170 3869 et
3224 3819 3420 3886 ignari,
3477 3821 3737 3876 ridis-uias

2157 3912 2310 3965 nobis
2344 3911 2572 3979 (utinam
2594 3910 2712 3962 sine
2742 3906 2934 3962 fraude
2968 3910 3316 3979 perieilovpie
3349 3912 3611 3980 veritatis)
3639 3929 3738 3965 nu-

2152 4020 2247 4073 gas
2303 4004 2622 4056 obtrutlunt.

2233 4097 2344 4150 Har:
2374 4096 2540 4147 etiam
2568 4102 2757 4147 testate
2791 4094 2988 4146 bellum
3040 4091 3305 4147 advrsus
3353 4091 3649 4147 Maronitas
3685 4105 3739 4149 rt

2157 4188 2366 4245 Turcos
2398 4197 2609 4256 gestum
2648 4186 2766 4241 fuit.
2821 4186 3133 4240 lubabitant
3169 4186 3222 4239 bi
3264 4188 3448 4255 populi
3497 4201 3736 4243 montem

2158 4283 2448 4342 Libanum,
2480 4281 2574 4350 qui
2607 4280 2751 4334 haud
2803 4279 2990 4348 procul
3040 4278 3267 4333 dissitns
3296 4279 3366 4333 ab
3400 4283 3530 4333 urle
3565 4281 3738 4350 Syria)

2161 4364 2445 4427 l’btnniccs
2475 4373 2681 4441 ‘l‘ripoli
2732 4370 3072 4440 (Tarabolos
3104 4386 3166 4424 ca
3201 4370 3394 4425 Turcis
3427 4385 3509 4426 est
3538 4372 3581 4442 ),
3628 4390 3736 4425 non

478 4476 657 4539 n.arii,
700 4475 869 4528 variis
918 4486 1044 4527 cum
1100 4471 1439 4525 istrumentis
1489 4470 1713 4524 musicis
1765 4469 1817 4521 in
1869 4476 2049 4520 castra
2088 4486 2126 4535 ῃ
2157 4468 2413 4535 exiguum
2466 4466 2531 4518 ad
2566 4468 2799 4534 spatium
2835 4478 2895 4518 se
2931 4467 3177 4533 porrigit.
3209 4463 3539 4532 Religi..ttettt
3574 4464 3737 4519 Chr.-

474 4564 779 4618 Tureortttn
807 4573 1034 4619 exeunt:
1068 4562 1292 4617 Osntani
1332 4578 1392 4618 se
1424 4564 1617 4623 bassmt,
1646 4559 1852 4614 salvam
1888 4558 2049 4610 libet--

475 4668 640 4711 tatem
675 4658 1159 4725 intmunitatesque
1197 4670 1327 4709 suas
1354 4660 1519 4723 pacti,
1551 4654 1777 4717 dedunt,
1813 4666 2050 4717 eumque

479 4757 641 4801 not-tu
666 4763 790 4799 cum
826 4748 941 4800 suis
970 4749 1023 4799 iu
1056 4748 1265 4801 urbem.
1297 4744 1635 4813 cmtoroquin
1676 4753 1915 4810 :‘prl'latlt
1946 4756 2048 4792 nar:

479 4841 601 4892 ullis
627 4838 871 4893 clausam
905 4837 1095 4902 muris,
1120 4837 1418 4891 deducunt.
1451 4839 1544 4889 εει
1566 4837 1617 4887 in
1652 4837 1784 4888 urbe
1811 4834 2050 4885 saraium

477 4931 638 5001 longe
664 4930 1062 4997 amplissimum
1092 4969 1109 4994 ,
1144 4932 1314 4983 altera
1343 4930 1665 4983 seat-horum
1702 4924 2044 4979 Persicorum

476 5026 661 5096 regia;
695 5038 820 5077 eum
852 5022 1079 5076 interior
1102 5022 1166 5074 ad
1198 5021 1515 5075 Casminum
1552 5022 1625 5072 sit
1646 5058 1661 5079 ,
1695 5018 2051 5085 quemadmo-

477 5122 607 5175 dum
645 5120 935 5189 aliquoties
987 5120 1112 5172 alibi
1158 5120 1418 5171 diximus.
1478 5119 1589 5171 Hoc
1640 5116 1879 5170 saraium
1923 5129 2051 5183 pro-

478 5214 801 5285 pugnaculis
823 5215 1107 5273 Usmanes,
1137 5212 1278 5263 intra
1307 5210 1449 5261 diem
1494 5209 1855 5266 tricesimum,
1901 5220 2053 5273 egre-

478 5308 562 5377 gie
587 5307 784 5364 munit;
820 5302 930 5355 arci
966 5302 1231 5355 absoluta!
1267 5300 1412 5351 mille
1441 5297 1816 5365 spachiornm,
1852 5297 2052 5347 duum-

478 5415 586 5469 que
617 5398 844 5451 tnillintn
897 5396 1316 5462 genizarorum,
1383 5400 1579 5457 praeter
1627 5389 1766 5441 alios
1815 5387 2052 5447 milites,

480 5490 792 5562 praesidium
817 5487 1071 5556 imponit:
1096 5485 1470 5538 machinarum
1487 5481 1608 5534 deni
1630 5494 1717 5549 lue
1737 5478 2054 5533 bellicarum

480 5586 535 5639 in
570 5598 631 5638 ea
665 5596 922 5650 maguum
959 5594 1241 5631 numerum
1271 5615 1285 5636 .
1330 5590 1453 5627 cum
1488 5574 1607 5628 aliis
1654 5574 1816 5625 rebus
1871 5585 2060 5622 neers-

483 5680 662 5741 sat-iis,
713 5679 988 5745 relinquit.
1048 5670 1175 5727 lude
1228 5670 1481 5725 Tebrisio
1540 5666 1726 5734 cupias
1773 5662 2056 5718 universas

484 5769 740 5832 abducit,
776 5784 837 5822 ac
867 5770 921 5820 in
954 5766 1145 5820 ititte.e
1173 5761 1502 5831 dysenteria,
1539 5758 1730 5828 quinto
1769 5762 1889 5824 post
1923 5751 2009 5805 diu
2035 5790 2051 5816 ,

2156 4560 2385 4607 stianam
2420 4556 2763 4623 profitentur,
2798 4569 2861 4607 ac
2895 4552 3103 4605 Maroni
3136 4553 3180 4605 is
3226 4555 3388 4606 etiam
3427 4554 3735 4623 patriarcha

2154 4665 2433 4702 raerot'um
2486 4648 2737 4715 princeps
2787 4655 2893 4701 est.
2944 4647 2993 4701 Is
3045 4646 3253 4700 habitat
3302 4648 3354 4700 in
3404 4650 3737 4700 monasterio

2157 4740 2394 4806 Virginis
2423 4741 2677 4808 Deiparm.
2700 4741 2842 4807 quod
2875 4741 3068 4792 itinere
3101 4741 3220 4791 med
3247 4756 3280 4792 o
3317 4752 3552 4792 Ittttlllt'lll
3580 4741 3737 4796 Liba-

2156 4850 2284 4887 num
2346 4833 2769 4887 ascendentibus
2809 4834 3068 4885 occurrit.
3117 4832 3322 4885 Habent
3377 4843 3433 4886 et
3479 4835 3739 4914 Hieroso-

2155 4929 2314 4997 lymis
2351 4928 2628 4981 Maronitae
2662 4929 2922 4996 templum
2972 4925 3031 4980 S.
3073 4924 3289 4995 Georgii
3326 4927 3601 4996 utarytris,
3646 4927 3738 4981 ttbi

2159 5024 2314 5088 vulgo
2363 5030 2627 5073 vocantur
2668 5019 2963 5073 Christiani
2993 5018 3179 5083 cincti,
3205 5019 3320 5072 sive
3363 5019 3591 5079 zonaril,
3617 5034 3742 5085 pto-

2158 5122 2275 5175 pter
2331 5112 2519 5177 longas
2566 5112 2810 5179 latasque
2861 5126 3028 5164 zonas
3054 5105 3171 5165 sive
3223 5107 3479 5174 cingula,
3538 5111 3739 5178 quibus

2162 5208 2408 5252 utuntur.
2445 5203 2732 5270 Aytltonus
2766 5200 2967 5255 alicubi
3007 5199 3317 5254 Maroninos
3347 5199 3528 5263 dixit,
3563 5210 3619 5251 et
3652 5199 3739 5254 bis

2160 5292 2335 5344 verbis
2361 5308 2552 5347 eorum
2583 5294 2852 5347 meminit.
2888 5292 3027 5346 Sunt
3056 5291 3110 5345 in
3146 5302 3327 5346 monte
3350 5292 3557 5346 Libano
3579 5291 3743 5347 Chri-

2158 5384 2322 5436 δείδιιί
2373 5385 2629 5451 degentes
2676 5399 2844 5452 prope
2891 5382 3184 5451 Tripolim,
3224 5382 3494 5450 sagittarii
3529 5383 3737 5450 pedites

2160 5476 2314 5529 valde
2348 5478 2491 5541 boni,
2538 5477 2683 5531 eirea
2716 5476 2890 5531 ιουυο
2924 5480 3187 5529 virorum.
3219 5473 3283 5526 lli
3316 5474 3592 5526 multuties
3620 5472 3735 5527 fue—

2161 5577 2289 5621 runt
2321 5569 2545 5621 soldano
2579 5570 2828 5630 rebelles,
2863 5576 2917 5622 et
2945 5568 3142 5620 danma
3181 5566 3414 5633 plurima
3448 5564 3737 5620 Saracenis

2163 5659 2486 5713 intulerunt.
2548 5658 2821 5714 llactettus
2869 5659 3172 5729 Aytltonus.
3234 5656 3514 5709 Mironitis
3573 5656 3736 5710 vicini

2163 5754 2519 5823 {az-feralique
2550 5752 2895 5813 suntTrusci,
2928 5752 3020 5817 qui
3058 5765 3116 5804 se
3146 5750 3468 5816 profitentur
3500 5764 3622 5802 (τεςυ
3652 5764 3739 5802 re-
