4204 6300
523 372 624 438 711

1729 369 2055 430 IOANNIS
2110 368 2580 430 LPIUXCLAVH

3670 368 3775 430 ἨΞ

525 493 720 560 liqnias
755 493 971 546 illorum
1025 491 1444 547 occidentalium
1469 491 1923 552 Clu-istianorum,
1967 503 2100 557 quius
2136 499 2174 550 Λ
2208 487 2510 552 proximum
2547 489 2596 540 in
2630 498 2881 555 stagnum
2935 488 3184 540 demisit:
3224 488 3312 539 ubi
3365 498 3522 539 noctu
3581 498 3776 553 Sitt‘pl-

521 583 1099 652 iii-peratoriisllenrici
1120 583 1183 634 IV
1202 597 1460 653 tempore,
1482 587 1584 637 sub
1617 582 1991 637 aunnmChris
2019 581 2097 634 ia-

520 693 648 731 num
716 679 870 739 1099,
910 680 1015 731 (lux
1072 678 1435 731 liullioncusis
1461 678 1623 748 385
1669 676 1987 730 Colclridns
2045 678 2097 729 iu

519 777 720 820 terram
753 778 994 822 sanctam
1027 769 1265 829 duxerit,
1287 780 1590 836 etquoruut
1642 785 1771 823 usus
1793 785 1952 836 Opera
1981 777 2088 821 tam

521 861 932 931 Hierosolymis,
954 878 1114 929 quam
1142 864 1346 930 reliqua
1366 861 1668 926 Palaestina,
1692 866 1889 929 potitus
1915 861 2096 913 fuerit.

517 956 661 1005 Ceus
701 967 930 1022 utraque
966 967 1073 1006 tam
1121 967 1200 1008 est
1236 969 1547 1021 nume-rosa,
1604 966 1712 1009 tam
1768 954 1845 1006 rei
1895 954 2096 1006 bellica:

515 1049 729 1101 aldicta
776 1050 995 1109 studiis,
1050 1058 1109 1101 ut
1144 1048 1424 1102 hominum
1469 1049 1579 1120 jam
1622 1049 1688 1102 ad
1731 1047 1904 1102 60000
1938 1048 2096 1100 facile

517 1139 726 1202 possint
758 1139 811 1190 in
843 1139 1054 1194 hostem
1087 1142 1343 1202 educere,
1376 1143 1466 1209 qui
1510 1143 1702 1208 majori
1735 1159 1798 1195 ex
1833 1153 1984 1210 parte
2011 1157 2100 1208 pe-

517 1232 768 1284 l'ilissillll
802 1234 1114 1300 se|0petarii
1145 1245 1291 1289 sunt.
1347 1234 1456 1291 Hos
1504 1237 1733 1304 p0pulos
1789 1254 1930 1288 anno
1983 1235 2098 1287 Ma-

515 1328 810 1375 Ituuietano
876 1323 969 1374 981
1029 1325 1179 1394 (Chr.
1241 1327 1401 1399 l5“)
1454 1329 1703 1382 sultanus
1763 1326 1992 1381 Selimes
2047 1325 2088 1379 ll

512 1422 615 1472 sui)
639 1416 834 1492 jugum
866 1418 1098 1482 mittere,
1126 1419 1219 1474 sed
1256 1420 1477 1482 frustra,
1503 1428 1734 1474 conatus
1762 1417 1958 1473 luerat.
1995 1420 2095 1472 Ita-

512 1533 624 1582 que
658 1513 851 1567 Turcis
895 1526 957 1564 ex
1013 1511 1106 1564 illo
1159 1521 1401 1578 tempore
1440 1509 1680 1564 libertati
1733 1524 1798 1565 ac
1858 1509 2094 1564 fortunis

507 1621 697 1658 eorum
749 1601 1160 1663 insidiantibus,
1205 1615 1351 1652 nunc
1399 1603 1611 1653 tandem
1639 1599 1924 1653 undecimo
1973 1610 2093 1668 post

509 1709 654 1746 anno
683 1693 871 1746 domiti
911 1691 1128 1744 luerunt
1155 1690 1224 1743 ab
1273 1688 1543 1742 lbrahime
1593 1687 1776 1751 bassa,
1809 1687 1951 1742 Cairi
2009 1689 2087 1742 vel

508 1786 725 1857 ΑΞωωί
763 1784 1124 1855 heglerhego:
1161 1784 1252 1850 qui
1284 1783 1351 1834 de
1375 1781 1563 1849 spoliis
1595 1780 1851 1833 thronum
1886 1781 2090 1848 regium

2205 587 2290 630 tus
2323 579 2515 644 ingens
2559 580 2911 649 pugnantium
2971 580 3110 634 inter
3156 595 3216 634 se
3250 581 3526 632 tolucruzu
3581 580 3631 630 in
3668 591 3772 631 tota

2204 671 2423 733 vicinia,
2481 687 2646 742 seque
2703 672 2904 726 mutuis
2962 671 3370 727 conﬁcientiqu
3437 671 3772 733 vulneribus,

2201 767 2418 818 auditus
2448 763 2564 818 luit.
2599 763 2810 830 Egressi
2845 764 3110 831 postridie
3158 765 3372 829 milites,
3407 765 3577 831 cives,
3632 765 3776 832 agri-

2202 857 2355 919 «σοιηξ,
2397 868 2599 910 tantam
2635 870 2685 912 et
2723 866 2946 910 anatum
3004 866 3058 911 ct
3105 872 3361 911 anserum
3420 857 3654 925 copiam,
3706 859 3770 909 ad

2208 951 2434 1011 lumum,
2470 948 2534 1001 ad
2569 965 2751 1002 acrem
2788 947 3238 1002 exsiccantlorum
3272 957 3687 1017 congesserunt,
3715 959 3772 1000 ut

2200 1039 2290 1090 diu
2337 1049 2444 1090 tam
2495 1040 2674 1107 opima
2716 1039 2826 1092 sint
2877 1039 3167 1092 victitaluri
3230 1043 3516 1092 couniiode
3571 1043 3768 1109 praeda.

2198 1127 2332 1180 Nam
2363 1127 2454 1180 alii
2524 1129 2644 1191 100,
2705 1129 2794 1182 alii
2857 1130 2985 1192 200,
3037 1131 3221 1199 plures
3275 1132 3365 1182 alii
3424 1131 3772 1198 paucioresve

2200 1222 2537 1290 collegerunt
2563 1231 2823 1275 mactatas
2846 1224 2913 1275 ah
2939 1238 2996 1276 se
3045 1222 3278 1277 invicem
3308 1212 3579 1277 volucres.
3629 1225 3770 1277 'l'an-

2199 1314 2319 1366 dem
2349 1329 2376 1363 e
2408 1322 2561 1380 prato
2582 1313 2816 1383 quodam
2866 1315 3264 1384 spatiosissimo
3297 1316 3528 1371 sublatis
3581 1333 3772 1388 super-

2199 1411 2353 1459 stites
2377 1405 2498 1467 alis.
2531 1407 2834 1462 avolarunt.
2868 1422 2879 1433 °

2271 1497 2387 1550 Sub
2420 1499 2578 1552 liuent
2607 1504 2760 1562 anni,
2791 1501 3070 1554 Decembri
3129 1517 3335 1565 inense,
3389 1503 3662 1557 Croat'uis
3713 1506 3768 1558 in

2200 1591 2398 1644 linibus
2439 1592 2648 1660 aliquot
2689 1593 2854 1647 millia
2898 1594 3204 1649 Turcorum
3255 1612 3281 1650 a
3317 1598 3520 1650 nostris
3577 1613 3763 1650 nume-

2201 1695 2259 1733 ro
2294 1681 2448 1749 longe
2490 1683 2791 1752 imparibus
2824 1683 2973 1739 luere
3021 1703 3182 1740 rasa.
3234 1689 3403 1740 Periit
3434 1688 3576 1742 inter
3629 1689 3767 1742 alios

2198 1773 2373 1827 hassa:
2399 1773 2697 1831 Bozuensis
2750 1775 2949 1831 frater:
3001 1780 3154 1849 cujus
3208 1791 3369 1849 caput
3400 1799 3428 1832 a
3462 1781 3769 1835 cervicibus

507 1895 570 1934 ex
598 1895 731 1933 auro
779 1892 915 1946 puro
947 1886 1078 1945 puto
1109 1873 1639 1942 Constantinopolim
1682 1872 1898 1927 misisse
1920 1873 2089 1927 sulta-

2194 1869 2450 1928 recisum,
2483 1868 2818 1939 missumque
2842 1885 2966 1924 cum
3009 1871 3234 1939 captivis
3282 1872 3606 1939 quihusdam
3664 1871 3767 1926 fuit

509 1988 580 2025 no
608 1972 801 2026 Murali
831 1970 1054 2034 dicitur,
1077 1968 1401 2020 :estimatuut
1426 1970 1602 2020 sexies
1624 1964 1871 2018 centenis
1897 1979 2088 2018 aureo-

510 2081 628 2117 rum
674 2065 931 2117 millibus.
979 2059 1123 2113 idem
1165 2061 1428 2123 saltatim,
1483 2059 1638 2126 cujus
1678 2056 1841 2111 ﬁliam
1879 2057 2085 2113 dudqu

508 2159 697 2220 antiit,
718 2165 769 2208 et
795 2156 936 2208 haud
955 2153 1118 2206 dubie
1141 2153 1406 2206 ducturus
1430 2158 1541 2204 tum
1569 2149 1911 2212 credebatur,
1929 2149 2085 2204 aliis‘

507 2263 610 2313 quc
648 2247 811 2299 saraii
845 2245 1182 2299 mulierculis
1209 2241 1426 2296 misisse
1462 2254 1688 2293 munera
1725 2240 1916 2306 lertur,
1945 2254 2084 2308 quo-

510 2357 626 2394 rnm
647 2341 874 2408 pretium
899 2337 1130 2389 ducenta
1154 2334 1320 2387 millia
1345 2332 1743 2387 sultaninorum
1764 2334 2081 2401 aquaverit.

579 2436 736 2485 Anno
759 2431 862 2484 993
891 2430 1041 2495 (Chr.
1073 2425 1256 2495 1580),
1284 2425 1466 2481 Persis
1481 2440 1661 2482 arcem
1683 2425 2081 2488 Tebrisianam,

506 2526 577 2579 ab
611 2524 847 2585 Osniane
893 2524 1052 2576 bassa
1087 2521 1359 2589 superiori
1417 2527 1606 2574 aestate
1638 2519 1926 2582 munitam,
1982 2516 2082 2571 ob-

504 2616 834 2678 sidentibus,
893 2629 1022 2668 cum
1086 2611 1297 2667 obsessi
1362 2610 1752 2678 propemodum
1798 2609 1866 2664 ad
1896 2619 2079 2664 extre-

505 2724 649 2759 mam
729 2721 910 2758 rerum
970 2702 1214 2755 οῑιιιιίυηὶ
1276 2701 1555 2769 penuriam
1618 2699 1820 2753 redacti
1875 2709 2076 2764 essent,

503 2797 764 2852 Ferltates
799 2798 982 2858 bassa,
1030 2794 1197 2848 veluti
1252 2792 1459 2861 peritus
1492 2793 1849 2857 architectus,
1900 2793 2079 2845 muni-

504 2887 704 2937 titittcttt
741 2898 933 2937 novam
960 2897 990 2935 e
1023 2882 1242 2949 regione
1273 2878 1505 2934 Tebrisii
1553 2891 1767 2935 struere
1819 2882 2075 2936 inStituit.

501 2976 804 3045 Cigaloglis
859 2987 1039 3027 autem
1098 2973 1257 3027 bassa
1314 2973 1658 3036 Casminunt,
1717 2988 1836 3041 qua:
1889 2972 2078 3027 νει-εει-

501 3085 620 3122 rum
670 3069 791 3136 (ceu
839 3066 1100 3131 diximus)
1136 3065 1365 3117 interior
1410 3075 1491 3118 est
1546 3067 1714 3132 regia,
1777 3065 2072 3130 petiturum

501 3177 561 3211 se
595 3174 716 3210 cum
744 3156 987 3209 exercitu
1013 3154 1254 3208 simulat.
1287 3153 1418 3205 Dum
1471 3153 1571 3205 hoc
1595 3155 1716 3219 ejus
1743 3152 1842 3204 iter
1900 3154 2065 3219 impe-

499 3253 666 3303 dituri
700 3250 898 3309 Persae,
943 3246 1198 3301 maximis
1229 3261 1352 3298 eum
1383 3245 1557 3314 copiis
1584 3244 1860 3309 advolant,
1905 3245 2074 3298 simu-

501 3347 708 3400 latione
740 3359 932 3412 pugnae
959 3355 1282 3394 succursum
1339 3337 1596 3400 obsessis,
1625 3352 1810 3406 eaeque
1837 3353 1923 3389 res
1955 3352 2075 3389 om-

502 3455 598 3490 nes
647 3437 700 3486 in
756 3448 959 3494 ειτιϊιιι,
1029 3449 1149 3484 t'unt
1182 3447 1324 3483 novo
1386 3431 1762 3496 supplemento
1816 3428 2074 3494 militum,

501 3532 729 3582 iuvet-tre
759 3526 1000 3586 luerunt,
1031 3540 1262 3593 quarum
1291 3525 1469 3588 inopia
1498 3522 1867 3573 laborabatur.

576 3622 774 3674 Eodem
826 3633 967 3670 anno
1019 3633 1248 3684 magnus
1312 3615 1717 3667 illeChitainus
1775 3615 1939 3677 Clian,
1983 3613 2076 3681 qui

507 3713 606 3768 lltu
663 3715 885 3765 chanct
936 3709 1125 3763 Kezies
1180 3712 1337 3761 hassa
1400 3706 1619 3765 dicitur,
1679 3708 2078 3773 Persarumque

504 3808 753 3863 it-aclms,
774 3820 931 3870 quem
956 3800 1186 3853 Kiselein
1219 3803 1431 3850 hassatn
1463 3808 1677 3860 vocant,
1733 3811 1932 3849 timum
1990 3797 2076 3848 in-

506 3909 586 3950 ter
621 3914 677 3949 se
704 3896 882 3948 l'wdus
911 3895 1185 3963 pepigere,
1214 3909 1325 3960 quo
1367 3890 1570 3940 mutuis
1603 3905 1660 3940 se
1690 3887 1948 3940 subsidiis
1982 3887 2077 3940 ad-

505 4007 696 4042 wt'sus
727 3988 1053 4042 Usutauidas
1090 3986 1324 4037 llgrcndis
1379 3983 1710 4049 oblio'arnut.
1769 3979 1898 4032 Nam
1934 3981 2076 4049 quod

503 4082 658 4134 Tata.
680 4099 760 4144 .ts,
792 4095 1053 4149 oppreSso
1085 4077 1271 4136 Persa,
1310 4076 1615 4143 pi'osituttttt
1652 4088 1710 4125 se
1737 4070 1850 4125 fore
1885 4083 2077 4140 poteti—

505 4189 592 4225 tia:
626 4170 871 4223 Turcica:
905 4169 1131 4230 videret,
1165 4168 1248 4218 cui
1285 4165 1578 4233 plurimum
1617 4179 1677 4216 ex
1738 4165 1890 4214 ruina
1943 4164 2076 4216 tanti

505 4266 647 4333 regis
679 4267 873 4318 virium
907 4271 1051 4317 αδδιδι
1083 4275 1432 4314 necessurnm
1454 4298 1466 4318 ,
1514 4273 1675 4325 quam
1720 4255 1834 4308 lieri
1867 4265 2076 4309 matur—

1012 4355 1225 4407 obviam
1309 4353 1541 4404 cumlnm
1607 4352 1872 4404 crescenti
1935 4351 2077 4404 malo

1138 4444 1362 4510 majoris
1432 4444 1595 4495 etiam
1675 4442 2077 4511 conjunctionis

504 4363 640 4413 time
711 4369 916 4428 posset,

499 4451 778 4505 censebat.
861 4448 1049 4515 Itaque

2100 3199 2142 3256 C

2193 1954 2454 2010 Viennam
2497 1959 2564 2012 ad
2616 1960 3026 2016 serenissimum
3057 1963 3288 2017 Austria»
3319 1964 3619 2033 principem
3672 1963 3768 2016 Er-

2190 2059 2423 2103 nestum.
2482 2049 2581 2105 ilic
2648 2054 2806 2108 hassa
2864 2055 3162 2111 Boznensis
3198 2096 3214 2122 ,
3273 2067 3327 2111 et
3386 2055 3552 2110 frater
3615 2056 3759 2124 ejus.

2186 2155 2348 2209 quem
2375 2156 2576 2196 caesum
2611 2146 2713 2199 hoc
2738 2145 2991 2202 conﬂictu
3028 2147 3289 2212 diximus,
3324 2149 3436 2202 uati
3471 2148 3763 2217 perhiben-

2186 2242 2274 2286 tur
2298 2248 2359 2286 ex
2402 2233 2606 2289 familia
2637 2237 2988 2294 Mechemetis
3025 2243 3201 2296 nassa:
3228 2242 3600 2304 vezirazemis,
3631 2258 3756 2297 cum

2183 2340 2292 2395 quo
2327 2338 2546 2395 nuptam
2576 2328 2747 2387 fuisse
2775 2332 2975 2388 sultani
3031 2332 3252 2390 Selimis
3282 2335 3325 2390 ll
3359 2335 3545 2393 ﬁliam.
3579 2335 3758 2391 Mura-

2191 2415 2259 2469 tis
2285 2432 2545 2483 sororem,
2575 2424 2826 2490 superius
2853 2424 3208 2480 ostendimus.

2254 2506 2412 2562 Auno
2465 2515 2714 2580 sequenti
2774 2514 3046 2582 proximo,
3099 2517 3361 2570 nimirum
3423 2517 3760 2574 Mahumeta-

2182 2615 2252 2653 no
2281 2600 2385 2656 99-5
2419 2600 2572 2671 (Chr.
2609 2605 2792 2675 l587),
2820 2621 3010 2662 mense
3036 2606 3357 2672 Februario,
3384 2613 3554 2665 nostri
3581 2611 3755 2680 Cupa-

2181 2708 2334 2756 num,
2371 2709 2549 2747 arcem
2585 2713 2689 2748 non
2728 2698 2917 2766 procul
2951 2700 3110 2752 sitam
3151 2701 3269 2754 lacu
3322 2700 3600 2766 Balatotle,
3635 2714 3748 2754 tum

2183 2787 2448 2854 temporis
2482 2789 2787 2856 congelato,
2814 2806 2921 2860 quo
2947 2801 3055 2845 tres
3081 2790 3380 2846 Tui-corum
3412 2794 3527 2864 begi
3552 2809 3757 2848 come-

2186 2887 2400 2938 nerant,
2428 2895 2492 2930 ex
2525 2880 2800 2948 inopinato
2826 2884 3026 2948 adorti,
3052 2897 3335 2952 ceperunt.
3361 2886 3528 2939 Erant
3554 2887 3604 2940 iu
3627 2902 3753 2942 arce

2187 2983 2309 3020 cum
2353 2971 2521 3021 nostri
2559 2986 2677 3023 eam
2728 2972 3060 3037 invaderent,
3097 2975 3244 3027 mille
3297 2973 3601 3031 Turcorum
3633 2977 3752 3046 plus

2181 3061 2426 3112 minusve
2456 3063 2657 3130 capita.
2685 3063 2758 3116 Et.
2793 3064 2876 3116 his
2899 3077 3090 3131 pra'tcr
3115 3066 3245 3118 alios
3272 3068 3476 3121 νάιοι-ιδ
3497 3068 3745 3131 fortuna),

2179 3152 2280 3207 190
2339 3155 2665 3218 nobiliores,
2726 3171 2850 3209 cum
2901 3159 2970 3211 70
3031 3157 3266 3220 fetutinis,
3321 3162 3374 3212 iu
3431 3172 3749 3229 potestatem

2181 3254 2493 3298 nostrorum
2545 3257 2846 3301 venerunt:
2909 3248 3136 3316 reliquis
3187 3260 3281 3302 aut
3341 3251 3464 3319 luga
3504 3251 3750 3321 dilapsis,

2179 3348 2272 3391 aut
2305 3339 2406 3391 sub
2441 3349 2583 3392 terra
2609 3350 2780 3392 semet
2808 3338 2950 3393 intra
2985 3354 3182 3409 specus
3239 3342 3584 3397 abdeutibus.
3614 3345 3749 3412 Equi

2179 3437 2551 3498 generosiores
2606 3431 2823 3486 adducti
2891 3443 3137 3496 centum,
3237 3435 3414 3503 paeda
3472 3437 3542 3490 ιο
3587 3452 3748 3490 ηιιιιι-

2179 3538 2325 3576 mum
2401 3539 2691 3578 aureorum
2767 3526 3014 3580 millibus
3096 3529 3387 3584 aestimata.
3445 3529 3519 3584 De
3576 3530 3749 3584 tribus

2179 3615 2347 3685 begis,
2425 3632 2563 3686 quos
2629 3619 2680 3671 id
2737 3620 2995 3686 temporis
3057 3619 3167 3673 illic
3245 3619 3415 3675 luisse
3485 3624 3745 3687 diximus,

2177 3711 2468 3778 sai-giacus
2545 3709 2905 3782 Copanensis,
2982 3712 3118 3767 Cara
3195 3717 3310 3770 sive
3391 3716 3555 3785 Niger
3634 3718 3750 3770 Alis

2179 3813 2368 3865 captus
2422 3802 2543 3864 luit,
2598 3816 2652 3858 et
2717 3803 2972 3859 Viennam
3055 3810 3223 3873 prius,
3314 3809 3438 3862 inde
3520 3809 3747 3878 Pragam

2180 3894 2243 3946 ad
2275 3892 2617 3964 lltnlolphnm
2666 3898 2971 3966 Angustum
3030 3899 3269 3954 missus:
3322 3901 3458 3954 alter
3513 3901 3751 3956 saliet-a-

2181 3998 2268 4042 tus
2299 3990 2496 4044 inloco
2525 3993 2878 4046 subterraneo
2923 4005 3330 4055 concamerata.
3398 4010 3507 4065 quo
3545 4011 3604 4051 se
3652 3997 3749 4049 de-

2180 4080 2451 4144 fendebat,
2496 4083 2619 4152 igne
2676 4084 2724 4137 vi
2787 4087 3125 4139 tormentarii
3187 4087 3423 4156 pulveris
3477 4103 3748 4157 accenso;

2183 4179 2374 4227 tertios
2431 4173 2572 4244 fugae
2629 4185 2742 4229 tutu
2809 4176 3068 4230 beneficio
3116 4190 3401 4235 servatus:
3465 4179 3559 4248 qui
3625 4198 3744 4237 cum

2177 4265 2436 4333 deinceps
2465 4269 2709 4335 Augusto
2737 4281 2942 4330 menso,
2987 4269 3444 4337 quemadmodum)
3478 4287 3600 4326 mox
3660 4275 3750 4329 itt-

2180 4353 2408 4407 dicaturi
2442 4369 2651 4418 smnus,
2676 4372 2797 4409 cum
2824 4356 2948 4409 aliis
3006 4357 3142 4411 lines
3194 4368 3412 4414 nostros
3468 4361 3750 4431 ingressus

2179 4454 2341 4508 csscl,
2402 4460 2564 4514 quam
2623 4448 2725 4500 hoc
2779 4448 2831 4500 in
2897 4450 3017 4502 iOl‘O
3063 4449 3432 4515 captivitatem
3495 4454 3748 4522 lugieudo

499 4560 662 4597 causa
740 4551 1076 4594 contractum
1147 4543 1241 4590 luit
1312 4536 1449 4587 inter
1527 4536 1728 4586 libi-ros
1799 4534 2081 4601 utriusque
2115 4537 2498 4612 Ddecliuarat,
2528 4539 2650 4592 istic
2683 4540 2734 4591 in
2769 4552 3086 4607 potestatem
3140 4542 3284 4595 fatali
3335 4549 3570 4612 quodam
3618 4563 3743 4601 casu

1706 4625 1887 4678 seachi
1944 4623 2073 4676 Per—

1659 4716 1819 4767 etia.n
1904 4715 2075 4782 stipu-

1793 4808 2072 4860 hominum

501 4633 930 4694 matrimonium,
993 4628 1175 4682 'l'atari
1235 4628 1425 4678 chanis
1509 4625 1640 4684 lilia,

500 4725 598 4777 sici
684 4724 792 4776 lilio
878 4722 1070 4788 uUptui
1160 4721 1309 4772 data.
1388 4717 1558 4769 Simul

504 4819 645 4869 Litus
712 4827 796 4867 est
861 4814 1115 4876 'l‘atarus,
1175 4811 1240 4864 ad
1306 4824 1462 4862 usqu
1525 4808 1719 4868 ιὐτδω,

503 4928 560 4962 se
586 4909 762 4961 20000
800 4907 1016 4976 proprio
1069 4920 1177 4957 tere
1240 4915 1346 4954 tam
1412 4902 1502 4952 diu
1533 4910 1722 4952 contra
1756 4899 1966 4952 Turcos
2020 4901 2072 4951 in

503 5016 671 5052 armis
718 4998 1053 5059 habiturum,
1100 4997 1276 5047 donec
1299 4993 1438 5047 bello
1470 4990 1592 5043 linis
1637 5006 1700 5042 ex
1737 5001 1858 5043 voto
1893 4988 2074 5043 Persi-

503 5108 548 5143 (ξι
578 5092 719 5157 regis
751 5088 1034 5156 impositus
1065 5099 1228 5140 esset.

574 5183 738 5235 .lunio
767 5197 952 5233 mense
978 5179 1140 5246 hujus
1189 5176 1336 5240 anui,
1375 5187 1491 5230 orta
1542 5176 1789 5245 quaedam
1841 5175 2076 5228 obscura

504 5272 971 5340 Constantinopoli
1023 5272 1217 5325 nebula
1277 5270 1412 5323 luit:
1450 5285 1556 5337 qua
1587 5270 1874 5322 desinente
1934 5270 2078 5320 Iocu—

507 5369 606 5420 stis
642 5367 794 5435 pluit,
829 5381 948 5433 qua:
980 5365 1188 5418 fructus
1241 5379 1431 5417 omnes
1461 5372 1514 5415 et
1548 5363 1804 5414 arborum
1857 5363 2079 5413 absum-

505 5475 661 5529 psct'e
691 5458 837 5507 l'olia.
867 5455 1146 5507 Diversum
1182 5457 1311 5521 quid
1344 5457 1486 5521 apud
1547 5467 1646 5505 nos
1703 5453 1898 5504 accidit
1934 5464 2080 5504 anno

505 5549 748 5617 sequenti
781 5547 936 5608 1587,
972 5547 1248 5600 Decembri
1304 5557 1508 5607 mense,
1542 5558 1664 5596 cum
1697 5541 1974 5595 Croatinis
2025 5543 2079 5594 in

507 5641 726 5701 limbus,
764 5642 828 5691 :td
867 5639 1204 5699 Wthitzium,
1259 5637 1438 5689 liarnli
1493 5635 1800 5689 arcltiducis
1847 5636 2081 5688 Λυδὴ-ιω

505 5742 770 5794 castrum,
811 5729 967 5799 quasi
1029 5732 1200 5782 nubes
1237 5732 1483 5796 qua-dant
1547 5740 1766 5779 anatum
1824 5738 1875 5779 ct
1922 5745 2083 5781 ansc-

510 5838 654 5885 ruiu,
710 5824 909 5891 aliquot
966 5837 1098 5876 sane
1147 5821 1492 5890 myriaduni,
1555 5822 1847 5879 advolavit.
1915 5836 2080 5889 seque

2181 4633 2452 4696 redactus,
2483 4632 2717 4701 ellugcre
2742 4650 2849 4685 non
2884 4634 3074 4701 potuit.

2252 4727 2408 4776 Anno
2435 4723 2647 4787 eodem,
2691 4727 2894 4778 mensis
2918 4727 3149 4794 Augusti
3181 4728 3269 4783 die
3327 4737 3520 4785 octavo
3556 4732 3747 4800 (fastos

2182 4824 2386 4868 vi-teres
2435 4815 2638 4885 ngati
2705 4819 2984 4886 retinent),
3039 4829 3272 4885 quatuor
3311 4820 3444 4887 begi
3507 4821 3743 4888 Turrici,

2182 4907 2536 4961 Sasuaieusis
2575 4909 2689 4960 sive
2717 4908 3015 4977 Zigetauus
3065 4909 3244 4969 bassa,
3272 4913 3561 4979 sangiacus
3623 4913 3745 4966 Pet—

2179 5001 2430 5052 scheiius
2486 5004 2601 5054 sive
2659 4998 3252 5068 Quinquecclesieusis,
3317 5013 3373 5055 et
3439 5017 3614 5055 novus
3660 5005 3746 5058 ille

2179 5094 2380 5159 captivi
2417 5095 2535 5144 loco
2562 5092 2824 5144 suile-ctus
2855 5091 3216 5158 Copaneusis,
3247 5092 3490 5161 quinque
3521 5110 3745 5148 suorum

2180 5182 2421 5235 millibus
2452 5182 2694 5236 collectis
2733 5183 2875 5235 intra
2907 5184 3043 5235 lines
3105 5193 3342 5244 nostros,
3377 5198 3565 5239 versus
3586 5183 3746 5239 Νειιιο

2181 5273 2371 5342 pthim,
2422 5274 2762 5340 irruperunt:
2822 5287 2875 5328 et
2924 5273 3074 5343 pagis
3131 5275 3336 5342 aliquot
3375 5275 3453 5329 eis
3503 5285 3557 5329 et
3607 5277 3747 5330 ultra

2180 5363 2520 5433 Limpaenm,
2797 5382 2900 5418 una
2965 5382 3088 5418 cum
3141 5365 3417 5437 oppidulis
3470 5365 3748 5437 (Germani

2185 5469 2437 5518 mat-etas,
2467 5461 2707 5522 emporia
2742 5455 2848 5510 Cl'i
2869 5459 2917 5511 ci
2948 5459 3187 5527 vocant),
3232 5459 3491 5524 Moracio,
3542 5460 3748 5514 Dobre-

2184 5549 2334 5601 naris
2379 5550 2664 5611 ambobus,
2725 5548 3046 5614 llesueccio,
3101 5552 3374 5614 'l'aruoco,
3433 5561 3637 5620 septem
3686 5567 3750 5605 ac

2184 5642 2367 5695 decem
2401 5644 2454 5693 in
2479 5658 2688 5695 summa
2709 5646 2884 5711 pagis,
2906 5648 3182 5711 repentina
3212 5645 3566 5712 impressione
3583 5645 3752 5698 obru-

2187 5737 2274 5795 υς,
2305 5751 2366 5786 ac
2394 5734 2608 5787 miseris
2636 5737 2918 5805 utriusque
2951 5752 3114 5790 sexus
3144 5738 3336 5791 incolis
3395 5737 3587 5805 captis,
3633 5752 3751 5789 om-

2187 5826 2273 5879 nia
2325 5826 2627 5896 depopulati
2661 5829 3024 5895 diripuerunt.
3061 5829 3188 5898 litus
3242 5833 3318 5882 rei
3348 5827 3522 5883 lactus
3547 5828 3752 5882 certior
