4218 6308
522 346 626 412 ’113

1634 359 2004 421 SUI’l‘LEM.
2059 360 2333 423 ANNAL.
2374 363 2676 422 TUl’tClC.

3654 362 3764 428 7M

520 469 750 524 illustris
773 472 1241 540 praesidiariorum
1276 477 1442 529 castri
1494 475 1753 531 Canisaui
1824 479 2079 531 tribunus
2113 485 2153 537 Α
2185 477 2336 532 multi
2369 479 2684 545 gravissime
2716 477 2999 540 vulnerati,
3065 486 3182 547 post
3228 477 3596 549 exspirarunt.
3639 482 3759 536 Car.-

514 559 779 632 Georgius
808 579 989 618 comes
1054 565 1311 631 Zerinus,
1358 569 1574 623 comitis
1622 568 1849 633 Nicolai,
1880 570 2090 623 fortiter

512 655 576 707 ad
600 652 844 720 Zlgetnm
870 650 1088 720 murlui,
1123 660 1285 723 Illius,
1322 643 1518 727 quanta
1548 663 1828 717 celeritate
1852 664 2087 715 inaxima

511 755 705 811 ptncst,
725 761 755 800 e
780 749 1019 802 castellis
1037 751 1300 820 proximis
1325 753 1560 822 aliquam
1587 754 1817 809 militum
1843 771 2085 820 manum,

513 851 630 887 cum
659 837 775 892 suis
810 839 1040 893 sulnlitis
1087 856 1154 894 ex
1205 842 1378 896 insula
1413 842 1752 907 llurakcosa,
1778 860 1899 913 qua:
1946 845 2089 899 inter

514 925 721 980 Monam
744 939 799 984 et
837 929 1073 985 Dravum
1122 948 1311 987 amnes
1347 946 1430 989 est
1473 935 1575 990 sita
1625 936 1787 1007 cogit.
1822 936 2084 992 Praeterea

511 1033 764 1086 proceres
791 1021 893 1075 sibi
923 1024 1151 1085 vicinos,
1187 1026 1638 1094 rigilantissimns
1690 1028 2083 1081 Cisdattubiani

510 1110 703 1163 limitis
746 1115 1021 1176 custodes,
1048 1119 1302 1171 comitem
1350 1114 1700 1172 Frattcisrum
1733 1118 2082 1184 Nadasdium,

508 1196 880 1254 Ballhasarent
930 1201 1273 1259 Batltianium
1330 1206 1585 1261 baronem
1631 1209 2081 1279 Gussingenscm,

510 1287 746 1354 itemque
767 1290 1081 1358 pra-lectuli:
1101 1294 1457 1362 Copi-ciuitate
1474 1294 1734 1352 Joannem
1754 1298 2081 1353 Globitzinm

511 1388 562 1431 et
581 1378 846 1434 Joannem
867 1382 1200 1439 Fridericum
1226 1384 1889 1452 Trantmansdnrlianum,
1914 1388 2081 1443 Bandi

519 1467 766 1534 equitum
801 1471 1140 1538 pra-fectum,
1177 1490 1272 1542 per
1326 1488 1476 1542 suos,
1507 1487 1555 1530 et
1593 1492 1686 1545 per
1732 1479 2078 1547 explosarum

514 1561 893 1615 machinarum
924 1574 1174 1629 tesseras,
1204 1567 1417 1623 hostilis
1470 1570 1790 1637 irruptionis
1817 1573 2080 1625 certiores

511 1649 662 1713 facit,
696 1667 759 1705 ac
787 1669 915 1707 suas
943 1655 1016 1706 uti
1046 1656 1232 1725 copias
1262 1659 1381 1713 sine
1421 1676 1571 1712 mora
1602 1675 1786 1714 secum
1841 1662 2078 1729 conjun-

515 1748 664 1805 gant,
715 1740 978 1795 hortatur.
1037 1744 1115 1799 llli
1162 1761 1286 1800 mox
1347 1748 1462 1800 suis
1507 1749 1721 1813 excitis,
1780 1752 1845 1805 ad
1900 1752 2077 1808 locum

514 1828 851 1898 designatum
886 1835 939 1887 in
960 1845 1202 1904 tempore
1219 1841 1527 1893 cumulant.
1557 1840 1685 1894 lude
1700 1841 1823 1897 data
1852 1844 2079 1914 diligen-
2114 1830 2149 1881 Β

516 1927 599 1974 ter
625 1936 789 1992 opera
813 1920 1119 1978 Turcorum
1148 1928 1225 1979 uti
1252 1928 1486 1981 reditmu
1521 1929 1908 1998 anticiparent,
1955 1949 2079 1988 cos-

511 2029 617 2085 que
646 2016 766 2070 loco
790 2021 1023 2071 maxime
1048 2018 1267 2083 idoneo,
1316 2022 1575 2091 quasdam
1630 2023 1768 2077 inter
1797 2026 2079 2095 angustias

516 2105 796 2173 paludum,
830 2123 951 2178 qua:
981 2111 1329 2165 transeunda
1357 2113 1492 2182 ipsis
1526 2124 1705 2178 erant,
1737 2116 2077 2175 invaderent.

513 2193 767 2251 Feliciter
792 2200 992 2254 nostris
1018 2200 1122 2255 hoc
1140 2202 1428 2256 consilium
1447 2206 1631 2260 cessit.
1658 2204 1929 2261 Reversus
1953 2225 2077 2262 cum

512 2290 713 2353 praeda,
748 2306 1048 2363 tnaguoque
1087 2296 1450 2364 captivorum,
1498 2298 1743 2368 cujusvis
1799 2301 1976 2355 artatis
2026 2314 2080 2357 et

512 2398 695 2448 sexus,
777 2384 1205 2440 Christianorum
1280 2403 1509 2443 numero
1578 2389 1868 2458 Barbaros,
1916 2410 2076 2464 supra

511 2474 941 2542 Catzcrolacum,
964 2478 1030 2532 ad
1053 2493 1219 2531 unum
1245 2495 1275 2533 a
1300 2480 1497 2535 Canisa
1551 2483 1804 2547 milliare,
1845 2487 2078 2541 necdum

513 2566 786 2635 dissipatis
809 2570 1035 2624 omnino
1082 2571 1340 2636 tenebris,
1377 2573 1478 2627 sub
1533 2575 1767 2642 primunt
1804 2578 1912 2633 diei
1962 2593 2081 2635 cre-

514 2661 795 2727 pusculum
829 2659 1055 2714 viriliter
1084 2662 1428 2731 adoriuntur,
1489 2681 1707 2720 manum
1759 2682 2074 2735 conserunt,

514 2752 759 2804 animose
775 2752 1010 2817 ctedunt,
1034 2756 1184 2808 omni
1226 2771 1505 2810 armorum
1528 2774 1725 2823 genere
1772 2762 2075 2827 vulnerant,

511 2841 831 2896 cedentibus
862 2843 1089 2909 instant,
1139 2846 1398 2900 adversus
1439 2856 1801 2905 mactantzeo
1844 2851 2078 2921 denique

512 2934 886 3002 trepidationis
913 2950 976 2989 ac
994 2935 1392 3006 desperationis
1449 2939 1697 3009 adigunt,
1725 2950 1783 2996 ut
1824 2944 2075 2997 acinaces

517 3026 714 3080 nostris
736 3042 865 3081 suos
893 3029 1038 3084 ultro
1072 3030 1433 3102 porrigereut,
1487 3034 1788 3101 objicerent
1816 3054 1830 3092 :
1859 3037 2074 3091 itidem-

513 3133 619 3187 que
644 3121 851 3175 caeteris
882 3122 1050 3177 armis
1102 3123 1387 3192 depositis,
1414 3125 1504 3179 alii
1558 3126 1723 3181 vitam
1773 3138 1827 3182 et
1872 3130 2145 3221 incolu-C

514 3213 751 3266 mitatetn
782 3227 916 3267 voce
939 3224 1206 3285 gestuque
1242 3218 1578 3272 lamentabili
1630 3219 2072 3292 deprecarentur,

510 3303 601 3358 alii
680 3320 1008 3378 quacunque
1053 3309 1137 3361 via
1188 3321 1432 3378 possent,
1475 3311 1527 3363 in
1575 3312 1741 3366 silvas
1786 3328 1850 3368 ac
1905 3315 2075 3370 saltus

511 3392 855 3464 aufugerent,
888 3396 1134 3467 ipsisque
1193 3413 1255 3453 se
1313 3395 1602 3468 paludibus
1658 3404 2076 3475 immergerent:

510 3485 749 3539 ubicum
781 3488 1111 3552 moribundi,
1144 3491 1289 3559 quod
1333 3492 1539 3548 viribus
1587 3494 1899 3561 exhaustis,
1940 3498 2078 3550 ulte-

508 3577 623 3635 rius
646 3592 869 3649 pergere
900 3594 1007 3633 non
1028 3593 1273 3650 possent,
1305 3597 1461 3651 opem
1491 3585 1667 3640 hostia
1692 3586 2070 3658 implorarent,

507 3681 540 3724 a
585 3672 785 3724 nostris
842 3673 1188 3725 miseratione
1241 3684 1405 3726 tanta:
1446 3676 1773 3732 calamitatis
1833 3680 2075 3747 ipsorum

510 3746 825 3815 commotis.
878 3762 1062 3829 plures
1116 3764 1285 3833 erepti
1352 3766 1659 3837 senatique
1707 3766 1950 3823 fuerunt.
2018 3769 2074 3823 ln

509 3854 763 3909 eonllictu
798 3854 1132 3912 Machmutes
1158 3857 1455 3927 Sangiaeus
1482 3859 2075 3932 Quinqnccclesiensis,

509 3944 655 4000 ﬁlius
706 3947 823 4001 Alis
852 3948 1044 4013 bass'e,
1098 3949 1283 4017 praelio
1328 3952 1501 4005 navali
1530 3953 1598 4006 ad
1629 3953 1955 4011 Cuzzolaros
1987 3972 2077 4010 oc-

510 4039 635 4101 cisi,
659 4038 727 4093 de
756 4054 867 4108 quo
889 4055 1051 4109 supra
1080 4040 1307 4106 dictum,
1336 4042 1541 4111 quiquo
1586 4045 1833 4114 captivus
1868 4063 1896 4101 a
1932 4062 2075 4103 mor-

511 4139 564 4183 te
591 4131 762 4199 patria
787 4131 1013 4184 Romam
1068 4132 1360 4201 perductus
1410 4135 1607 4202 fuerat,
1666 4148 1977 4195 nostrorum
2019 4142 2073 4194 in

508 4233 825 4289 potestatem
860 4224 1020 4279 venit.
1053 4224 1434 4293 Multazieusis,
1471 4224 1639 4281 Siuau
1683 4229 1869 4299 begns,
1894 4232 2077 4301 palus-

512 4317 610 4369 tris
645 4317 749 4369 loci
782 4318 1153 4386 transjiciendi
1184 4333 1302 4389 ape,
1330 4322 1526 4375 adacto
1553 4321 1858 4376 calcaribus
1913 4340 2072 4393 equo,

509 4408 636 4459 dum
654 4408 863 4462 deﬁxus
897 4409 1124 4464 haereret
1150 4409 1204 4464 itt
1248 4411 1450 4481 uligine
1473 4451 1488 4475 ,
1537 4414 1765 4484 sclopeti
1796 4430 1893 4485 per
1920 4415 2076 4471 fron-

2193 570 2236 622 δὲ
2265 580 2374 622 tam
2405 573 2454 622 in
2482 571 2598 638 ipso
2643 570 2831 637 pt'nzlii
2862 584 3024 637 quant
3062 570 3334 638 deinceps,
3366 579 3422 625 et
3455 572 3508 626 in
3540 572 3754 641 paludi-

2195 662 2294 714 bus
2321 676 2384 713 ac
2460 660 2614 714 silvis
2674 660 2951 722 exstincti,
3011 661 3179 714 multo
3208 663 3409 730 plures,
3460 672 3513 718 et
3551 664 3617 720 ad
3644 666 3753 721 duo

2190 748 2301 803 lere
2332 750 2516 804 millia.
2541 750 2653 819 Cap
2679 760 2729 802 ta
2781 765 3044 805 caesurum
3099 750 3201 806 400
3234 765 3331 818 pro
3356 739 3505 806 more
3532 754 3752 807 militari

2188 857 2377 895 eorum
2421 842 2679 904 limitum.
2730 855 2854 897 cum
2894 842 2999 899 600
3031 843 3754 903 rivis,Canisamduntasat

2190 933 2377 987 relata.
2399 932 2556 987 Potiti
2578 942 2832 1002 prmtcrca
2856 935 3024 989 nostri
3054 934 3191 990 1000
3211 950 3277 990 ac
3298 935 3424 999 500,
3454 938 3751 1006 ctamplius

2190 1021 2489 1077 Turcoruu:
2507 1024 2679 1093 equis.
2695 1026 2857 1078 Erant
2876 1038 3182 1079 nostrorum
3202 1027 3580 1095 peditesl500,
3601 1032 3752 1096 equi-

2190 1124 2271 1168 tes
2289 1114 2413 1178 500,
2430 1130 2493 1169 ex
2513 1116 2713 1186 quibus
2732 1119 3019 1173 desiderati
3033 1119 3295 1174 duntaxat
3314 1120 3561 1175 undecim
3584 1140 3753 1177 :nun-

2190 1206 2345 1269 nulli,
2371 1210 2464 1261 sed
2490 1210 2644 1276 pauci
2660 1220 2862 1275 tamen,
2881 1214 3166 1267 vulnerati.
3190 1214 3373 1269 Praula
3386 1232 3507 1269 cum
3526 1217 3756 1287 captitis

2186 1298 2515 1353 Christianis
2575 1312 2811 1371 recepta.
2850 1302 2963 1357 Non
2994 1305 3208 1360 desiere
3264 1308 3457 1373 nostri,
3506 1308 3753 1379 juvanti-

2189 1390 2288 1442 lms
2312 1392 2475 1444 etiam
2502 1392 2778 1460 agricolis,
2823 1394 2889 1448 ad
2924 1395 3130 1464 aliquot
3163 1396 3280 1455 dies
3331 1397 3457 1468 fuga
3513 1399 3753 1470 dilapsos

2187 1480 2437 1550 indagine
2486 1484 2742 1552 quadam,
2804 1488 2945 1539 velut
2994 1490 3047 1542 in
3095 1488 3331 1544 ferarum
3381 1502 3578 1547 venatu
3635 1493 3751 1548 ﬁcti

2182 1574 2341 1633 solet,
2370 1572 2618 1644 cingere:
2675 1594 2908 1648 quorum
2957 1582 3172 1649 quidem
3234 1599 3339 1637 nun
3381 1584 3611 1655 exiguus
3644 1602 3749 1640 nu-

2186 1678 2384 1728 merus,
2413 1667 2492 1719 vel
2527 1666 2975 1739 investigantiutn
3017 1674 3195 1727 studio
3229 1686 3496 1745 repertus,
3533 1677 3614 1731 vel
3653 1694 3748 1732 sua

2184 1765 2395 1820 sponte,
2423 1758 2568 1825 quod
2629 1774 2844 1813 omnem
2905 1764 3169 1817 evadendi
3225 1780 3378 1834 spem
3418 1766 3523 1821 sili
3566 1769 3750 1837 praeci—

2182 1861 2297 1899 snnt
2322 1851 2679 1918 censpiceret,
2709 1853 2842 1907 nihii
2879 1856 3192 1925 profuturas
3207 1856 3466 1914 deserens
3494 1861 3749 1926 latebras,

2180 1938 2233 1989 in
2260 1948 2579 2004 potestatem
2602 1944 2766 1996 venit.

2251 2030 2310 2085 Et
2348 2034 2632 2099 hactenus,
2676 2036 2727 2090 in
2777 2036 2882 2092 ltoc
2911 2038 3132 2108 quidem
3196 2050 3456 2110 tempore,
3488 2041 3753 2098 Turcicus

2182 2123 2438 2186 Annales,
2472 2126 2681 2195 adjecta
2721 2142 2900 2184 rerum
2935 2132 3005 2185 57
3029 2136 3423 2202 propemodum
3480 2138 3638 2192 annis
3662 2154 3749 2205 ge-

2182 2225 2389 2270 starum
2423 2219 2781 2289 expositione,
2838 2227 3163 2281 continuare
3192 2228 3485 2284 voluimus.
3543 2230 3616 2286 De
3641 2246 3749 2301 quo

2182 2322 2314 2361 sane
2344 2307 2528 2363 labore
2563 2322 2769 2376 nostro.
2806 2316 3135 2372 cuicuimodi
3170 2317 3259 2382 sit,
3289 2319 3348 2386 ju
3373 2320 3553 2374 licium
3581 2321 3749 2376 lecto-

2182 2400 2257 2454 ris
2290 2400 2534 2463 humani,
2567 2405 2806 2471 candidi,
2834 2415 2888 2460 et
2917 2407 3266 2479 intelligentis
3328 2412 3551 2468 minime
3585 2414 3751 2468 rcl'ur—

2182 2493 2474 2550 midamus.
2509 2496 2743 2553 Cmteros
2768 2501 2849 2554 vel
2901 2502 3264 2571 improbitatis
3296 2515 3350 2561 el
3380 2508 3618 2574 malitiae,
3669 2510 3751 2563 vel

2180 2585 2536 2654 ignorationis
2561 2591 2746 2644 morbo
2774 2595 3139 2659 mentientes,

2460 2681 2707 2751 Munguri
2737 2685 2889 2738 unius
2918 2689 3243 2744 a-stt'atumua
3270 2707 3467 2746 ornatas.

2260 2769 2478 2824 Veritati
2540 2775 2761 2840 quidem
2828 2786 2976 2833 certe
3030 2781 3365 2849 studuimus,
3415 2800 3546 2855 qua,
3610 2787 3754 2840 velut

2179 2861 2357 2915 anima
2382 2878 2501 2925 sua,
2531 2863 2575 2916 si
2606 2876 2789 2920 careat
2818 2866 3066 2932 historia,
3098 2886 3221 2925 mox
3256 2870 3310 2926 in
3343 2872 3524 2930 l‘mnos
3570 2877 3747 2943 abeat,

2180 2968 2400 3009 necesse
2429 2964 2531 3011 cst.
2569 2954 2757 3014 Teates
2780 2958 3021 3024 idoneos,
3054 2973 3107 3016 et
3131 2971 3384 3021 auctores
3430 2967 3532 3022 (ide
3561 2969 3753 3038 dignos

2181 3047 2376 3109 habeo,
2411 3060 2534 3101 cum
2577 3050 2928 3119 magniﬁcum
2984 3063 3037 3107 et
3090 3055 3487 3124 amplissimum
3546 3062 3743 3126 κίε-απτ,

2182 3138 2633 3194 Bartholomaaum
2664 3139 2991 3208 Pezzcnum,
3017 3143 3276 3201 C:esare:c
3296 3147 3594 3216 Majestatis
3621 3168 3751 3207 con-

2180 3231 2449 3285 siliariuat
2486 3271 2502 3293 ,
2537 3236 2796 3304 nuperad
2852 3235 3067 3291 Portant
3126 3237 3471 3297 Osmanicam
3521 3246 3747 3301 missum

2180 3337 2305 3375 cum
2336 3325 2595 3377 ordinarii
2626 3325 2787 3395 legati
2822 3315 3088 3384 munere:
3116 3339 3226 3384 tum
3271 3333 3433 3387 etiam
3480 3336 3623 3393 viros
3657 3350 3751 3395 uo-

2184 3414 2318 3469 biles
2346 3424 2400 3470 et
2428 3416 2696 3485 egregios,
2730 3415 2959 3472 Paulum
2999 3418 3223 3485 Rosam,
3262 3422 3563 3495 ngarum,
3600 3431 3755 3484 beate

2183 3520 2292 3558 non
2352 3507 2421 3560 ita
2452 3506 2657 3561 dudum
2716 3508 3186 3581 Constantinopoli
3241 3526 3538 3582 mortuum,
3597 3520 3751 3578 Nico-

2182 3596 2326 3650 laum
2352 3597 2690 3654 llaunoldutn
2725 3600 3222 3669 Vratislavienscm,
3250 3606 3617 3682 liieronynnm
3653 3616 3753 3669 Ar-

2180 3699 2437 3745 conatum
2471 3690 2897 3749 Leontorinum:
2954 3696 3046 3766 qui
3078 3696 3574 3773 Constantinopoli,
3625 3720 3749 3759 cum

2181 3780 2304 3834 istic
2364 3782 2477 3850 ipse
2540 3785 2935 3853 peregrinarer,
2988 3785 3042 3841 in
3103 3793 3481 3861 angnstalihus
3533 3797 3752 3851 scriniis

2179 3874 2570 3929 secretioribus
2653 3875 2981 3931 militabant.
3059 3878 3261 3936 Ilorum
3348 3888 3752 3942 consuetudine

2179 3966 2518 4035 quotiliana,
2572 3968 2835 4036 planeque
2877 3972 3111 4039 sincera,
3158 3973 3249 4043 qui
3308 3978 3547 4031 virorum
3608 3992 3752 4049 opt-

2182 4069 2393 4109 morum
2428 4058 2633 4112 candor
2661 4068 2764 4121 est,
2796 4059 2963 4114 multa
3015 4076 3100 4115 me
3150 4067 3460 4134 percepisse
3512 4071 3576 4122 de
3612 4068 3751 4124 Tur-

2178 4147 2311 4203 cicis
2372 4151 2556 4214 rebus,
2618 4152 2853 4220 ingenue
2918 4153 3110 4209 fateor.
3172 4155 3281 4210 Nec
3340 4164 3750 4224 pratereundus

2178 4241 2395 4295 silentio
2426 4239 2680 4294 Mattltias
2728 4242 3039 4307 Pbarcnsis,
3073 4242 3599 4314 BudolpltiCasaris
3652 4267 3749 4306 Ito-

2180 4331 2275 4386 stri
2311 4332 2377 4385 ad
2417 4332 2635 4387 Portam
2658 4331 3003 4389 Osmanicant
3044 4336 3418 4405 Dragomanus
3448 4340 3528 4392 vel
3580 4339 3749 4394 inter-

2178 4435 2335 4489 pres;
2368 4438 2433 4477 ex
2465 4425 2622 4496 cujus
2659 4428 2969 4479 narratiooe
3000 4427 3257 4496 pleraque
3316 4428 3383 4482 de
3416 4431 3518 4483 hoe
3546 4432 3745 4486 decen-

509 4508 613 4551 tem
648 4500 878 4554 mediam
932 4504 1135 4570 petitus
1194 4504 1323 4565 ictu,
1378 4507 1660 4560 occubuit.
1717 4505 2071 4565 Sasuarensis
2107 4508 2147 4562 D
2179 4516 2284 4568 nali
2307 4515 2569 4570 adversus
2598 4517 2969 4581 lortissimant,
3025 4532 3258 4587 vereque
3305 4520 3578 4577 Victricem
3622 4525 3748 4579 bac-

510 4591 692 4653 baxsa,
716 4607 823 4659 quo
847 4595 1063 4647 notitine
1095 4595 1390 4665 dignitatis
1416 4600 1731 4657 illustrioris
1784 4601 2070 4670 Zigetanus

509 4682 766 4749 appellari
800 4698 858 4737 se
900 4684 1034 4746 vult,
1086 4700 1193 4740 una
1224 4703 1346 4742 cum
1405 4690 1540 4759 bcgo
1569 4693 1870 4761 Copanensi
1926 4694 2069 4747 Cha-

508 4788 660 4838 saue,
687 4772 807 4843 fuga
839 4792 898 4831 se
917 4778 1227 4832 subduxite
1271 4780 1479 4847 przlio,
1504 4797 1628 4835 cum
1663 4798 1749 4839 res
1780 4800 1909 4839 suas
1954 4786 2068 4856 jam

507 4862 821 4930 desperata:
848 4877 1115 4921 cerneret.
1136 4870 1471 4936 (lupam-usis
1498 4873 1666 4939 prima
1689 4887 1808 4941 poSt
1835 4890 2068 4945 pugnam

513 4959 943 5027 nucte,quodam
1000 4961 1052 5011 in
1097 4961 1234 5013 saltu
1281 4961 1564 5025 cborrans,
1594 4980 1716 5017 cum
1769 4966 1888 5020 a'iis
1943 4984 2072 5035 cap-

511 5062 595 5105 tus
624 5050 742 5105 fuit.
776 5050 1064 5120 Zigctanns
1117 5055 1347 5121 septimo
1378 5057 1591 5109 tandem
1621 5057 1706 5109 die
1736 5058 1899 5126 pedes
1945 5058 2071 5111 Bre-

509 5156 747 5205 senzam,
778 5143 914 5197 latnt:
936 5156 1097 5215 atque
1125 5148 1291 5199 animi
1337 5147 1518 5200 dolore
1549 5148 1847 5215 conlectus,
1874 5153 2068 5206 erasit.

510 5234 661 5303 Capti
689 5252 750 5289 ex
790 5238 1033 5292 hostibus
1092 5239 1202 5292 fere
1254 5241 1411 5303 1500,
1448 5243 1514 5293 de
1570 5257 1800 5311 quorum
1844 5259 2067 5299 numero

718 5870 987 5929 Pas-nor.
1018 5868 1137 5932 Gtt.
1196 5875 1376 5937 CLIX

2176 4618 2339 4661 tenus
2370 4617 2582 4677 gentem
2612 4607 2888 4664 Persicam
2915 4610 3055 4665 bello
3107 4614 3275 4682 gestis
3297 4615 3453 4684 plene
3497 4622 3749 4687 cognovi-

2179 4715 2319 4755 mus.
2342 4700 2508 4771 387
2536 4698 2687 4766 Quod
2712 4702 2759 4756 si
2784 4706 2954 4757 visum
2992 4704 3098 4756 Deo
3134 4704 3317 4769 fuerit,
3363 4708 3568 4764 diutius
3608 4712 3747 4766 hanc

2180 4794 2338 4848 nobis
2371 4808 2668 4862 prorogare
2721 4794 2919 4859 citam,
2972 4797 3221 4851 dabimus
3285 4799 3585 4854 absolutam
3642 4802 3743 4856 ali.

2179 4885 2401 4953 quando
2433 4886 2713 4938 historiam
2764 4886 3441 4957 ConstantinopoLtanatn,
3497 4909 3603 4960 qua
3661 4912 3746 4946 res

2184 4978 2307 5029 inde
2334 4990 2506 5045 usque
2529 4978 2598 5030 ab
2630 4978 2760 5031 urbe
2809 4979 3050 5043 condita,
3082 4990 3187 5032 tam
3221 4998 3247 5032 a
3282 4980 3562 5044 Romanis,
3600 4984 3747 5039 Gre-

2182 5069 2283 5131 cis,
2307 5065 2553 5121 Flaudris
2583 5070 3017 5138 itnperatorilms,
3074 5085 3234 5139 quam
3266 5088 3296 5125 a
3352 5074 3579 5129 sultanis
3632 5075 3746 5128 llu-

2180 5157 2556 5210 siilntanorum
2588 5168 2773 5227 gestis,
2823 5161 2966 5215 serie
2990 5174 3244 5229 perpetua
3274 5173 3535 5218 euntem-.1:
3561 5169 3746 5233 legen-

2182 5257 2288 5300 llll‘.

3322 5877 3399 5940 23
