4218 6308
514 355 619 423 719

1746 340 2072 402 .iOANNIS
2120 340 2514 402 LElJNCLAY
2533 342 2586 399 ll

3666 326 3785 391 120

519 473 896 535 ascendentes,
926 480 975 523 ci
1005 467 1375 538 Conduselpis
1400 482 1494 521 seu
1534 464 1784 533 Dutalpis
1810 466 1971 518 fuerit
2003 479 2094 530 pa-
2129 474 2169 523 Α
2204 463 2353 515 tibus
2377 462 2429 515 in
2464 461 2629 516 rebus
2671 457 3159 511 animadvertimus
3190 470 3204 509 :
3239 456 3289 509 in
3341 454 3536 518 titulis,
3586 451 3786 506 ciliciis

521 574 620 619 ter.
664 563 866 619 Ostiiau
917 578 945 615 a
981 573 1159 614 morte
1210 560 1381 628 patris
1422 573 1595 611 anites
1641 554 1858 625 ιιὶέίηιςι
1904 569 2096 608 novent

519 654 934 709 Maiiuntetanus
988 668 1053 703 ex
1088 650 1371 703 annalium
1428 647 1754 702 auctoritate
1808 645 1967 709 vixit,
2004 644 2096 698 sed

520 746 708 815 Viginti
754 759 948 799 norem
993 753 1200 796 tantum
1264 743 1564 809 imperasse
1623 738 1923 791 scribitur:
1956 736 2100 807 quod

519 832 712 901 primis
756 831 942 886 decem
988 832 1149 883 annis
1199 829 1562 899 pt‘itttripatttltt
1619 826 2000 897 acquisivcrit,
2049 838 2103 879 et

524 922 891 978 constituerit.
928 922 1140 977 Sullani
1182 938 1376 975 nomen
1414 921 1539 976 huic
1572 921 1640 974 ab
1689 919 1965 974 annalium
2003 934 2104 972 au-

523 1025 674 1067 ctore
709 1028 815 1067 non
846 1014 1128 1077 tribuitur,
1168 1014 1261 1068 sed
1302 1011 1496 1067 Murali
1549 1014 1782 1081 primum
1821 1011 2026 1080 nepoti,
2052 1017 2105 1065 et

525 1105 775 1172 abuepoii
808 1105 1003 1159 deinde
1041 1105 1410 1158 Muclremeti:
1456 1102 1601 1171 quod
1647 1104 1713 1156 de
1741 1103 1840 1155 lioc
1883 1100 2105 1155 Mucltc-

526 1209 665 1252 mete
683 1196 1007 1251 Theodorus
1031 1199 1193 1249 etiam
1228 1195 1616 1265 Spanduginus
1643 1196 1946 1248 adnotavit.
1975 1191 2103 1246 Gazi

528 1307 655 1346 \t‘l‘O
681 1306 983 1360 cognomen
1007 1288 1230 1343 Osntani
1255 1289 1436 1352 datur,
1463 1288 1607 1342 sicut
1629 1296 1681 1340 et
1706 1284 1944 1341 Urebani
1973 1285 2104 1348 lilio,

528 1388 833 1457 lluratique
861 1387 1063 1457 nepoti,
1092 1383 1234 1453 quod
1275 1392 1559 1438 strenuum
1587 1382 2110 1452 magnanimumqu

525 1481 749 1535 militem
782 1480 1073 1549 signiiieat.
1134 1477 1190 1530 In
1250 1475 1505 1530 Ureltane
1538 1474 1653 1542 (sic
1682 1473 1828 1527 enim
1863 1474 2111 1528 scriben-

524 1573 697 1644 dum)
756 1573 989 1627 notanda
1046 1586 1171 1625 eum
1228 1568 1311 1623 Ali
1364 1570 1524 1623 bassa
1577 1566 1748 1621 fratre
1794 1566 2109 1629 conrordia,

528 1680 652 1719 cunt
700 1678 895 1721 omnes
929 1662 1021 1716 alii
1051 1702 1065 1725 ,
1108 1676 1343 1731 quorum
1404 1660 1471 1713 tle
1533 1658 1696 1712 rebus
1727 1656 1976 1710 Turcicis
2016 1670 2111 1709 eii-

526 1765 673 1811 stant
710 1756 933 1826 scripta,
964 1755 1153 1808 dicant
1184 1753 1253 1808 ab
1290 1751 1545 1807 Urcbane
1595 1750 1930 1821 principatum
1960 1748 2111 1803 initio

528 1848 775 1904 sublatos
809 1848 977 1904 fuisse
1022 1848 1089 1902 de
1133 1844 1312 1899 medio
1359 1843 1556 1899 fratres
1580 1843 1720 1898 duos
1758 1858 1773 1896 ι
1808 1851 1993 1911 aperte
2025 1854 2109 1894 re-

527 1940 894 1995 clamantibus
921 1939 1071 1994 hisce
1087 1936 1338 2007 Tureicis
1358 1936 1671 2001 annalibus,
1698 1936 1792 2005 qui
1824 1933 2061 2003 primum
2083 1946 2114 1986 ι

531 2035 765 2103 Bajazite
788 2034 1085 2089 Gilderune
1125 2032 1312 2087 Cbaue
1344 2028 1694 2098 parricidium
1728 2028 1880 2097 regni
1943 2040 2112 2082 causa

528 2133 887 2186 commissum
933 2124 1128 2189 luisse,
1182 2134 1373 2178 necato
1427 2120 1638 2192 Jacupe
1685 2118 1868 2176 Zelebi
1918 2119 2114 2182 fratre,

529 2225 749 2278 docent.
781 2218 995 2273 Zelebis
1020 2232 1246 2281 nomen,
1276 2214 1420 2284 quod
1454 2214 1690 2269 nobilem
1748 2211 2039 2281 sigitiilcat.
2083 2224 2114 2263 a

531 2313 726 2369 Turcis
752 2311 990 2366 arbitror
1021 2321 1368 2377 usurpatum,
1403 2306 1470 2362 ad
1505 2304 1868 2359 itnitatimtcm
1920 2301 2115 2355 Bouia-

532 2419 728 2459 uorum
753 2412 807 2456 et
834 2399 1176 2461 Graecorum,
1206 2411 1442 2469 quorum
1471 2395 1524 2448 lti
1554 2395 1696 2450 tilias
1722 2395 2113 2461 itiiperutorutii

533 2502 661 2546 natu
691 2490 933 2544 mitiores
962 2486 1338 2542 nobilissimos
1364 2484 1652 2547 vocabant,
1701 2483 1777 2536 illi
1811 2481 2119 2537 novellissi—

534 2599 674 2652 nio-5,
700 2600 829 2639 recc
855 2582 1105 2639 nonnihil
1130 2589 1412 2652 corrupta,
1438 2581 1575 2636 sicui
1598 2590 1743 2650 patet
1765 2597 1829 2634 ex
1851 2579 2115 2644 historiis,

534 2677 1009 2748 inscriptionibus,
1074 2674 1498 2729 titiniismatibus
1554 2673 1791 2742 antiquis
1842 2681 1896 2726 et
1941 2671 2116 2725 lastis.

537 2767 764 2827 Unieatn
798 2777 1009 2822 tantum
1039 2764 1144 2820 lioc
1174 2768 1292 2819 loco
1321 2764 1472 2818 lubet
1501 2762 1940 2830 inscriptionem,
1989 2759 2114 2812 lidei

535 2876 721 2928 causa,
787 2861 911 2915 licet
947 2859 999 2913 iii
1058 2874 1115 2912 rc
1156 2858 1469 2917 manifesta,
1510 2870 1712 2925 ponere
1750 2873 1764 2906 :
1805 2863 1919 2907 tuin
1973 2852 2117 2921 quod

538 2972 636 3028 pro
666 2972 725 3011 se
756 2963 929 3015 vetus,
961 2952 1068 3021 jam
1098 2966 1235 3005 nova
1268 2949 1359 3013 sit,
1392 2948 1497 3002 boc
1525 2958 1631 3009 esi,
1666 2961 1859 3001 recens
1884 2944 2118 3014 primunt

540 3054 757 3105 inventa
817 3062 832 3096 :
888 3057 1000 3098 tttni
1057 3042 1203 3113 quod
1264 3041 1643 3111 antiquitatem
1696 3038 1894 3094 nobilis
1966 3038 2121 3093 urbis

2211 555 2561 613 militaribus,
2618 555 3027 621 provinciarum
3062 550 3418 620 praefecturis,
3468 546 3705 617 legibus,
3725 553 3789 598 et.

2206 650 2458 699 universo
2499 642 2727 713 imperio
2753 643 3158 698 constituendo.
3194 641 3311 698 Jam
3354 641 3496 708 quod
3527 638 3789 707 Bajazitis

2204 735 2516 791 Cililerunis
2548 738 2663 788 sive
2698 734 2930 803 Lzelapis
2964 735 3104 787 iilios
3150 734 3368 796 attinet,
3407 732 3457 784 iu
3484 731 3565 784 eis
3591 743 3791 783 recen—

2206 829 2389 884 sendis
2411 838 2695 882 auctorum
2724 842 2913 896 magna
2938 824 3227 881 diversitas
3255 837 3358 879 οτι.
3385 822 3547 877 Turci
3582 823 3783 891 primo-

2207 933 2447 990 genitum
2468 921 2675 974 iaciunt
2699 920 2924 975 entirem
2953 917 3354 980 Sulcinianem,
3375 932 3512 985 quos
3531 914 3787 983 equidem

2209 1030 2429 1084 sequor.
2462 1014 2526 1069 Et
2556 1015 2897 1070 Soleinianes
2928 1013 3016 1067 ltic
3042 1014 3222 1068 dictus
3277 1010 3379 1065 fuit
3405 1010 3566 1069 entir,
3599 1016 3789 1061 aucto-

2211 1112 2388 1166 ritatis
2424 1110 2650 1180 majoris
2701 1124 2889 1164 causa.
2930 1107 3066 1165 Nam
3116 1110 3317 1163 eiuires
3348 1105 3603 1175 appellati
3656 1111 3791 1157 sunt

2210 1204 2471 1273 pl‘J’silicS
2501 1215 2553 1258 et
2582 1216 2971 1274 propagatores
3008 1203 3218 1273 imperii
3252 1200 3600 1265 Maliuntetis,
3632 1200 3787 1267 quasi

2211 1300 2516 1368 superiores
2546 1295 2868 1366 (Gulielmus
2897 1296 3097 1367 'I'ytius
3120 1309 3363 1363 satrapas
3391 1309 3487 1351 seu
3514 1292 3791 1362 principes

2212 1391 2447 1462 majores
2510 1391 2933 1459 interpretatur)
2966 1404 3106 1458 quos
3137 1387 3313 1443 Grmci
3338 1388 3539 1441 amires
3567 1394 3621 1441 et
3647 1383 3793 1438 ami-

2214 1483 2370 1538 rade's
2399 1492 2682 1545 vocarunt.
2717 1483 2782 1536 ile
2809 1482 3012 1552 quibus
3036 1480 3193 1551 391
3230 1494 3337 1534 non
3365 1487 3510 1534 recte
3529 1480 3614 1532 vel
3643 1491 3747 1531 amo
3767 1505 3793 1516 -

2218 1592 2323 1637 res,
2359 1574 2439 1628 vel
2460 1574 2764 1633 attierades.
2797 1573 2875 1626 vi-l
2908 1571 3229 1637 adtiiiratos,
3259 1570 3337 1623 rei
3365 1568 3674 1624 aiiiuirales.
3704 1569 3792 1621 vel

2215 1665 2548 1719 atlniiraldos
2568 1662 3131 1727 fecereBelraeensis,
3164 1674 3215 1717 et
3247 1661 3522 1730 interpres
3546 1658 3793 1714 Cedrini.

2216 1767 2268 1811 et
2294 1757 2403 1811 alii.
2436 1756 2544 1812 Nec
2578 1756 2845 1826 hodieque
2893 1770 3096 1809 nomen
3130 1755 3235 1810 liae
3291 1760 3656 1822 aspernantur
3689 1749 3794 1822 ip.i

2215 1849 2520 1905 Turcoruin
2549 1849 2781 1904 sultani.
2809 1847 3083 1903 Laonicus
3107 1862 3239 1902 vero
3272 1855 3395 1916 post
3417 1846 3601 1900 Jesum
3631 1861 3795 1904 suum

2217 1942 2505 2009 majorem,
2536 1954 2696 2009 quem
2718 1939 3038 2008 simpliciter
3059 1939 3198 1994 lsam
3224 1938 3303 1993 Tu
3314 1938 3385 1993 rci
3413 1947 3611 1993 vocant
3624 1935 3796 2007 (quod

2216 2048 2415 2089 nomen
2446 2034 2611 2088 etiam
2644 2036 2869 2102 propius
2900 2035 3147 2089 imitatus
3192 2042 3279 2089 est
3323 2032 3594 2087 Laotticus
3656 2029 3729 2083 lib
3760 2043 3800 2082 ο

2216 2136 2391 2188 sexto,
2419 2142 2586 2196 quem
2604 2124 2794 2181 Jesseu
2815 2125 3072 2179 Brenezis
3094 2126 3260 2187 ﬁlius,
3282 2139 3444 2193 quem
3467 2120 3796 2177 alibiJesum

2220 2228 2397 2280 vocat,
2421 2217 2633 2282 scribit}
2654 2217 2944 2286 quemdam
2967 2215 3362 2270 Mutsnmanem
3381 2214 3600 2269 nomine
3621 2212 3798 2280 ponit.

2220 2310 2365 2364 Idem
2404 2309 2533 2363 iacit
2572 2309 2994 2379 primogenitum
3025 2306 3407 2369 Ortlioltulent,
3436 2321 3468 2361 a
3516 2314 3667 2375 patre
3697 2303 3801 2359 Sc-

2223 2401 2411 2455 bastiae
2440 2400 2779 2470 praefectorii,
2806 2409 2860 2455 ct
2890 2400 3087 2455 ibidem
3116 2398 3187 2456 ab
3210 2399 3464 2455 hostibus
3488 2397 3623 2454 urbe
3642 2410 3805 2467 capta

2221 2507 2442 2548 caesum.
2487 2492 2707 2547 'lurcici
2777 2506 2907 2546 vero
2954 2490 3183 2545 annales
3238 2505 3494 2561 expresse
3556 2489 3804 2555 tradunt,

2223 2579 2530 2635 Scbastiam
2581 2580 2737 2636 emiri
2796 2580 3234 2637 Soleinianiﬁlio
3290 2592 3418 2635 natu
3482 2584 3738 2645 maxime,
3771 2599 3805 2636 ει

2223 2682 2374 2743 patre
2404 2672 2588 2727 datam
2655 2673 2869 2728 fuisse:
2925 2673 3018 2742 qui
3070 2681 3255 2728 tamen
3308 2689 3338 2728 a
3388 2672 3604 2729 Tcmire
3639 2683 3804 2741 capta

2229 2764 2504 2830 Sebastia,
2546 2781 2656 2820 non
2689 2764 2853 2821 fuerit
2890 2764 3231 2823 interfectus.
3272 2767 3435 2823 l'lura
3464 2769 3531 2823 de
3561 2768 3645 2824 bis
3673 2767 3808 2822 alla-

2224 2864 2331 2913 turi
2375 2859 2633 2930 deinceps
2661 2860 2711 2912 in
2749 2861 2990 2915 medium
3026 2878 3243 2930 sumus,
3280 2864 3345 2917 ad
3378 2877 3667 2917 numerum
3701 2876 3809 2915 no-

2225 2968 2401 3009 tarum
2437 2954 2505 3009 59
2529 2965 2581 3009 et
2601 2956 2692 3009 (i7.

2297 3047 2466 3103 Tertii
2497 3048 2715 3118 quidem
2747 3047 3136 3120 Cyriscebelint
3163 3050 3333 3119 patris
3396 3048 3651 3120 Bajaziiis
3681 3065 3813 3104 sur-

539 3141 771 3197 Austriie
801 3136 1150 3196 Viennensis,
1181 3134 1455 3202 quondam
1487 3148 1582 3186 seu
1622 3131 1981 3194 Vindobonte,
2025 3143 2114 3184 seu

2228 3141 2771 3205 ecssoremfaeiunt,
2820 3144 2982 3211 cujus
3030 3157 3230 3197 nomen
3283 3158 3384 3198 nec
3440 3144 3491 3197 iit
3556 3142 3809 3199 Turcicis

544 3231 924 3295 Vindonianze,
960 3229 1102 3298 quod
1159 3226 1331 3296 magis
1365 3225 1683 3295 probamus,
1720 3223 2007 3291 insigniter
2060 3221 2120 3274 il-

544 3330 760 3380 lustret.
796 3319 928 3375 Eant
982 3318 1252 3387 niagnilici
1286 3315 1483 3383 equitis
1517 3330 1605 3367 ou.
1648 3313 1951 3366 llirznomnti
1981 3310 2123 3366 Bac:

544 3434 574 3470 Α
610 3415 1050 3474 Leommsoonr,
1086 3411 1291 3464 Cresar.
1329 3407 1623 3475 Maiestatis
1656 3404 1899 3460 Camers:
1934 3404 2125 3459 auiicm

545 3505 869 3568 consiliarii,
908 3500 1091 3558 studio
1129 3499 1337 3554 lberali
1371 3498 1635 3553 debemus
1671 3515 1683 3550 :
1724 3497 1817 3567 qui
1857 3496 2128 3552 columnae

546 3601 908 3670 fragmentum
941 3594 1161 3656 veteris,
1194 3608 1315 3663 qua:
1348 3594 1556 3663 integra
1582 3589 1890 3643 Milliariuin
1929 3588 2127 3645 [lonia-

551 3686 821 3748 ntttul'oit,
849 3688 901 3740 in
929 3688 1087 3739 vinea
1117 3683 1377 3753 quadam,
1431 3681 1575 3735 baud
1635 3680 1827 3749 procul
1877 3696 1904 3731 a
1944 3679 2129 3735 Sancti

551 3766 713 3834 nimi
750 3778 1088 3841 itcsocomio,
1121 3776 1185 3830 ad
1222 3790 1388 3829 unum
1432 3789 1462 3827 a
1504 3772 1711 3826 Vienna
1758 3771 2013 3840 lapidein,
2048 3788 2130 3825 re-

552 3883 763 3944 pertum
803 3887 924 3924 cuni
960 3870 1304 3939 intelligeret,
1336 3881 1556 3934 operam
1617 3864 1769 3918 dedit
1813 3874 1868 3915 ut
1901 3862 2127 3915 domum

552 3983 709 4020 suain
739 3968 1103 4034 deportatum,
1156 3959 1464 4031 posteritati
1516 3966 1963 4012 conservaretur.
1998 3955 2131 4022 Ejus

556 4058 933 4127 inscriptionis
964 4057 1079 4109 liam
1111 4052 1275 4107 \ei'ba
1310 4060 1439 4106 sunt
1466 4050 1660 4104 litteris
1685 4062 1945 4116 expressa
1977 4046 2135 4099 ηοὶιὲδ

555 4150 940 4210 l'aittiliaribus.
963 4146 1100 4201 Nam
1126 4145 1325 4199 ductus
1355 4158 1569 4207 earum,
1611 4140 1804 4210 quales
1858 4140 1911 4193 in
1945 4138 2137 4192 arcite-

557 4260 682 4316 typo
712 4240 1153 4310 conspiciuntur,
1191 4239 1292 4291 Itoc
1334 4236 1552 4305 quidem
1584 4242 1825 4303 tempore
1870 4228 2000 4283 date
2030 4244 2135 4282 non

559 4354 591 4408 ιι
616 4338 858 4389 .tiiiiiiiis.

1193 4483 1279 4520 IMP
1308 4480 1420 4519 0ίίἰὸ

990 4556 1015 4591 l‘
1054 4553 1254 4591 LICINIO
1283 4549 1486 4591 CtillNLI.

992 4621 1286 4661 \AlJ-ZIHANO
1325 4617 1612 4658 NOBlLIS$..

986 4694 1101 4731 σεδ.
1114 4715 1127 4729 .
1163 4689 1387 4728 ιιιιικυιειι

992 4763 1123 4801 ιυν..
1158 4759 1351 4797 ΝἸῪΤΙΞ
1386 4759 1495 4796 VA”

992 4834 1018 4871 Ii
1030 4834 1059 4871 T
1101 4828 1303 4869 PUN'I'ES
1340 4828 1435 4866 ὟΕΪ
1447 4828 1580 4865 ιῐδεη

1057 4897 1324 4939 COSLM’SA
1360 4898 1508 4935 liESTI

1064 4973 1096 5009 Δ
1140 4968 1308 5007 Ἡδυ..
1344 4966 1379 5003 Il
1411 4968 1440 5005 Ρ

1244 5038 1325 5078 Il.

642 5168 966 5237 Iutelligitur
1006 5171 1188 5216 autem
1228 5157 1448 5212 nomine
1484 5155 1835 5219 nobilissimi,
1882 5154 2146 5223 juventu-

573 5265 754 5333 tisquc
784 5256 1069 5329 principis,
1132 5252 1310 5303 tninor
1343 5257 1469 5302 nato
1532 5247 1700 5300 frater
1753 5244 1983 5300 Gallieni
2034 5244 2147 5296 Au-

574 5354 739 5424 gusti.
776 5350 867 5404 Sic
934 5347 1098 5415 igitur
1155 5350 1209 5396 et
1270 5338 1436 5394 Turci
1476 5338 1698 5391 'Lelebes
1753 5352 1884 5391 suos
1940 5337 2145 5399 dixere,

576 5456 889 5516 quanquam
927 5440 980 5492 in
1011 5432 1303 5490 annalibus
1358 5430 1444 5485 liis
1478 5427 1911 5483 animadvertere
1966 5428 2148 5491 liccat,

579 5531 931 5591 Mucitemctis
984 5524 1229 5586 secundi,
1289 5530 1344 5574 et
1412 5531 1797 5573 successorum
1864 5517 2004 5571 tilios
2045 5532 2149 5569 non

578 5625 816 5695 amplius
874 5620 1117 5677 Zelebes,
1179 5613 1272 5667 sed
1306 5611 1553 5665 suitanos
1586 5607 1795 5677 cepisse
1855 5608 2147 5661 nominari.

577 5722 843 5773 UiBiCi‘lllil
874 5727 993 5767 esse
1032 5707 1240 5761 'l‘iircos
1273 5702 1435 5757 \Ciitli
1496 5701 1686 5754 simias
1739 5699 2003 5768 quasdam
2050 5699 2151 5751 llo-

582 5821 867 5864 inauorunt
898 5805 1298 5862 Ui'iccoiumre,
1348 5795 1543 5865 quibus
1578 5802 1982 5856 sucecsset‘tini,
2031 5790 2149 5858 plu-

2224 3233 2660 3296 commentariis,
2696 3249 2801 3288 nec
2850 3233 2994 3304 apud
3047 3232 3346 3291 Laonicuin
3416 3234 3699 3304 reperitur.
3756 3245 3813 3291 et

2228 3326 2481 3380 lictitium
2503 3327 2664 3395 plane
2693 3327 2928 3382 videtur.
2963 3326 3100 3381 Eum
3128 3327 3323 3384 dicunt
3345 3343 3376 3382 a
3395 3326 3612 3383 'l‘cmire
3638 3328 3811 3383 fuisse

2228 3428 2463 3488 captum,
2496 3419 2592 3474 scd
2620 3433 2651 3474 e
2684 3418 2933 3474 custodia
2999 3430 3179 3475 tamen
3212 3421 3473 3476 evasisse.
3534 3419 3811 3475 Laonicus

2230 3520 2411 3567 autem
2473 3511 2719 3582 scripsit,
2769 3510 2957 3581 praslio
3006 3510 3321 3568 Temiriano
3373 3524 3591 3582 captum
3640 3511 3814 3567 fuisse

2231 3604 2459 3667 Mosent,
2494 3606 2585 3671 qui
2613 3605 2888 3658 videretur
2922 3602 3146 3674 reliquis
3204 3603 3553 3672 prmstantior
3590 3603 3811 3658 robore.

2232 3694 2474 3749 Proinde
2524 3694 2717 3748 Temir
2771 3709 2897 3748 cum
2961 3692 3356 3757 circumduxit,
3414 3703 3468 3748 et
3507 3707 3693 3748 secum
3756 3694 3811 3747 in

2230 3786 2428 3840 castris
2456 3786 2664 3850 ltabnii,
2689 3784 2890 3839 victum
2922 3782 3267 3840 ministrans.
3304 3783 3497 3839 Postea
3532 3782 3814 3837 Laonirus

2236 3876 2351 3929 luec
2392 3876 2656 3944 subjicit:
2693 3872 2878 3929 Tcmir
2922 3875 3173 3930 Clieriam
3217 3876 3550 3943 properat-it,
3601 3875 3816 3944 Bajazi-

2237 3974 2342 4019 tcin
2370 3976 2425 4019 et
2461 3966 2626 4019 lilium
2670 3967 2788 4034 t-jus
2844 3981 3029 4019 secum
3066 3966 3294 4028 vehens,
3359 3967 3520 4036 cujus
3586 3981 3812 4037 parvum

2238 4067 2541 4123 respectum
2570 4058 2697 4127 egit.
2728 4055 2965 4111 Proinde
2998 4058 3051 4110 iti
3075 4057 3309 4126 patriam
3374 4057 3652 4127 regionem
3688 4058 3812 4130 fuga

2237 4149 2427 4203 evasit.
2464 4148 2704 4217 Denique
2729 4149 2887 4202 tertio
2915 4149 3111 4217 repetit
3144 4147 3420 4203 Laonicus
3447 4148 3604 4204 initio
3633 4155 3811 4218 quarti

2240 4240 2611 4306 libri,Mosetn
2668 4240 2959 4295 dimissum
3012 4256 3043 4294 a
3098 4256 3225 4310 rege
3283 4239 3519 4307 Temire,
3569 4243 3705 4295 mari
3747 4247 3812 4295 ait

2240 4334 2519 4404 regionem
2547 4332 2775 4401 patriam
2812 4330 3066 4386 rediisse.
3099 4328 3309 4385 Similis
3340 4340 3423 4386 est
3477 4332 3812 4397 confusioin

2244 4424 2517 4478 minorum
2554 4432 2683 4476 natu
2743 4420 3003 4490 Bajazitis
3046 4421 3281 4476 ﬁliorum
3333 4422 3627 4477 mentione.
3679 4423 3814 4477 Nam

2165 4499 2516 4570 DLaonicutt
2562 4510 2831 4568 ctJesum
2907 4512 3172 4566 minorem
3239 4521 3673 4578 commemorat,
3724 4517 3817 4578 qui

2250 4624 2519 4677 nusquatn
2549 4625 2601 4660 ill
2630 4607 2917 4660 annalibus
2951 4604 3197 4659 Turcicis
3228 4606 3521 4674 repet-itur,
3550 4613 3603 4660 et
3632 4608 3821 4660 ultimo

2245 4701 2387 4754 inter
2418 4714 2610 4754 omnes
2653 4700 2776 4753 loco
2806 4698 2955 4768 ponit
3008 4697 3349 4767 Mustapltain
3396 4699 3698 4766 respiciens
3737 4701 3821 4765 (ut

2244 4792 2504 4857 arbitror)
2536 4790 2601 4843 ad
2634 4790 2784 4843 illum
2809 4787 3174 4857 Mustapliain,
3226 4790 3313 4842 eui
3353 4787 3571 4845 Dusmis
3623 4806 3821 4860 cogno-

2248 4898 2369 4937 men
2412 4896 2441 4935 a
2473 4881 2667 4935 Turcis
2726 4881 2907 4941 datur,
2961 4879 3166 4948 quique
3229 4878 3490 4949 Bajazitis
3544 4896 3605 4938 se
3652 4882 3820 4937 filiuni

2248 4973 2636 5027 mentiebatur.
2682 4972 2843 5040 Atqui
2906 4971 3109 5025 diserte
3141 4970 3304 5026 Turci
3352 4974 3594 5036 tradunt,
3654 4975 3822 5029 mini-

2249 5078 2397 5115 mutu
2433 5071 2559 5112 natu
2609 5060 2779 5113 fuisse
2808 5061 3072 5114 Casaucni
3115 5059 3370 5125 Zelebini,
3431 5064 3523 5131 qui
3584 5076 3825 5133 tempore

2251 5149 2576 5203 calamitatis
2596 5161 2830 5217 paterna:
2849 5149 3010 5201 fuerit
3040 5149 3219 5203 adhuc
3240 5159 3399 5204 :etate
3423 5164 3608 5207 tenera
3638 5168 3655 5218 ;
3692 5168 3821 5204 nar-

2253 5252 2483 5308 tantque
2553 5240 2817 5308 deinceps
2882 5240 2950 5293 ab
3008 5240 3178 5293 entire
3236 5239 3549 5296 Soleimane
3600 5242 3821 5297 fratrem

2252 5332 2395 5384 ltuite
2462 5341 2587 5384 nutu
2658 5330 2969 5394 minimum,
3032 5329 3294 5385 Casauctn
3355 5327 3617 5397 ZPiebillt,
3660 5332 3826 5387 fuisse

2250 5422 2781 5489 Constantinopolim
2820 5422 3069 5486 missum,
3123 5431 3183 5474 itt
3225 5424 3429 5478 obsidis
3481 5426 3597 5478 loco
3627 5423 3820 5478 ibidem

2252 5526 2415 5569 esset.
2476 5511 2751 5566 Laonicus
2807 5512 2973 5564 etiam
3029 5513 3225 5566 alicubi
3278 5512 3464 5566 Jesunt
3516 5515 3821 5578 minorem,

2257 5603 2385 5653 facit
2420 5601 2704 5652 minimum
2738 5612 2890 5663 natu,
2964 5610 3018 5653 ct
3064 5601 3528 5671 Constantinopoli
3584 5603 3818 5670 baptiza-

2257 5705 2367 5747 tuiii
2399 5693 2466 5747 ait
2499 5712 2512 5746 :
2546 5695 2609 5745 de
2637 5709 2745 5761 quo
2777 5709 2907 5749 sane
2937 5710 3067 5749 vero
3124 5696 3182 5748 lit
3242 5696 3440 5758 simile,
3492 5694 3676 5751 Iesum
3730 5700 3824 5750 itii-

2258 5801 2443 5841 t.o:cui
2476 5782 2723 5853 Laonici,
2761 5801 2881 5843 esse
2935 5787 3088 5844 illum
3116 5788 3293 5858 ipsum
3349 5801 3478 5843 natu
3538 5789 3821 5843 minimum
