4204 6300
456 339 550 401 721

1614 349 2001 412 PANDECTE
2043 350 2236 415 lllST.
2279 358 2576 417 TURClC.

3563 354 3668 421 7‘22

440 460 691 531 Bajasitis
722 462 914 527 lilium,
959 481 1116 528 quem
1176 468 1394 523 annales
1462 468 1671 524 Turcici
1729 472 1992 525 (lationem
2026 471 2070 527 Δ
2101 471 2230 525 lant.
2264 470 2474 541 Quippe
2539 472 2714 526 solent
2758 472 2824 527 iis
2870 474 3201 534 nominibus,
3254 489 3423 540 quma
3454 475 3668 543 gentiua

439 552 676 607 Zslcbim
708 566 923 610 vocant.
968 556 1134 611 Error
1170 558 1459 613 Sansovini
1510 561 1703 630 duplex
1750 563 2003 618 Donaui-

438 646 629 699 clarum
662 645 715 697 in
743 649 957 709 arbore,
988 664 1099 717 quo
1132 650 1394 706 Solemus
1443 652 1556 723 jam
1616 658 1937 722 superstites
1973 672 1999 707 a

432 736 766 805 Cyriscelebi
804 748 1088 811 propagat,
1135 752 1191 797 et
1242 742 1493 810 Bajasitis
1540 760 1604 800 ex
1668 744 2001 816 Cyriscelebi

440 838 686 898 nepotem
721 830 847 887 facit
898 830 1291 889 Huchemetetn
1350 836 1605 904 primum,
1658 847 1764 891 tam
1829 840 2003 893 mani-

440 922 737 984 festuscst,
804 923 1006 981 nullius
1052 934 1114 980 ut
1169 927 1513 984 refutationis
1575 930 1831 999 indigeat.
1890 932 2004 988 Alis

439 1026 611 1075 vero,
668 1013 762 1081 qui
815 1012 1347 1086 Constantinopolim
1401 1028 1456 1075 et
1515 1020 1628 1088 ipse
1684 1022 2003 1091 profugerit,

440 1104 587 1159 nulla
618 1102 865 1162 Turcieis
913 1108 966 1161 in
1023 1111 1315 1165 annalibus
1375 1114 1599 1170 mentio.
1649 1114 2005 1184 Reposuimus

435 1192 600 1249 etiam
626 1211 725 1253 suo
755 1196 876 1252 loco
892 1211 1211 1269 germanum
1236 1199 1410 1266 illum,
1442 1210 1495 1255 et
1536 1204 1807 1259 natalibus
1838 1220 2003 1273 opera

439 1298 622 1344 nostra
660 1304 805 1344 nunc
851 1291 1200 1358 restitutum,
1250 1294 1505 1361 Bajazltis
1557 1294 1751 1360 illium,
1803 1296 2006 1353 Mnsta-

441 1381 601 1450 pham
642 1380 869 1437 zelebim
893 1401 909 1449 ;
932 1386 1024 1452 qui
1061 1394 1117 1438 ut
1145 1386 1455 1442 Temiriano
1482 1388 1690 1457 praelio,
1724 1390 1803 1444 sic
1841 1390 2004 1446 ctiam

444 1474 707 1528 hactenus
736 1489 801 1527 ex
854 1477 1275 1532 Usmanidarum
1338 1489 1643 1543 stemmate,
1703 1482 1843 1535 haud
1893 1487 2007 1539 scio

440 1581 550 1631 quo
589 1565 735 1620 fatali
764 1582 893 1622 casu
923 1568 1203 1634 exclusus,
1259 1572 1421 1641 periit
1459 1589 1472 1625 :
1512 1572 1691 1627 locum
1754 1575 1871 1641 eius
1926 1576 2007 1629 in-

443 1660 672 1714 vadeutc
746 1660 1053 1731 Mnstaplta,
1146 1666 1492 1736 supposititio
1564 1668 1814 1739 Dajasitis
1872 1670 2005 1733 tilio,

440 1766 600 1817 queui
634 1752 871 1810 Annales
900 1753 953 1808 bi
1020 1754 1237 1811 Dusmis
1296 1757 1569 1827 appellant
1624 1769 2005 1831 cognomento.

445 1842 517 1897 De
558 1842 732 1898 Sauze
756 1844 917 1913 jussu
951 1847 1122 1915 patris
1142 1858 1436 1915 excmrato,
1479 1850 1685 1906 nullum
1742 1851 1796 1904 in
1832 1868 2009 1907 anna-

443 1934 587 1987 libus
619 1936 861 1989 \‘ctbtlttt.
890 1935 1092 1993 Nomen
1141 1936 1334 1993 Sauais
1372 1939 1502 1996 illud
1558 1950 1660 2008 est,
1701 1944 1844 2013 quod
1904 1943 2008 1999 So-

444 2026 707 2081 leimanes
740 2026 1009 2082 hodierno
1052 2027 1218 2083 veziri
1258 2032 1431 2085 azemi
1486 2032 1663 2088 adhuc
1694 2048 1863 2101 puero
1915 2035 2010 2089 dc-

441 2118 592 2172 disse
624 2116 816 2171 fertur.
850 2120 1013 2176 Siaus
1046 2121 1188 2176 enim
1220 2125 1378 2180 bassa
1413 2132 1660 2188 vocatur,
1709 2126 1864 2193 cujus
1914 2143 2009 2180 sn-

446 2226 539 2277 pra
568 2228 789 2280 quoque
832 2213 1123 2284 aliquoties
1186 2216 1238 2269 in
1295 2219 1675 2287 supplemento
1735 2220 2007 2274 annalium

448 2312 636 2359 notro
664 2305 799 2359 facta
818 2309 1041 2363 metatio.
1079 2307 1233 2375 Quod
1265 2319 1453 2364 autem
1486 2308 1649 2365 Sauzi
1708 2326 1736 2364 a
1776 2311 2008 2367 Reinec-

449 2400 535 2453 cio
571 2396 779 2453 Taurea
809 2398 951 2456 ﬁlius
977 2401 1319 2466 attribuitur,
1350 2404 1443 2470 qui
1477 2403 1630 2458 exsul
1664 2403 1715 2457 in
1778 2402 2011 2473 Ungaria

444 2494 675 2547 vixerit:
704 2503 755 2548 et
784 2495 930 2563 quod
974 2496 1114 2550 idem
1177 2500 1265 2551 dat
1326 2495 1625 2565 Mustaplia:
1670 2501 2012 2568 supposititio

448 2584 616 2638 filium
684 2583 963 2649 Davidcm,
1033 2602 1097 2641 es
1160 2588 1489 2643 auctoritate
1534 2584 1760 2644 Joannis
1828 2591 2011 2645 Basilii

450 2674 807 2747 lleroldi,‘qtti
846 2685 901 2732 et
924 2676 1038 2746 ipse
1069 2676 1161 2732 diu
1213 2680 1475 2733 exsularit
1522 2681 1662 2748 apud
1721 2681 2010 2747 lineares:

443 2782 634 2821 errore
685 2769 917 2833 quodam
990 2765 1208 2834 factum,
1256 2785 1319 2822 es
1372 2768 1561 2823 vitiosa
1612 2770 1904 2839 scriptura,
1960 2784 2016 2828 et

449 2856 664 2913 llerutdi
689 2859 1134 2924 liallucinatione,
1172 2861 1432 2929 profecto.
1469 2859 1584 2915 Non
1636 2864 1781 2917 enim
1807 2863 2015 2921 Taures

450 2949 593 3020 apud
641 2948 1134 3023 Cbalcocondylem
1207 2953 1311 3021 legi
1399 2953 1579 3017 debet,
1642 2955 1736 3009 sed
1789 2953 2011 3023 Tautes,

449 3043 618 3097 tribus
645 3042 887 3113 syllabis,
929 3043 1073 3111 quod
1130 3058 1323 3099 nomen
1369 3053 1452 3100 est
1502 3045 1643 3101 Taut
1688 3046 1772 3100 vel
1831 3047 1963 3103 Daut
1996 3089 2012 3114 ,

2107 572 2437 615 consonante
2474 561 2757 632 incipiunt,
2801 562 3035 617 litteram
3068 562 3108 627 I,
3136 563 3295 634 392
3324 565 3401 617 vel
3431 563 3471 615 V
3501 565 3671 618 Galli-

2105 662 2227 699 cum
2253 664 2567 717 prmponere
2593 666 2605 715 ;
2640 651 2785 705 verbi
2808 652 3002 720 gratia,
3027 666 3148 706 cum
3172 669 3267 720 pro
3294 654 3431 705 Scen
3455 654 3563 706 lere
3587 653 3670 707 d3—

2106 749 2236 791 cuut
2262 739 2585 795 lseeliender
2610 760 2626 809 ;
2664 759 2759 812 pro
2782 742 2979 797 Scodra
3005 744 3251 798 Iscotlara
3280 762 3295 809 ;
3332 762 3425 811 pro
3451 744 3667 815 Scopia,

2110 828 2365 897 llsropia.
2386 831 2665 902 Frequens
2689 850 2813 888 vero
2836 832 2887 887 in
2908 834 3191 891 annalibus
3213 835 3359 890 liisee
3391 837 3590 891 mentio
3615 837 3672 889 lit

2110 923 2474 989 lsrendiaris,
2514 926 2654 995 quod
2707 936 3128 997 cognomentum
3185 928 3520 997 principibus
3568 929 3673 981 illis

2110 1015 2267 1069 datur
2291 1060 2304 1077 ,
2338 1034 2570 1086 quorum
2616 1029 2731 1074 erat
2769 1019 2832 1071 ad
2859 1018 3090 1074 Pontum
3142 1020 3410 1075 Euxinum
3439 1020 3592 1083 ditio,
3619 1021 3673 1075 in

2113 1108 2224 1177 ipsa
2266 1108 2437 1165 Ponto
2464 1110 2762 1179 provincia,
2788 1112 3072 1181 vicinaque
3104 1112 3493 1184 Paphlagonia.
3515 1113 3675 1169 Clial-

2110 1201 2435 1271 cocondyles
2461 1202 2746 1271 quemdam
2778 1216 2844 1257 ex
2875 1203 2955 1259 eis
2986 1206 3227 1259 nominat
3271 1204 3562 1269 Ismailem,
3586 1201 3675 1258 Si-

2112 1309 2265 1363 nopaa
2296 1294 2619 1363 principem,
2640 1306 2692 1350 et
2716 1295 2843 1350 alibi
2867 1296 3165 1365 principem
3196 1296 3411 1365 Sinopaz
3448 1306 3503 1352 et
3544 1296 3673 1353 Cas-

2112 1385 2365 1447 tamonis,
2398 1386 2633 1441 amicum
2657 1397 2710 1439 et
2740 1387 2951 1441 socium
2998 1387 3181 1442 Hosis.
3243 1386 3298 1440 In
3354 1390 3553 1445 nostris
3579 1404 3673 1445 au-

2113 1486 2221 1528 tem
2250 1476 2538 1532 annalibus
2591 1476 2741 1533 hisce
2779 1478 2971 1549 legitur
2998 1520 3013 1541 ,
3057 1480 3345 1534 lsvcndiari
3377 1479 3668 1543 ,Temirem

2108 1563 2348 1619 Clianem
2380 1566 2460 1619 vel
2491 1565 2728 1630 dedisse,
2759 1569 2841 1623 vel
2894 1570 3177 1637 ademptas
3230 1586 3257 1625 a
3296 1570 3531 1640 Bajazitc
3585 1590 3675 1626 re-

2114 1656 2385 1720 stituisse,
2408 1656 3142 1727 Castamouam,Congerim,
3174 1660 3498 1733 Calazngcn.
3528 1662 3668 1717 ldcm

2114 1757 2365 1802 narratur
2399 1747 2640 1819 hospitio
2670 1748 2880 1807 Musam
2934 1754 3237 1822 excepisse,
3286 1756 3534 1826 clamque
3589 1774 3673 1812 sc‘

2043 1820 2081 1871 Β
2111 1854 2235 1893 cum
2256 1839 2533 1904 habuisse,
2562 1855 2686 1895 cum
2717 1841 2785 1896 ab
2814 1845 2982 1897 emire
3012 1845 3321 1901 Soli-imane
3341 1845 3505 1902 fratre
3532 1847 3671 1903 bello

2112 1941 2400 2001 peteretur.
2436 1933 2680 1990 Notauda
2707 1950 2925 2005 quoque
2954 1939 3108 1991 verba
3137 1938 3374 2003 Laonici,
3397 1957 3517 1995 cum
3554 1943 3627 1995 ait
3655 1984 3668 2004 ,

2114 2023 2543 2096 Sccnderis,qui
2576 2027 2817 2097 Sinopen
2871 2031 3112 2100 regebat,
3157 2031 3325 2087 fuisse
3379 2034 3545 2087 tilium
3600 2034 3675 2088 is-

2114 2118 2351 2174 mailem.
2399 2119 2608 2189 Quippe
2662 2122 2945 2187 legendum
3015 2132 3146 2188 puto
3197 2123 3511 2193 Spenderis,
3564 2141 3672 2179 non

2112 2210 2444 2277 Scenderis,
2500 2214 2627 2270 licet
2685 2216 2819 2270 mihi
2861 2231 3059 2272 nomen
3111 2215 3398 2273 Scendcris
3447 2234 3554 2272 non
3604 2218 3678 2272 sit

2115 2303 2383 2372 ignotum.
2424 2304 2760 2362 Pauderatia:
2810 2308 3104 2377 satrapiam
3135 2310 3279 2377 quod
3336 2310 3549 2374 attinet,
3593 2318 3678 2362 est

2114 2395 2180 2448 ad
2208 2395 2436 2451 Pontum
2469 2396 2741 2453 Euxinum
2775 2398 2993 2463 civitas,
3054 2400 3110 2454 in
3145 2401 3317 2457 Ponto
3366 2402 3668 2470 provincia,

2114 2502 2234 2557 qua
2260 2488 2420 2543 liodie
2440 2490 2768 2545 Pendcraclii
2810 2492 3007 2546 dicitur
3034 2506 3135 2555 ;co
3188 2494 3358 2562 posita
3384 2493 3530 2559 situ,
3585 2508 3677 2548 ve-

2118 2579 2247 2635 teris
2281 2587 2337 2631 ut
2380 2580 2639 2636 Heraclia:
2670 2580 2906 2637 Pontica:
2928 2584 3104 2637 locum
3159 2598 3454 2654 occupasse
3504 2584 3679 2642 ridea-

2117 2680 2222 2723 tur.
2250 2671 2330 2725 Ab
2362 2672 2461 2725 liae
2489 2671 2532 2727 si
2559 2671 2685 2727 dicti
2742 2688 2852 2726 non
2907 2687 3035 2729 sunt
3088 2672 3447 2743 Splieudcres,
3497 2675 3671 2730 lsvcn»

2116 2764 2364 2820 diaresve
2404 2766 2547 2835 begi,
2584 2783 2725 2837 quos
2752 2767 2841 2821 alii
2872 2768 3116 2836 Spender
3136 2775 3230 2821 aut
3277 2764 3677 2836 Sponderbeios

2116 2870 2402 2920 vocarunt.
2464 2859 2647 2913 saltim
2731 2859 3036 2928 Spendcres
3099 2861 3295 2931 oppido
3356 2861 3675 2930 rcgionique

2116 2963 2311 3002 nomen
2352 2950 2569 3004 dedere.
2608 2950 2680 3005 De
2710 2950 2796 3007 bis
2827 2960 2881 3006 ct
2916 2951 3018 3006 alia
3050 2952 3194 3023 leges
3227 2952 3390 3019 infra,
3447 2966 3677 3007 numero

2084 3040 2204 3093 .15.
2233 3037 2387 3095 Nune
2424 3042 2489 3095 ad
2517 3041 2935 3097 Osmanidarum
2975 3043 3347 3113 genealogiam
3383 3051 3440 3096 ut
3490 3043 3680 3099 redea-

453 3132 914 3202 quemadmodum
970 3135 1178 3190 nostris
1237 3135 1289 3189 in
1329 3135 1620 3193 annalibus
1679 3138 1813 3192 Dant
1855 3140 2083 3210 bassac
2118 3147 2259 3196 mus.
2312 3133 2563 3203 equidem
2617 3147 2726 3187 n0"
2791 3134 2888 3188 abs
2946 3150 3002 3187 re
3060 3134 3272 3200 dubita.
3338 3149 3404 3189 an
3439 3136 3577 3189 duos
3612 3151 3678 3189 (ει

453 3224 670 3293 legitur,
697 3224 799 3281 sub
840 3224 1069 3295 imperio
1125 3225 1379 3295 Bajazitis
1426 3229 1674 3284 secundi.
1728 3228 1795 3284 Et
1814 3230 2012 3289 Turcis

453 3318 603 3374 Daud
641 3318 859 3385 dicitur,
885 3322 975 3387 qui
1014 3317 1179 3374 David
1212 3318 1471 3375 Hebrazis.
1516 3319 1612 3377 Hic
1635 3336 1765 3393 ergo
1814 3321 2015 3380 Tautes

450 3426 611 3467 verus
648 3420 767 3467 esto
795 3410 990 3467 Sauzis
1026 3411 1190 3477 filius,
1220 3412 1355 3467 alter
1385 3425 1569 3468 autem
1623 3413 1839 3472 Dnsmis
1870 3415 2014 3470 llus-

451 3505 628 3574 taplia
654 3503 795 3559 filius
814 3502 1006 3565 David,
1032 3518 1131 3559 ceu
1179 3506 1620 3574 commentitius,
1668 3508 2010 3579 expungitor.

455 3596 744 3664 Pcrperam
766 3594 961 3664 deinde
987 3596 1222 3650 traditur
1253 3611 1284 3651 a
1330 3600 1550 3664 nostris,
1583 3598 1720 3655 leam
1754 3600 1867 3655 sive
1916 3600 2016 3656 ,Ιο-

455 3705 635 3747 suam.
684 3688 798 3743 sive
842 3686 1027 3742 Jesum
1079 3689 1362 3752 majorem,
1425 3705 1453 3743 a
1529 3689 1887 3758 Mnsulmane,
1920 3691 2016 3762 qui

454 3781 648 3837 Turcis
701 3791 783 3836 est
825 3782 962 3836 cntir
1006 3779 1307 3849 Soleimau,
1367 3783 1652 3838 occisum:
1711 3799 1834 3836 eum
1899 3785 2016 3853 ejus

456 3874 609 3928 necis
648 3872 857 3940 culpam
910 3871 1215 3927 Turcorum
1273 3876 1493 3930 annales
1541 3875 1593 3927 in
1629 3876 1855 3938 Musam,
1906 3879 2017 3932 sive

458 3965 681 4030 Πυθθιη,
744 3966 967 4019 fratrem
1016 3964 1227 4029 alium,
1281 3966 1545 4020 derivem.
1615 3966 1811 4022 Volunt
1854 3969 2015 4023 etiam

459 4059 655 4122 nostri,
717 4072 855 4128 quos
908 4057 1232 4113 lteineccius
1286 4058 1338 4112 in
1372 4057 1787 4113 Osnianidarum
1856 4071 2020 4115 stetu-

459 4162 601 4207 mate
622 4152 889 4219 sequitur,
956 4148 1357 4204 Iincliemetem
1388 4151 1686 4205 Secundum
1726 4151 1891 4207 luisse
1922 4169 2017 4206 na-

457 4256 574 4299 tum
618 4260 681 4299 ex
707 4244 884 4305 lrene,
903 4241 1123 4311 Georgii
1150 4242 1470 4306 Bulcovizii,
1538 4242 1845 4297 Serviorum
1896 4246 2019 4299 dea-

458 4345 618 4405 potre,
647 4335 779 4389 lilia.
816 4332 1034 4387 Falsum
1068 4334 1337 4398 liocesse,
1405 4335 1697 4387 manifesto
1755 4342 1903 4404 patet
1953 4351 2017 4389 ex

457 4425 749 4480 annalibus
777 4424 927 4479 hisce
948 4424 1172 4483 nostris.
1207 4432 1261 4476 et
1289 4438 1553 4480 annorum
1606 4426 2018 4492 supputatione.

2123 3223 2265 3279 illius
2329 3223 2657 3293 Splicnderis
2722 3225 2833 3280 lilia
2902 3223 3137 3281 Muratcs
3158 3227 3458 3295 susceperit
3514 3225 3678 3282 filios.

2121 3315 2391 3372 Laonicus
2428 3326 2574 3372 certe
2604 3317 2871 3371 duntaxat
2914 3317 3078 3374 unius
3143 3319 3473 3375 mentionem
3528 3317 3677 3382 facit,

2120 3424 2279 3479 quem
2314 3409 2663 3466 Cambrinius
2714 3410 2951 3479 appellat
2997 3409 3339 3480 Calapinuni,
3395 3427 3423 3466 a
3480 3427 3681 3481 cogno-

2124 3509 2303 3557 mento
2331 3502 2533 3571 potius,
2567 3514 2730 3571 quam
2757 3503 2980 3557 nomine
3047 3503 3290 3572 proprio.
3338 3501 3470 3557 Nam
3519 3504 3678 3560 Cala-

2122 3597 2282 3668 pinus
2324 3596 2645 3651 vocabulum
2709 3608 3024 3665 corruptum
3088 3606 3171 3654 est
3224 3614 3286 3652 ex
3345 3598 3565 3664 Z-‘lebi,
3613 3602 3682 3655 de

2122 3688 2278 3757 cujus
2307 3690 2611 3758 significato
2642 3703 2806 3758 supra
2839 3689 3171 3744 monuimus.
3215 3692 3316 3744 Alii
3359 3690 3676 3761 Cliialapum

2123 3782 2329 3847 dixere,
2372 3781 2604 3850 quodex
2634 3781 2825 3836 eodem
2853 3783 3024 3836 zclcbi
3073 3781 3275 3837 factum
3311 3798 3481 3852 paret.
3512 3785 3681 3854 Major

2125 3874 2351 3930 aliorum
2378 3872 2650 3943 opinione,
2685 3873 2778 3943 qui
2813 3872 2949 3927 duos
2982 3873 3210 3939 faciunt,
3262 3874 3522 3931 'l'ursincs
3552 3887 3681 3932 arta-

2124 3966 2197 4021 tis
2239 3980 2425 4018 mense
2481 3963 2691 4018 decimo
2744 3973 2935 4020 octavo
3005 3974 3230 4019 necatus
3277 3967 3357 4035 (ut
3418 3967 3589 4036 aiunt)
3649 3984 3679 4021 a

2128 4056 2459 4111 Mucliemete
2489 4057 2747 4120 secundo,
2780 4070 2973 4110 nomen
3022 4055 3179 4110 liabet
3221 4056 3478 4124 insolens,
3509 4068 3563 4113 et
3596 4059 3681 4112 in-

2126 4148 2841 4218 coguitumOsmauidarum
2916 4148 3156 4205 familiaz.
3213 4150 3314 4203 Per
3360 4166 3445 4205 me
3498 4160 3675 4205 tamen

2126 4242 2193 4298 de
2219 4241 2326 4306 his,
2359 4251 2415 4295 ut
2448 4240 2674 4310 quilibet
2704 4239 2968 4294 arbitratu
2994 4255 3093 4295 suo
3138 4252 3367 4303 Statuat,
3416 4242 3560 4296 licet.
3595 4244 3680 4298 Si-

2130 4334 2311 4388 militis
2339 4334 2499 4388 etiam
2554 4346 2718 4391 vero.
2771 4331 3038 4400 siquidem
3098 4333 3317 4386 oumino
3370 4330 3519 4387 fuere
3571 4333 3680 4389 duo

2132 4426 2346 4487 fratres,
2372 4423 2597 4480 Muralis
2633 4439 2697 4477 ex
2733 4421 3109 4491 Splienderina
3148 4423 3239 4476 filii
3270 4438 3408 4477 unus
3450 4434 3571 4493 post
3601 4426 3679 4477 al—

458 4518 633 4573 Natus
677 4516 822 4571 enim
872 4515 973 4569 fuit
1036 4514 1399 4569 Mucliemetes
1454 4531 1597 4568 anno
1629 4512 1860 4570 Tureico
1919 4514 2022 4570 835
2055 4527 2096 4581 ο
2126 4523 2300 4569 terum
2338 4514 2610 4569 tainbrevi
2653 4512 3207 4582 temporisintcrvallo
3234 4513 3345 4568 nati
3374 4553 3389 4576 ,
3449 4528 3679 4581 puerum

460 4610 612 4677 (Clir.
651 4608 832 4677 ΝΞΟ).
872 4608 1103 4663 llluratcs
1121 4616 1300 4662 autem
1328 4608 1485 4661 duxit
1543 4607 1732 4662 lrcneu
1781 4608 2022 4675 quinque

461 4712 579 4771 post
607 4701 788 4763 annis,
849 4698 1232 4753 Mahumetano
1286 4697 1499 4753 scilicet
1545 4697 1671 4751 838.
1723 4695 1838 4751 Non
1890 4713 2020 4764 ergo

461 4794 636 4864 potuit
659 4794 839 4848 lrenes
866 4808 989 4849 esse
1009 4791 1155 4849 filius
1190 4789 1573 4845 Muchemetes.
1605 4788 1875 4845 Praeterea
1917 4806 2023 4843 non

461 4887 723 4955 potuisset
756 4900 823 4938 ex
860 4884 1011 4937 lreuc
1040 4890 1200 4936 natus
1235 4879 1394 4934 initio
1420 4880 1568 4949 regni
1603 4880 1786 4949 plures
1845 4880 2023 4934 aetatis

459 4994 635 5033 annos
658 4976 872 5039 habere,
905 4988 1065 5043 quam
1102 4972 1375 5026 sexdecim
1402 5010 1419 5037 ,
1465 4986 1591 5025 eum
1650 4979 1829 5024 tamen
1887 4986 2023 5025 con-

461 5078 567 5124 stet
599 5068 870 5136 impcrare
921 5063 1133 5132 cepisse
1191 5069 1378 5115 natum
1448 5059 1636 5130 viginti
1685 5074 1849 5113 unum
1882 5059 2025 5127 plus

462 5159 643 5213 minus
670 5168 865 5209 annos.
903 5151 1013 5207 Nec
1060 5151 1255 5206 lrcnrn
1323 5149 1493 5204 fuisse
1548 5150 1747 5203 dit-tam
1806 5147 2022 5219 Georgii

461 5248 699 5316 despotic
764 5244 952 5307 tiliam,
997 5244 1093 5297 sed
1143 5241 1401 5303 Mariam,
1451 5237 1804 5295 ostendemus
1865 5240 2023 5301 infra,

465 5349 695 5390 numero
719 5332 810 5399 96,
839 5347 998 5403 quem
1025 5330 1204 5385 locum
1231 5330 1401 5385 lector
1430 5344 1553 5382 eum
1585 5331 1686 5382 lioe
1706 5327 2022 5397 conjungat.

464 5426 634 5492 Quem
672 5439 833 5492 porro
863 5420 1321 5492 Sponderbciuin,
1349 5421 1583 5474 nobilem
1618 5421 1670 5472 in
1703 5421 2025 5475 Panderatia

469 5516 833 5586 Satrapamex
855 5512 1029 5568 Enca
1058 5513 1227 5568 Silvio
1252 5521 1409 5566 vocat
1439 5511 1787 5573 Rt-inet‘cius.
1818 5521 2025 5580 patrem

467 5608 721 5663 secunda:
752 5606 973 5661 Muratis
994 5606 1218 5661 secundi
1261 5605 1528 5673 conjugis,
1557 5601 1891 5671 Speudt-rrm
1947 5604 2027 5656 di—

468 5708 614 5755 etum
663 5701 890 5769 legimus
919 5699 973 5753 iu
997 5697 1144 5753 edito
1175 5697 1409 5752 Laonico
1436 5712 1450 5759 ;
1479 5695 1622 5764 quod
1664 5710 1859 5750 nomen
1887 5695 2025 5747 idem

472 5803 555 5849 est
583 5808 700 5848 cum
726 5790 1064 5863 Splicndere,
1088 5804 1244 5859 quem
1276 5788 1636 5845 lsveudiarein
1667 5787 1829 5841 Tttrei
1848 5788 2028 5857 appel-

2126 4614 2253 4657 natu
2306 4602 2563 4668 majorem
2632 4601 2935 4657 octodecim
3001 4604 3266 4656 mensium
3342 4602 3683 4672 deportatum

2127 4695 2294 4749 fuisse
2329 4692 2860 4759 Constantinopolim
2913 4700 2968 4747 et
3002 4690 3278 4757 Venetias,
3336 4703 3390 4748 ut
3441 4710 3684 4749 scrvare—

2126 4794 2235 4849 tur,
2290 4787 2436 4855 quod
2489 4782 2724 4839 Gait'raeo
2778 4784 2998 4851 placet,
3065 4799 3226 4855 quam
3260 4800 3353 4841 sex
3418 4786 3683 4841 mensium

2128 4874 2406 4938 infantem,
2442 4874 2584 4944 quo!
2618 4871 2929 4929 Reineecio.
2955 4872 3223 4928 Caeterum
3262 4876 3407 4929 inter
3431 4874 3687 4944 Bajazitis

2127 4966 2346 5022 secundi
2374 4967 2597 5032 liberos,
2643 4982 2742 5022 nec
2792 4967 2930 5021 Alim
2965 4968 3165 5037 Capita:
3228 4978 3522 5035 satrapam,
3587 4982 3687 5020 nec

2130 5058 2387 5113 Moralem
2431 5069 2705 5127 satrapam
2769 5056 3129 5127 Trapezuntis
3170 5057 3347 5128 posui,
3403 5066 3516 5111 tum
3542 5059 3684 5127 quod

2130 5150 2464 5213 Menavinus,
2496 5150 2650 5204 testis
2677 5148 2949 5213 oculatus,
2982 5149 3179 5202 borum
3206 5164 3310 5201 non
3350 5148 3682 5203 meminerit:

2129 5253 2241 5295 tum
2266 5240 2455 5301 etiam,
2513 5241 2658 5309 quod
2714 5238 3068 5308 Trapcznutis
3124 5236 3502 5307 pricfccturam
3546 5236 3689 5292 Soli.

2130 5348 2269 5388 metu
2324 5331 2667 5396 obtinuisse,
2728 5330 2931 5385 nostris
2988 5346 3053 5385 cx
3106 5329 3416 5392 annalibus,
3474 5338 3526 5383 et
3570 5329 3686 5398 ipso

2131 5422 2416 5478 Menavino
2442 5429 2677 5487 constet,
2721 5421 2951 5489 indeque
3005 5421 3246 5489 Capham
3292 5420 3683 5480 transntisisse.

2130 5530 2255 5567 cum
2296 5514 2363 5568 de
2383 5512 2953 5583 oceupandoiniperio
2971 5512 3275 5583 cogitaret;
3327 5525 3435 5579 quo
3471 5526 3529 5565 se
3578 5526 3683 5564 non

2130 5605 2475 5667 contulisset,
2502 5607 2547 5659 si
2578 5604 2772 5659 fuisset
2807 5604 2929 5657 istic
2984 5603 3097 5658 Alis
3147 5603 3335 5664 frater,
3394 5602 3684 5655 conatibus

2132 5698 2268 5753 haud
2306 5697 2469 5753 dubie
2503 5697 2717 5752 Selitnis
2740 5696 3064 5759 obstiturus,
3129 5694 3223 5761 qui
3282 5694 3514 5746 aliorum
3569 5691 3682 5745 fra-

2134 5802 2275 5845 trum
2308 5788 2691 5857 impedimcnta
2726 5796 2995 5851 metuens,
3049 5786 3149 5837 hoc
3185 5785 3359 5854 ipsum
3413 5784 3512 5837 iter
3545 5782 3681 5835 arri-
