4204 6300
484 360 584 424 72]

1705 371 2025 431 JOANXIS
2062 370 2522 430 LEUNCLAVH

3620 369 3721 436 726

482 487 692 542 puerat.
755 477 995 533 Asiatico
1040 481 1212 546 magis
1265 484 1701 552 compendiario,
1757 489 2045 553 minusque
2081 491 2120 544 Α
2155 497 2374 556 propter
2408 487 2554 538 iilins
2579 483 2750 538 Graeci
2812 485 3089 547 virtutem,
3149 483 3417 552 fortiaque
3445 484 3715 549 facinora,

482 568 708 632 dimcili.
740 571 952 627 relicto.
1006 573 1156 628 thni
1213 576 1381 633 fuisse
1415 577 1608 645 lilium,
1665 580 1830 634 tradit
1883 580 2046 634 etiam

483 663 817 718 secretarius
883 663 1217 734 Sigismundi
1256 667 1573 734 Malatcsue,
1649 671 1742 740 qui
1770 671 1954 726 multis
1996 671 2048 723 in

484 752 689 809 Grarcia
733 763 862 812 tunc
887 769 941 811 et
970 759 1096 813 Asia
1122 764 1288 830 gestis
1337 763 1504 819 rebus
1537 763 1808 819 interluit.
1859 762 2052 817 Fortu-

485 862 608 901 nam
643 847 828 918 hujus,
861 861 915 905 et
937 853 1261 921 liberorum,
1298 859 1577 911 memoriae
1600 858 1838 926 prodidit
1879 857 2053 926 Span—

484 940 741 1010 dugintts,
775 943 868 997 sed
903 947 1127 998 nomina
1156 961 1263 1000 non
1291 950 1566 1018 exposuit.
1606 948 1738 1003 Vide
1762 965 1883 1018 quae
1912 950 2052 1002 infra

486 1033 819 1101 notabimus,
879 1038 1056 1105 capite
1116 1039 1238 1094 155.
1309 1039 1592 1096 Sultanum
1647 1043 2051 1105 Solcimanem,

485 1123 704 1179 Selimis
742 1126 936 1191 filium,
971 1131 1273 1186 secundum
1307 1149 1462 1198 voco,
1520 1151 1627 1189 non
1668 1145 1918 1202 respectu
1955 1135 2054 1188 So—

487 1217 762 1284 leimanis,
825 1219 1098 1277 Urchanis
1159 1225 1278 1288 lilii,
1339 1227 1432 1295 qui
1470 1243 1573 1280 non
1641 1229 1913 1291 suitanus,
1959 1231 2053 1283 sed

487 1312 778 1379 sangiacus
808 1314 1071 1369 duntaxat
1106 1319 1226 1382 fuit,
1263 1336 1360 1375 nec
1424 1323 1560 1390 patri
1621 1323 1919 1377 succedere
1953 1337 2054 1390 pe-

491 1403 613 1465 tnit,
647 1417 771 1456 cum
806 1417 932 1460 ante
959 1418 1166 1476 patrem
1212 1412 1283 1465 sit
1339 1425 1630 1469 mortuus:
1688 1414 1786 1467 scd
1848 1414 2056 1468 ratione

489 1497 634 1552 illius
675 1498 866 1554 emiris
892 1500 1241 1565 Soleimauis,
1277 1504 1532 1574 Bajazitis
1557 1505 1875 1562 Gilderunis
1938 1507 2056 1570 filii,

488 1589 828 1647 snitanorum
871 1593 923 1645 in
960 1594 1156 1651 ordine
1182 1597 1382 1663 quinti,
1414 1613 1575 1667 quem
1629 1613 1914 1668 perperam
1967 1599 2057 1652 alii

489 1677 887 1735 Mulsumanem
913 1692 1130 1738 vocant.
1164 1686 1409 1758 Denique
1471 1692 1742 1744 monitum
1797 1690 2055 1746 lectorem

495 1771 638 1838 velo,
680 1774 896 1829 meliac
962 1776 1014 1831 in
1065 1782 1380 1850 genealogia
1440 1792 1664 1837 notasse
1720 1783 2059 1838 sultanorum

2152 575 2360 630 territis
2393 575 2666 639 omnibus,
2692 588 2853 628 nemo
2897 589 3021 627 cum
3047 573 3152 628 hoc
3185 573 3548 628 dimicaturus
3601 589 3718 629 cer-

2157 670 2357 722 tamine
2415 669 2678 738 singulari
2755 669 3020 738 prodiret,
3079 670 3293 723 tandem
3353 672 3720 727 armentarius

2154 761 2376 830 quidam
2402 775 2469 815 ex
2515 760 2747 829 posteris
2804 762 3023 828 Oguzis,
3085 776 3245 829 quem
3286 777 3447 816 nemo
3494 765 3720 832 scripto-

2158 871 2274 908 rum
2301 853 2659 908 Tureicorum
2684 854 2790 909 alio
2812 869 2975 923 quam
3005 853 3150 910 Delia
3204 855 3443 919 nomine,
3497 864 3720 923 propte-

2156 964 2246 1002 rea
2277 947 2420 1017 quod
2449 946 2613 1000 stulte
2653 947 2994 1011 temerarius,
3060 956 3114 1002 et
3142 947 3342 1006 intima:
3392 946 3722 1001 conditionis

2158 1043 2317 1096 homo
2345 1042 2523 1105 fuerit,
2551 1041 2805 1109 appellat,
2858 1041 3107 1095 Aladinis
3139 1041 3194 1094 in
3235 1050 3582 1110 conspectum
3635 1055 3725 1094 ve-

2159 1136 2329 1195 uicus,
2367 1133 2764 1188 vindicaturum
2813 1149 2871 1189 se
2902 1135 3186 1202 profitetur
3237 1133 3463 1204 injurias
3515 1133 3583 1187 ab
3634 1133 3727 1187 illo

2156 1223 2465 1280 Christiano
2491 1235 2572 1279 tot
2605 1225 2736 1280 vlt-is
2783 1225 3018 1279 fortibus
3049 1226 3241 1280 illatas.
3272 1224 3482 1292 Quibus
3504 1223 3724 1286 auditis.

2163 1320 2360 1374 mirum
2397 1319 2501 1373 sibi
2537 1319 2703 1374 videri
2739 1318 2874 1372 dixit
2903 1317 3182 1382 Aladines,
3223 1333 3286 1372 ex
3325 1319 3439 1373 suis
3497 1327 3578 1372 tot
3629 1317 3729 1371 mi-

2160 1411 2412 1466 litaribus
2437 1412 2565 1464 viris
2637 1412 2858 1482 reperiri
2912 1396 3204 1465 neminem.
3259 1411 3350 1481 qui
3412 1425 3511 1465 sua
3567 1424 3731 1465 causa

2163 1516 2239 1560 tot
2269 1506 2388 1560 neci
2415 1505 2574 1560 datas
2615 1505 2827 1560 animas
2855 1505 3042 1560 ulcisci
3081 1503 3259 1568 vellet,
3319 1513 3515 1575 praeter
3565 1519 3731 1560 unum

2165 1601 2311 1651 hunc
2332 1598 2560 1652 stultum
2594 1598 2890 1652 hominem.
2921 1595 2973 1650 ls
3037 1610 3166 1651 vero
3222 1597 3462 1655 iterum:
3494 1595 3733 1652 Obsecro

2167 1702 2240 1756 le,
2282 1692 2574 1760 princeps,
2625 1689 2818 1757 Inqui’t,
2881 1697 2942 1742 ne
2974 1702 3106 1756 pace
3151 1697 3241 1742 tua
3264 1704 3387 1744 cum
3447 1688 3553 1743 hoc
3601 1688 3734 1743 mihi

2165 1783 2477 1838 Christiano
2511 1797 2754 1853 pugnare
2781 1784 2960 1838 liceat.
2997 1781 3209 1852 Quippe
3239 1780 3285 1835 si
3322 1781 3561 1836 maxime
3622 1797 3735 1837 mo-

492 1880 684 1929 annos,
710 1867 912 1937 quibus
949 1870 1292 1939 ituperarint,
1325 1873 1781 1930 Mabumetanos:
1816 1878 1908 1946 qui
1939 1877 2060 1947 qui-
2097 1856 2134 1907 Β
2171 1878 2299 1943 rlar,
2336 1875 2588 1946 exiguam
2634 1877 2750 1944 ipse
2772 1877 3052 1950 jacturam
3100 1874 3288 1939 facies,
3360 1876 3560 1930 amisso
3596 1876 3738 1928 dun-

495 1958 619 2013 dem
649 1959 712 2013 ad
746 1977 921 2018 annos
962 1963 1303 2022 Christianos
1366 1982 1471 2038 qua
1511 1970 1717 2023 ratione
1767 1969 1936 2040 redigi
1968 1971 2057 2026 de-

500 2052 683 2118 lirant,
714 2055 874 2122 paulo
915 2067 1038 2126 post
1062 2059 1363 2126 esposituri
1404 2061 1843 2116 Suntus.f1.etera
1900 2063 2064 2134 hujus

498 2147 849 2218 gent-alogias,
883 2152 1195 2218 prolixioris
1247 2154 1621 2222 explicationis
1687 2154 1827 2208 haud
1885 2166 2062 2226 egent.

500 2237 678 2294 Unum
711 2243 981 2299 duntaxat
1016 2247 1117 2301 hoc
1166 2246 1329 2311 addo,
1392 2247 1597 2316 liquere
1654 2249 1721 2302 de
1773 2248 1873 2304 hac
1923 2252 2066 2305 serie

501 2332 854 2388 Sullanorum
912 2335 1373 2401 Osmanidarum,
1468 2341 1730 2396 hactenus
1813 2357 2068 2415 regnasse

501 2427 749 2480 sultanos
773 2428 1088 2493 duodecim,
1131 2431 1270 2486 linea
1306 2433 1535 2495 directa,
1584 2432 1706 2487 ﬁliis
1765 2433 1817 2486 in
1857 2443 2064 2504 patrum

504 2521 616 2573 loca
649 2521 1064 2578 succedentibus
1095 2538 1109 2574 :
1143 2525 1280 2580 duos
1325 2541 1472 2591 vero,
1535 2526 1784 2580 videlicet
1845 2528 2067 2581 emirem

500 2612 906 2681 Soieimanem,
960 2626 1013 2670 et
1065 2616 1273 2671 Musam
1332 2616 1582 2682 zelehltn,
1639 2632 1703 2672 ex
1761 2630 2071 2672 transverso

503 2707 813 2775 irrepsisse.
840 2709 1005 2764 nullis
1039 2709 1092 2764 in
1119 2710 1347 2780 imperio
1381 2721 1503 2781 post
1539 2727 1598 2766 se
1621 2711 1826 2766 relictis
1858 2710 2066 2765 liberis:

503 2802 645 2868 quod
667 2801 908 2857 vaticinii
935 2802 1220 2870 cujusdam
1256 2805 1464 2872 antiqui
1507 2818 1671 2857 causa
1723 2802 2074 2856 dissimulare

506 2910 612 2949 non
645 2895 1004 2966 debui,cujus
1029 2897 1235 2952 exitum
1271 2896 1507 2952 fortasse
1532 2898 1751 2951 tandem
1783 2896 2073 2965 aliquando

504 2987 830 3043 vidrbimus.

721 3131 773 3182 t.
802 3126 878 3184 Ds
911 3129 1112 3197 origin:
1135 3129 1469 3183 saltauerunt
1504 3129 1862 3187 Tut'cicontm.

588 3261 852 3331 l-J'qu'dem
882 3263 1019 3317 nihil
1070 3266 1332 3320 hactenus
1377 3264 1561 3320 inveni
1615 3265 1892 3319 memoria:
1944 3277 2075 3332 pro-

511 3354 684 3408 ditum
717 3363 810 3407 aut
838 3354 1074 3423 plenius,
1108 3363 1200 3409 aut
1234 3357 1444 3419 verius,
1478 3364 1573 3408 aut
1603 3354 1796 3410 saltem
1817 3354 2077 3418 similius,

511 3450 581 3503 de
614 3447 826 3519 origine
860 3448 1202 3502 suitanorum
1235 3449 1683 3515 Osmanidarum,
1717 3463 1883 3518 quam
1934 3449 2080 3523 quod

515 3541 601 3592 hic
631 3539 684 3593 in
719 3538 1018 3592 Annalibus
1051 3537 1267 3608 legitur.
1325 3536 1526 3593 Facere
1557 3545 1740 3594 tamen
1793 3553 1901 3593 non
1958 3552 2085 3606 pos-

517 3643 664 3693 sum,
690 3628 822 3696 quin
852 3627 1073 3683 lectoris
1097 3644 1260 3683 causa
1287 3668 1303 3693 ,
1360 3629 1725 3698 cognoscendi
1775 3644 1862 3683 res
1896 3627 2085 3683 Turci-

518 3736 610 3774 «δε
635 3723 890 3787 studiosi,
922 3721 1170 3792 quaedam
1206 3723 1308 3777 hoc
1338 3722 1460 3777 loco
1502 3721 1817 3791 subjiciam,
1851 3736 1882 3775 a
1906 3721 2084 3776 Theo-

521 3815 659 3870 doro
691 3814 1043 3885 Spandugino
1069 3815 1452 3870 Cantacuzeno
1482 3815 1701 3869 tradita.
1757 3814 1953 3869 Narrat
2015 3815 2084 3879 is,

523 3923 580 3961 se
600 3919 804 3977 quanta
840 3909 1076 3962 maxima
1106 3908 1347 3977 potuerit
1369 3909 1643 3977 diligentia
1689 3907 2088 3977 eonquisivisse

522 4004 818 4070 scriptores
875 4016 1058 4055 rerum
1124 4000 1503 4065 Tureicarum,
1539 4001 1630 4070 qui
1686 4000 1953 4068 originem
1985 3997 2089 4056 Os-

526 4095 755 4148 manicze
790 4092 1010 4146 familiae
1065 4093 1351 4147 rctulerint
1389 4093 1442 4146 in
1478 4093 1710 4154 litteras,
1770 4095 1949 4162 tlequc
2001 4092 2089 4146 bis

526 4192 739 4238 tandem
798 4184 1176 4240 intellexisse:
1242 4185 1568 4253 principium
1623 4185 1786 4254 hujus
1843 4185 2092 4239 extitisse

525 4278 852 4345 quibusdam
911 4277 980 4331 ab
1020 4278 1404 4340 armcntariis,
1458 4277 1678 4330 natione
1737 4273 1972 4339 Tataris,
2025 4290 2089 4329 ex

527 4370 845 4438 posteritate
873 4371 1156 4441 cujusdam
1195 4368 1418 4435 Oguzis.
1448 4367 1645 4422 Multas
1674 4369 1816 4422 enim
1864 4367 2092 4422 Tataro-

528 4481 648 4518 rum
680 4464 916 4518 familias
950 4463 1001 4516 id
1037 4463 1315 4531 temporis,
1349 4476 1472 4514 cum
1523 4461 1770 4514 sultanus
1806 4461 2088 4521 Aladines,

2168 1978 2316 2024 taxat
2367 1969 2586 2024 homine
2637 1969 2825 2024 stulto.
2895 1969 2992 2024 His
3054 1969 3235 2033 dictis,
3297 1968 3584 2038 impetrata
3642 1983 3740 2036 pu-

2170 2061 2642 2130 gnandilicentia,
2683 2062 2934 2131 quamvis
2996 2075 3138 2130 agre
3189 2064 3486 2132 permoveri
3540 2075 3599 2115 se
3650 2075 3740 2130 pa-

2173 2166 2379 2210 teretur
2431 2155 2728 2217 Aladines,
2781 2163 2838 2208 ut
2867 2154 2915 2208 ei
2946 2170 3069 2213 cum
3129 2155 3298 2211 altero
3349 2152 3740 2222 congrediundi

2172 2258 2494 2317 potestatem
2523 2246 2748 2313 faceret,
2808 2247 2991 2316 prodit
3020 2247 3072 2300 in
3108 2249 3346 2310 hostem,
3385 2247 3742 2312 manibusque

2172 2358 2296 2397 Cum
2329 2357 2392 2397 eo
2472 2342 2761 2403 consertis,
2825 2350 3047 2395 strenue
3100 2339 3411 2402 dimicando
3457 2340 3742 2399 victoriam

2175 2435 2390 2488 tandem
2439 2434 2723 2502 apiscitur.
2783 2432 3060 2493 Aladines.
3120 2439 3177 2484 ut
3209 2433 3444 2486 hominis
3486 2435 3740 2487 virtutem

2174 2527 2356 2598 aliquo
2380 2526 2600 2592 pratulo
2629 2533 3092 2586 remuneraretur,
3119 2522 3166 2573 ei
3201 2521 3383 2579 villam
3433 2521 3743 2579 Otomanzi-

2176 2634 2292 2672 ram
2325 2620 2469 2672 dono
2496 2615 2679 2681 dedit;
2709 2633 2737 2669 a
2772 2630 2880 2684 qua
2911 2629 3108 2673 nomen
3163 2615 3580 2683 Otomanorum,
3638 2613 3742 2669 De,

2177 2711 2241 2763 iis
2272 2708 2431 2777 hujus
2458 2708 2657 2777 posteri
2710 2723 3013 2778 sumpsere.
3069 2709 3210 2765 Cum
3265 2710 3409 2765 enim
3474 2724 3570 2783 per
3623 2723 3742 2762 eam

2177 2819 2338 2873 quam
2422 2801 2684 2862 diximus,
2753 2800 3059 2867 victoriam,
3114 2802 3356 2857 nominis
3405 2802 3491 2858 sui
3543 2797 3741 2854 famam

2178 2899 2336 2966 longe
2366 2897 2584 2966 lateque
2611 2906 2976 2971 propagasset,
3031 2913 3136 2952 non
3190 2898 3305 2967 ipse
3347 2899 3742 2963 tantummodo,

2129 3044 2136 3051 ,
2180 3005 2368 3043 verum
2397 2989 2557 3044 etiam
2601 2989 2910 3058 complures
2941 2990 3053 3053 alii,
3105 3004 3242 3058 quos
3304 3003 3334 3044 e
3380 2989 3597 3050 Talaria
3651 3004 3745 3042 ve-

2183 3084 2328 3138 nisse
2349 3082 2795 3144 memoravimus,
2822 3081 3120 3135 habitatum
3151 3083 3202 3134 in
3231 3079 3580 3136 Otomauzica
3613 3095 3748 3149 pago

2179 3187 2239 3228 se
2271 3175 2638 3228 contulerunt.
2666 3173 2873 3241 Quippe
2899 3171 3114 3226 volebat
3167 3187 3255 3226 res
3291 3172 3409 3224 istic
3431 3185 3562 3224 suas
3622 3183 3745 3222 cum

2182 3268 2304 3321 aliis
2347 3267 2448 3319 sibi
2512 3279 2836 3327 communes
2869 3278 3030 3319 esse:
3085 3279 3192 3336 qua
3252 3263 3320 3316 de
3374 3277 3542 3323 causa
3599 3261 3748 3316 nullo

2183 3375 2351 3428 prope
2382 3357 2602 3428 negotio
2632 3357 2878 3426 perfecit,
2919 3367 2977 3410 ut
3005 3372 3069 3411 eo
3140 3365 3332 3424 sponte
3361 3370 3459 3409 sua
3520 3369 3746 3424 magnus

2183 3450 2463 3505 hominum
2495 3459 2842 3505 concurreret
2871 3463 3155 3521 numerus,
3185 3450 3408 3514 ipseque
3450 3461 3620 3520 pagus
3666 3446 3747 3498 in-

2184 3555 2518 3596 crementum
2555 3555 2661 3595 non
2693 3541 2947 3611 exiguum
2994 3549 3230 3609 raperet.
3291 3540 3513 3608 thuia
3567 3538 3751 3593 Chris-

2188 3636 2460 3684 tianurutn
2500 3632 2552 3684 in
2585 3630 2653 3684 iis
2682 3631 2814 3692 locis
2844 3631 3142 3694 excidium,
3169 3644 3195 3682 a
3232 3632 3348 3685 suis
3381 3628 3748 3698 profecturum

2187 3723 2443 3792 posteris,
2507 3723 2871 3790 previdebat,
2933 3723 3092 3777 etiam
3145 3721 3470 3776 durantibus
3523 3721 3756 3776 induciis

2186 3815 2540 3871 excursiones
2569 3815 2619 3868 in
2649 3828 2816 3891 pagos
2839 3814 3275 3869 Christianorum
3320 3812 3574 3885 faciebat,
3624 3828 3752 3869 eos—

2187 3922 2293 3976 que
2312 3907 2554 3976 direptos
2585 3906 2732 3962 ferro
2783 3915 2837 3960 et
2869 3907 2976 3977 igni
3033 3907 3486 3976 depopulabatur.
3539 3904 3759 3966 Primus

2189 4014 2255 4054 es
2290 3998 2377 4053 his
2424 4000 2575 4067 pagis
2629 3998 2852 4055 Ditnbos
2910 3998 3297 4067 appellabatur,
3355 3996 3496 4066 quod
3561 4013 3754 4052 nomen

2190 4092 2373 4153 lingua
2405 4091 2633 4146 Turcica
2663 4089 2785 4146 fidei
2824 4091 3182 4146 mutationem
3234 4089 3536 4159 signiﬁcat,
3594 4105 3755 4159 quam

2193 4196 2380 4236 revera
2412 4197 2758 4237 successores
2785 4184 2958 4252 ipsius
3008 4183 3448 4239 introduxerunt.
3503 4183 3759 4236 Aladines

2196 4275 2483 4330 intellectis
2526 4274 2676 4331 hisce
2708 4274 2851 4328 Deiis
2909 4274 3150 4342 rapinis,
3184 4275 3334 4329 misit
3366 4291 3427 4329 es
3475 4278 3614 4341 suis,
3665 4275 3759 4344 qui

2195 4381 2318 4420 eum
2344 4375 2662 4420 arcesseret.
2697 4365 2832 4419 Nam
2860 4381 3001 4440 aegre
3031 4364 3259 4429 ferebat,
3288 4367 3402 4418 haec
3438 4366 3505 4419 ab
3564 4379 3629 4422 eo
3667 4379 3762 4432 pa-

2197 4457 2274 4511 cis
2302 4457 2720 4513 etinduciarum
2749 4466 2992 4523 tempore
3015 4457 3304 4516 committi.
3354 4456 3497 4511 Delis
3545 4459 3613 4512 ab
3667 4456 3768 4513 illo

529 4559 702 4614 lconii
725 4557 994 4627 princeps,
1034 4569 1212 4610 rerum
1244 4555 1296 4607 in
1339 4555 1466 4608 Asia
1531 4556 1741 4606 minore
1798 4554 2087 4621 potiretur,
2124 4558 2166 4613 ι)
2195 4548 2338 4603 domi
2372 4565 2484 4604 sua:
2506 4549 2798 4622 quaesitus,
2826 4549 2967 4603 forte
3000 4558 3132 4604 tunc
3189 4549 3400 4613 aberat,
3452 4551 3763 4606 excursioni

532 4650 749 4704 venisse.
792 4648 1077 4713 quaesitum
1138 4644 1294 4706 sedes
1351 4644 1455 4697 sub
1508 4642 1755 4697 Aladinis
1815 4644 2088 4720 imperio:

533 4741 837 4809 quasiuter
863 4747 916 4792 et
943 4737 1044 4792 ista
1099 4736 1287 4790 fuerit.
1348 4736 1606 4789 Aladines
1665 4745 1845 4790 autem
1904 4736 2091 4803 gravia

535 4834 672 4888 bella
715 4831 953 4900 gerebat,
983 4829 1179 4898 inquit,
1216 4837 1481 4882 adversus
1541 4829 1922 4897 imperatorem
1955 4828 2096 4882 Con-

537 4924 1095 4993 sumtiuopolitanum,
1124 4922 1216 4994 qui
1251 4933 1367 4974 erat
1414 4936 1477 4972 ex
1537 4919 1739 4972 familia
1793 4919 2095 4974 Somnena.

539 5025 596 5073 In
632 5021 779 5073 hisce
807 5016 966 5071 bellis
1005 5015 1228 5076 accidit,
1285 5024 1342 5067 ut
1372 5013 1591 5081 quidam
1623 5028 1812 5082 eques,
1880 5015 2098 5070 natione

535 5113 778 5169 (iuncus,
811 5105 1296 5174 virmagnanimus
1345 5112 1398 5156 et
1432 5103 1744 5166 bellicosus,
1811 5106 1864 5155 in
1919 5105 2095 5156 omni-

539 5198 638 5248 lius
667 5191 863 5247 duellis
929 5201 1118 5245 contra
1186 5191 1408 5260 quosvis
1467 5192 1715 5259 superior
1754 5191 1915 5262 393
1975 5207 2099 5245 cva-

538 5289 710 5351 derct,
769 5295 932 5353 atque
966 5283 1110 5336 inter
1146 5282 1284 5336 alios
1314 5285 1477 5336 etiam
1527 5283 1816 5352 quemdam
1873 5286 1925 5336 in
1988 5286 2100 5357 pri-

544 5380 648 5433 mis
702 5378 922 5431 sultauo
977 5375 1188 5429 Aladini
1272 5377 1541 5437 charum,
1605 5376 1787 5444 prazlio
1838 5376 2101 5444 singulari

548 5491 562 5510 κ
582 5473 774 5531 ἱνιιιιιι,
807 5468 1102 5522 occideret.
1131 5467 1385 5520 Aladiucs
1411 5482 1610 5534 magno
1658 5484 1778 5519 cum
1813 5468 1977 5520 animi
2007 5470 2102 5521 do-

543 5567 660 5619 lore
689 5578 988 5619 conversus
1020 5562 1084 5613 ad
1130 5575 1298 5614 suos:
1337 5560 1471 5625 Quis
1529 5572 1791 5623 vestrum,
1835 5562 1930 5622 ait,
1967 5576 2103 5614 con-

547 5653 696 5723 gredi
723 5669 843 5708 cum
881 5654 981 5707 hoc
1015 5652 1158 5705 ausit
1212 5649 1542 5710 Christiano,
1585 5650 1676 5716 qui
1735 5659 1809 5702 tot
1842 5651 2105 5704 hactenus

547 5762 608 5799 ex
644 5745 802 5805 meis,
842 5753 894 5797 et
925 5758 1068 5795 nunc
1100 5741 1393 5807 praesertim
1450 5741 1530 5792 vel
1583 5741 1814 5793 maxime
1877 5741 2103 5794 familia-

551 5853 665 5892 rem
725 5837 865 5891 hunc
931 5837 1061 5902 mihi,
1091 5835 1156 5889 de
1212 5834 1388 5889 medio
1442 5831 1854 5887 sustulit?Cutn
1923 5843 2102 5887 autem

2205 4657 2356 4695 novre
2383 4641 2652 4704 intentus,
2678 4655 2782 4708 qua
2815 4656 3008 4710 pagunt
3055 4642 3363 4710 occupavitl
3395 4643 3487 4711 qui
3539 4642 3640 4696 Sar
3681 4643 3765 4698 di-

2202 4734 2361 4787 citur.
2396 4731 2449 4786 In
2482 4732 2695 4795 itinere,
2723 4748 2832 4800 quo
2855 4732 3079 4789 domum
3131 4748 3256 4786 cum
3297 4734 3476 4802 praeda
3528 4745 3766 4792 τοῖοι-ιε-

2205 4823 2578 4887 batur,asuis
2613 4825 2661 4878 ei
2721 4823 3082 4893 significatum
3138 4825 3277 4892 fuit,
3331 4826 3612 4882 Aladinem
3659 4842 3772 4884 nio-

2205 4918 2334 4969 lcste
2361 4916 2519 4977 ferre,
2540 4916 2682 4984 quod
2710 4931 2803 4984 per
2830 4917 3079 4970 inducias
3100 4917 3168 4970 ab
3195 4931 3261 4973 eo
3287 4918 3528 4985 Dimbos,
3567 4919 3766 4988 aliique

2208 5011 2324 5075 pagi
2367 5009 2508 5076 capti
2536 5008 2808 5072 fuissent;
2877 5009 3104 5077 ideoque
3155 5010 3389 5077 misisse,
3429 5013 3520 5080 qui
3580 5029 3763 5067 coram

2208 5098 2433 5151 Aladinc
2469 5097 2635 5152 Delim
2679 5099 2892 5165 iuberet
2944 5115 3278 5168 comparere.
3343 5103 3485 5158 Delis
3538 5104 3639 5157 hoc
3677 5119 3770 5159 co-

2207 5192 2379 5259 gnito,
2403 5206 2525 5244 mox
2550 5205 2733 5246 secum
2774 5192 2961 5244 statuit
2991 5193 3163 5260 prius,
3197 5209 3356 5265 quam
3405 5210 3528 5251 eum
3587 5196 3766 5264 prmda

2209 5285 2426 5338 domum
2459 5282 2673 5344 rediret,
2708 5283 2925 5338 Aiadini
2954 5298 3012 5338 se
3034 5284 3226 5339 sistere
3257 5325 3275 5350 ,
3312 5302 3421 5355 quo
3485 5301 3642 5344 suam
3689 5288 3767 5340 illi.

2211 5378 2607 5428 demonstraret
2665 5374 3051 5430 obedientiam.
3127 5376 3184 5432 Id
3239 5379 3588 5445 conspicatus
3647 5379 3774 5433 Ala-

2211 5466 2388 5526 dines,
2451 5466 2665 5534 cuipam
2715 5465 2826 5520 Deli
2867 5467 3270 5523 condonavitea
3301 5467 3437 5536 lege,
3505 5484 3572 5530 ne
3619 5469 3769 5525 dein-

2211 5575 2339 5627 ceps
2364 5559 2557 5613 vicinis
2583 5563 2842 5614 molestus
2872 5569 3055 5616 esset:
3090 5576 3154 5618 ac
3202 5563 3437 5618 retinere
3463 5562 3566 5617 sibi
3619 5577 3769 5615 man-

2213 5649 2561 5717 cipiajussit,
2593 5647 2763 5704 eSari
2795 5665 2932 5719 pago
2985 5662 3177 5719 rapta;
3238 5651 3452 5728 cuiusa
3499 5653 3620 5726 pagi
3672 5669 3772 5706 no-

2217 5744 2361 5794 mine
2381 5741 2622 5798 dctivata
2655 5743 2899 5796 creditur
2933 5744 3000 5795 ab
3063 5743 3335 5812 aliquibus
3387 5745 3636 5813 deinceps
3669 5743 3772 5798 Gc-

2219 5838 2525 5888 uizarcrum
2555 5835 2861 5904 appellatio,
2918 5850 3035 5904 qux
3066 5834 3290 5891 Turcica
3317 5835 3494 5906 lingua
3548 5836 3770 5908 juvene;
