4218 6308
469 344 577 408 125

1615 338 2011 400 PANDECTE
2039 337 2239 397 HIST.
2278 334 2562 395 TURCIC

3600 314 3704 380 726

463 471 494 509 c
520 454 642 510 Sari
676 471 811 527 pago
838 454 1129 525 signiticet.
1173 451 1375 509 Praeter
1401 454 1524 515 ista,
1573 451 1702 505 nihil
1734 452 1809 506 ait
1857 448 2034 518 Spau-
2063 448 2106 501 Α
2138 454 2469 516 recuperatae
2498 463 2528 496 ιι
2564 439 2824 496 Micitacle
2879 434 3200 505 Paiaeologo,
3264 431 3550 489 historiam
3616 444 3706 484 εον

465 549 702 616 duginus
753 559 964 601 exstare
1006 547 1071 600 de
1118 546 1218 600 hoc
1271 544 1384 600 Deli
1427 553 1728 598 memoratu
1770 543 2032 613 dignum:

465 639 569 693 nisi
593 640 733 708 quod
766 638 1015 692 historici
1048 636 1351 693 Turcorum
1383 634 1624 700 tradant,
1652 649 1778 690 eum
1837 634 2035 689 suitani

465 729 712 785 Aladinis
741 730 899 798 jussu
959 743 1169 783 veneno
1216 729 1490 784 sublatum
1558 728 1748 791 fuisse,
1825 739 1926 781 nec
1967 723 2039 778 ab

470 822 563 875 illu
624 832 863 891 tempore
925 824 994 876 de
1065 827 1165 876 hac
1213 823 1419 877 fattiiiia
1479 820 1775 891 quidquam
1821 818 2036 874 recitari

469 929 654 982 posse,
682 916 826 981 quod
850 931 1028 982 opera:
1065 916 1303 985 pretium
1326 915 1415 981 sit,
1468 913 1641 969 donec
1670 910 1884 966 tandem
1929 908 2038 980 pri-

470 1023 591 1060 mus
615 1006 915 1062 Turcorum
972 1009 1223 1063 sultauus
1258 1008 1460 1064 Osman
1496 1007 1549 1061 in
1605 1005 1677 1062 iis
1701 1004 1838 1059 locis
1890 1004 2039 1074 prin-

467 1101 702 1166 c-‘patum
736 1098 1067 1154 constituere
1092 1101 1338 1168 cmperit.
1382 1097 1507 1154 Haec
1530 1099 1702 1167 prima
1752 1096 1820 1151 de
1847 1093 2041 1152 Osma-

472 1190 719 1243 nidnrum
776 1191 985 1261 origine
1038 1190 1376 1262 Spandugiui
1428 1192 1670 1244 nat-ratio
1708 1200 1827 1253 est,
1884 1188 2042 1254 cuius

474 1282 605 1335 fides
642 1297 809 1349 penes
835 1295 1115 1337 auctorem
1170 1292 1313 1340 esto.
1360 1283 1560 1337 Deinde
1601 1282 1818 1353 subjieit
1868 1281 2039 1338 sulta-

481 1388 607 1424 nmn
665 1370 1082 1440 ﬂttobemetem,
1137 1374 1228 1443 qui
1290 1374 1824 1445 Constantinopolim
1876 1374 2040 1443 cepit,

473 1465 618 1519 nuilo
648 1465 807 1519 modo
834 1481 1068 1534 unquam
1100 1466 1385 1521 admittere
1408 1466 1645 1521 voluisse
1686 1465 2031 1521 narrationes

478 1558 719 1620 illorum,
782 1542 881 1626 qui
941 1558 1205 1612 familiam
1265 1558 1686 1614 Osnianidarum
1746 1574 1775 1613 a
1829 1557 2043 1613 Tataris

479 1652 824 1707 nrmentariis
872 1663 1043 1707 ortam
1103 1656 1422 1708 traderent:
1457 1668 1582 1707 cum
1649 1653 1764 1722 ipse
1819 1653 2043 1708 referret

2137 538 2355 604 sagiuta
2379 537 2498 607 plus
2542 535 2719 588 minus
2768 544 3038 587 annorum
3093 525 3405 595 descripsit,
3453 524 3704 579 suitanos

2137 629 2599 685 Musulmanorum
2663 624 3017 684 icouieuses,
3101 618 3345 681 Aladinis
3405 624 3703 685 posteros,

2137 721 2417 778 Azatincm
2439 728 2492 775 et
2521 715 2827 775 Jathatiues
2853 714 3015 778 duos,
3041 710 3373 767 Pcrsarchas
3444 706 3702 779 appellat,

2138 814 2281 883 quod
2316 810 2562 867 ePersia
2594 807 2849 880 profectis
2899 807 2951 859 in
2996 818 3059 859 ea
3115 802 3345 857 minoris
3395 800 3537 855 Asia!
3591 798 3706 853 loca

2139 905 2356 977 populis
2386 919 2511 959 cum
2571 902 2805 972 imperio
2855 904 3170 969 praeessent.
3222 893 3370 950 Idem
3418 891 3713 947 observare

2138 998 2285 1062 licet,
2314 997 2381 1052 ab
2409 996 2532 1053 aliis
2569 994 2733 1049 etiam
2785 992 2897 1047 lieri
2928 988 3132 1045 Graecis
3156 984 3456 1045 historicis.
3500 984 3585 1038 An
3614 982 3713 1038 aué

2140 1101 2246 1144 tem
2270 1106 2336 1146 ex
2364 1086 2691 1143 Tatarorum
2722 1072 3057 1153 regionibus,
3104 1087 3158 1134 et
3181 1077 3381 1150 quibus
3449 1075 3715 1146 tempori-

2142 1184 2267 1247 bus,
2313 1181 2365 1233 in
2426 1177 2666 1233 Pcrsiam
2728 1171 3166 1245 commigrarint,
3227 1170 3315 1224 hic
3364 1166 3561 1235 exponi
3604 1181 3711 1222 non

2142 1284 2225 1327 est
2260 1285 2502 1334 necesse,
2533 1283 2599 1322 ne
2631 1265 2796 1322 nimis
2818 1271 3100 1320 excrescat
3129 1258 3551 1317 commentatio.

2488 1381 2543 1437 2.
2574 1379 2741 1445 Aiem,
2790 1376 3113 1442 Padiscach,
3154 1374 3365 1432 Saltan.

2213 1501 2368 1568 Quod
2397 1497 2729 1568 Oguziorum
2781 1494 2990 1550 familia
3044 1490 3396 1548 successione
3456 1493 3714 1557 perpetua

2147 1610 2328 1648 rerum
2353 1592 2495 1661 apud
2548 1589 2781 1646 Parthos
2823 1587 2993 1660 potita
3030 1584 3202 1640 fuisse
3242 1582 3479 1643 dicitur,
3539 1578 3590 1633 id
3629 1576 3716 1631 bis

2148 1686 2259 1739 fere
2281 1684 2459 1739 verbis
2491 1683 2545 1735 in
2589 1680 2888 1749 archetypo
2912 1675 3145 1731 Turcico
3171 1673 3398 1742 legitur:
3425 1668 3500 1724 De
3541 1666 3715 1735 stirpe

476 1744 740 1849 uriginetn
772 1744 892 1812 ejus
925 1747 990 1799 ad
1033 1745 1342 1802 Comnenos
1379 1748 1737 1816 imperatores
1768 1747 2043 1805 Constan-
2078 1794 2119 1849 Β
2149 1777 2203 1829 in
2233 1775 2461 1844 “imam
2530 1772 2682 1827 fuere
2745 1744 3171 1824 ινξιζιίεοιιοοιιιει·
3216 1764 3270 1817 in
3350 1761 3527 1816 Aiem.
3588 1758 3721 1822 Quae

482 1835 883 1904 tinnpolitanos.
917 1839 1107 1892 Aiebat
1133 1839 1303 1903 enim,
1336 1841 1389 1893 in
1444 1839 1512 1895 iis
1541 1840 1696 1896 bellis
1722 1857 1845 1909 (litae
1896 1851 2043 1912 gesta

484 1928 682 1984 fuerint
733 1931 875 1985 inter
933 1932 1319 2001 imperatorem
1371 1933 1733 1999 Comnenum,
1774 1945 1829 1989 et
1862 1932 2043 1989 Sulta-

492 2040 618 2075 num
674 2024 980 2089 Aladinem,
1042 2027 1341 2095 quemdam
1378 2041 1588 2097 magnas
1642 2026 1945 2083 nobilitatis
1984 2044 2048 2084 ac

485 2118 706 2172 virtutis
738 2119 917 2172 virum
944 2118 1011 2172 ab
1039 2117 1332 2175 Occidente
1367 2133 1425 2175 se
1445 2120 1744 2178 contulisse
1767 2122 1834 2175 ad
1887 2122 2046 2176 Cont-

488 2223 711 2272 neuum,
746 2217 804 2261 ut
863 2209 912 2261 ci
970 2209 1254 2265 militando
1306 2211 1613 2266 subsidium
1662 2208 1851 2268 ferret.
1911 2213 2046 2268 Eum

486 2301 669 2369 pra-lio
701 2302 935 2371 quodam
968 2304 1020 2357 in
1061 2305 1272 2357 hostem
1321 2305 1615 2361 fortissime
1672 2306 2044 2371 dimicantem,

484 2393 795 2448 cotifussum
826 2394 894 2449 ab
925 2396 1175 2451 hostibus
1228 2410 1429 2464 equum
1462 2399 1729 2454 amisisse.
1768 2399 1908 2455 Tum
1944 2401 2048 2455 im-

490 2497 797 2556 peratorem
829 2486 1172 2541 Comnenum
1201 2490 1384 2546 fratris
1435 2491 1518 2544 sui
1553 2490 1681 2552 lilio,
1714 2491 1802 2546 cui
1850 2507 2048 2547 nomen

486 2586 627 2633 esset
654 2576 878 2637 lsacius.
941 2580 1229 2635 mandasse
1280 2588 1340 2634 ut
1389 2597 1454 2636 es
1500 2598 1640 2649 equo
1669 2583 2048 2646 descendens,

487 2682 609 2723 eum
643 2669 758 2721 viro
784 2667 859 2722 illi
892 2666 1017 2721 forti
1045 2670 1301 2724 traderet.
1335 2669 1450 2735 Qua
1487 2672 1706 2740 quidem
1738 2685 1795 2725 re
1849 2670 2049 2727 factam

488 2759 697 2814 isacius
727 2759 995 2827 insignem
1029 2759 1133 2813 sibi
1170 2771 1320 2814 ratus
1350 2761 1605 2829 iniuriam
1628 2800 1643 2824 ,
1678 2760 2054 2832 desperabun-

489 2852 593 2906 dus
649 2852 715 2906 ad
766 2853 1048 2907 sultanuni
1118 2851 1397 2908 Aladinem
1481 2868 1541 2909 se
1615 2853 1934 2919 contulerit,
1991 2867 2054 2910 ac

493 2942 691 3009 reici-ta
724 2941 1048 3009 desertaque
1101 2942 1203 2996 fide
1248 2942 1576 3008 Christiana,
1612 2942 2052 3000 Mahumetanam

494 3035 807 3105 religionem
846 3035 1125 3101 amplexus
1165 3034 1348 3090 fuerit.
1407 3034 1541 3090 ilinc
1590 3035 1871 3092 Aladinem
1909 3038 1959 3092 ci
1996 3037 2055 3090 fi-

2148 1868 2311 1923 verba
2348 1877 2405 1921 ut
2449 1864 2838 1933 intelligantur,
2893 1858 3198 1924 sciendum,
3249 1872 3280 1912 a
3324 1854 3519 1910 Turcis
3564 1852 3717 1906 Aicm

2150 1958 2379 2029 Vilaget,
2408 1958 2490 2012 vel
2521 1957 2673 2012 Aiem
2719 1951 3020 2021 Memleket,
3080 1950 3260 2007 vocari
3314 1947 3590 2020 regionem
3637 1943 3720 1998 vel

2148 2064 2381 2121 regnum
2435 2046 2722 2102 Persarum
2757 2059 2820 2098 ac
2873 2041 3252 2097 Parthorum:
3301 2034 3725 2093 Padischarhlcr

2149 2150 2333 2198 autem
2389 2154 2624 2196 numero
2692 2134 3096 2200 multitudinis,
3156 2148 3187 2189 a
3249 2127 3513 2201 singulari
3568 2126 3722 2181 Padi.

2150 2235 2376 2296 st-hach,
2406 2246 2530 2288 esse
2554 2244 2844 2303 supremus
2900 2226 3181 2298 principes
3207 2226 3323 2281 sive
3365 2221 3626 2278 Scachos.
3657 2221 3726 2271 de

2152 2342 2255 2396 qua
2282 2339 2411 2380 voce
2451 2322 2615 2395 paulo
2640 2332 2767 2376 ante
2820 2320 3047 2375 dictum.
3094 2316 3320 2374 [tectius
3359 2313 3503 2368 enim
3561 2310 3725 2365 Padi-

2152 2419 2353 2477 srhach
2402 2415 2780 2485 interpreteris
2827 2413 3242 2475 Pantocratora,
3313 2406 3461 2461 velut
3526 2403 3728 2458 haben-

2154 2526 2258 2569 tcm
2288 2487 2603 2567 unitiersum
2632 2506 2945 2579 imperium,
2970 2516 3259 2575 regemque
3288 2514 3498 2569 regum,
3554 2512 3719 2567 quam

2154 2606 2198 2663 si
2228 2619 2412 2661 vocem
2444 2602 2644 2658 sultani
2676 2602 2758 2657 sic
2789 2600 3053 2670 explices,
3082 2594 3228 2668 quod
3259 2591 3529 2649 Cedrinus
3572 2590 3718 2645 fecit.

2157 2697 2364 2753 Etenim
2396 2697 2490 2767 qui
2515 2693 2712 2751 Turcis
2768 2694 3021 2749 sultauns
3056 2702 3163 2750 est.
3221 2688 3428 2747 Grtecis
3460 2686 3728 2753 hodieque

2156 2805 2344 2844 vocem
2407 2790 2551 2843 hanc
2620 2786 2804 2856 lingua
2885 2799 2985 2840 sua
3035 2782 3413 2845 reddentibus,
3462 2776 3728 2849 Aphentis

2158 2883 2239 2937 vel
2278 2883 2468 2952 Megas
2520 2878 2790 2949 Aphentis
2843 2876 3089 2933 dicitur:
3132 2881 3387 2944 corrupto
3451 2867 3726 2928 nonnihil,

2157 2976 2367 3029 ratione
2387 2970 2862 3040 pronuntiationis,
2888 2968 3111 3037 antiquo
3135 2964 3400 3021 vocabulo
3424 2962 3720 3027 αὐθέντης.

2158 3067 2317 3136 cuius
2342 3074 2430 3120 est
2479 3077 2607 3119 nuta
2654 3059 3003 3131 signiﬁcatio.
3062 3057 3335 3114 Laonicns
3388 3055 3530 3109 libro
3581 3064 3730 3107 nono

494 3129 619 3183 liam
648 3144 800 3183 suam
833 3127 1052 3183 dedisse
1082 3143 1330 3192 uxorem,
1360 3128 1612 3198 detisque
1637 3130 1859 3192 nomine
1888 3130 2058 3188 multa
2085 3140 2131 3197 α

2085 3140 2131 3197 (ἶ
2161 3127 2485 3213 Mdchcmeti
2517 3127 2762 3213 secundo
2796 3155 3014 3211 titulum
3043 3152 3187 3207 hunc
3211 3149 3421 3206 tribuit.
3452 3145 3728 3213 Plancque

495 3219 694 3289 prmdia
743 3236 863 3276 eum
894 3220 1045 3289 pagis
1101 3219 1451 3289 assignasse:
1507 3234 1647 3290 quos
1688 3221 1831 3275 inter
1887 3222 2051 3277 etiam

496 3312 810 3369 Otmanzica
845 3311 1028 3365 fuerit.
1062 3311 1322 3380 Adeoque
1355 3310 1906 3369 statuebatsultanus
1938 3311 2057 3368 Mu—

494 3409 791 3468 cbcmetes,
818 3404 887 3458 ab
913 3403 1016 3457 hoc
1056 3403 1231 3458 isacio
1259 3401 1540 3456 sultanum
1592 3401 1911 3468 Ostuauem,
1960 3402 2059 3475 qui

499 3507 649 3568 pater
679 3506 734 3552 et
767 3504 961 3551 auctor
982 3504 1065 3550 est
1093 3493 1281 3562 stirpis
1310 3491 1753 3557 Ostnauidarum,
1788 3495 2056 3563 originem

498 3591 742 3647 duxisse.
776 3585 1048 3641 Hactenus
1077 3602 1106 3639 a
1138 3584 1497 3655 Spandugiuo
1555 3588 1750 3641 tradita
1804 3587 2062 3644 duximus

500 3677 999 3743 commemoranda,
1040 3680 1108 3731 de
1163 3676 1369 3745 quibus
1404 3678 1676 3745 integrum
1733 3679 1921 3733 lectori
1975 3679 2064 3748 ju-

502 3775 706 3829 dicium
731 3768 1114 3839 relinquimus.
1147 3766 1292 3822 Sane
1351 3769 1622 3837 reperitur
1658 3771 1798 3837 apud
1848 3770 2065 3828 Graecos

505 3866 815 3926 historicos,
851 3874 920 3916 ac
936 3859 1235 3929 praesertim
1273 3859 1415 3929 apud
1447 3857 1689 3913 Nicetam
1719 3859 2061 3926 Choniatem,

505 3956 705 4011 mentio
726 3952 990 4009 Comneni
1029 3960 1311 4019 apostatte,
1373 3950 1467 4021 qui
1495 3960 1677 4004 tamen
1708 3968 1814 4007 non
1869 3952 2063 4020 lsaeii,

506 4048 597 4101 sed
628 4045 854 4100 Joannis
886 4056 1085 4096 nomen
1108 4040 1397 4103 habuerit.
1426 4039 1638 4110 Quippe
1658 4057 1781 4096 cum
1825 4040 2069 4103 Joannes

506 4141 818 4194 (Zoutnenus
875 4135 1212 4205 imperator,
1274 4149 1439 4204 quem
1491 4132 1881 4201 Calojoannem
1957 4152 2068 4192 non

508 4232 702 4296 forma,
738 4228 834 4284 sed
862 4227 1105 4282 bonitate
1133 4224 1422 4293 vocabant,
1480 4226 1537 4279 in
1567 4224 1852 4282 obsidione
1907 4227 2074 4301 θοι

510 4323 877 4377 Neocaesarete
930 4317 1137 4374 diutius
1167 4317 1398 4373 haereret
1442 4334 1457 4371 :
1495 4315 1735 4373 Joannes
1785 4319 1938 4374 lsacii
1987 4336 2071 4375 se-

512 4413 924 4474 bastocratoris,
956 4410 1141 4465 fratris
1187 4410 1310 4479 ejus
1362 4409 1530 4473 ﬁlius,
1585 4409 1678 4463 tali
1733 4409 1969 4481 quadam
2004 4413 2071 4466 ab

2158 3250 2361 3306 nostris
2398 3248 2561 3305 etiam
2607 3246 2913 3304 Turcorum
2970 3246 3243 3317 princeps,
3276 3243 3332 3299 in
3390 3236 3731 3312 quotidianis

2160 3342 2528 3407 Sermonibus,
2566 3356 2848 3412 nunquam
2881 3339 3064 3404 aliter,
3087 3352 3251 3409 quam
3275 3333 3316 3390 il
3340 3331 3514 3406 grand
3538 3329 3735 3399 Signor

2161 3430 2496 3501 appellatur;
2523 3431 2669 3503 quod
2722 3430 2944 3501 quidem
2977 3430 3035 3484 lit
3089 3423 3391 3483 imitatione
3429 3420 3732 3477 Turcorum

2163 3522 2613 3592 Graecorumque.
2676 3520 2755 3575 Ne
2823 3520 3001 3575 dit-am
3053 3519 3363 3591 Aythonum
3414 3512 3733 3569 Armenium

2165 3630 2383 3685 quoque
2445 3616 2681 3679 tradere,
2744 3614 3017 3671 sultanum
3078 3606 3371 3683 Agarcusis
3422 3604 3735 3677 signiﬁcare

2164 3706 2472 3764 dominum.
2531 3705 2685 3774 Quod
2760 3715 2941 3760 autem
3022 3702 3164 3774 apud
3243 3696 3732 3769 Chalcocondylcm

2169 3796 2352 3851 Parthi
2378 3805 2432 3852 et
2464 3796 2611 3852 Pera:
2643 3795 2778 3850 dicti
2836 3797 3094 3864 leguntur
3148 3791 3411 3854 Arzamii,
3480 3803 3544 3845 es
3603 3790 3738 3844 scri-

2169 3899 2328 3959 ptura
2398 3888 2587 3943 vitiosa
2640 3889 2941 3958 profectum
3010 3894 3163 3956 puto.
3212 3884 3349 3939 Nam
3385 3881 3592 3936 Azamii
3650 3882 3735 3935 vel

2170 3981 2376 4037 Azemii
2438 3979 2643 4036 rectius
2698 3981 3029 4042 scribentur,
3085 3975 3231 4047 quod
3291 3974 3434 4029 idem
3487 3982 3573 4027 cst
3609 3988 3735 4026 eum

2171 4073 2399 4130 Aiemiis
2428 4082 2651 4143 propter
2678 4071 2990 4127 afﬁnitatem
3024 4070 3328 4125 litterarum
3388 4065 3430 4130 I,
3462 4063 3529 4133 G,
3562 4075 3616 4119 et
3673 4063 3737 4128 Ζ,

2172 4173 2298 4221 ante
2348 4164 2580 4222 litteram
2621 4164 2662 4219 Ε
2694 4163 3018 4234 positarum,
3076 4163 3243 4220 etiam
3308 4160 3450 4232 apud
3478 4157 3639 4214 Italos
3691 4168 3746 4210 et

2173 4254 2378 4311 Gallos.
2408 4254 2683 4320 Geufrteo,
2713 4253 2804 4324 qni
2830 4254 3110 4308 Azamiam
3135 4252 3338 4307 dictam
3369 4248 3482 4304 vult
3522 4248 3591 4303 ab
3638 4248 3743 4301 As-

2175 4346 2436 4417 sambego
2490 4348 2625 4418 (quo
2660 4346 2883 4401 nomine
2942 4342 3072 4399 alibi
3123 4351 3301 4408 vocat,
3356 4354 3520 4410 quem
3569 4336 3743 4394 Usum

2176 4439 2478 4495 Citasanem
2513 4432 2676 4493 Turci
2698 4436 2906 4506 dixere)
2938 4435 3082 4491 sicut
3106 4449 3138 4489 a
3184 4430 3594 4503 Caramanbego
3642 4429 3750 4483 Ca-

517 4507 846 4601 i‘tttp-eraforc
879 4510 1069 4601 patrno
1104 4500 1350 4601 irritatus
1376 4501 1595 4601 inin-ria,
1617 4501 1832 4601 quatient
1867 4500 2065 4601 ἐρέω·
2097 4519 2146 4574 ι)
2175 4533 2499 4596 ramaniam,
2521 4545 2620 4601 per
2644 4546 2727 4585 me
2774 4500 3021 4598 quidem,
3062 4534 3121 4582 ut
3172 4527 3245 4581 ita
3303 4500 3555 4588 sentiat;-
3577 4521 3743 4576 licet:

511 4597 748 4664 dugiuus
788 4592 1063 4662 exposuit,
1136 4592 1278 4648 [ade
1322 4591 1613 4662 transfugit
1674 4593 1742 4648 ad
1801 4594 2075 4650 sultanuut

516 4687 869 4749 Ironicnsem,
899 4684 1172 4753 simulque
1205 4683 1733 4741 musulmanissavit.
1769 4685 1924 4741 lianc
1968 4685 2079 4743 for-

517 4780 675 4831 tassis
711 4776 778 4831 ad
810 4775 1097 4831 historiam
1133 4775 1212 4830 vel
1260 4773 1665 4845 Spanduginus,
1721 4778 1805 4831 vel
1856 4775 2079 4832 Muche-

517 4882 686 4926 metes
719 4869 1044 4938 respexerit.
1105 4865 1185 4923 Ac
1235 4866 1561 4923 Iluehemeti
1622 4867 1867 4938 quidem,
1923 4868 2082 4938 longe

516 4964 761 5019 omnium
786 4962 1093 5017 mortalium
1145 4958 1622 5020 ambitiosissime.
1660 4960 1871 5014 natales
1914 4961 2082 5027 majo-

518 5073 639 5112 rum
680 5056 946 5111 obscuros
977 5053 1343 5122 displicuisse,
1377 5067 1483 5109 non
1518 5050 1718 5106 mirum
1760 5060 1884 5107 est:
1935 5051 2083 5107 ideo-

517 5165 623 5219 que
650 5147 807 5205 lacile
838 5145 1186 5210 crediderim,
1232 5145 1302 5205 ab
1333 5157 1400 5201 eo
1456 5143 1740 5212 quaesitam
1792 5143 1959 5199 fuisse
2013 5143 2082 5199 de

518 5240 787 5295 industria
821 5237 1116 5308 quamdam
1157 5250 1380 5293 suorum
1426 5234 1497 5292 ab
1522 5234 1736 5305 origine
1796 5234 1968 5306 magis
2020 5236 2082 5290 il-

520 5331 676 5387 lustri
722 5326 1271 5386 commcndatioucm.
1336 5325 1448 5382 lloc
1500 5334 1683 5384 tamen
1740 5326 1961 5381 minime
2003 5327 2083 5381 si-

521 5426 686 5481 lentio
720 5420 1177 5494 praetereundum,
1207 5418 1439 5486 Tereos,
1495 5428 1778 5474 auctorum
1813 5418 2081 5475 bonorum

523 5529 811 5575 consensu,
875 5526 980 5565 non
1032 5525 1064 5565 e
1117 5507 1359 5575 'l'ataria,
1411 5510 1504 5563 sed
1568 5506 1752 5562 Persia
1783 5548 1797 5573 ,
1848 5509 2084 5577 pulsos:

530 5605 754 5667 fateris,
781 5604 837 5656 in
890 5601 1071 5655 Asiam
1104 5598 1371 5655 minorem
1430 5596 1837 5668 commigrasse.
1872 5596 1989 5663 Qua
2018 5599 2087 5653 de

528 5712 687 5754 causa
714 5693 933 5750 Graecia
996 5691 1197 5752 Praetor
1248 5706 1400 5745 meus
1461 5689 1687 5747 necdum
1740 5689 1936 5752 editus,
1991 5691 2082 5759 qui

529 5784 1069 5856 Constantitnqmleos
1126 5798 1156 5835 a
1194 5780 1443 5837 Flandris
1499 5790 1691 5852 captae,
1754 5794 2086 5849 rursumque

2178 4623 2399 4695 quando
2446 4624 2615 4679 libere
2676 4621 2861 4692 quivis
2912 4620 3226 4690 opinionem
3288 4630 3441 4671 suam
3506 4613 3751 4685 proferre

2182 4724 2377 4785 potest.
2409 4711 2543 4769 Nam
2570 4712 2788 4769 tametsi
2821 4726 2929 4765 non
2987 4710 3087 4765 abs
3122 4723 3182 4764 re
3206 4707 3330 4776 quis
3355 4706 3613 4778 objecerit
3643 4704 3753 4759 dis-

2182 4804 2595 4861 similitudinem
2619 4819 2812 4860 vocum
2844 4802 2997 4857 Aiem
3021 4810 3075 4856 et
3091 4800 3342 4863 ‘Cbasan,
3371 4806 3552 4852 tamen
3580 4796 3753 4867 pluris

2182 4899 2285 4955 hoc
2319 4896 2664 4960 faciundum,
2694 4892 2835 4964 quod
2872 4892 3016 4948 idem
3065 4889 3169 4945 sibi
3223 4902 3416 4959 parum
3448 4886 3575 4940 alibi
3618 4900 3752 4940 con-

2182 5001 2311 5057 stat,
2340 4992 2469 5045 dum
2501 4989 2577 5043 ait
2600 4987 2666 5042 ab
2700 4988 2926 5050 Aramo,
2979 4981 3128 5039 Semi
3153 4980 3215 5036 Ρ.
3248 4978 3414 5035 Noha:
3446 4979 3516 5033 N.
3541 4978 3751 5048 Syriam

2182 5086 2380 5141 dictam
2410 5082 2710 5147 Azamiam,
2740 5080 2899 5150 quasi
2939 5076 3241 5131 Aramiam.
3299 5072 3418 5127 Non
3448 5074 3592 5127 enim
3662 5086 3754 5140 pa-

2186 5190 2355 5230 ruma
2390 5173 2587 5238 Persis,
2615 5180 2669 5226 et
2699 5168 2937 5234 Partitis,
2960 5164 3081 5237 Syri
3107 5164 3315 5219 distant
3344 5180 3359 5217 :
3392 5172 3449 5217 ut
3490 5179 3596 5218 non
3653 5162 3752 5225 im-

2186 5266 2380 5319 merito
2411 5263 2534 5332 quis
2586 5259 2836 5315 Geume
2889 5256 3235 5327 proverbium
3295 5264 3453 5309 vetus
3502 5253 3749 5309 (It-tecum

2185 5354 2443 5427 obiecerit
2474 5373 2487 5407 :
2523 5352 2661 5406 Sunt
2711 5349 2944 5422 separati
2974 5348 3109 5405 lines
3156 5346 3426 5418 Lydorum
3490 5355 3543 5399 et
3583 5345 3754 5416 l'lny-

2186 5465 2334 5520 gntu.

2185 5544 2237 5596 5.
2269 5538 2438 5598 Chan,
2478 5535 2583 5592 Ulu
2618 5534 2759 5590 Clum
2786 5574 2802 5600 ,
2840 5531 3149 5601 Hsmggiar,
3196 5532 3460 5601 "ttilt‘ftt'r,
3494 5531 3750 5601 Seripho,

2256 5610 2465 5733 gnati]?
2494 5649 2509 5671 ,
2556 5606 2767 5661 Cititat'a
2792 5643 2809 5666 ,
2863 5600 3134 5656 etiamm.
3161 5642 3178 5667 ,
3235 5600 3413 5665 Belclt,
3481 5600 3710 5655 Mucium
3733 5637 3750 5661 ,

2305 5690 2463 5733 atun.

2259 5769 2364 5838 Qui
2397 5768 2587 5823 Turcis
2618 5777 2697 5822 cat
2723 5763 2906 5835 lingis
2930 5763 3101 5826 Cbau,
3136 5761 3447 5817 Belvaccnsi
3480 5772 3558 5816 est
3587 5757 3754 5814 Cain-
