4218 6308
474 355 580 420 7‘27

1696 362 2012 425 JOANNIS
2040 366 2503 427 LliUNClAYll

3617 365 3726 429 7‘38

473 474 555 536 gis
590 469 783 529 tlhatn,
818 467 961 535 quod
997 467 1134 520 idem
1177 480 1260 522 est
1313 470 1757 538 pronuntiatione
1815 477 2045 531 Gallica.
2085 482 2118 535 Α
2156 489 2397 532 strurum
2428 479 2792 546 Augustorum
2826 481 3153 544 respondere
3173 477 3507 548 volunt,quo
3531 495 3590 533 se
3625 481 3726 532 int-

475 565 543 615 lix
578 561 960 632 Pachymetio,
1027 564 1342 632 cmtcrisqne
1394 563 1730 627 Gra'cis,oon
1796 567 2036 631 Tzinkis,

472 657 552 706 vel
583 655 823 716 Tziucis,
859 654 954 708 sed
982 654 1207 724 Tzingis
1233 654 1345 711 Can
1382 658 1546 711 scribi
1580 659 1759 720 dehet,
1835 661 2042 713 ratione

471 746 928 813 pronuntiationis
960 748 1192 802 usitatae.
1253 746 1410 802 Extat
1456 749 1590 803 liber
1651 751 1883 822 Aythoni
1942 754 2041 804 Ar-

474 858 501 888 n
528 841 656 901 eoii,
687 840 779 907 qui
814 852 866 893 ct
901 840 1216 898 Curchions
1248 852 1488 906 vocatur,
1527 856 1578 897 et
1631 845 1896 898 Antonius
1927 861 2043 898 cre-

472 931 617 984 ditur
656 947 684 984 a
723 930 1048 999 quibusdam
1102 934 1268 990 fuisse
1326 935 1504 989 dictus
1575 945 1691 1002 post
1761 949 2037 1006 sumptum

471 1022 835 1076 monasticnm
875 1025 1158 1078 habitum:
1191 1041 1315 1079 cum
1358 1027 1800 1095 Aythonusiilem
1857 1027 2038 1081 vidca-

469 1125 556 1166 tnr
607 1130 730 1168 esse
787 1131 906 1167 eum
967 1117 1242 1170 Antonio:
1301 1128 1353 1172 et
1405 1119 1713 1174 Curehinns
1773 1139 1800 1172 a
1854 1131 2042 1175 sancto

468 1207 701 1272 Georgio
735 1207 940 1261 factum
991 1227 1187 1265 nomen
1236 1211 1327 1268 sit.
1395 1214 1856 1278 queinailnmdnm
1903 1214 2040 1267 Cur-

466 1301 610 1354 chini
645 1302 727 1355 vel
760 1303 985 1373 Cnrgini
1010 1306 1266 1360 dicuntur
1305 1305 1467 1357 ctiam
1517 1306 1675 1359 hodie
1724 1305 2038 1373 Ceorgiani,

467 1396 558 1460 qui
592 1396 864 1452 Armeniis
905 1399 1068 1452 vicini
1108 1415 1135 1451 a
1185 1400 1355 1452 sancti
1415 1398 1631 1467 Georgii
1686 1399 2039 1452 veneratione

463 1489 590 1540 dicti
629 1497 889 1556 putantur
929 1489 1245 1560 Georgiani,
1302 1491 1445 1544 sicut
1508 1505 1536 1543 a
1602 1498 1793 1543 sancto
1837 1487 2038 1543 Iacobo

462 1581 706 1636 Jacobini
735 1592 786 1636 et
814 1581 1098 1647 Jaeohita',
1157 1598 1393 1652 qum-nm
1456 1582 1778 1652 patriarchae
1837 1597 2032 1636 nomen

463 1673 657 1726 sitiosc
690 1674 955 1743 setiptttm
983 1675 1176 1742 legitur
1206 1677 1347 1742 apud
1389 1672 1628 1728 Marcum
1663 1673 1891 1726 Paulum
1935 1674 2035 1725 Vcc

464 1778 644 1819 netum
680 1766 933 1831 lacelieb,
970 1783 1066 1834 pro
1099 1766 1367 1827 Catolich,
1428 1768 1521 1834 qui
1569 1765 1883 1821 Catholicns
1931 1777 2031 1820 est.

464 1860 510 1913 ls
553 1861 784 1929 Aythoni
842 1860 976 1914 liber
1003 1874 1199 1912 nomen
1253 1859 1414 1913 habet
1444 1858 1627 1928 Zingis
1677 1859 1836 1928 hujus
1901 1877 2036 1912 non-

467 1953 597 2006 nihil
632 1953 1000 2017 immutatum,
1032 1952 1283 2006 videlicet
1312 1951 1573 2017 Changis,
1605 1950 1746 2003 unde
1794 1950 2032 2018 Congius

463 2050 625 2101 etiam
658 2049 767 2102 Can
802 2047 870 2099 ab
900 2047 1021 2100 aliis
1053 2056 1297 2099 vocatur.
1352 2047 1558 2100 Cbauis
1592 2047 1673 2099 vel
1724 2045 1888 2098 llanis
1921 2046 2033 2110 (as-

461 2141 734 2202 piratione
769 2139 918 2208 furti)
952 2139 1236 2208 appellatio
1278 2153 1538 2207 perquam
1597 2140 1792 2194 usitata
1850 2137 2032 2191 Persis

457 2242 510 2285 et
545 2232 760 2286 Tataris
797 2243 900 2295 est,
932 2232 1074 2299 apud
1101 2247 1240 2300 quos
1270 2246 1423 2293 reges
1450 2239 1502 2283 et
1535 2231 1832 2300 principes,
1859 2232 2023 2284 etiam

461 2326 731 2378 minorum
760 2324 842 2395 (nt
873 2324 979 2376 diri
1012 2323 1170 2382 Solet)
1198 2323 1461 2391 gentium,
1499 2322 1716 2376 Chancs
1749 2323 2026 2376 dicuntur:

460 2417 606 2471 verbi
634 2417 827 2487 gratia.
886 2415 1046 2469 Kerai
1104 2415 1278 2474 Chao,
1313 2414 1548 2468 Crintski
1585 2415 1771 2477 Chao,
1822 2414 2028 2484 Precop

455 2509 624 2567 Chao.
666 2508 831 2578 Νομὶ
865 2508 1038 2571 Chao,
1069 2509 1550 2572 SehemhalChan,
1607 2507 1800 2562 Mum!
1848 2509 2023 2572 Chao,

454 2614 507 2655 et
537 2603 652 2668 alii,
683 2618 915 2672 quorum
946 2603 997 2655 in
1042 2602 1329 2654 Annalium
1368 2617 1584 2670 quoque
1641 2601 2027 2670 Supplementa

454 2697 592 2751 facta
620 2697 844 2750 mentio.
879 2695 966 2751 Sic
995 2696 1158 2749 etiam
1195 2695 1333 2748 inter
1390 2693 1810 2748 Osntanidarnnt
1859 2694 2027 2763 majo-

455 2806 540 2843 res
605 2790 656 2842 in
688 2787 1000 2859 genealogia
1061 2787 1283 2857 quidam
1344 2788 1480 2840 Cara
1561 2787 1698 2842 chao
1785 2788 2022 2858 legitur,

453 2897 563 2952 quo
592 2880 930 2950 signiﬁcatur
953 2897 1046 2935 rex
1083 2889 1178 2935 ant
1229 2882 1482 2948 princeps
1513 2881 1682 2951 niger.
1741 2881 2020 2935 Coo~imiti

453 2971 662 3026 ratione
687 2971 775 3025 lilii
806 2972 1113 3040 principum
1147 2971 1482 3040 Chanoglaui
1530 2983 1815 3025 vocantur.
1852 2971 2019 3041 [tepe-

454 3067 589 3118 ritur
615 3068 666 3118 in
700 3067 944 3119 historiis
977 3063 1179 3119 Grzeeis
1198 3074 1249 3118 et
1279 3065 1486 3118 Latinis
1529 3080 1725 3118 nomen
1779 3065 2019 3133 Chagaoi

448 3157 802 3231 395-399
829 3159 1090 3223 Avarum,
1115 3157 1259 3226 quod
1290 3159 1432 3210 idem
1469 3169 1551 3211 est
1581 3173 1703 3211 cum
1736 3161 1834 3212 hoc
1865 3159 2016 3212 Chao

2156 583 2444 636 peratnrcs
2473 571 2712 625 Cwsares
2739 571 3030 637 appellant.
3063 569 3125 625 Et
3148 573 3383 640 primum
3408 588 3473 627 eo
3501 573 3723 627 tradunt

2151 680 2305 714 usum
2344 661 2737 716 Mnebemetcm
2801 664 3125 728 secundum,
3153 675 3272 732 post
3329 675 3542 732 captam
3579 666 3718 718 Con-

2147 754 2582 821 stantinOpnlim,
2646 753 2830 805 sedem
2905 755 3192 808 orientalis
3257 754 3497 822 Imperii,
3557 773 3722 823 quem

2145 845 2336 898 imitati
2373 854 2499 898 sunt
2530 844 2799 912 Bajazites
2836 845 3000 903 ﬁlios.
3038 857 3092 899 et
3122 845 3352 901 Selimes
3381 863 3568 917 nepos.
3599 848 3718 914 Qua

2144 935 2210 990 ile
2236 952 2421 1001 causa,
2456 939 2651 1006 partim
2713 950 2771 989 nt
2798 940 3177 999 ambitionem,
3210 941 3406 1009 partim
3445 952 3501 995 ut
3529 958 3721 1012 super-

2143 1028 2420 1083 sritionem
2455 1044 2667 1089 eorum,
2701 1031 2770 1083 ab
2807 1045 2901 1086 csn
2933 1032 3105 1086 suilla:
3127 1031 3561 1099 abhorrentium,
3593 1036 3718 1088 irri-

2142 1121 2298 1176 deret
2327 1125 2561 1177 scachus
2593 1123 2774 1177 lsmail
2806 1124 3035 1190 primos,
3068 1141 3095 1179 a
3160 1142 3267 1195 quo
3334 1126 3712 1195 Sophinorum

2143 1214 2283 1281 apud
2318 1211 2514 1267 Persas
2567 1215 2868 1282 profectum
2934 1232 3131 1269 nomen
3184 1226 3286 1279 est,
3346 1219 3716 1288 prmpingnem

2143 1305 2286 1355 atere
2324 1320 2553 1371 porcum
2617 1305 2848 1369 solebat,
2883 1306 2971 1360 cui
3005 1322 3202 1361 nomen
3236 1309 3357 1376 ejus
3411 1306 3716 1364 Turcorum

2143 1394 2362 1448 iorlehat
2389 1395 2670 1463 principis,
2728 1395 2821 1464 qni
2851 1406 2978 1452 tunc
3029 1414 3210 1452 rerum
3250 1400 3562 1467 potiebatur
3597 1417 3612 1454 :
3652 1411 3715 1454 ttt

2143 1485 2225 1536 vel
2258 1484 2478 1539 Honker
2503 1485 2730 1555 Bajazit,
2761 1488 2842 1541 vel
2882 1487 3102 1542 llnnlter
3122 1489 3288 1545 Setini
3323 1491 3713 1562 appellaretur.

2145 1577 2385 1644 Denique
2415 1578 2770 1645 Seripharuni
2801 1580 2960 1634 etiam
3004 1581 3221 1635 titulum
3269 1583 3375 1638 sibi
3436 1583 3711 1645 tribuunt,

2138 1677 2190 1721 et
2223 1668 2562 1722 Chalil'aront
2595 1688 2792 1726 nomen
2822 1689 2887 1726 ne
2910 1674 3070 1730 hodie
3102 1677 3320 1744 quidem
3358 1676 3547 1743 \itant,
3570 1679 3715 1731 velut

2141 1762 2493 1825 invidiosum,
2529 1767 2820 1834 potiusque
2853 1776 3171 1833 competens
3199 1769 3361 1821 editis
3387 1767 3711 1823 Mahuinctis

2144 1853 2431 1922 sanguine,
2504 1856 2963 1924 quemadmodum
3033 1855 3307 1913 Beinerns
3365 1859 3709 1924 Rcincccins,

2141 1942 2348 1998 amirns
2375 1957 2560 1999 noster
2594 1949 2820 2014 putavit.
2855 1948 2987 2002 Nam
3019 1951 3106 2004 hic
3138 1967 3357 2020 quoque
3381 1951 3617 2006 Slurates
3643 1968 3714 2008 eo

2139 2050 2197 2090 Se
2224 2047 2384 2090 ornat
2422 2039 2587 2091 titulo
2610 2041 2661 2091 in
2692 2040 2970 2094 Iittt-risatl
3006 2043 3389 2110 imperatorem
3430 2055 3709 2110 nostrum,

2136 2143 2364 2193 quarum
2406 2131 2650 2200 exempla
2689 2131 2818 2195 vidi,
2874 2145 2926 2186 et
2978 2138 3228 2204 superius
3260 2137 3325 2191 de
3360 2137 3462 2190 hoc
3486 2153 3514 2189 a
3551 2137 3711 2192 nobis

2138 2227 2320 2271 notata
2356 2222 2601 2287 quaedam
2632 2232 2760 2275 sunt
2792 2224 2846 2276 in
2868 2226 3211 2293 expositione
3263 2242 3551 2280 causarum
3609 2227 3707 2280 dc-

2133 2312 2375 2366 cennalis
2404 2313 2562 2383 hujus
2587 2315 2734 2376 belli,
2760 2317 2904 2385 quod
2940 2319 3084 2372 inter
3149 2319 3426 2386 Sophioos
3488 2330 3541 2374 et
3603 2319 3709 2375 Os—

2133 2404 2375 2458 manieos
2395 2406 2569 2457 atlhne
2627 2409 2854 2474 geritur.
2901 2409 3147 2464 Diximus
3201 2409 3371 2474 enim,
3419 2409 3708 2479 Chaliphis

2133 2512 2327 2550 nomen
2358 2497 2668 2568 signiﬁcare
2701 2500 2986 2565 vicarium,
3047 2504 3124 2556 vel
3158 2518 3559 2566 successorem,
3619 2506 3702 2558 ve!

2133 2588 2400 2642 limi-edem
2434 2595 2711 2662 prephetx
2750 2591 3075 2649 Maliuntetis
3107 2618 3117 2650 :
3146 2596 3520 2651 etOsmanicis
3584 2613 3707 2667 per-

2128 2696 2354 2734 suasum
2388 2699 2530 2747 esse,
2567 2688 2862 2755 principem
2901 2702 3063 2740 suum
3114 2703 3235 2743 esse
3263 2687 3560 2760 Chaliphen
3602 2693 3703 2743 hu-

2124 2775 2214 2842 jus
2243 2777 2451 2830 sa'culi.
2479 2776 2792 2832 Secundum
2821 2779 3154 2850 Chaliphen,
3189 2784 3474 2849 proximus
3490 2791 3573 2836 est
3599 2782 3698 2838 Se-

2129 2869 2298 2935 riphis
2331 2870 2500 2925 locus.
2547 2872 2635 2926 Sic
2659 2875 2801 2925 enim
2827 2883 2878 2927 et
2905 2872 3199 2938 Cedrions,
3235 2889 3288 2928 et
3317 2874 3559 2929 Zonaras
3592 2885 3704 2928 tra-

2126 2961 2400 3022 diderunt,
2428 2962 2677 3033 Seriphis
2702 2982 2898 3020 nomen
2932 2969 3072 3036 apud
3125 2968 3545 3022 Mahumetanos
3577 2985 3699 3023 eam

2128 3053 2680 3125 reSpectuChaliplne
2744 3057 3012 3112 rationem
3067 3062 3289 3122 habere,
3353 3076 3476 3129 quae
3536 3061 3702 3116 fuerit

2126 3149 2265 3214 apud
2296 3147 2516 3202 Crmcos
2549 3151 2676 3202 olim
2720 3151 2946 3220 syncelli
3000 3153 3062 3204 ad
3119 3153 3508 3221 patriarchant,
3572 3168 3698 3207 cum

451 3249 528 3302 νρι
563 3249 812 3302 Chahnn.
845 3244 978 3301 Nan]
1006 3248 1244 3300 Avarlnn
1281 3249 1393 3301 she
1421 3247 1792 3302 Chazaronnn
1846 3251 2018 3317 {tau-ia
2044 3269 2090 3333 C
2129 3250 2344 3294 ΠΝΠῙΙΙΟ
2381 3243 2716 3307 patriarcha,
2759 3261 2874 3296 IItOX
2916 3245 2969 3297 in
2987 3244 3107 3312 ejus
3167 3246 3364 3298 Siliilllll
3426 3246 3702 3317 syttcellus

448 3341 823 3395 Chersonesus
845 3349 929 3395 est
953 3339 1208 3406 Taurica,
1244 3357 1362 3406 qua:
1400 3340 1664 3407 hodieque
1695 3355 1826 3394 suos
1858 3341 2020 3394 habet

445 3434 736 3487 Chabancs
766 3450 780 3486 :
807 3431 1076 3486 Maximus
1103 3448 1230 3484 vero
1254 3431 1582 3486 Tatarornm
1604 3433 1848 3486 omnium
1876 3435 2014 3488 chao

450 3531 536 3580 cui
580 3528 812 3596 -nljecti
848 3538 975 3581 sunt
1008 3526 1227 3582 Chanes
1261 3525 1462 3588 (ξένια-ἰ,
1500 3527 1700 3596 quique
1733 3526 2018 3581 Chitainus

448 3621 704 3688 appellari
731 3618 890 3682 solet,
911 3619 984 3672 uti
1012 3622 1195 3673 statim
1223 3618 1420 3673 dicturi
1439 3633 1654 3676 sumus.
1681 3617 2017 3673 excellentia:

443 3731 635 3780 causa,
664 3731 770 3784 qua
799 3714 1010 3767 cunctis
1042 3712 1164 3767 aliis
1216 3722 1456 3778 pra‘stat,
1498 3711 1598 3765 Ulu
1631 3713 1781 3766 Cban
1841 3713 2015 3765 nomi-

447 3821 625 3868 natur,
654 3812 754 3862 hoc
779 3817 883 3871 est,
908 3822 1161 3875 magnus,
1187 3806 1266 3860 τοι
1329 3808 1505 3874 potius
1543 3805 1790 3862 excelsus
1838 3806 2010 3859 Chao.

449 3902 598 3956 (inde
640 3904 863 3964 laetum,
898 3909 955 3953 ut
1009 3900 1396 3969 Spaodnginus
1431 3909 1482 3952 et
1535 3897 1724 3954 Jovins
1771 3899 2012 3953 Chancm

446 3999 874 4062 interpretentur
900 3992 1304 4060 imperatorem.
1341 3987 1554 4043 Turcici
1589 4005 1837 4060 ,qnoque
1892 3987 2012 4043 Sul-

442 4088 552 4142 tani
581 4098 700 4155 post
722 4087 1013 4141 Osmanem
1039 4084 1247 4148 Casini,
1268 4083 1552 4138 setlhancs
1577 4084 1682 4140 dici
1703 4085 2012 4150 voluerunt,

446 4193 499 4234 nt
533 4200 594 4233 ex
621 4180 929 4250 gettealogia
960 4188 1130 4247 paret,
1167 4178 1331 4247 idque
1362 4180 1593 4229 retinent
1617 4178 1668 4230 in
1693 4177 2010 4232 hodiernum

443 4285 616 4337 usque
645 4269 810 4323 diem.
846 4268 995 4322 Solet
1023 4269 1194 4333 enim,
1229 4283 1380 4322 more
1427 4268 1718 4335 majorum,
1776 4269 2013 4323 Muratcs

445 4365 543 4415 iste
577 4361 889 4414 tertinshoc
918 4359 993 4412 uti
1023 4360 1343 4428 plerumque
1378 4359 1534 4411 titulo
1567 4377 1580 4412 τ
1610 4357 1796 4413 Sulmo
1835 4360 2009 4414 Murnt

438 4459 594 4515 chon,
624 4452 913 4507 binsultatt
968 4451 1136 4505 Seh'm
1167 4453 1323 4514 clean,
1389 4452 1714 4519 clnmzuferu
1773 4455 1948 4504 duimn
1989 4471 2007 4515 ;

2124 3331 2507 3386 collocaretur.
2532 3332 2644 3388 lloc
2672 3337 2758 3389 die
2791 3353 2916 3389 vero
2944 3350 3156 3395 nototn.
3188 3347 3394 3406 quanto
3418 3340 3529 3393 sint
3551 3340 3698 3410 apud

2123 3421 2536 3477 Matiumetanos
2601 3426 2650 3478 in
2683 3427 2911 3490 honore,
2951 3429 3041 3496 qui
3107 3439 3249 3483 recta
3302 3429 3442 3484 linea
3506 3441 3615 3484 tant
3666 3449 3698 3486 a

2123 3519 2382 3582 propheta
2408 3517 2736 3583 Mabuntetc,
2772 3537 2934 3590 quam
2960 3521 3027 3575 ab
3061 3523 3168 3588 Ali,
3230 3523 3558 3580 Mahnmetis
3605 3541 3697 3595 ge-

2123 3621 2277 3666 nero,
2313 3608 2675 3674 descendunt,
2712 3621 2806 3664 aut
2834 3627 2891 3666 se
2949 3613 3154 3682 lingunt
3214 3615 3572 3673 descendere.
3629 3618 3695 3672 lli

2123 3700 2314 3754 Turcis
2355 3703 2679 3774 Tal-arisque
2714 3701 2885 3759 Scithi
2908 3707 3071 3776 vulgo
3103 3708 3386 3775 dicuntur,
3417 3711 3695 3768 Arabibus

2120 3801 2299 3846 autem
2337 3796 2620 3865 Seriphae:
2677 3815 2814 3866 quos
2846 3802 3082 3854 maxima
3142 3818 3279 3858 sane
3348 3807 3696 3864 veneratione

2120 3895 2279 3952 atque
2307 3885 2654 3940 observantia
2687 3903 2807 3940 cum
2869 3902 3293 3960 prosequantur,
3352 3899 3517 3950 etiam
3587 3898 3692 3966 ipsi

2121 3981 2319 4033 sultani
2360 3980 2718 4048 Seripharum
2753 3984 3118 4049 appellatione
3169 3988 3316 4041 velut
3346 3991 3694 4056 angustiores

2118 4088 2175 4124 se
2199 4072 2424 4126 reddere
2457 4073 2666 4127 volunt.
2705 4073 2784 4126 Ad
2818 4074 3150 4132 Tatarorum
3189 4079 3437 4134 Cbanem
3491 4089 3550 4134 ut
3604 4099 3687 4135 re-

2118 4167 2298 4229 deant,
2339 4167 2624 4220 traditnra
2684 4168 2961 4238 plerisque
3014 4174 3295 4238 omnibus,
3366 4174 3452 4228 hie
3505 4173 3692 4244 lingis

2117 4255 2265 4310 Chao
2299 4258 2349 4309 in
2386 4259 2572 4325 primis
2601 4261 2868 4315 claruisse
2896 4278 3039 4316 anno
3064 4265 3375 4320 Christiano
3416 4268 3573 4334 19.02,
3605 4271 3689 4323 vel

2122 4352 2275 4416 I‘ZOB,
2304 4367 2412 4420 quo
2443 4363 2684 4421 tempore
2708 4355 2891 4408 'l‘atari
2915 4355 3105 4426 jugnnt
3142 4359 3423 4429 Indorum,
3455 4365 3556 4417 hoc
3585 4374 3688 4432 est,

2115 4443 2231 4509 ejus
2261 4444 2420 4509 regis,
2455 4459 2612 4512 quem
2655 4445 2721 4495 ah
2779 4447 3116 4513 aliquotjam
3173 4453 3390 4507 sarculis
3444 4456 3690 4522 Prcteja-

442 4549 542 4599 hoc
572 4553 673 4606 est,
713 4543 965 4596 Dominus
1002 4540 1244 4596 Murates
1270 4559 1378 4602 rex,
1419 4543 1620 4594 domini
1683 4543 1892 4597 Selinus
1930 4561 2008 4595 νει
2039 4535 2088 4594 ῐ)
2120 4551 2245 4587 Imm
2276 4536 2389 4587 sive
2443 4538 2816 4602 presbyterum
2873 4537 3138 4594 Joannem
3209 4546 3373 4611 vulgo
3428 4560 3689 4600 vocamus

441 4640 514 4704 gis
538 4638 701 4706 ﬁlius,
727 4638 1034 4690 victoriosus
1069 4653 1290 4704 semper.
1327 4635 1537 4701 Quibus
1570 4637 1621 4688 in
1672 4638 1850 4691 verbis
1914 4637 2008 4689 ob-

439 4745 656 4783 servare
689 4730 810 4781 liert
837 4727 1010 4780 ohiter
1036 4727 1395 4780 imitationem
1440 4727 1749 4786 titulorum.
1808 4730 2009 4791 quibus

440 4827 796 4892 imperatores
835 4821 1028 4884 nostri,
1064 4829 1276 4876 veteres
1303 4830 1355 4874 et
1388 4829 1658 4887 recentes,
1723 4837 1920 4876 vocare
1952 4837 2010 4877 se

441 4915 678 4969 victores
706 4929 769 4966 ac
805 4915 1255 4980 triumphatores,
1324 4926 1655 4981 semperque
1706 4913 2006 4982 Angustos,

439 5018 854 5059 consueverunt.
896 5006 999 5060 Sed
1038 5008 1137 5061 hos
1173 5005 1360 5059 titulos
1398 5006 1521 5060 aliis
1585 5006 1859 5062 interdum
1914 5011 2007 5061 ad-

434 5100 593 5167 jectis
635 5096 951 5151 nominibus
988 5108 1208 5166 augent,
1237 5097 1288 5149 in
1322 5096 1519 5165 quibus
1539 5104 1666 5150 sunt
1717 5097 1889 5162 Etnir,
1941 5098 2008 5151 de

436 5207 544 5258 quo
576 5192 829 5257 superius
859 5190 1084 5251 dictum,
1114 5199 1168 5241 et
1194 5188 1354 5256 paulo
1390 5199 1514 5258 post
1535 5189 1746 5242 dicetur
1777 5205 2007 5243 numero

439 5286 528 5346 H,
557 5292 612 5337 et
637 5282 956 5344 Padiscaeh,
990 5284 1135 5350 quod
1172 5281 1356 5335 itidem
1407 5281 1732 5348 explicatum
1771 5298 1784 5333 :
1813 5295 1868 5334 et
1893 5281 2006 5334 Mn—

439 5378 816 5429 suhnanornm
842 5374 1165 5434 Padiseacb,
1200 5389 1306 5443 quo
1341 5390 1511 5441 nuper
1577 5375 1818 5430 Biurates
1872 5391 2006 5428 usus

437 5481 516 5522 est
544 5471 594 5522 in
625 5470 824 5522 litteris
853 5469 919 5522 ad
955 5469 1208 5521 ordinum
1271 5468 1422 5538 regni
1474 5467 1714 5519 Potomac.
1763 5468 2004 5528 comitia,

437 5561 848 5628 creandorege,
901 5561 1089 5614 missis
1155 5569 1251 5614 :ct
1311 5558 1568 5613 Huneher
1628 5560 1709 5612 vel
1763 5558 2002 5618 llunher,

435 5652 581 5719 quod
611 5652 994 5719 Sl'ianduginus
1016 5652 1237 5720 scripsit
1269 5650 1626 5712 Conrliehiar,
1693 5647 2003 5704 Ludovicus

439 5749 712 5802 Bassmins
737 5745 1022 5799 Jailrensis
1049 5744 1382 5805 Cltuncltier,
1413 5759 1536 5796 cum
1592 5743 1783 5794 Italico
1844 5744 2006 5793 modo

441 5840 644 5893 rectius
669 5840 1011 5910 exprimatur
1037 5837 1331 5906 Hunggiar.
1371 5837 1420 5887 Μ
1455 5837 1668 5905 proprie
1702 5836 1861 5889 titulo
1910 5851 2002 5888 oo-

2115 4638 2497 4680 tj-rensserunt.
2536 4628 2602 4680 Et
2628 4637 2840 4682 exstant.
2893 4630 3148 4700 pleraque
3181 4633 3248 4688 de
3316 4635 3398 4691 his
3459 4639 3618 4693 rebus
3659 4655 3688 4689 a

2120 4721 2406 4776 Vincentio
2432 4720 2771 4788 Belraceosi,
2806 4722 3057 4777 ctMarco
3083 4724 3252 4779 Paulo
3297 4725 3524 4794 Veneto,
3577 4747 3690 4785 me-

2114 4815 2301 4869 moria:
2336 4814 2574 4883 prodita,
2612 4814 2749 4869 lectu
2785 4832 2890 4870 non
2946 4816 3188 4886 indigna.
3226 4818 3436 4874 Chitaia
3499 4823 3684 4892 (quam

2116 4908 2299 4960 itidem
2357 4905 2597 4961 Joannes
2637 4909 2704 4963 de
2761 4907 2924 4974 plano
2971 4906 3155 4978 Carpi,
3204 4911 3296 4980 qui
3354 4913 3484 4967 vixit
3536 4929 3686 4968 anno

2113 4997 2428 5052 Christiano
2465 4999 2625 5067 12432,
2653 5000 2863 5068 legatus
2894 5001 2959 5053 ad
2996 5002 3084 5055 illa
3115 5003 3229 5057 loca
3255 5002 3456 5059 missus
3487 5021 3515 5057 a
3548 5020 3682 5074 papa

2118 5091 2385 5154 ltomano,
2411 5093 2597 5147 Kitbai
2633 5092 2810 5158 vocat)
2859 5092 3093 5148 Laonieu
3124 5094 3389 5162 Chataia;
3445 5097 3682 5152 Chitaiui

2113 5185 2318 5246 't'atari,
2344 5186 2620 5240 Chataidze
2663 5187 2938 5251 dicuntur,
2967 5197 3020 5240 et
3038 5203 3163 5242 vero
3194 5200 3276 5242 est
3304 5189 3506 5257 simile,
3534 5189 3684 5245 Cha:-

2115 5290 2195 5331 tas
2235 5277 2529 5339 Ptolmna-i,
2567 5277 2894 5332 ctChatmos
2944 5278 3152 5342 Ariani,
3200 5280 3302 5334 hos
3353 5281 3500 5349 ipsos
3564 5299 3687 5337 esse

2111 5369 2395 5422 Chitainos
2426 5369 2621 5424 horum
2665 5370 2977 5436 Annalium,
3010 5372 3091 5425 vel
3130 5372 3423 5429 Chataidas
3449 5375 3682 5430 (Ἀπαισο-

2115 5463 2380 5532 cotttlylis,
2421 5465 2500 5515 vel
2535 5462 2694 5517 Marii
2753 5463 2899 5531 Nigri
2954 5463 3278 5519 Chatainos.
3347 5465 3684 5522 Chorasanis

2114 5554 2351 5621 regionis
2379 5568 2572 5606 nomen
2630 5570 2696 5608 ne
2749 5554 2908 5607 hodie
2958 5554 3173 5624 quidem
3217 5557 3511 5610 obscurum
3574 5568 3680 5622 est,

2112 5663 2172 5700 Ct
2213 5645 2606 5700 recentioribus
2664 5646 2906 5700 historiis
2943 5666 2954 5700 :
2989 5648 3218 5717 populos
3278 5652 3428 5719 ipsus
3490 5649 3681 5706 Jurius

2111 5741 2563 5793 Coraxcnosrult
2617 5740 2795 5793 dictos
2851 5741 3175 5809 antiquitus.
3231 5740 3459 5795 Cedreoi
3515 5745 3677 5799 verba

2111 5841 2240 5887 sunt
2276 5829 2656 5885 inJustintano
2691 5831 3029 5886 liltinntmito
3069 5851 3082 5899 ;
3126 5834 3412 5904 subjugata
3446 5834 3546 5889 fuit
3611 5838 3679 5892 ab
