4218 6308
479 279 591 344 ’7Ξο

1639 291 2029 352 PANDECTE
2057 292 2256 353 HIST.
2305 293 2609 358 'TURCIC.

3641 295 3755 364 T30

480 397 758 453 Arabibus
781 399 799 468 (
826 399 880 454 id
912 410 996 455 est
1019 401 1333 473 Saracenis)
1369 403 1534 459 ctiam
1573 404 1756 462 l’crsis
1798 409 2049 470 interior,
2087 447 2130 502 Δ
2165 409 2408 464 Alndinis
2443 410 2737 466 habuerint
2765 428 2985 484 nomen,
3017 416 3345 472 Osmanidas
3392 428 3584 470 omnes
3625 416 3752 468 Ala-

477 506 600 560 qua'
631 491 911 548 Clmrnsan
934 494 1155 550 dicitur.
1185 497 1468 553 Cltorasan
1491 498 1559 552 ab
1581 497 1786 554 Ortclio
1814 500 2052 555 Charus-

481 584 897 652 sattSCI'lbilul‘,
953 599 1008 641 et
1072 587 1236 644 Belclt
1303 599 1412 644 tam
1471 593 1624 653 urbs,
1685 608 1849 662 quam
1909 595 2096 662 regit»

478 673 781 732 Chorasani
819 680 1208 746 vieina,Balelt
1263 685 1437 740 eidem
1491 697 1597 750 est,
1661 702 1854 742 versus
1899 687 2059 742 'l‘ata-

480 775 614 829 riam
641 778 870 834 tendens
900 796 1103 851 ;quatn
1135 785 1358 840 annales
1383 787 1552 842 nostri
1585 785 1816 843 Macban
1843 798 2056 848 vocant,

481 869 603 922 urbi
633 871 954 940 regioniqtte
977 877 1259 930 communi
1312 877 1533 933 nomine
1566 897 1581 942 ;
1615 878 1754 932 haud
1789 879 1902 934 scio
1927 893 2056 932 num

477 964 668 1017 cadem
704 965 776 1018 sit
799 981 923 1020 cum
968 968 1080 1034 illa,
1111 984 1232 1038 quae
1259 968 1476 1026 Macran
1501 972 1571 1026 ab
1599 971 1811 1028 Ortelio
1832 971 2056 1034 dicitur.

480 1071 674 1110 versus
710 1059 894 1114 sinum
948 1059 1252 1124 Persicum,
1319 1072 1375 1117 et
1438 1078 1592 1118 mare
1647 1063 1894 1118 Rubrum
1931 1063 2055 1119 sita.

480 1148 717 1205 Tataros
753 1151 960 1216 scribo,
997 1169 1104 1208 non
1135 1153 1417 1222 Tartaros,
1458 1167 1572 1210 tum
1622 1158 1766 1223 quod
1795 1159 1865 1208 ita
1925 1153 2055 1207 dicti

481 1240 592 1294 sint
620 1257 649 1295 a
682 1239 884 1298 Tataro
904 1242 1148 1311 ﬂumine,
1191 1248 1352 1315 cujus
1397 1247 1599 1302 accola:
1668 1246 1912 1315 Sumnin
1975 1243 2054 1296 vol

482 1334 767 1405 Sunionin
805 1335 1088 1402 dicuntur,
1134 1338 1240 1393 hoc
1299 1351 1385 1393 est
1446 1338 1631 1409 llugli,
1688 1340 1771 1393 vel
1829 1337 2052 1407 Mongli.

479 1424 737 1482 Tatarive
759 1429 1002 1497 aquatici
1033 1447 1046 1494 ;
1087 1440 1198 1483 tum
1225 1432 1389 1485 etiam
1432 1447 1497 1487 ex
1531 1431 1863 1487 auctoritate
1883 1430 2056 1485 Saxo-

481 1535 610 1574 num
641 1527 980 1578 nostrorum.
1037 1521 1230 1591 eisque
1285 1522 1620 1587 vicinorum,
1685 1524 1777 1592 qui
1821 1522 2054 1578 Tataros

479 1612 773 1681 appellant,
791 1620 845 1666 et
868 1612 1183 1669 Graecorum
1209 1617 1573 1684 quorumdam
1594 1615 1886 1679 librorum,
1915 1633 2055 1687 quos

478 1707 886 1773 manuscriptos
946 1704 1123 1762 habeo
1151 1726 1166 1773 ;
1215 1710 1268 1760 in
1314 1708 1516 1777 quibus
1579 1720 1664 1764 est
1708 1709 1913 1765 Praetor
1967 1709 2054 1765 ille

2163 500 2319 555 dint-s
2355 517 2600 561 vocatos.
2628 520 2728 560 ceu
2778 518 3149 576 cognomento
3166 511 3426 586 quodam,
3463 509 3751 578 auttligni-

2165 595 2301 647 tntis
2334 598 2716 667 appellatione.
2749 600 3022 656 Similiter
3076 612 3127 658 ct
3157 605 3301 658 alius
3356 613 3522 658 restat
3590 619 3748 658 stru-

2161 687 2326 756 pulus
2354 688 2420 740 de
2449 705 2537 757 eo,
2565 692 2712 761 qttod
2754 694 2929 758 addit,
2973 694 3144 749 videri
3177 695 3469 763 quemdam
3526 710 3589 749 ev
3623 695 3750 749 Gia-

2162 780 2371 837 zadinis
2392 783 2582 838 liberis
2606 785 2892 841 Aladinem
2927 787 3224 852 nominari,
3255 789 3349 857 qui
3407 786 3749 842 Clralcocou-

2161 875 2298 946 dylac
2334 877 2407 932 sit
2441 875 2794 934 Germianus.
2837 876 2949 934 Nos
2970 879 3036 934 de
3061 880 3215 950 begis
3268 879 3586 935 Gnrmianis
3645 896 3746 932 suo

2162 966 2511 1022 lorndicturi
2550 985 2764 1027 sumus.
2801 971 3006 1026 ibidem
3063 971 3338 1028 Sivastam
3388 974 3742 1043 scripsimus,
3801 955 3804 958 i

2158 1075 2282 1128 quae
2313 1065 2472 1130 vulgo
2527 1061 2708 1128 Siras,
2763 1066 2923 1134 quasi
2994 1065 3198 1129 Sivast,
3283 1067 3415 1123 urbs
3467 1066 3745 1121 Armenia!

2160 1153 2450 1220 (minorem
2493 1155 2765 1227 intelligo)
2794 1160 3095 1214 secundum
3127 1160 3576 1216 constitutionem
3606 1158 3743 1216 Leo-

2161 1246 2246 1300 nis
2275 1247 2511 1317 Augusti
2541 1249 2610 1303 de
2638 1249 2846 1304 ordine
2895 1251 3248 1314 tltronorum,
3302 1253 3400 1322 qui
3461 1249 3740 1306 Constan-

2159 1337 2528 1409 tinopolitano
2557 1343 2883 1410 patriarclue
2903 1342 3140 1411 subjecti
3169 1354 3321 1410 sunt,
3351 1359 3518 1413 quam
3541 1358 3742 1396 manu-

2158 1431 2419 1498 scriptam
2453 1432 2743 1489 habemus.
2804 1434 2862 1488 in
2915 1436 3016 1490 bac
3077 1433 3327 1491 Sebastia
3383 1443 3638 1496 voratur,
3687 1442 3742 1487 ct

2155 1521 2464 1577 Camaebus
2494 1525 2544 1579 ei
2582 1524 2759 1579 vit-ina
2797 1529 3082 1582 statuitur.
3118 1543 3282 1596 quam
3309 1527 3450 1582 idem
3475 1525 3585 1580 Leo
3606 1524 3738 1580 facit

2156 1612 2690 1680 archiepiscopatum
2730 1613 2844 1667 sive
2873 1615 3222 1683 mctropolim
3276 1613 3568 1668 Armeniae.
3627 1609 3736 1665 Ke-

2157 1702 2313 1758 macb
2342 1702 2506 1758 hodie
2531 1705 2868 1766 nominatur.
2893 1709 3056 1761 etiam
3077 1705 3330 1761 Tureicis
3357 1707 3410 1760 in
3443 1705 3736 1760 annalibus

475 1795 698 1851 Graecia:
733 1808 945 1862 noster,
980 1811 1037 1856 ct
1065 1799 1384 1871 Pulologus,
1443 1801 1538 1871 qui
1579 1802 1783 1870 ubique
1823 1800 2055 1858 Tataros
2085 1795 2130 1854 Β
2159 1811 2420 1864 expressa
2456 1813 2607 1852 voce.
2640 1798 2794 1865 Apud
2820 1797 3124 1852 Laonicnm
3153 1798 3206 1852 in
3233 1798 3472 1866 Bajazite
3519 1796 3738 1867 Lazlape

475 1901 692 1945 vocant.
725 1891 889 1962 500
915 1893 1067 1948 Adde
1102 1894 1476 1949 testimonium
1526 1895 1730 1950 veteris
1785 1895 2052 1966 epigram-

475 1988 656 2044 litatis,
692 1995 820 2039 ante
845 1994 1118 2042 trecentos
1157 2000 1333 2042 annos
1355 1984 1619 2042 Ottocaro
1644 1988 1758 2056 regi
1781 1987 2054 2041 Boltemia:

472 2077 634 2146 positi
668 2094 684 2140 ;
717 2079 810 2147 qui
844 2096 875 2132 a
922 2078 1218 2148 Rudnlpbo
1293 2081 1625 2147 imperatore
1685 2094 1864 2135 crcsus
1912 2079 2054 2134 inter

470 2169 768 2226 auxiliares
803 2169 1036 2226 Tataros
1063 2170 1342 2228 Cumanos
1372 2175 1479 2228 hoc
1499 2171 1863 2244 epitaphium,
1935 2189 2050 2226 ver-

469 2264 625 2318 sibus
657 2263 858 2319 iactum
898 2263 1177 2325 Leoninis,
1203 2265 1540 2333 proillorum
1567 2281 1719 2321 more
1749 2277 2050 2335 tempurum

472 2355 682 2418 habuit,
730 2363 1004 2424 repertum
1033 2358 1087 2408 in
1113 2355 1250 2409 libro
1276 2356 1567 2411 Annalium
1592 2357 1883 2411 Auslriaco
1896 2371 2013 2409 rum
2031 2398 2045 2421 ,

472 2449 871 2515 manttscripto,
894 2465 1055 2518 quem
1109 2450 1434 2520 magniﬁcus
1475 2449 1735 2506 dominus
1783 2449 2047 2520 ilict-ony-

472 2540 752 2595 ruusBet-k
786 2539 1241 2610 aLeopoldsdorf
1289 2545 1552 2597 utendum
1614 2542 1746 2595 mihi
1803 2557 1900 2609 pro
1948 2556 2049 2595 sua

471 2637 809 2691 humanitate
834 2650 1006 2692 carice
1018 2638 1156 2692 ssit:

542 2752 587 2808 0
613 2770 701 2806 rm:
731 2757 974 2806 ουσίαν-ε
1006 2753 1270 2822 quondam
1296 2755 1542 2817 pugnasti
1573 2755 1800 2807 honeste.

542 2822 697 2878 Nunc
733 2835 842 2878 stas
871 2827 927 2878 in
954 2825 1146 2894 parmis
1168 2825 1403 2891 depictus
1444 2842 1563 2879 cunt
1601 2823 1904 2879 Toletanis.

747 2942 802 3002 4.
842 2937 917 2992 De
955 2937 1082 2992 urbe
1114 2937 1344 3009 Bagdqt,
1367 2939 1474 2994 sive
1497 2938 1765 3008 Bagadat.

540 3052 736 3108 Urbem
765 3051 1083 3123 Bagadatim
1110 3054 1295 3126 accipe
1333 3054 1400 3108 de
1421 3053 1688 3108 hodierna
1762 3051 2045 3116 Babylone

2156 1889 2365 1943 lainaco
2395 1889 2591 1944 vitiose
2620 1889 2840 1958 legitur.
2874 1890 3005 1944 Vide
3031 1900 3218 1945 notata
3259 1891 3517 1960 deinceps
3543 1892 3722 1952 rapite

2151 1979 2279 2036 9.0L
2326 1981 2505 2035 Libuit
2540 1992 2721 2037 autem
2752 1983 2868 2038 lucc
2901 1998 3024 2038 eam
3077 1984 3148 2037 ob
3173 2000 3396 2039 causam
3461 1984 3729 2044 indicare.

2155 2070 2298 2137 quod
2341 2071 2582 2127 Ortclins
2612 2074 2816 2134 varias,
2842 2080 3050 2130 etinter
3074 2092 3131 2129 se
3157 2075 3497 2131 dissidentes
3523 2075 3738 2145 opinio-

2155 2181 2252 2220 nes
2282 2165 2348 2219 de
2379 2166 2628 2222 Sebastia
2669 2167 2915 2235 proferat
2949 2169 3113 2223 :aliis
3146 2184 3268 2222 eam
3306 2184 3412 2222 non
3449 2169 3638 2239 procul
3661 2169 3730 2223 ab

2154 2259 2431 2327 Euphrate
2456 2261 2846 2326 statuentibuu,
2878 2261 3000 2313 aliis
3054 2260 3367 2314 inCilicia:
3423 2277 3548 2315 cum
3611 2265 3720 2314 Ar.

2153 2351 2343 2404 monia:
2377 2351 2444 2405 sit
2481 2352 2592 2412 illa,
2618 2367 2739 2422 qum
2766 2351 2924 2406 Sivas
2981 2352 3314 2423 appellatur,
3349 2351 3546 2408 Turcis
3575 2351 3733 2408 Siras

2151 2442 2400 2506 sciteber,
2429 2443 2533 2497 boc
2563 2454 2646 2500 est
2678 2445 2778 2499 ubs
2815 2443 3052 2499 Sivaste.

2151 2556 2203 2612 6.
2231 2557 2479 2628 Erainga,
2506 2557 2765 2614 ﬂamonia
2783 2561 3042 2628 Asiatica,
3065 2563 3098 2615 Α
3112 2565 3302 2631 nursia,
3321 2564 3519 2632 Clmlrp
3536 2564 3727 2636 Syrian

2223 2675 2498 2746 Ertzinga,
2539 2677 2698 2745 Cujus
2723 2678 2810 2732 hic
2846 2679 3052 2732 mentio
3087 2678 3176 2742 lit,
3209 2688 3265 2734 et
3297 2695 3419 2749 qute
3450 2679 3718 2734 Erzinzan

2151 2784 2369 2839 quoque
2391 2769 2674 2833 scribitur,
2702 2772 2835 2825 urbs
2857 2781 2940 2825 est
2970 2773 3262 2834 Armeniae,
3301 2773 3460 2841 cujus
3513 2788 3714 2828 nomen

2149 2861 2202 2915 in
2235 2862 2382 2917 edito
2407 2863 2647 2918 Laonico
2672 2864 2886 2920 diverse
2939 2865 3158 2936 legitur,
3219 2875 3277 2920 et
3337 2867 3407 2923 ad
3477 2867 3722 2921 vicinam

2147 2955 2419 3010 Armeniae
2445 2954 2849 3025 Cappadociam
2901 2957 3158 3021 refertur,
3218 2957 3382 3013 modo
3438 2959 3724 3029 Artzinga,

2150 3047 2318 3101 modo
2342 3046 2689 3118 Artzinganis
2726 3048 2879 3103 urbs.
2939 3049 3233 3120 Arziugam
3295 3061 3454 3105 vocat
3516 3050 3727 3122 Aytho-

467 3157 692 3217 propter
711 3147 907 3217 prisca:
930 3147 1230 3218 Babylonis
1251 3147 1442 3202 ruinas
1475 3163 1502 3200 τι
1530 3147 1764 3203 sullanis
1808 3147 2043 3214 calipltis
2068 3157 2112 3219 ρ
2149 3156 2274 3196 nus.
2304 3139 2596 3212 Reperitur
2651 3143 2797 3211 apud
2851 3141 3155 3198 Laonicum
3210 3152 3264 3198 et
3293 3143 3531 3209 Ertzica,
3579 3145 3726 3200 sicut

465 3249 766 3296 exstructa.
795 3239 1020 3294 Zonaras
1048 3239 1257 3310 Bagdas
1305 3255 1505 3310 genere
1532 3241 1780 3295 masculo
1816 3241 2034 3294 dicitur.

467 3330 739 3387 Laonicns
775 3331 1052 3402 Pogdatim
1095 3341 1279 3398 vocat,
1299 3339 1353 3386 et
1380 3330 1736 3401 Pogdatinam
1795 3331 1878 3384 vel
1907 3328 2045 3401 Pag-

466 3425 707 3478 datinam
764 3424 1093 3493 Babylonem
1135 3423 1322 3494 :apud
1383 3439 1549 3493 quem
1608 3433 1733 3479 nota
1786 3433 2043 3493 corrupte

465 3517 729 3584 scriptum
765 3517 867 3571 line
899 3515 1151 3570 ultimum
1214 3515 1266 3569 in
1295 3513 1503 3570 Latinis
1553 3515 1740 3579 editis,
1792 3514 2043 3580 l’adagti-

464 3624 590 3663 nam
625 3609 975 3680 Babylonem.
997 3609 1284 3662 Pntt-arcba
1317 3609 1431 3663 suis
1466 3609 1517 3663 in
1565 3609 1907 3679 poematibus
1938 3607 2042 3661 Ita-

465 3703 583 3755 licis
617 3701 936 3755 Baldaccutu
973 3701 1240 3754 nominat.

664 3817 736 3871 De
770 3816 1020 3878 Aha/ine,
1052 3816 1295 3884 Sclgttre,
1335 3814 1718 3884 Tangrolt'pt'cc,
1749 3815 1927 3870 Siras.

532 3930 780 3985 Aladinis
802 3929 960 3997 origo
981 3947 1008 3981 a
1029 3927 1225 3982 Turcis
1245 3927 1477 3981 refertur
1507 3927 1572 3981 ad
1603 3924 1916 3995 Selgucem,
1941 3927 2034 3994 qui

458 4023 730 4079 Gulielmo
760 4021 952 4093 Tyrio,
992 4022 1226 4076 fortasse
1255 4019 1461 4074 librarii
1493 4021 1651 4089 culpa
1681 4019 1894 4085 vitiose,
1916 4020 2039 4074 εθι-

461 4118 600 4170 ducit
640 4115 863 4168 dicitur.
890 4113 1046 4167 llune
1081 4111 1434 4176 Beineccius,
1457 4113 1543 4166 vir
1575 4111 1950 4169 doctissimus.
1981 4125 2036 4167 et

459 4204 778 4273 diligentissi
791 4219 913 4256 mus
941 4207 991 4254 in
1013 4201 1355 4270 explicandis
1381 4201 1718 4271 genealogiis
1735 4202 2032 4266 historicis,

462 4301 614 4361 putat
643 4295 894 4346 eunnlem
955 4307 1078 4346 esse
1111 4309 1236 4346 cum
1276 4289 1659 4361 Tangrolipice
1700 4291 2032 4364 (Tragolipix

461 4399 566 4436 non
609 4391 753 4437 recte
772 4382 1055 4451 scribitur)
1084 4383 1782 4438 Crwcarumltistoriarum
1817 4401 1832 4438 :
1885 4386 2030 4454 quod

456 4487 588 4525 vero
620 4489 726 4524 non
757 4473 1030 4538 absimile,
1060 4491 1184 4527 cum
1215 4472 1572 4541 Tangrolipix
1604 4485 2030 4542 cognomentum

459 4563 732 4629 quoddam
757 4578 880 4617 esse
936 4565 1205 4627 videatur,
1235 4577 1261 4616 a
1303 4561 1506 4632 Tungri
1539 4562 1856 4627 deductum,
1884 4567 2028 4631 quod

458 4656 653 4709 Turcis
695 4655 860 4710 Deum
894 4657 1196 4724 signiticet,
1222 4657 1437 4725 adjecta
1491 4671 1646 4722 voce,
1679 4672 1844 4726 quam
1877 4656 2035 4727 equi-

455 4748 578 4802 dem
602 4747 850 4803 divinare
891 4763 997 4802 non
1029 4761 1278 4815 possum.
1310 4746 1521 4804 Fratris
1578 4749 1701 4818 ejus
1759 4748 1904 4804 ﬁlius
1977 4748 2032 4802 in

453 4841 689 4898 Cedrino
728 4854 850 4896 meo
879 4841 1275 4910 manuscripto,
1310 4856 1423 4910 quo
1444 4841 1574 4908 ejus
1619 4842 1868 4896 auctoris
1921 4855 2029 4896 non

454 4931 599 4984 edita
630 4930 937 5001 fragmenta
964 4942 1226 5000 quatuor,
1244 4945 1370 4986 cum
1399 4932 2029 5002 aliqnothpet-atorum

455 5024 580 5078 vitis
606 5023 870 5078 hactenus
900 5023 1230 5079 desideratis
1281 5026 1656 5090 continentur,
1713 5037 1836 5078 'non
1891 5023 2031 5077 Cut-

455 5116 656 5178 lnmus,
690 5117 786 5171 sed
815 5116 1170 5172 Cntlnmttses
1220 5128 1449 5170 vocatur
1490 5133 1506 5170 :
1549 5116 1694 5186 quod
1754 5116 2032 5184 signillcat

458 5204 684 5263 Musem.
709 5208 823 5260 sive
865 5206 1066 5262 Mosam
1095 5207 1432 5260 fortunatum
1465 5222 1530 5261 ac
1559 5206 1798 5261 felicem.
1832 5206 2026 5260 Aladin

455 5298 535 5350 vel
562 5298 749 5353 Aledin
780 5299 1058 5368 signitlcat
1100 5299 1370 5355 divinum.
1399 5300 1722 5356 lleineccius
1750 5300 2030 5356 existimat

451 5405 574 5444 esse
599 5406 893 5446 commune
917 5406 1120 5446 nomen
1143 5391 1406 5447 omnibus
1431 5392 1645 5447 Turciae
1674 5391 1756 5447 vel
1782 5393 2030 5448 lconien-

453 5483 607 5538 stltus
634 5484 889 5547 sultanis,
919 5499 1018 5539 ceu
1084 5495 1534 5554 COguomentum,
1592 5485 1676 5538 vcl
1743 5485 2028 5554 dignitatis

450 5575 895 5643 appellationem,
933 5577 1076 5645 quod
1102 5575 1353 5645 equidem
1386 5576 1618 5646 probare
1651 5591 1758 5630 non
1799 5590 2028 5647 possum

452 5666 678 5733 perinde
702 5683 770 5721 ac
821 5668 1006 5725 dicere
1048 5684 1159 5724 non
1214 5684 1444 5738 possunt
1501 5679 1813 5739 ρτοριθτοπν
1869 5670 2021 5738 lim"

451 5757 634 5825 plures
665 5757 1182 5827 intcrOsmanidas,
1225 5763 1422 5817 relute
1480 5760 1790 5834 genealogia
1855 5768 2022 5831 patet,

2151 3233 2291 3302 apud
2321 3232 2558 3289 Leonem
2589 3233 2894 3303 Augustum
2929 3235 2981 3286 in
3041 3235 3230 3289 eadem
3260 3233 3514 3289 Armenia
3565 3235 3726 3304 poni-

2153 3336 2241 3382 tur
2269 3326 2504 3394 Artzice,
2570 3330 2673 3383 sub
2705 3327 2996 3398 metropoli
3060 3328 3331 3384 Keltzina.
3399 3327 3723 3383 Romaniam

2149 3436 2297 3479 vero.
2329 3435 2436 3475 non
2462 3436 2560 3490 pro
2591 3421 2856 3491 Europtca
2877 3419 3109 3485 Graecia,
3141 3423 3196 3475 in
3227 3421 3330 3476 bne
3353 3421 3574 3491 quidem
3599 3421 3724 3476 loco

2147 3514 2408 3582 accipies,
2467 3513 2564 3569 sed
2593 3528 2693 3583 pro
2718 3511 3098 3570 Romanorum
3130 3514 3238 3586 (sic
3269 3513 3446 3568 Grznci
3485 3529 3544 3570 se
3566 3514 3720 3569 vole-

2147 3606 2278 3660 bant
2311 3605 2518 3676 vocari)
2572 3606 2868 3675 provinciis
2917 3606 3200 3670 Asiaticis,
3259 3621 3366 3676 qua
3420 3607 3583 3662 etiam
3637 3619 3723 3660 re—

2146 3698 2420 3753 centiores
2449 3697 2701 3754 historici
2731 3697 2903 3754 Graeci
2933 3697 3216 3754 Romamre
3240 3697 3507 3755 vocabulo
3563 3712 3719 3752 eom-

2146 3792 2284 3860 plexi
2321 3799 2472 3845 sunt.
2527 3791 2749 3846 Amasia
2794 3807 2988 3848 nomen
3025 3793 3297 3861 hodieque
3332 3791 3552 3854 retinet,
3588 3792 3720 3846 urbs

2143 3882 2503 3950 Cappadocia:
2544 3901 2560 3938 :
2602 3884 2727 3939 licet
2757 3885 2811 3938 in
2841 3887 3240 3940 constitutione
3273 3885 3470 3939 Leonis
3542 3885 3716 3953 impe-

2146 3973 2369 4035 ratoris,
2404 3988 2566 4036 quam
2598 3973 2861 4040 diximus,
2891 3976 2956 4029 ad
2987 3975 3342 4044 "cient-ponti
3370 3974 3709 4044 provinciam

2143 4067 2209 4118 de
2243 4079 2347 4132 qua
2401 4065 2454 4117 in
2505 4063 2804 4119 JllSlllxialll
2867 4067 3095 4134 Augusti
3173 4067 3402 4123 novellis
3456 4065 3717 4137 pleraque

2142 4155 2442 4210 conStituta
2475 4155 2747 4223 leguntur.
2780 4158 2932 4211 velut
2957 4157 3077 4227 ejus
3140 4159 3459 4228 metropolis
3508 4161 3717 4214 relera-

2143 4258 2252 4313 tur,
2277 4250 2378 4303 sub
2405 4265 2511 4317 qua
2544 4260 2740 4319 prater
2763 4251 2902 4306 alios
2918 4251 3286 4320 episcopatus,
3314 4255 3478 4306 etiam
3507 4250 3711 4322 Sinope

2140 4351 2475 4398 recensctur.
2503 4344 2798 4413 Chalt-pum
2818 4343 2986 4413 Syriae
3000 4343 3344 4397 notissimam
3378 4359 3526 4398 nunc
3552 4344 3716 4397 etiam

2141 4435 2356 4496 urbem,
2388 4447 2440 4488 et
2471 4434 2710 4490 Orientis
2748 4435 3058 4504 emporium
3093 4435 3537 4500 celeberrimum,
3568 4436 3710 4489 male

2065 4519 2112 4578 D
2139 4528 2591 4598 Cltalcocondylia
2625 4532 2894 4599 interpres
2934 4542 3059 4583 cum
3089 4528 3343 4583 Geufrazo
3402 4528 3532 4583 facit
3582 4528 3714 4597 Epi-

2139 4619 2417 4687 pbaniam,
2456 4619 2735 4674 Bcllonius
2763 4619 3115 4688 Hierapolim,
3182 4620 3474 4674 Seidlizius
3527 4620 3713 4673 Antio-

2135 4713 2313 4767 chiam
2370 4726 2621 4780 ntagnam
2681 4710 2734 4764 in
2799 4709 3131 4781 Comagena,
3181 4712 3355 4781 magis
3411 4710 3706 4779 imperite:

2135 4819 2258 4860 cum
2299 4801 2564 4864 Zonaras,
2589 4801 2882 4866 Cedrinus,
2917 4800 3153 4866 Nicetas,
3209 4817 3472 4873 expresse
3501 4801 3707 4870 Chalep

2133 4895 2333 4948 dictam
2363 4891 2492 4946 olim
2551 4893 2765 4945 tradant
2797 4889 3136 4944 Berrbtenm.
3181 4888 3382 4959 Halepo
3402 4889 3515 4958 jam
3543 4888 3706 4955 vulgo

2131 4984 2359 5039 dicitur.
2393 4980 2640 5039 Ridicula
2665 4979 2896 5036 Gcttl'rtei
2924 4979 3094 5042 notio,
3119 4981 3211 5050 qui
3242 4981 3411 5050 Aleplt
3450 4978 3568 5032 vult
3616 4979 3706 5033 di-

2133 5085 2297 5142 ctam,
2330 5084 2384 5129 ct
2417 5090 2447 5129 a
2482 5075 2656 5144 prima
2704 5072 3058 5128 llebrarorum
3088 5073 3268 5127 littera
3299 5073 3534 5136 derivat,
3559 5071 3706 5142 quod

2131 5168 2304 5238 prima
2333 5169 2506 5230 Syriae
2549 5167 2745 5222 civitas
2774 5167 2844 5223 sit
2873 5209 2887 5232 ,
2919 5182 3045 5223 cum
3098 5166 3368 5237 hodieque
3416 5164 3714 5220 Damascus

2130 5277 2249 5315 eam
2283 5260 2445 5330 longe
2475 5269 2715 5328 superet.

2359 5372 2412 5426 7.
2458 5370 2697 5440 Mapalt'a
2729 5370 3020 5426 Turcorum
3045 5381 3095 5426 et
3130 5370 3478 5426 Tatarorunt.

2201 5490 2334 5557 Quae
2355 5489 2422 5544 de
2456 5488 2761 5557 mapalibus
2808 5486 3084 5541 Ertuculis
3144 5487 3419 5550 dicuntur,
3476 5485 3703 5556 intelligi

2133 5581 2422 5640 commode
2453 5587 2710 5650 poterunt
2759 5595 2822 5634 ex
2875 5579 3022 5634 hisce
3074 5577 3241 5634 Marci
3292 5578 3442 5632 Pauli
3509 5575 3704 5632 Veneti

2133 5674 2338 5737 verbis.
2379 5674 2638 5729 aediculas
2678 5672 3032 5736 Tatarnrum,
3080 5675 3197 5727 sive
3233 5671 3460 5742 mapalia
3523 5669 3704 5732 potius

2132 5767 2514 5836 describentis,
2548 5766 2788 5836 antiquis
2851 5765 3000 5821 hisce
3059 5763 3307 5822 Turcicis
3371 5761 3702 5818 simillima:
