4204 6300
498 402 601 463 737

1648 394 2042 456 ΡΛΝΒΕΟΊἘ
2073 394 2268 457 lllS'i‘.
2300 394 2602 454 TUllClC.

3637 387 3746 455 7'33

572 505 769 563 llalu-s.
797 503 1002 572 optime
1032 501 1223 565 lector,
1256 501 1516 569 reliquias
1557 501 1827 573 Aucyrani
1868 517 2065 555 muuu-
2093 504 2139 564 Α
2170 503 2384 565 dormu,
2417 502 2471 557 iu
2536 512 2859 573 potestatem
2912 503 3203 571 redegisse.
3237 504 3278 557 Α
3319 517 3428 573 quo
3496 501 3627 559 dere
3667 502 3744 557 uii

500 597 687 659 menti,
727 593 887 648 facile
921 594 1163 647 omnium
1198 610 1319 662 qua:
1350 609 1494 647 nunc
1530 602 1766 658 csstant,
1800 604 2069 661 praestau-

505 688 727 749 tissimi,
768 685 1037 754 siquidem
1066 695 1213 740 esset
1243 686 1535 754 integrum.
1602 684 1732 755 Ejus
1777 684 2070 737 illustratio

484 792 610 831 'uou
645 776 809 845 hujus
841 783 928 827 est
958 772 1083 828 loci.
2060 792 2063 795 π

503 892 590 945 11.
619 889 778 951 Anni,
798 888 1300 950 ruensium,diermn
1337 888 1478 955 apud
1512 887 1704 941 Turres
1734 890 1871 942 ratio
1901 901 1949 945 et
1979 908 2073 960 np-

1103 960 1438 1027 pellationes.

573 1049 760 1108 Notavi
790 1052 855 1107 ad
889 1053 1188 1123 marginem
1220 1053 1361 1115 libri,
1391 1067 1592 1107 annum
1632 1052 2072 1109 Nabumetannm

501 1144 625 1211 687,
666 1159 775 1214 quo
800 1156 1049 1200 mortuus
1087 1143 1374 1199 Ertueules
1437 1146 1689 1212 traditur,
1750 1160 1871 1201 esse
1918 1145 2075 1201 Curi-

499 1238 738 1293 stianum
769 1235 932 1292 1289.
965 1237 1079 1292 lloc
1115 1238 1191 1291 nti
1226 1239 1442 1308 planius
1492 1239 1719 1308 intelligi
1786 1240 1983 1307 possit,
2009 1240 2073 1293 li-

504 1326 595 1380 bet
624 1326 728 1381 hoc
750 1327 867 1382 loco
902 1341 1065 1397 quam
1104 1326 1746 1398 pauci~siniiscsplieare
1770 1338 2073 1396 temporum

498 1422 643 1488 apud
672 1418 880 1474 'l‘nreos
938 1419 1227 1481 rationem,
1294 1420 1543 1475 videlicet
1572 1437 1865 1484 annorum,
1928 1439 2075 1476 men-

503 1510 668 1572 simu,
700 1509 935 1574 dierum,
970 1516 1236 1579 quantum
1275 1508 1496 1577 quidem
1532 1508 1800 1562 hactenus
1872 1510 2077 1562 intelli-

503 1614 629 1667 gere
662 1604 727 1653 de
755 1600 839 1653 bis
865 1599 1038 1667 potui.
1061 1598 1289 1654 Constat
1345 1600 1512 1669 igitur
1563 1602 1707 1669 apud
1735 1597 1949 1654 TUI'COS
1976 1616 2076 1653 an-

505 1708 606 1746 nus
640 1692 703 1745 12
731 1692 1031 1758 mensibus,
1088 1692 1182 1746 sed
1206 1692 1513 1757 lunaribus,
1575 1701 1630 1746 et
1697 1694 1921 1748 tradunt
1952 1693 2073 1762 ipsi,

501 1794 623 1853 post
640 1784 711 1837 52
737 1798 910 1837 annos
943 1784 1201 1839 'l‘urcicos
1232 1784 1634 1838 ﬁrmamentum
1686 1786 1811 1839 etnli
1843 1801 2070 1840 cursum

2175 602 2439 661 tempore,
2492 595 2798 663 principatu
2850 594 2962 664 jam
3019 596 3318 650 constituto
3365 592 3745 663 stabilitoquc,

2175 696 2319 738 recte
2346 700 2525 739 rerum
2564 686 2764 755 potitus
2797 686 3007 739 dicetur
3057 686 3217 740 annis
3269 685 3597 741 Christianis
3648 684 3740 739 28.

2174 774 2470 845 Itidemque
2500 776 2785 831 verissime
2812 784 3100 841 statuetur,
3132 777 3345 832 initium
3376 778 3523 847 regni
3550 775 3743 833 Osma—

2174 865 2281 920 uici
2318 865 2658 919 referendum
2692 870 2755 920 ad
2782 883 2983 921 annum
2999 865 3371 921 Christianum
3407 868 3562 931 1500,
3595 867 3746 936 quod

2175 971 2306 1010 sane
2340 957 2538 1011 multas
2570 959 2637 1011 ob
2671 976 2866 1014 causas
2900 960 3189 1030 diligenter
3210 960 3632 1014 observandum.

2248 1049 2402 1115 Quod
2436 1065 2651 1104 menses
2682 1052 2894 1116 attinet,
2942 1050 3056 1122 jam
3122 1062 3279 1107 antea
3331 1054 3663 1114 "terruimus,
3690 1053 3742 1105 iu

2177 1156 2278 1193 usu
2329 1138 2526 1194 Turcis
2578 1158 2697 1194 esse
2745 1142 2984 1197 lunares.
3041 1141 3448 1199 llusumninare
3479 1145 3749 1214 incipiunt

2176 1233 2243 1285 ab
2269 1231 2398 1301 ipsis
2435 1231 2748 1287 noviluniis.
2790 1233 2852 1288 lit
2886 1245 3248 1288 numerantur
3281 1235 3352 1288 ab
3376 1234 3457 1289 eis
3493 1235 3576 1298 l2,
3608 1236 3749 1290 sicut

2155 1323 2339 1377 'etiam
2381 1340 2479 1378 nos
2513 1323 2733 1377 totidem
2771 1325 3054 1380 habemus.
3102 1324 3243 1381 Auni
3304 1327 3627 1397 principium
3667 1346 3750 1380 re-

2178 1415 2448 1469 feruntad
2506 1430 2747 1470 mensem
2801 1417 3097 1477 Sdchidze.
3123 1420 3219 1487 qui
3285 1418 3393 1473 late
3449 1420 3745 1487 loquendu,

2176 1506 2321 1575 quod
2354 1504 2522 1560 Grzeei
2571 1507 2753 1561 dicere
2803 1508 2999 1570 solent,
3059 1508 3341 1563 Deccmbri
3394 1508 3506 1563 fere
3559 1521 3750 1563 nostrb

2180 1600 2507 1665 respondere
2532 1598 2839 1653 debebatex
2863 1603 3119 1671 opinione
3148 1602 3515 1669 complurium
3545 1619 3559 1653 ε
3588 1604 3747 1655 sicuti

2178 1688 2497 1757 plerumque
2520 1688 2794 1744 Rautarau
2835 1691 3040 1746 mensis
3076 1693 3141 1745 ad
3179 1690 3554 1762 Septembrem
3584 1694 3751 1747 debr-

2181 1780 2267 1833 bat
2294 1793 2357 1832 ex
2389 1781 2703 1834 earumdem
2731 1786 2996 1836 sententia
3016 1783 3206 1837 referri
3242 1802 3256 1837 :
3281 1801 3390 1855 quo
3432 1801 3619 1840 mense
3645 1784 3753 1838 lla-

506 1890 667 1931 suum
695 1876 1001 1931 absolvere.
1042 1875 1197 1930 Unde
1228 1875 1621 1947 propemodum
1675 1876 1853 1947 colligi
1908 1878 2075 1947 pleri-
2107 1850 2145 1903 Β
2176 1884 2399 1923 tuamne
2422 1870 2692 1941 jejunium
2718 1886 2875 1926 ειιιιιιι
2912 1889 3251 1928 ιιιειιεετυιιιιι
3302 1888 3545 1942 servant,
3580 1892 3608 1930 a
3634 1892 3751 1930 cre-

507 1986 616 2040 que
644 1982 857 2041 putant,
886 1973 1046 2025 armis
1076 1972 1138 2025 51
1191 1969 1542 2033 Christianis.
1602 1972 1932 2043 respondere
1964 1972 2077 2027 Ila-

510 2063 836 2118 bumelauos
875 2062 967 2128 52,
999 2080 1124 2118 cum
1162 2064 1362 2135 exiguo
1392 2063 1797 2119 additamento.
1834 2062 2080 2119 Premit-

507 2154 633 2209 titor
661 2152 713 2207 id
740 2154 930 2218 etiam,
960 2153 1105 2207 hunc
1132 2169 1336 2206 annum
1369 2150 1575 2207 Christ.
1625 2152 1762 2209 151⁸7
1791 2167 1916 2208 cum
1946 2155 2080 2209 inci-

509 2258 686 2316 peret,
724 2245 890 2300 fuisse
907 2253 1281 2312 computatum
1305 2242 1541 2299 a'l'urcis
1571 2258 1668 2314 pro
1701 2242 2081 2299 Mahumetano

503 2338 629 2396 991.
658 2337 869 2407 Quippe
892 2340 1017 2391 licet
1048 2339 1152 2390 hoc
1187 2336 1493 2404 intelligere
1547 2336 1615 2393 de
1652 2337 1833 2392 verbis
1866 2338 2079 2391 ultimis

506 2433 560 2483 in
614 2430 913 2501 diplomate
957 2431 1170 2512 sultani.
1248 2427 1471 2484 Muratis
1533 2427 1601 2483 Ill
1636 2444 1742 2498 quo
1770 2430 2081 2483 continetur

508 2524 818 2592 prorogatio
850 2525 997 2592 pacis
1026 2537 1149 2575 cum
1184 2520 1474 2589 lindolpbo
1515 2520 1558 2573 ll
1618 2522 1754 2591 imp.
1814 2524 2081 2591 Augusto.

509 2615 780 2685 leguntur
818 2614 963 2666 enim
992 2611 1115 2668 istic
1152 2612 1265 2664 h.ec
1288 2610 1343 2665 in
1408 2623 1657 2665 extremo
1708 2614 1867 2666 verba
1901 2629 1914 2664 :
1987 2612 2083 2666 Die

503 2708 674 2775 primo
697 2704 925 2775 proximi
948 2704 1137 2757 mensis
1153 2702 1422 2765 Januarii,
1447 2718 1585 2756 anno
1618 2701 1827 2758 Domini
1842 2704 1966 2757 Jesu
1995 2720 2083 2757 su-

506 2816 602 2868 pra
624 2813 774 2865 quem
801 2798 868 2849 sit
898 2796 1073 2866 gratia
1098 2805 1145 2848 et
1188 2796 1446 2848 auxilium
1483 2795 1735 2860 divinum,
1770 2796 1903 2851 1581
1939 2813 1953 2851 :
1992 2798 2084 2866 qui

504 2890 604 2941 crit
631 2902 801 2939 annus
854 2886 1339 2954 transmigrationis
1392 2888 1567 2955 magni
1597 2885 1863 2954 propheta:
1893 2889 2078 2946 nostri.

503 2992 667 3043 supra
690 2990 843 3045 quem
899 2974 968 3027 sit
997 2979 1172 3044 gratia
1221 2973 1467 3040 salusque
1527 2975 1701 3028 divina
1721 2975 1815 3031 99l
1858 2995 1873 3029 :
1904 2978 1987 3029 die
2011 2976 2080 3029 27

507 3082 674 3122 sacra:
708 3067 847 3120 lunia
876 3065 1162 3120 Sile/ridae.
1213 3068 1422 3131 Quibus
1474 3069 1525 3120 in
1560 3068 1736 3121 verbis
1758 3069 2080 3133 notandum,

507 3175 682 3214 annos
714 3158 1122 3212 Mahinnetzmos
1153 3155 1346 3211 Turcis
1408 3159 1636 3212 usitatos
1692 3173 1799 3211 non
1857 3165 2074 3213 eosdem

507 3269 628 3309 esse
656 3267 778 3308 cum
808 3252 964 3306 annis
1003 3250 1233 3322 llegirm,
1265 3267 1386 3321 qme
1443 3252 1637 3320 incipit
1692 3268 1722 3304 .1
1787 3253 2073 3308 nativitate

510 3347 856 3410 MJllUlllellI,
888 3345 1139 3400 videlicet
1173 3345 1242 3399 ab
1272 3361 1415 3398 anno
1433 3343 1743 3399 Christiano
1775 3346 1900 3401 592.
1938 3344 2072 3401 Nam

509 3451 766 3503 expresse
812 3436 1009 3491 tliciiur
1044 3452 1073 3488 a
1125 3435 1323 3491 Turcis
1376 3452 1520 3489 anno
1566 3435 1877 3490 Christiano
1936 3436 2071 3491 1584

511 3528 677 3585 fuisse
696 3538 1037 3599 computatos
1058 3527 1411 3589 annosililla
1439 3528 1923 3599 transmigratieue
1954 3531 2071 3587 sive

512 3630 684 3678 morte
718 3622 1041 3677 Mabumetis
1074 3639 1089 3678 :
1119 3622 1317 3692 quibus
1348 3622 1392 3675 si
1430 3632 1539 3677 tres
1573 3624 1642 3676 ab
1693 3622 1785 3675 illo
1832 3608 2076 3693 tempore

510 3715 723 3783 elapsos
744 3714 993 3782 adiicias,
1025 3714 1133 3768 erit
1173 3728 1351 3768 annus
1384 3713 1472 3768 hic
1510 3712 1857 3769 Christianus
1888 3715 2019 3770 l587
2044 3731 2075 3769 a

513 3816 689 3861 nmrte
709 3805 1031 3861 Nahumetis
1048 3803 1176 3862 994.
1214 3804 1333 3859 lam
1365 3807 1410 3859 si
1438 3804 1506 3860 de
1532 3806 1637 3861 991
1691 3806 1950 3861 detrahas
1977 3822 2073 3861 an.

512 3912 613 3950 nos
645 3896 770 3961 687,
800 3912 907 3965 quo
940 3906 1182 3966 tempore
1220 3906 1470 3952 mortuus
1503 3895 1787 3952 Ertucules
1810 3898 2037 3952 traditur
2058 3939 2075 3964 ,

514 3990 706 4058 reliqui
742 4000 901 4043 erunt
936 3989 1068 4044 anni
1103 3989 1466 4044 Mahumetani
1492 3988 1614 4056 507,
1656 3990 1747 4058 qui
1817 3992 2079 4046 transiere

511 4085 720 4141 sellicet
745 4083 813 4138 ab
842 4080 1119 4137 Ertucnlis
1146 4090 1316 4136 morte
1340 4096 1513 4151 usque
1558 4082 1626 4137 ad
1698 4083 1845 4137 hunc
1874 4096 2075 4139 annu.n

514 4185 861 4246 praesentem.
885 4175 1130 4228 Diximus
1144 4183 1328 4228 autem
1353 4172 1514 4243 paulo
1534 4182 1660 4227 aute
1681 4172 1945 4229 Tureicos
1975 4191 2043 4227 an
2059 4203 2076 4215 -

515 4285 615 4326 nos
642 4270 714 4323 32
755 4266 1145 4339 propemodum
1200 4269 1532 4337 respondere
1590 4265 1922 4322 Christianis
1984 4267 2074 4322 51.

513 4362 877 4430 Quamobrem
908 4360 973 4415 de
997 4357 1124 4424 507,
1188 4357 1587 4413 Ilabumetanis
1611 4359 1931 4414 detrahendi
1996 4374 2082 4414 ve-

517 4458 674 4511 niunt
701 4454 831 4509 anni
860 4450 1080 4519 928151
1138 4450 1256 4505 sive
1278 4450 1438 4521 paulo
1454 4451 1633 4505 minus
1659 4465 1822 4521 quam
1847 4451 2032 4506 decem
2060 4469 2077 4506 ;

515 4557 568 4601 et
592 4556 751 4601 erunt
774 4543 879 4600 507
909 4541 1299 4607 Iabumetani,
1348 4543 1394 4597 si
1421 4543 1485 4597 l0
1514 4542 1754 4611 integros
1811 4543 2075 4607 deducas,
2114 4554 2155 4608 ο

520 4635 720 4692 redacti
755 4635 821 4691 ad
851 4648 1024 4690 annos
1041 4631 1387 4691 Christianos
1432 4632 1557 4687 297.
1613 4632 1707 4689 llis
1756 4648 1949 4688 rursus
1979 4634 2078 4687 de-

518 4728 705 4783 tractis
724 4727 791 4783 de
808 4725 946 4781 l587
967 4727 1301 4795 reperiemus
1322 4740 1527 4778 annum
1555 4722 1759 4777 Christi
1787 4719 1943 4787 1290,
1965 4736 2077 4790 quo

517 4822 725 4877 scilicet
749 4825 997 4874 mortuus
1044 4817 1209 4873 luerit
1257 4815 1564 4881 Ertucules,
1591 4816 1844 4869 Usmanis
1898 4823 2073 4883 pater.

519 4913 965 4968 Traduntoutcm
1000 4910 1239 4964 Annales
1264 4908 1316 4962 hi
1349 4909 1520 4963 nostri
1563 4918 1837 4962 mortuum
1878 4905 2075 4961 Onus-

519 5020 640 5061 nem
668 5005 847 5075 ipsum
876 5016 1020 5056 anno
1049 4987 1428 5057 Habbmetano
1457 4999 1559 5053 717
1586 5002 1679 5070 qui
1723 5000 2075 5055 Christianus

511 5106 633 5155 erat
665 5095 823 5152 l528.
861 5094 1002 5165 Ergo
1036 5106 1157 5165 post
1183 5096 1396 5148 obitum
1427 5093 1595 5162 patris
1650 5100 1929 5161 superstes
1969 5088 2070 5144 luit

515 5192 678 5265 paulo
728 5186 962 5258 amplius
1014 5202 1175 5257 quam
1206 5187 1274 5240 59
1309 5201 1469 5240 annis
1532 5183 1926 5238 Mahutnctauis
1961 5182 2074 5237 sive

512 5284 581 5335 33
607 5277 957 5335 Christianis.
996 5277 1060 5331 Et
1083 5274 1212 5347 quia
1244 5274 1408 5330 Turci
1444 5274 1631 5329 volunt
1656 5288 1778 5329 eum
1812 5286 2071 5343 regnasse

510 5374 581 5428 29
602 5372 786 5436 annis,
822 5369 996 5424 nostri
1024 5368 1119 5433 28,
1144 5365 1288 5437 quod
1332 5367 1472 5421 idem
1532 5376 1613 5419 est
1642 5383 1656 5421 z
1722 5376 1945 5420 necesse
1995 5372 2081 5416 est

510 5460 697 5521 verum
722 5464 985 5518 fateamur
1011 5462 1159 5530 quod
1211 5460 1458 5514 historici
1515 5459 1800 5527 diligentes
1853 5463 1908 5509 ct
1966 5454 2072 5509 ﬁde

510 5560 657 5627 digni
685 5555 1043 5623 scripserunt,
1063 5552 1356 5608 Osmanem
1376 5550 1638 5620 perpezuis
1654 5550 2071 5604 excursionibus

509 5665 573 5705 ac
604 5646 807 5715 rapinis
830 5645 1307 5713 collocupletatum
1350 5656 1603 5710 magnam
1640 5650 1846 5708 partem
1887 5640 2079 5707 Bithy-

512 5743 613 5797 nia:
643 5741 939 5808 vicinaeque
969 5739 1140 5790 Ponto
1168 5736 1400 5791 Eusimo
1454 5733 1714 5802 regionis,
1776 5734 1917 5785 intra
1948 5745 2071 5798 spa-

513 5834 643 5886 tium
680 5829 744 5885 10
771 5842 1033 5883 annorqu
1068 5842 1096 5880 a
1124 5835 1295 5881 morte
1324 5825 1493 5894 patris
1520 5823 1729 5881 scilicet
1760 5838 2064 5876 numeran-

2181 1961 2407 2029 pusculo
2458 1965 2728 2018 matutino
2748 1969 2813 2018 ad
2848 1966 2984 2020 solis
3030 1981 3290 2022 occasum
3349 1983 3544 2038 usque,
3578 1970 3751 2022 donec

2178 2053 2356 2108 sidera
2380 2056 2790 2125 conspiciantur
2822 2058 2957 2112 nihil
2986 2060 3092 2113 cibi
3155 2070 3382 2127 potusre
3411 2071 3694 2115 sumentes
3728 2081 3741 2115 :

2178 2154 2232 2199 et
2271 2145 2423 2201 linito
2457 2147 2687 2217 jejunio,
2722 2165 2879 2203 suum
2939 2150 3071 2204 illud
3126 2150 3298 2221 bujue
3344 2150 3576 2215 b-iram,
3634 2153 3750 2207 sive

2182 2253 2435 2308 magnum
2471 2240 2669 2295 festum
2705 2243 2878 2296 instar
2900 2244 3177 2311 paschalis
3223 2242 3426 2309 nostri,
3448 2242 3749 2298 celebrant.

2184 2330 2288 2385 Sed
2313 2347 2605 2403 progressu
2640 2336 2902 2405 temporis
2932 2347 3038 2390 tam
3074 2336 3527 2406 Silcltidzeqnam
3556 2338 3752 2391 llama-

2183 2440 2283 2479 zan
2326 2426 2378 2479 in
2412 2426 2552 2480 alios
2594 2440 2809 2482 menses
2844 2439 3060 2483 nostros
3096 2438 3401 2484 transeunt.
3434 2428 3641 2498 Quippe
3662 2445 3749 2484 eeo

2181 2518 2425 2573 lebrandi
2455 2518 2681 2574 bairami
2726 2529 2935 2587 tempus
3002 2519 3231 2592 singulis
3266 2522 3425 2575 annis
3453 2521 3749 2590 anticipare

2183 2611 2343 2665 'l'urei
2376 2613 2553 2667 solent
2581 2612 2768 2666 diebus
2795 2614 3043 2666 undecim
3071 2628 3084 2666 :
3111 2613 3201 2682 qui
3260 2612 3379 2667 dies
3440 2613 3749 2666 cmlmlistni

2182 2704 2295 2759 fere
2333 2706 2453 2759 loco
2503 2714 2635 2759 sum
2683 2706 2749 2757 ad
2807 2705 3189 2773 complendum
3238 2721 3440 2758 annum
3480 2706 3746 2762 lunarem.

2183 2794 2316 2851 Nam
2339 2799 2381 2852 si
2417 2798 2532 2853 dies
2569 2797 2818 2851 undecim
2849 2808 3234 2871 computentur
3268 2798 3452 2851 tricies
3471 2807 3523 2851 et
3553 2802 3745 2864 semel,

2182 2892 2487 2949 cﬂicieutur
2523 2894 2640 2947 dies
2662 2892 2758 2946 3H
2788 2907 2808 2946 :
2835 2894 2927 2962 qui
2964 2895 3127 2965 paulo
3189 2894 3372 2949 minus
3418 2910 3580 2965 quam
3610 2896 3750 2950 inte-

2185 2998 2340 3052 grum
2374 2998 2574 3037 annum
2610 2984 2967 3047 constituunt,
2994 2984 3301 3038 addendum
3330 2985 3549 3052 triginta
3579 2993 3635 3038 et
3655 2988 3747 3038 nni

2189 3074 2583 3130 Mabumetanis
2611 3076 2792 3141 anuis,
2832 3084 2889 3129 ut
2942 3073 3309 3131 Maltumctaui
3361 3079 3579 3147 triginta
3637 3079 3751 3131 dun

2129 3220 2145 3238 ,
2186 3170 2335 3235 anni,
2355 3170 2678 3225 Christianis
2701 3170 2919 3240 triginta
2947 3179 2999 3223 et
3021 3170 3115 3225 uni
3144 3172 3538 3240 respondeant;
3558 3187 3751 3241 queru-

2179 3262 2470 3316 admodum
2530 3277 2559 3314 τι
2592 3262 2745 3317 nobis
2788 3262 3084 3317 indicatum
3148 3266 3310 3334 paulo
3342 3274 3465 3317 ante
3495 3262 3596 3318 hoc
3628 3262 3750 3333 ipso

2179 3356 2375 3424 capite.

2538 3447 2765 3505 Nomina
2794 3451 3048 3505 mensium
3067 3450 3178 3505 lrwc
3201 3460 3320 3506 sunt
3355 3467 3374 3507 .'

2250 3539 2299 3597 l.
2332 3538 2626 3597 Silchidze.

2247 3632 2305 3685 Ξ.
2340 3632 2660 3690 Mucliarcn.

2249 3728 2303 3781 5.
2335 3728 2565 3797 Sepher.

2246 3820 2298 3874 4.
2332 3819 2522 3874 llebuil
2552 3821 2702 3874 Et'cl.

2248 3910 2301 3966 5.
2333 3907 2524 3964 Rebuil
2554 3911 2735 3963 Achir.

2249 4000 2303 4055 6.
2327 3999 2649 4054 Dsiumasiel
2694 4000 2840 4057 Evcl.

2252 4092 2303 4148 7.
2338 4092 2658 4147 Dsiumasiel
2682 4092 2865 4148 Acltir.

2252 4184 2303 4240 8.
2335 4183 2533 4239 Rezeb.

2252 4276 2305 4332 9.
2342 4275 2617 4332 Scbaban.

2253 4368 2339 4423 10.
2385 4366 2681 4422 Ιὶιιιηξιῑιιιι.

2255 4462 2340 4514 Η.
2368 4461 2638 4515 Sullani.

2258 4549 2341 4605 Ιὲ.
2394 4551 2629 4606 Sileade.

2257 4642 2443 4697 Sicubi
2475 4643 2643 4698 lector
2668 4643 2885 4713 aliquod
2946 4659 3141 4701 nomen
3169 4663 3231 4702 ex
3264 4647 3345 4703 his
3374 4649 3531 4717 paulo
3594 4653 3750 4705 aliter

2182 4734 2446 4804 sci'iptum
2485 4733 2537 4785 in
2560 4735 2863 4790 Annalibus
2899 4740 3175 4806 repererit,
3227 4742 3365 4795 sciat
3397 4743 3446 4793 id
3476 4741 3677 4795 iactum
3717 4758 3747 4796 ει

2186 4825 2364 4889 nobis,
2394 4826 2721 4895 scripturam
2745 4826 2974 4883 Joannis
2999 4828 3259 4898 Galdcrii,
3295 4831 3607 4902 interpretis
3635 4833 3754 4885 Cte-

2184 4918 2352 4984 sarei,
2388 4918 2768 4989 sequentibus.

2182 5033 2291 5085 llos
2319 5040 2491 5083 autent
2521 5046 2717 5104 nienses
2753 5032 2806 5085 in
2826 5032 3033 5104 dierum
3053 5033 3431 5099 hebdomadas,
3457 5040 3559 5091 sine
3585 5039 3749 5104 septi-

2255 5115 2462 5163 manos,
2498 5098 2734 5152 diuidunt
2778 5117 2791 5153 :
2832 5102 3013 5154 diebus
3030 5106 3140 5156 lucc
3172 5098 3677 5160 tribuuntnomina.

2254 5194 2305 5245 1.
2339 5190 2499 5246 Busar
2527 5194 2662 5256 iuni,
2698 5192 2801 5248 hoc
2834 5203 2913 5248 est
2939 5234 2954 5260 ,
2992 5196 3108 5250 dies
3156 5212 3429 5251 mercatus
3460 5201 3754 5256 hebdoma-

2182 5283 2342 5344 darii,
2368 5287 2459 5353 qui
2487 5288 2775 5351 respondet
2804 5288 2913 5341 diei
2946 5286 3230 5344 Dominico
3255 5300 3466 5347 nostro.

2250 5377 2304 5429 ἓ.
2338 5376 2504 5430 Basar
2528 5376 2724 5443 Ertesi,
2760 5380 2860 5434 hoc
2882 5381 3116 5441 est,dies
3144 5393 3265 5450 post
3302 5393 3599 5436 mercatum
3624 5386 3749 5437 heb-

2181 5459 2562 5516 domadarium
2591 5468 2891 5533 proximus,
2954 5468 3069 5521 sive
3120 5469 3383 5538 postridie
3432 5483 3748 5526 mercatus:

2181 5553 2271 5618 qui
2303 5553 2419 5607 dics
2434 5554 2752 5611 Germanice
2775 5557 2882 5611 dici
2908 5561 3196 5614 commode
3219 5571 3397 5629 posset
3420 5563 3751 5630 Aftcrmark-

2185 5652 2295 5714 tog.
2360 5647 2669 5715 Respondet
2714 5648 2821 5701 diei
2857 5651 2997 5701 Ιυιιςιξ
3052 5662 3257 5704 nostri).

2256 5736 2307 5789 5.
2344 5734 2497 5799 Salii,
2536 5743 2823 5808 respondet
2858 5739 2966 5793 diei
3000 5738 3183 5796 Martis
3222 5751 3429 5797 nostro.

2254 5828 2305 5881 4.
2345 5828 2474 5883 [και
2507 5830 2786 5898 schamba,
2810 5832 2861 5886 id
2890 5842 2990 5895 est,
3012 5842 3239 5903 quartus
3267 5833 3383 5889 dies
3408 5832 3748 5905 :queml'cr-
