4218 6308
441 427 539 490 741

1596 432 1995 494 PANDECTE
2028 436 2233 499 HIST.
2282 436 2581 498 TURCIC.

3587 432 3704 505 742

438 543 685 610 regiones
712 540 766 597 in
799 542 1210 614 Anatolin,qna:
1240 553 1410 601 noras
1430 548 1821 618 appellationes
1858 557 2015 601 vete-
2043 570 2086 623 Α
2117 560 2244 607 ante
2270 552 2374 606 δεῖ)
2402 567 2577 606 annos
2632 551 2784 615 vixit,
2834 550 3187 621 Peclarpaces
3237 553 3576 609 scribuntur.
3636 552 3705 607 lit

438 629 587 683 ribus
608 629 916 701 incognitas
944 633 1165 700 habent,
1191 634 1284 689 sed
1315 651 1410 691 eas
1452 638 1718 694 duntaxat
1766 638 1853 691 bic
1880 654 2017 692 enu-

434 733 649 774 merare
669 722 963 784 voluimus,
990 725 1190 792 quibus
1220 725 1389 780 indita
1416 726 1587 783 fuisse
1610 730 1778 782 certis
1799 744 1828 781 a
1855 728 2020 782 Duci-

440 812 539 864 bus
584 814 802 867 nomina
828 812 1104 871 Leonteus
1125 826 1180 871 et
1204 816 1440 874 Annales
1474 818 1527 873 bi
1558 821 1730 875 nostri
1773 822 2014 876 tradunt.

439 925 525 978 14.
565 923 967 1001 BrusckEmir,
998 929 1187 1001 Sergi,
1219 930 1632 1001 Capravansarai,
1664 932 1839 1001 Veair,
1869 932 2022 989 γεκε-

543 1012 720 1049 razem
752 996 1053 1070 Beglerbeg,
1089 999 1241 1054 Emir
1274 1000 1490 1066 “atem.
1533 996 1682 1056 Entir
1711 996 1910 1058 Achnr.

503 1084 675 1143 Filius
699 1087 838 1144 alter
861 1090 1142 1158 Osmanis,
1174 1082 1443 1149 Urcbanis
1484 1093 1657 1151 frater
1697 1096 1866 1151 alium
1904 1112 2010 1152 non

437 1180 599 1236 habet
620 1180 673 1235 iu
700 1179 1003 1239 Annalibus
1023 1185 1266 1250 titulum,
1287 1202 1448 1256 quam
1468 1187 1582 1243 Alis
1610 1188 1764 1243 bassa
1798 1204 1812 1242 :
1864 1192 2010 1260 quod

438 1271 612 1327 bassze
638 1272 961 1329 vocabulum
990 1274 1186 1332 Turcis
1210 1285 1377 1346 caput
1404 1278 1692 1348 signiﬁcat.
1727 1280 2012 1337 Faliuntnr

435 1368 614 1415 autem
639 1362 734 1431 qui
748 1373 849 1431 pro
864 1364 1106 1420 sultanis
1132 1367 1339 1422 vrzires
1358 1366 1529 1426 fuisse
1561 1371 1837 1436 dictos,ac
1864 1373 2010 1428 Emi-

441 1469 559 1507 rum
596 1455 846 1523 (Atnares
872 1456 978 1525 ipsi
1005 1459 1221 1527 vocant)
1250 1460 1303 1513 in
1342 1460 1524 1517 locum
1560 1475 1754 1529 pltlanl
1788 1483 2010 1523 succes-

434 1542 577 1598 sisse
602 1543 789 1600 bassas
823 1557 876 1600 et
924 1547 1273 1619 beglerbegos
1307 1567 1322 1606 :
1353 1552 1575 1621 (quibus
1624 1565 1678 1610 et
1740 1558 1905 1626 begos
1939 1559 2008 1614 ab

432 1632 534 1695 eis.
564 1642 618 1687 et
643 1634 929 1703 sangiacos
949 1635 1196 1708 adiungi,
1252 1640 1403 1695 Velut
1451 1650 1507 1695 et
1566 1642 1718 1712 ipsos
1764 1644 2006 1701 Emirum

432 1739 801 1789 successores,
831 1728 1003 1799 magis
1019 1729 1183 1785 etiam
1219 1731 1409 1802 miror)
1433 1748 1556 1788 cum
1585 1751 1683 1790 \ox
1732 1735 1886 1793 Emir
1940 1749 2008 1793 ne

434 1816 595 1873 hodie
634 1820 854 1890 quidem
884 1822 1155 1877 exstincta
1190 1823 1284 1886 sit,
1330 1837 1395 1878 ac
1446 1838 1806 1898 prmtcrqnam
1860 1831 2004 1900 quod

2125 653 2281 700 erant
2307 647 2358 698 in
2390 645 2620 714 imperio
2643 644 2975 700 Saraeenico
3002 645 3163 700 simul
3189 653 3249 701 et
3272 647 3498 710 emircs,
3533 654 3593 701 et
3612 663 3704 699 vc-

2122 738 2285 801 zires,
2314 736 2713 807 ctbegierbegi,
2739 736 2904 792 etiam
2935 744 3062 791 ante
3110 737 3486 791 monarcbiam
3508 736 3704 792 Turci-

2119 844 2281 884 cam:
2315 844 2537 899 prorsus
2564 829 2746 886 utdici
2789 839 3050 899 nequeat,
3078 843 3177 900 pro
3195 831 3432 885 Sullanis
3494 830 3703 886 rezires

2119 917 2522 987 appellatos,in
2547 920 2777 973 emirnm
2813 921 2993 975 locum
3047 922 3381 977 successisse
3438 921 3628 976 bassas
3652 933 3705 975 ct
3744 992 3747 993 ν

2117 1006 2495 1078 beglerbegns.
2520 1006 2731 1079 Quippe
2757 1010 3002 1065 meminit
3031 1010 3482 1081 beglerbegorttm
3531 1008 3704 1066 cilicii

2116 1100 2385 1155 vetustior
2412 1110 2645 1169 prmtore
2679 1100 2973 1167 Cedrinus,
3006 1112 3057 1158 et
3083 1102 3259 1171 ipsum
3299 1117 3495 1157 nomen
3521 1103 3704 1158 inter-

2115 1200 2361 1260 pretatur
2388 1194 2687 1247 areitontns
2716 1194 3040 1259 arcbonton,
3108 1203 3169 1249 ut
3227 1195 3398 1250 nostri
3448 1195 3706 1251 dominos

2114 1284 2462 1339 dominorum
2505 1285 2723 1340 :velnti
2750 1287 2843 1356 qui
2890 1287 2992 1340 sub
3032 1300 3120 1351 se.
3168 1297 3367 1359 praeter
3422 1290 3704 1360 gregarios

2114 1376 2338 1441 milites,
2371 1377 2648 1445 spacbios,
2676 1378 2958 1443 subassas,
2999 1379 3166 1434 etiam
3211 1379 3504 1450 sangiaeos
3537 1392 3591 1436 ct
3612 1383 3709 1437 be-

2113 1482 2211 1536 gos
2242 1468 2478 1520 babeant
2515 1484 2529 1521 :
2558 1476 2821 1535 utrosque
2855 1468 3125 1521 minorum
3180 1467 3345 1539 (quod
3379 1470 3553 1540 aiunt)
3576 1486 3707 1541 gen--

2112 1558 2249 1611 tium
2277 1559 2557 1621 dominos,
2587 1557 2656 1613 de
2686 1559 2892 1629 quibus
2948 1574 3048 1613 suo
3078 1558 3221 1615 loco.
3264 1560 3472 1616 Prmtor
3532 1563 3703 1626 addit,

2111 1646 2346 1702 omcium
2423 1642 2870 1720 beglerbegorum
2932 1650 3260 1720 respondere
3321 1651 3572 1722 dignitati
3621 1654 3704 1707 vel

2111 1740 2289 1795 oﬂieio
2319 1742 2539 1795 maximi
2568 1742 3003 1813 stratopedarcbi
3024 1758 3186 1812 quem
3213 1758 3355 1797 nunc
3384 1743 3697 1812 generalem

2110 1833 2289 1903 campi
2319 1848 2517 1888 vocare
2538 1834 2804 1889 solemus.
2840 1833 3030 1888 Itidem
3077 1834 3294 1888 Sullano
3360 1836 3529 1891 servit
3550 1844 3703 1891 extra

427 1910 536 1979 ipsi
567 1913 786 1967 Sullano
812 1915 1031 1984 proprie
1064 1923 1363 1985 competat,
1414 1929 1473 1971 ut
1523 1933 1686 1989 supra
1743 1924 2001 1989 diximus,
2033 1950 2080 2005 Β
2113 1921 2356 1976 saraium
2392 1923 2438 1977 is
2468 1924 2562 1991 qui
2621 1924 2824 1977 dicitur
2887 1924 3027 1978 emir
3072 1923 3273 1987 balem,
3330 1925 3490 1993 cujus
3541 1926 3704 1993 paulo

432 2002 600 2056 etiam
624 2004 791 2060 certis
815 2004 867 2060 in
889 2008 1011 2060 aula
1038 2009 1310 2062 tribuatur
1333 2008 1624 2067 olliciariis.
1644 2012 1856 2086 Quippe
1876 2027 2006 2071 sunt

430 2099 496 2148 ad
531 2091 773 2162 Portam,
797 2098 942 2152 emir
971 2099 1191 2166 Halcm,
1223 2102 1394 2172 Bujnc
1438 2106 1578 2159 etnir
1622 2106 1828 2172 Aebur,
1889 2111 2005 2181 (qui

431 2188 660 2242 Praitori
690 2189 858 2243 etiam
889 2186 1051 2262 £03
1098 2191 1319 2248 Graeciae
1365 2207 1559 2251 nostro
1602 2199 2007 2269 Amyracbures

431 2280 654 2349 dicitur)
688 2292 741 2336 et
773 2282 992 2338 Cudzuc
1018 2285 1157 2339 emlr
1197 2286 1397 2341 Acirnr.
1429 2287 1607 2345 Bassa:
1640 2306 1844 2348 nomen
1901 2295 2007 2350 boc

430 2382 676 2440 totnpore
706 2373 865 2428 datur
888 2373 955 2427 iis
984 2377 1246 2444 primum,
1285 2378 1384 2449 qui
1412 2382 1657 2436 vezirum
1682 2382 2001 2453 dignitatem

428 2464 679 2518 obtinent
710 2481 725 2518 :
758 2464 953 2521 deinde
981 2466 1482 2541 begierbegis.lpsa
1501 2474 1720 2530 uotnina
1744 2487 1868 2531 cum
1897 2479 2005 2531 olli-

431 2554 551 2616 ciis,
587 2568 689 2608 suo
713 2554 1139 2612 declarabuntur
1167 2570 1199 2612 'a
1232 2559 1387 2616 nobis
1437 2563 1557 2618 loco
1579 2565 1871 2633 prolixius.
1907 2567 2005 2622 llic

431 2648 623 2715 paucis
656 2645 817 2711 addo,
845 2643 1019 2703 Porta:
1040 2648 1348 2707 Osmtmicte
1370 2652 1537 2707 duum
1592 2669 1716 2709 esse
1742 2671 2001 2727 generum

431 2737 605 2792 cilicia
640 2755 654 2791 :
683 2755 918 2806 quorum
941 2740 1043 2795 alia
1080 2743 1401 2798 ministeriis
1433 2745 1701 2803 obeundis
1741 2752 1883 2803 intra
1916 2766 2003 2804 sa-

433 2828 608 2883 raium
633 2831 835 2886 sultani
866 2834 1139 2888 destinata
1174 2841 1325 2901 sunt,
1358 2838 1464 2892 alia
1508 2841 1877 2908 procurandis
1907 2857 2001 2896 ne-

432 2923 593 2991 gotiis
621 2922 859 2992 publicis
884 2933 1041 2979 extra
1080 2929 1343 2982 saroium.
1402 2929 1466 2982 Et
1496 2933 1745 2985 'sarainm
1809 2932 2005 2989 Turcis

432 3013 692 3082 palatium
723 3016 987 3085 principis
1015 3027 1118 3083 est,
1152 3019 1235 3073 vei
1270 3020 1415 3075 aliud
1451 3026 1691 3093 amplum
1713 3025 2002 3080 aedilicium

434 3120 589 3159 nona
625 3107 765 3161 (Σκαι-
809 3122 940 3163 voce
989 3108 1259 3176 Tatatica,
1302 3128 1425 3184 quae
1472 3125 1653 3187 regem
1709 3117 2001 3187 signiﬁcat,

431 3199 637 3253 dictum
669 3210 688 3253 ’ς
719 3201 861 3255 unde
887 3201 1209 3259 Reinceeius
1235 3205 1535 3275 Saragliam
1587 3205 1780 3265 Turcis
1814 3215 2002 3268 vocari

431 3302 606 3361 putat,
635 3304 694 3347 ut
725 3298 957 3364 regiam.
984 3296 1120 3351 Nam
1152 3298 1271 3352 alia
1310 3311 1533 3370 quoque
1584 3303 1804 3369 domus,
1857 3318 2009 3362 extra
2035 3291 2080 3349 (ἶ

430 3387 634 3441 sultani
670 3388 1124 3458 regi-arn,jnomen
1172 3391 1275 3446 boc
1298 3391 1480 3449 lerunt
1512 3410 1525 3445 :
1563 3407 1623 3448 ut
1678 3398 1805 3462 illm,
1870 3415 2008 3469 quas

430 3479 772 3533 sultauorum
808 3482 1144 3538 mulierculae
1185 3484 1301 3539 sive
1327 3486 2005 3558 concubinminbabitant,

431 3579 489 3623 ut
513 3569 1096 3640 AtsrbamOglanorum
1146 3576 1311 3642 mdes,
1364 3587 1423 3632 ut
1470 3579 1647 3649 ampla
1704 3578 2005 3639 Turcorum

432 3663 689 3728 bosm'tia,
723 3662 837 3718 sive
868 3664 1172 3721 diversoria
1204 3669 1442 3737 publica,
1508 3687 1642 3740 quas
1671 3675 1827 3745 vulgo
1857 3688 2007 3732 cara-

431 3756 674 3809 xasarias
704 3756 871 3812 nostri
894 3767 1113 3813 vocant.
1138 3758 1344 3829 Quippe
1367 3760 1606 3818 aTureis
1626 3772 2003 3823 caravansarai

429 3843 516 3897 vel
545 3843 687 3898 sereni
715 3845 1001 3909 dicuntur,
1031 3846 1134 3900 hoc
1161 3858 1267 3914 est,
1301 3848 1533 3905 aedilicia
1560 3853 1831 3911 destinata
1853 3871 2008 3913 cara-

429 3936 609 3999 vanis,
654 3952 775 4006 qua:
805 3938 1086 3992 hominum
1119 3943 1336 4011 agmina
1369 3954 1498 3998 sunt
1542 3961 1667 4000 cum
1722 3951 2002 4019 jumcntis,

429 4028 500 4081 ob
535 4029 793 4083 itinerum
826 4031 1062 4099 pericula
1088 4036 1368 4087 turmatim
1418 4052 1478 4089 se
1526 4041 2001 4110 conjungentium.

427 4116 666 4174 Consule
695 4119 765 4173 de
790 4120 872 4174 bis
914 4121 1162 4188 exposita
1224 4125 1489 4191 prolixius
1551 4131 1731 4197 eaplte
1772 4130 1899 4188 257.
1928 4133 2007 4188 De

428 4209 619 4263 ciliciis
647 4212 784 4262 intra
811 4210 1049 4263 saraium
1069 4211 1220 4275 alibi,
1261 4213 1408 4266 “sicut
1436 4226 1489 4267 et
1550 4215 1619 4271 de
1663 4218 1784 4273 aliis
1851 4232 2001 4275 extra

428 4303 689 4353 saraium.
725 4299 923 4366 Bassa,
954 4301 1023 4355 de
1053 4302 1253 4370 quibus
1279 4305 1364 4357 hic
1396 4306 1631 4374 agimus,
1674 4322 1825 4366 extra
1852 4327 2006 4367 sara~

429 4394 539 4444 inm
575 4393 896 4445 lliultel’illtis
928 4394 1033 4446 sibi
1084 4397 1353 4449 mandatis
1408 4398 1731 4465 funguntur.
1766 4402 1833 4458 Et
1862 4404 2005 4460 inter

432 4484 529 4536 bos
557 4485 649 4552 qui
679 4483 842 4552 primi
866 4495 1015 4551 sunt,
1051 4501 1256 4541 vezu‘es
1280 4488 1541 4543 dicuntur
1567 4509 1582 4556 ;
1615 4496 1845 4561 nostris,
1874 4510 2006 4549 con-

427 4574 622 4627 siliarii
650 4576 870 4639 secreti,
905 4576 1219 4633 velareani.
1250 4577 1552 4649 Supremas
1602 4595 1810 4648 autem,
1864 4589 2002 4641 vesi-

430 4680 606 4719 razcm
642 4664 1129 4738 nominatumque:
1181 4672 1323 4740 apud
1379 4669 1683 4729 Saracenos
1736 4679 1898 4733 etiam
1944 4681 1998 4735 in

429 4773 530 4811 usu
564 4758 824 4828 dignitas,
853 4767 908 4812 et
935 4761 1345 4817 existimatione
1366 4767 1641 4834 praecipua
1670 4770 1792 4824 l‘uit.
1818 4771 2005 4828 Ccdri-

428 4863 532 4905 nus
557 4857 615 4903 et
674 4849 767 4903 alii
814 4853 1288 4921 protosymbulum
1336 4854 1790 4926 interpretantur,
1846 4865 2005 4934 cujus

423 4942 589 4994 etiam
621 4941 828 4996 mentio
857 4940 916 4995 tit
939 4942 993 4995 in
1011 4942 1152 4996 libro
1172 4948 1241 4999 de
1266 4946 1583 5015 signiﬁcatis
1606 4951 2002 5011 insomniorum

424 5044 586 5098 quem
615 5030 848 5085 antehac
871 5030 1198 5087 Sambucani
1244 5037 1573 5107 exemplaris
1630 5041 1808 5095 mutili
1843 5043 2000 5100 [idem

426 5129 740 5187 sequentes,
767 5120 1090 5189 Apomasari
1149 5123 1489 5182 tribuimus:
1538 5143 1663 5184 cum
1723 5130 2003 5190 Acbmetis

424 5226 550 5264 eum
584 5222 775 5281 postea
805 5217 1225 5284 cognoverimus
1258 5230 1403 5282 esse,
1435 5219 1503 5275 de
1532 5221 1675 5277 libro
1706 5224 1997 5282 bibliothe-

427 5317 502 5356 αν
523 5302 886 5371 Οωςδε·εω,θι
914 5322 1025 5376 quo
1060 5307 1161 5363 viri
1189 5310 1401 5367 clariss.
1433 5310 1670 5382 Hugonis
1701 5315 1859 5371 Blotii
1885 5319 1934 5374 J.
1957 5318 1999 5374 C

426 5405 478 5446 et
513 5395 827 5465 Augusralis
849 5398 1250 5454 bibliotliecarii
1290 5402 1576 5468 beneﬁcio,
1605 5410 1775 5462 nostri
1795 5411 1999 5468 codicis

428 5490 654 5541 lacunas
678 5502 869 5543 omnes
891 5489 1252 5558 explevimus.
1284 5490 1509 5550 Simeon
1570 5496 1828 5570 Magister
1883 5503 1998 5556 olli-

426 5581 636 5635 ciorum
661 5580 860 5637 alicubi
895 5580 1243 5639 Solemanem
1288 5585 1772 5661 Protosymbulum
1804 5593 1997 5649 Balsa-

430 5684 532 5722 nue
564 5678 743 5735 vocat,
766 5685 929 5742 quem
960 5671 1207 5731 Zonaras
1237 5677 1669 5748 arcbisatrapam
1721 5682 1996 5740 Masalmac

425 5757 583 5814 dixit.
625 5759 887 5817 Similiter
910 5774 1064 5818 extra
1102 5766 1339 5821 saraium
1367 5779 1494 5823 sunt
1537 5770 1869 5844 beglerbegi,
1899 5781 1989 5846 qui

425 5861 477 5906 et
507 5852 605 5921 ipsi
635 5854 811 5909 nassae
830 5866 1114 5915 vocantur.
1150 5857 1373 5917 Praetori
1404 5859 1624 5919 Gracia
1653 5878 1863 5937 nostro,
1894 5873 1986 5940 qui

2035 4603 2435 4682 Dﬂonoriadis
2483 4604 2973 4673 arcliiepiscupatui
3031 4608 3349 4666 i’rusiadem
3408 4616 3624 4682 subjivit

2106 2024 2233 2071 ante
2254 2015 2623 2071 meminimus.
2641 2016 2972 2072 Vexillnrum
2991 2016 3279 2086 praefectus
3290 2032 3577 2085 supremus
3594 2029 3700 2085 est,

2109 2121 2175 2161 ac
2206 2116 2317 2160 tum
2346 2108 2460 2177 ipse
2489 2107 2744 2161 vexillum
2777 2110 2985 2178 regium
3030 2116 3206 2177 gestat
3239 2108 3292 2161 in
3344 2109 3702 2177 expeditioni-

2108 2201 2237 2262 bus,
2281 2207 2396 2252 tum
2422 2197 2617 2252 vexilla
2649 2198 2988 2265 beglerbcgis
3032 2200 3190 2252 cchrt
3247 2214 3367 2264 sua,
3405 2201 3702 2272 itidemque

2105 2305 2204 2345 sua
2234 2292 2504 2359 sangiacis
2546 2290 2716 2360 begis.
2750 2290 2901 2345 Emir
2928 2291 3101 2345 acbur
3152 2293 3351 2347 stabuli
3416 2295 3702 2363 praiiectus

2107 2395 2211 2448 est,
2247 2385 2331 2437 cui
2372 2384 2639 2439 vocabulo
2681 2383 2726 2437 si
2783 2383 2971 2454 buiuc,
3006 2397 3377 2456 pra-ponatur,
3410 2384 3583 2453 major
3619 2387 3703 2439 vel

2106 2476 2349 2545 primus;
2383 2478 2425 2531 si
2459 2476 2677 2545 cudjuc,
2710 2475 2886 2529 minor
2916 2485 3009 2529 aut
3044 2477 3316 2531 secundus
3346 2478 3544 2540 stabuli
3569 2494 3704 2548 prte-

2104 2566 2631 2636 fectusintelligitur.
2666 2566 2862 2621 Deliis
2917 2566 3027 2635 jam
3078 2569 3383 2638 percepisse
3439 2570 3697 2625 lectorem

2103 2660 2321 2726 Opinor,
2343 2659 2433 2730 qui
2461 2656 2654 2713 Turcis
2674 2658 2863 2724 bassa',
2894 2659 2983 2728 qui
3031 2658 3355 2729 beglerbegi,
3386 2660 3475 2728 qui
3503 2663 3699 2715 emires

2105 2756 2233 2808 sint.
2260 2752 2369 2809 Nec
2391 2754 2581 2816 ignoro
2601 2767 2797 2807 nomen
2821 2752 2957 2806 emir
2982 2752 3474 2821 Quibiruligmtatis
3498 2755 3549 2808 in
3571 2756 3695 2808 auia

2106 2840 2809 2901 sultanorumCairensium
2857 2843 3128 2895 tnaximm.
3164 2841 3268 2893 Sed
3294 2841 3432 2894 intra
3499 2840 3698 2895 limites

2105 2935 2401 2991 coemenda
2455 2933 2698 3001 scriptio,
2733 2946 2798 2985 nc
2823 2932 3247 2985 commentarius
3277 2932 3535 3000 prolixior
3594 2929 3701 2987 lec-

2116 3042 2287 3083 torem
2309 3028 2568 3089 oil'midat,
2592 3038 2687 3078 aut
2728 3026 2928 3092 sarpius
2957 3025 3141 3077 cadent
3186 3034 3413 3092 repetat.

2497 3118 2589 3171 ‘15.
2624 3114 3006 3179 lsnic,Bursa,
3043 3113 3285 3183 Teggiur.

2183 3235 2413 3290 lsniea-m
2446 3232 2582 3295 dixi,
2614 3246 2819 3286 nomen
2855 3230 3177 3285 hodiernum
3208 3240 3261 3283 et
3294 3228 3489 3287 Turcis
3529 3233 3701 3287 usita-

2115 3338 2233 3385 tum
2260 3328 2526 3391 retinens,
2558 3326 2687 3380 licet
2724 3326 2792 3379 ab
2842 3324 2965 3379 aliis
3014 3323 3172 3378 aliter
3226 3325 3517 3391 scribatur,
3577 3342 3698 3395 qua:

2111 3420 2286 3475 Nicaea
2313 3417 2507 3489 priscis
2540 3415 2949 3472 est.Castaldus
2975 3431 3069 3484 per
3093 3431 3333 3471 errorem
3364 3433 3471 3473 non
3502 3420 3691 3476 urbem

2110 3509 2347 3565 Nicmam
2369 3519 2528 3563 vocat
2554 3506 2864 3572 lsnecbam,
2898 3510 2993 3563 sed
3022 3510 3197 3564 lacum
3260 3510 3377 3567 sive
3438 3513 3689 3584 paludem

2110 3606 2428 3669 Ascaniam,
2465 3620 2588 3675 qua:
2617 3611 2799 3660 tamen
2832 3604 2993 3661 bodic
3025 3602 3217 3661 Turcis
3269 3607 3415 3663 Acsu
3464 3610 3692 3673 dicitur,

2113 3697 2336 3751 nomine
2365 3696 2927 3766 signiﬁeanteaquam
2979 3697 3159 3751 aibant
3212 3699 3331 3753 sive
3387 3699 3689 3769 limpidam.

2109 3789 2164 3842 lu
2198 3789 2386 3842 multis
2415 3789 2561 3842 enim
2601 3789 2819 3857 antiqua
2855 3790 3075 3842 nomina
3108 3789 3189 3843 sic
3242 3789 3553 3856 immutant,
3633 3805 3691 3849 nt

2106 3880 2415 3947 priscorum
2447 3880 2864 3933 similitudinem
2902 3884 3216 3945 retinentia,
3262 3894 3444 3938 tamen
3486 3887 3689 3955 aliquid

2109 3972 2162 4024 in
2199 3972 2381 4039 lingua
2401 3986 2499 4024 sua
2533 3971 2868 4037 signiﬁcent.
2910 3969 3101 4027 Prusae
3157 3989 3351 4031 nomen
3403 3979 3688 4049 antiquum

2108 4060 2327 4121 retinui,
2356 4061 2573 4114 tametsi
2623 4073 2768 4113 nunc
2822 4059 2993 4115 Bursa
3061 4063 3220 4131 vulgo
3278 4065 3492 4121 dicatur
3527 4086 3691 4141 :quze

2105 4164 2209 4203 vox
2247 4150 2299 4202 itt
2324 4164 2568 4204 errorem
2608 4151 2827 4217 impulit
2853 4145 3185 4215 Bonliniutn,
3216 4165 3275 4209 ut
3318 4150 3544 4227 Byrsam
3593 4178 3691 4230 ap-

2102 4241 2330 4310 pellaret
2361 4256 2376 4293 :
2409 4240 2563 4309 quasi
2592 4256 2786 4295 nomen
2824 4243 2927 4295 boc
2956 4242 3195 4308 aliunde,
3245 4262 3409 4316 quam
3438 4265 3468 4303 ε
3518 4251 3691 4309 prus...

2104 4345 2232 4399 rege
2266 4329 2647 4399 Bithynorum,
2682 4331 2973 4399 acceperit.
3001 4332 3055 4383 lu
3086 4332 3284 4390 Leonis
3302 4338 3537 4408 Augusti
3560 4358 3694 4397 con-

2102 4421 2389 4476 stitttliono
2426 4421 2492 4474 de
2514 4418 2773 4485 Tbronis,
2807 4423 2972 4475 etiam
2998 4422 3288 4494 Tlieopnlis
3320 4432 3435 4486 sive
3464 4431 3555 4488 Dei
3604 4439 3690 4489 οε..

2103 4515 2244 4568 vitas
2264 4514 2700 4583 cognominatur.
2723 4505 2868 4567 Idem
2893 4516 3361 4583 Claudiopolitani;
3394 4525 3686 4590 provincia:

2107 4697 2253 4765 quod
2286 4694 2407 4749 ideo
2441 4697 2761 4755 notandum,
2795 4699 2921 4765 quia
2955 4697 3300 4770 Busbequitts
3353 4707 3405 4758 in
3459 4708 3690 4765 Linera-

2107 4783 2191 4836 rio
2226 4781 2548 4838 Prusiadem
2589 4800 2714 4837 cum
2755 4787 2926 4840 Prusa
2959 4791 3226 4856 confudit,
3262 4793 3498 4865 Teggiur
3552 4798 3692 4856 Tur-

2105 4872 2243 4929 eiset
2299 4874 2591 4942 provincia:
2621 4888 2842 4943 praeses,
2874 4894 3036 4947 quem
3070 4881 3172 4947 ipsi
3212 4899 3362 4938 more
3392 4903 3496 4942 suo
3516 4890 3689 4947 deno-

2106 4964 2314 5018 minam
2339 4982 2369 5019 a
2402 4966 2673 5035 'cujusque
2699 4972 2993 5037 provincia:
3041 4979 3349 5046 metropoli.
3414 4980 3686 5041 Laonicus

2106 5052 2433 5109 llarmost‘en
2482 5055 2742 5123 reddidit,
2796 5076 2915 5131 quae
2974 5081 3075 5119 vos
3125 5068 3353 5137 antiquo
3410 5071 3686 5132 Laeonum

2105 5159 2206 5198 usu
2240 5144 2511 5215 signiﬁcat
2543 5162 2668 5201 eum
2710 5152 2799 5217 qui
2845 5152 2924 5205 vel
2950 5155 3003 5206 in
3040 5156 3248 5225 urbem,
3291 5161 3373 5215 vel
3414 5166 3686 5235 regionem

2104 5237 2335 5307 imperio
2358 5239 2662 5308 Subjectam
2687 5243 2937 5306 mittitur,
2969 5255 3025 5298 ut
3079 5245 3198 5313 ejus
3262 5266 3352 5305 res
3391 5257 3688 5314 constituat

2102 5343 2166 5383 ac
2198 5329 2473 5397 disponat.
2505 5332 2714 5385 Praetor
2751 5346 2936 5387 noster
2968 5335 3163 5391 ducem
3216 5342 3454 5410 regionis
3512 5347 3685 5402 inter-

2102 5431 2374 5487 pretatur,
2400 5421 2493 5488 qui
2522 5420 2727 5477 Graii-is
2748 5433 2827 5477 est
2872 5424 3156 5494 lligemou.
3201 5428 3291 5485 Sic
3345 5437 3490 5490 enim
3561 5456 3683 5507 per-

2102 5511 2466 5566 turbationem
2503 5528 2684 5567 rerum
2709 5515 2759 5567 in
2789 5517 2918 5570 Asia
2948 5520 3143 5575 minori
3171 5524 3510 5595 describens,
3559 5547 3683 5602 post

2099 5611 2418 5669 occupatam
2454 5618 2485 5655 a
2512 5601 2769 5660 Flandris
2813 5607 3360 5683 Constantinopolim,
3420 5620 3534 5676 ait:
3564 5601 3677 5689 Qui

2095 5692 2263 5746 dnecs
2293 5695 2415 5749 aliis
2449 5696 2503 5749 in
2536 5694 2671 5752 locis
2702 5697 2794 5751 alii
2842 5698 3062 5755 fuerant
3134 5705 3418 5775 hactenus,
3477 5714 3675 5783 singuli

2096 5783 2372 5852 regionem
2401 5787 2858 5844 administrationi
2880 5806 2995 5846 suae
3024 5798 3394 5866 commissam,
3419 5817 3564 5859 nunc
3590 5808 3677 5861 sui

2093 5876 2233 5943 juris
2265 5876 2568 5937 efﬁciebant
2603 5885 2726 5939 :vel
2758 5887 2824 5939 ad
2863 5886 2965 5940 hoc
2992 5886 3214 5956 impulsi
3242 5901 3387 5946 motu
3429 5898 3672 5963 proprio,
