4204 6300
487 362 598 423 74's

1664 366 2069 428 PANDEL‘TE
2112 366 2309 430 HIST.
2346 366 2642 428 TURCIC-

3660 363 3761 422 7‘36

480 490 653 538 ream,
694 485 1032 532 commutare
1054 478 1247 534 solent.
1285 480 1495 549 Aspros
1522 492 1703 536 autem
1734 499 1890 547 voco,
1925 481 2072 535 Lati-
2099 484 2150 544 Α
2175 497 2241 535 ex
2271 482 2547 536 drachma:
2577 479 2838 537 vocabulo
2862 480 3053 535 Grieco
3087 477 3400 532 mutilatum
3426 486 3531 534 est.
3585 477 3761 548 Ipsius

482 583 607 624 nam
643 584 832 622 vocent
862 569 1187 626 Numuiulos
1215 573 1536 642 respiciens,
1565 590 1684 644 qna.-
1705 574 2077 640 subintelligi-

480 672 587 730 tur.
621 657 758 717 Nam
788 661 960 718 Graeci
994 665 1212 734 quidem
1257 666 1432 734 Aspra
1454 667 1664 722 dicunt.
1688 665 1755 721 Et
1802 676 1933 721 sunt
1978 667 2079 720 du-

488 756 674 822 plicia,
699 756 904 827 majoi'a
936 758 1277 829 minoraque.
1312 758 1516 814 littora
1538 759 1695 829 vulgo
1723 760 1775 814 in
1796 776 1896 814 usu
1928 771 2075 825 sunt,

481 847 692 916 majora
710 860 973 903 vocamur
1006 849 1266 920 peculiari
1283 865 1412 905 voce
1437 849 1836 918 Siderocapsia.
1867 851 2077 922 Quippg.

481 936 844 1008 Siderocapsa
874 955 1074 994 nomen
1097 951 1182 997 est
1195 941 1400 1012 oppidi,
1425 943 1568 1011 quod
1590 959 1617 996 ρ
1633 944 1856 1012 regione
1875 942 2076 999 Tlias~i

480 1030 647 1085 situm
689 1038 798 1094 est,
859 1047 1028 1100 prope
1098 1041 1342 1087 montem
1371 1046 1646 1094 sanctum.
1683 1037 1750 1088 de
1776 1049 1887 1105 quo
1915 1034 2076 1104 paulo

479 1128 609 1176 ante
631 1120 864 1178 dictum.
897 1121 978 1176 Eo
1009 1123 1132 1177 loco
1167 1133 1279 1178 tam
1310 1125 1454 1189 auri,
1510 1139 1674 1195 quam
1726 1126 1940 1193 argenti
1996 1125 2075 1178 [ο-

477 1211 624 1268 diua:
645 1223 775 1270 sunt
796 1214 971 1286 (unde
1001 1215 1297 1277 Chrysitcn
1329 1215 1466 1271 Livii
1522 1225 1676 1287 putat
1726 1232 1848 1271 esse
1901 1215 2074 1271 Bello-

480 1303 654 1372 nius),
675 1317 732 1363 et
753 1323 913 1378 aspra
938 1310 1251 1378 signantur,
1279 1310 1494 1364 caeteris
1522 1308 1754 1378 majora,
1777 1310 1980 1381 quibus
2002 1313 2072 1365 ab

476 1398 682 1468 oppido
709 1399 1226 1472 Siderocapsiorutn
1263 1403 1464 1457 mansit
1518 1402 1786 1458 hactenus
1835 1402 2074 1473 appella-

479 1492 580 1546 tio.
613 1489 828 1561 ltecipit
851 1493 969 1548 hac
1000 1503 1212 1550 tantum
1247 1495 1502 1551 sultanus
1524 1492 1853 1557 Turcorum.
1883 1504 1938 1549 et
1958 1496 2073 1551 suis

481 1582 756 1640 thesauris
786 1584 970 1640 infert.
1002 1585 1205 1642 Eadem
1225 1595 1418 1658 erogat
1441 1588 1494 1641 in
1521 1587 1754 1642 militum
1783 1588 2073 1642 ministro-

479 1688 711 1745 rnmqoe
743 1690 972 1732 suorum
1007 1677 1299 1747 stipendia.
1332 1677 1546 1735 Iinors
1565 1678 1727 1754 plane
1743 1694 1852 1734 non
1873 1678 2072 1732 admit-

478 1765 564 1831 tit,
590 1767 862 1838 quidquid
889 1769 1108 1824 tandem
1141 1771 1191 1824 ei
1212 1771 1532 1828 solvendum
1560 1771 1653 1826 sit.
1679 1770 1754 1826 De
1805 1770 2070 1840 iperperis

2188 575 2442 644 ponderis
2467 575 2729 627 rationem
2771 575 2824 628 in
2859 575 3036 643 aspris
3063 574 3174 643 jam
3234 573 3617 641 exposuimus.
3673 555 3757 633 Ali

2184 679 2316 719 vero
2349 663 2640 718 Turcicnm
2671 665 2897 733 antiquo
2924 664 3149 733 ponderi
3179 664 3367 719 Grmco
3411 649 3753 732 respondeat:

2185 755 2468 824 disputare
2499 771 2646 810 nunc
2682 756 2871 822 religio
2894 767 2998 821 est,
3027 771 3094 809 ne
3118 756 3309 810 lectori
3347 755 3576 809 nimium
3609 739 3758 810 volui

2183 859 2337 905 extra
2372 858 2545 906 metas
2583 851 2827 920 vagando
2852 849 3064 904 molesti
3119 851 3312 904 simus.
3376 849 3574 904 Scachi
3637 831 3760 920 peti:-

2184 958 2349 1012 quam
2385 943 2697 1012 frequentes
2731 944 2780 995 in
2810 942 3009 995 Turcia
3048 952 3174 996 sunt
3202 942 3305 996 hoc
3341 950 3603 1011 tempore,
3637 929 3755 1020 mo;

2184 1044 2310 1089 neta
2341 1033 2541 1089 Persici
2576 1037 2756 1089 scaclii
2789 1037 2904 1089 sive
2933 1034 3100 1104 regis,
3138 1035 3280 1088 unde
3306 1048 3503 1088 nomen
3536 1027 3756 1110 habent",

2183 1125 2490 1180 Turcorum
2524 1127 2698 1181 hostis
2741 1127 3046 1181 accerritni.
3085 1124 3293 1195 Singuli
3352 1125 3534 1179 valent
3560 1111 3757 1194 aspros

2185 1216 2456 1271 Tureicos
2488 1225 2632 1270 octo.
2691 1216 2963 1271 Snltauini
3019 1232 3084 1270 ex
3122 1230 3258 1270 auro
3283 1224 3430 1278 sunt,
3483 1207 3756 1283 quondam

2183 1305 2440 1374 appellati
2472 1304 2716 1360 Soldani.
2749 1305 2840 1360 Sic
2871 1306 3015 1360 enim
3053 1307 3194 1374 apud
3221 1304 3604 1361 Belvacensem
3639 1293 3759 1361 loci)

2177 1400 2289 1465 iam
2323 1398 2561 1452 indicato
2587 1399 3173 1468 leginms,argentari:r
3192 1397 3427 1455 fructum
3455 1399 3509 1454 in
3541 1398 3756 1455 Lebena

2182 1487 2312 1560 (non
2346 1491 2592 1561 procula
2623 1491 2896 1563 Sebastia)
2954 1492 3122 1547 fuisse
3180 1503 3291 1550 tres
3336 1502 3485 1549 rotas
3546 1479 3757 1574 argenti

2178 1581 2449 1646 depurati,
2483 1580 2588 1636 hoc
2615 1593 2722 1639 est.
2747 1583 2849 1637 tria
2878 1583 3045 1638 millia
3077 1584 3453 1639 soldanorum.
3498 1583 3754 1653 Ejusdem

2179 1687 2304 1726 cum
2349 1673 2593 1728 soldanis
2624 1684 2780 1728 erant
2807 1684 2920 1729 tum
2951 1677 3229 1745 ponderis,
3255 1688 3369 1731 tum
3421 1679 3603 1748 pretii,

2176 1764 2490 1821 Graecorum
2525 1767 2916 1836 imperatorum
2937 1770 3275 1840 temporibus
3302 1768 3543 1840 Byzantii
3559 1784 3562 1786 ‘
3579 1761 3757 1866 nomi-

475 1859 817 1916 observanda
842 1865 1078 1932 primum
1100 1863 1290 1919 vitiosa
1307 1865 1602 1934 scriptura.
1626 1863 1744 1919 Non
1761 1866 1906 1920 enim
1931 1866 2072 1933 iper-
2101 1869 2146 1924 Β
2176 1859 2447 1914 ηεώίιηιυι·
2471 1901 2487 1924 .
2518 1872 2572 1916 et
2597 1860 2878 1933 Byzantini
2920 1880 2937 1920 :
2971 1865 3306 1918 characteris
3340 1867 3604 1920 duntaxat
3661 1855 3754 1921 ra"-

481 1965 610 2020 pera
635 1954 799 2008 scribi
830 1954 1048 2019 debent.
1077 1955 1172 2012 sed
1203 1957 1530 2029 hyperpyra.
1568 1957 1866 2026 Pulologus
1891 1971 2078 2014 noster

477 2044 766 2117 hyperpyri
787 2060 972 2103 vocem
993 2047 1172 2110 habet.
1194 2047 1405 2103 llanuel
1429 2050 1688 2106 Musicius
1698 2051 2074 2117 Atheniensis,

478 2126 852 2210 interrogatus
886 2153 918 2195 a
948 2155 1036 2196 me
1092 2140 1286 2211 quanti
1315 2143 1918 2212 putaretaestimandum
1975 2142 2076 2214 by-

478 2244 750 2303 perpyron
780 2251 793 2286 :
828 2232 1223 2302 responbebat,
1290 2235 1687 2305 propemodum
1748 2250 1848 2305 par
1909 2236 2076 2304 hujus

481 2325 720 2394 pretium
741 2339 865 2379 esse
890 2324 1136 2380 marcelli
1151 2327 1393 2396 argentei
1412 2325 1599 2380 Veneti
1627 2327 1822 2396 pretio.
1839 2325 2072 2394 Quidam

483 2413 671 2471 Italico
691 2430 917 2470 nummo
951 2415 1096 2471 Julio
1120 2411 1308 2486 putant
1333 2423 1680 2488 cquandum.
1702 2416 1968 2489 Equidem
1984 2436 2076 2478 ac-

480 2517 669 2564 curate
685 2509 916 2580 pretium
937 2520 1262 2580 supputans,
1285 2510 1631 2585 hyperpyron
1648 2515 1868 2570 invenio
1889 2515 2072 2572 valere

482 2611 677 2655 novem
694 2600 972 2657 cruciatos
1004 2616 1100 2657 seu
1122 2614 1515 2672 quarantanos.
1547 2603 1743 2660 lncolze
1762 2605 1948 2678 Cyprii
1981 2623 2070 2660 re-

480 2690 571 2764 gni
590 2692 942 2763 prius,quam
961 2691 1324 2748 Barbarorum
1342 2692 1589 2748 subirent
1603 2695 1810 2766 jugum,
1831 2696 1887 2750 in
1907 2697 2072 2767 quin-

479 2782 816 2855 queOdiversa
834 2785 1118 2840 hominum
1133 2801 1328 2857 genera
1346 2785 1843 2842 distribuehantur.
1860 2785 2066 2843 Horum

479 2875 606 2932 aliis
625 2877 868 2942 omissis,
902 2877 1048 2948 quod
1081 2879 1207 2934 huic
1255 2880 1507 2934 instituto
1553 2890 1742 2936 nostro
1810 2884 2066 2952 quadrat.

478 2983 771 3040 exponam.
801 2967 972 3022 lniimi
993 2967 1207 3039 generis
1222 2968 1631 3039 appellabantur
1651 2969 1854 3034 Pariki,
1875 2973 2067 3028 condi-

484 3059 652 3116 tionis
673 3060 927 3116 homines
955 3061 1191 3125 servilis,
1227 3075 1406 3132 usque
1430 3059 1570 3116 adeo
1627 3061 1870 3118 dominis
1922 3065 2066 3119 obli-

480 3151 593 3222 gati
629 3153 1022 3219 propemodum
1053 3160 1112 3204 ut
1165 3148 1288 3203 vita:
1318 3152 1576 3221 necisque
1615 3161 1937 3220 potestatein
2007 3155 2059 3206 in

480 3258 578 3301 eos
597 3243 881 3299 baberent.
905 3239 1111 3297 Nomen
1142 3243 1320 3312 ipsum
1359 3240 1563 3308 Parilti,
1588 3243 1788 3299 Grazcze
1833 3245 2064 3316 originis

481 3346 587 3394 est.
614 3337 752 3391 Nam
787 3337 1043 3404 πάροικοι
1066 3335 1332 3389 dicuntur
1356 3333 1580 3400 Graecis,
1619 3336 1764 3392 sicut
1799 3348 1852 3392 et
1890 3336 2064 3392 Justi-

485 3431 650 3486 niano
677 3429 924 3499 Angusto
956 3427 1289 3499 παροικικδν
1317 3429 1570 3496 νόμιμον,
1600 3429 1691 3498 jus
1720 3431 2061 3485 colonarinm

482 3535 590 3580 est.
618 3523 929 3577 Secundum
961 3521 1062 3576 hos
1095 3522 1327 3590 proximi
1371 3524 1712 3576 vocabantur
1737 3525 1896 3592 vulgo
1940 3521 2066 3578 Lef-

484 3615 611 3679 teri,
632 3612 729 3684 qui
767 3612 988 3683 quidem
1011 3622 1066 3666 et
1090 3611 1192 3681 ipsi
1235 3610 1553 3666 Paricornm
1586 3627 1682 3666 seu
1737 3617 2061 3668 colonorum

482 3716 642 3763 erant
672 3720 704 3760 e
741 3718 993 3770 numero,
1024 3704 1120 3758 sed
1139 3703 1232 3773 qui
1266 3702 1348 3758 vel
1372 3703 1765 3760 interveniente
1810 3709 2061 3775 pecunia,

483 3799 569 3855 vel
619 3798 794 3870 gratia
851 3796 1218 3862 dominorum,
1274 3799 1356 3849 Vel
1379 3798 1484 3849 alia
1516 3797 1749 3866 quadam
1797 3800 1884 3852 via
1926 3799 2061 3852 libe-

485 3904 684 3950 rtatem
717 3897 1161 3960 impetraverant,
1187 3890 1402 3942 diVersa
1425 3896 1608 3943 tamen
1642 3891 1868 3944 ratione.
1890 3890 2030 3960 Quip
2049 3921 2063 3930 -

482 4003 552 4060 pe
581 3987 829 4044 nonnulli
855 3985 1102 4040 absolute
1131 3981 1285 4035 liberi
1309 3979 1683 4036 eﬂiciebantur
1704 4019 1719 4045 .
1769 3997 1895 4035 cum
1947 3982 2061 4047 alii,

483 4079 756 4150 personali
783 4078 1054 4134 duntaxat
1085 4074 1336 4128 libertate
1361 4074 1541 4143 potiti,
1565 4073 1736 4126 nihilo
1769 4074 1947 4126 minus
1974 4089 2062 4127 re-

483 4190 606 4230 rum
634 4185 860 4229 suarum
895 4170 1115 4223 nomine
1144 4166 1389 4223 dominis
1409 4176 1598 4221 essent
1627 4166 1885 4234 obligati;
1911 4175 2061 4234 puta,

483 4266 779 4338 quotannis
807 4274 864 4319 ut
894 4262 1166 4316 solverent
1191 4259 1532 4329 principibus
1559 4267 1656 4314 aut
1682 4259 1954 4314 nobilibus
1987 4262 2065 4312 vio

486 4363 586 4423 ris,
619 4358 936 4429 quindecim
969 4355 1051 4409 vel
1078 4353 1381 4414 sexdecim,
1405 4353 1528 4421 plus
1565 4362 1661 4407 aut
1684 4351 1891 4414 minus,
1943 4367 2066 4420 per-

488 4468 620 4523 pyra
654 4452 754 4520 (sic
794 4451 940 4504 enim
967 4455 1222 4515 corrupte
1250 4445 1540 4512 vocabant)
1563 4443 1725 4512 cuius
1746 4442 1798 4494 in
1819 4442 2065 4512 perpyris

2182 1952 2332 2007 tione
2360 1952 2587 2011 diversi.
2618 1955 2993 2011 Consimiliter
3017 1965 3073 2011 et
3097 1958 3399 2023 seraphini,
3445 1973 3588 2028 quos
3643 1958 3754 2027 pri-

2178 2061 2303 2101 mus
2330 2062 2396 2101 ex
2432 2048 2676 2102 soldanis
2705 2047 2975 2119 Egyptiis
3008 2049 3250 2118 signavit
3270 2048 3751 2122 Ilelechseraphga

2178 2153 2289 2208 quo
2322 2155 2520 2196 nomen
2538 2140 2698 2195 etiam
2725 2142 2830 2198 hoc
2854 2142 3136 2197 consecuti
3169 2151 3316 2195 sunt.
3338 2133 3754 2212 CiirysiniGra'E—

2177 2234 2260 2288 eis
2279 2247 2309 2286 a
2329 2232 2527 2304 chryso
2551 2233 2834 2299 dicuntur,
2854 2243 2913 2288 ut
2931 2234 3000 2288 ab
3017 2248 3155 2288 auro
3182 2233 3340 2288 nobis
3368 2236 3522 2289 aurei
3559 2253 3575 2290 :
3603 2223 3752 2306 quo‘i’l

2177 2323 2372 2379 imitati
2392 2322 2579 2390 Turci,
2599 2340 2730 2382 suos
2745 2327 2860 2381 sive
2882 2327 3131 2390 ducatos,
3149 2326 3296 2396 quod
3323 2341 3522 2380 nomen
3569 2342 3600 2380 a
3649 2313 3754 2381 Vi!-

2175 2424 2426 2483 netorum
2443 2416 2677 2472 ducibus
2695 2415 2997 2488 proiectum
3015 2418 3274 2483 arbitror,
3293 2418 3407 2472 sive
3421 2397 3752 2495 sultaninos'l,

2173 2507 2244 2562 ab
2268 2508 2452 2564 Altum
2499 2518 2830 2564 vocaverunt
2865 2511 3150 2565 Altumler.
3176 2509 3574 2582 Clirysinorum
3625 2511 3751 2583 qui-

2172 2603 2295 2657 dem
2334 2601 2386 2655 in
2420 2602 2626 2671 aliquot
2645 2599 2848 2658 Graecis
2874 2611 2928 2657 et
2945 2602 3202 2657 Asiaticis
3220 2605 3590 2660 monumentis
3609 2605 3753 2659 anti-

2171 2692 2298 2761 quis
2317 2708 2512 2747 nomen
2533 2693 2972 2759 observavimus,
2991 2707 3113 2764 qua
3129 2692 3237 2749 alio
3254 2694 3487 2750 lectores
3510 2693 3746 2774 habituri

2171 2784 2295 2840 loco
2328 2797 2479 2839 sunt.
3699 2775 3730 2802 ’³

2242 2874 2397 2940 Quod
2432 2873 2735 2945 Egyptias,
2765 2873 3048 2940 Arabicas,
3086 2874 3449 2948 Syriacasque
3501 2863 3751 2933 monctt't's

2169 2966 2381 3027 attinet.
2432 2967 2623 3019 harum
2662 2982 2877 3036 quoque
2931 2983 3078 3023 nunc
3137 2979 3345 3023 mutata
3375 2971 3553 3027 ratio:
3610 2969 3755 3036 sic't't‘t

2165 3071 2236 3112 ex
2269 3058 2368 3110 hac
2399 3033 2813 3128 consignatione
2838 3059 2902 3113 Ι).
2931 3055 3246 3130 Hieronymi
3283 3060 3425 3115 Beck
3457 3077 3485 3115 a
3520 3033 3752 3134 LeOpoi-

2167 3150 2347 3204 datori
2376 3149 2559 3204 videre
2574 3161 2679 3226 est,
2706 3150 2801 3221 qui
2835 3152 3007 3222 pretia
3039 3151 3382 3222 singularum
3432 3155 3662 3217 notavit.
3684 3141 3754 3209 iit

2129 3245 2136 3253 '
2164 3253 2320 3296 erant
2342 3258 2485 3296 anno
2511 3243 2672 3308 1551,
2694 3259 2818 3298 cum
2841 3244 2961 3300 illas
2983 3255 3159 3300 terras
3186 3249 3563 3318 perlustraret.
3584 3233 3748 3332 Zibit‘.

2162 3336 2329 3409 ωδ
2372 3336 2498 3390 ιιιτεὶ
2541 3339 2810 3392 nummuli
2849 3340 3148 3410 perexigui,
3183 3343 3336 3410 signa
3384 3344 3564 3413 potius
3599 3333 3751 3424 suq'rt,

2164 3448 2330 3500 quam
2359 3441 2594 3487 moneta.
2629 3431 2746 3488 Duo
2766 3433 2945 3489 valent
2975 3451 3143 3488 unum
3178 3435 3379 3501 Direm,
3413 3438 3505 3505 qui
3539 3450 3592 3494 et
3622 3405 3740 3512 ipsi;

2165 3542 2426 3582 nummus
2471 3537 2559 3581 est
2603 3542 2802 3583 terens.
2862 3528 2977 3582 Duo
3010 3528 3188 3583 Direm
3219 3529 3400 3584 valent
3436 3505 3746 3600 Νηρεδηίεῇ

2166 3633 2362 3680 unum,
2396 3617 2491 3685 qui
2523 3633 2781 3672 nummus
2809 3627 2895 3673 est
2915 3632 3092 3674 aereus
3136 3619 3331 3689 major,
3372 3635 3501 3675 cum
3549 3594 3751 3676 littetfis

2165 3707 2436 3763 Arabicis.
2461 3700 2693 3764 Noccari
2713 3717 2949 3779 quatuor
2973 3710 3154 3765 valent
3177 3712 3517 3767 nummulum
3549 3693 3718 3796 argeii
3735 3743 3750 3755 -

2167 3807 2338 3863 tcum,
2359 3813 2523 3867 quem
2553 3797 2760 3852 Arabes
2784 3798 3144 3866 Osmannum,
3177 3799 3341 3855 Turci
3368 3805 3534 3871 Aclis,
3570 3804 3746 3859 (ἱππί-ἰ

2164 3889 2377 3958 Aspron
2397 3900 2612 3944 vocant.
2629 3891 2858 3944 Nuccari
2886 3907 2978 3946 sex
3006 3891 3216 3948 faciunt
3238 3908 3521 3948 nummum
3551 3881 3744 3966 argen—

2163 3987 2314 4034 teuin
2333 3981 2888 4051 inajnsculnm,quem
2910 3983 3204 4037 Slaidiuum
3227 3985 3306 4038 vel
3323 3984 3537 4040 Cottam
3565 3969 3740 4040 nouli”.

2166 4085 2321 4129 nant.
2352 4073 2624 4130 Maidinus
2651 4076 2732 4129 vel
2754 4075 2932 4139 Catta,
2960 4074 3298 4130 Osmannnni
3320 4093 3486 4131 unum
3517 4094 3641 4132 cuni
3663 4058 3748 4131 di.-

2167 4168 2335 4222 midio
2355 4170 2503 4234 facit,
2520 4178 2571 4221 et
2585 4178 2821 4238 quatuor
2846 4167 3164 4223 Marchettis
3181 4165 3401 4225 Venetis
3416 4154 3745 4238 aestimaturi,

2166 4259 2252 4313 vel
2289 4269 2416 4313 octo
2446 4259 2653 4313 Bczziis
2687 4260 2802 4313 sive
2838 4260 3009 4328 nigris
3064 4262 3362 4314 nunnnnlis
3383 4257 3746 4342 Germanicis,

2165 4366 2399 4422 quorum
2431 4363 2544 4406 tres
2598 4352 2898 4407 coniiciunt
2933 4368 3098 4406 unum
3137 4353 3464 4410 cruciatum.
3525 4339 3743 4418 Scacli‘i,

2166 4444 2402 4510 majores
2431 4443 2673 4511 argentei
2721 4442 2954 4506 nummi,
2994 4458 3225 4510 quorum
3259 4444 3459 4515 singuli
3508 4435 3746 4516 quatu‘fi’r

490 4545 839 4599 numeranda
874 4540 1118 4612 pecunia:
1178 4553 1370 4599 causa,
1421 4534 1751 4605 Perpyriarii
1805 4534 2063 4587 diceban-
2094 4548 2137 4602 ι)
2168 4534 2476 4597 maidinos;
2515 4534 2704 4587 decem
2740 4549 2894 4599 vero,
2932 4532 3229 4587 Turcicnm
3261 4549 3490 4589 aureum
3539 4527 3721 4612 vale-ni

489 4642 604 4690 tur.
667 4634 953 4702 Agnoscit,
1001 4629 1216 4699 opinor,
1267 4641 1428 4680 voces
1474 4627 1644 4679 lector
1714 4624 2062 4692 depravatas,

489 4743 615 4783 cum
642 4736 698 4780 et
725 4726 1029 4796 hyperpyra
1061 4721 1168 4775 dici
1202 4719 1459 4784 debeant,
1496 4727 1551 4772 et
1601 4717 1904 4782 Eleutheri,
1971 4714 2066 4784 qui

492 4817 646 4875 liberi
678 4828 830 4881 sunt,
853 4823 908 4868 et
936 4812 1346 4885 llyperpyrarii,
1373 4812 1465 4878 qtii
1493 4809 1740 4878 singulos
1779 4808 1830 4861 in
1891 4821 2066 4859 annos

494 4915 797 4984 liyperpyra
836 4908 1077 4960 solvunt.
1116 4904 1174 4958 δί
1203 4903 1327 4972 quis
1347 4905 1585 4971 denique
1611 4901 1839 4970 pretium
1864 4902 2067 4970 hyper-

493 5017 752 5075 pyrorum
785 5013 1124 5069 cognoscere
1151 4998 1325 5066 cupit,
1379 4995 1657 5064 expendat
1711 4993 1822 5044 lucc
1882 4990 2067 5045 Briva-

491 5093 673 5146 censis
709 5091 895 5149 verba.
921 5089 989 5141 de
1022 5087 1144 5140 libri
1179 5103 1305 5150 xxx,
1327 5087 1502 5155 capite
1531 5084 1660 5139 I43:
1701 5098 1721 5133 t
1755 5079 1923 5135 Terra
1951 5079 2068 5131 Sni-

492 5185 619 5238 dani
643 5184 858 5237 valebat
893 5181 942 5235 ei
968 5179 1210 5251 quotidie
1255 5177 1470 5233 400000
1518 5178 1786 5246 iperpera,
1820 5191 1837 5222 ι
1881 5173 1934 5225 id
1985 5182 2070 5226 est

495 5275 670 5331 61000
699 5289 914 5330 marcas
944 5272 1154 5342 argenti
1188 5288 1204 5337 ;
1234 5274 1328 5325 sed
1358 5269 1511 5340 prius
1535 5269 1820 5338 scriptura:
1876 5265 2067 5318 tollen-

494 5370 626 5425 dum
646 5367 860 5429 vitium,
889 5372 952 5419 ut
970 5380 1069 5434 pro
1090 5361 1266 5418 57000
1292 5361 1493 5416 marcis
1514 5363 1744 5430 argenti,
1774 5358 1914 5412 5700
1933 5374 2074 5412 mar-

493 5475 589 5516 cas
653 5471 1006 5529 reponamus.
1063 5453 1133 5509 Et
1165 5453 1338 5508 niltilo
1398 5454 1579 5506 minus
1610 5453 1723 5504 haec
1751 5452 1865 5518 ipsa
1919 5467 2070 5505 suin-

499 5559 907 5619 maproveutus
929 5547 1232 5617 quotidiani
1285 5555 1434 5600 tanta
1485 5545 1699 5596 videtur
1746 5558 1886 5606 esse,
1937 5557 2072 5610 pene

499 5644 660 5698 [idem
701 5652 762 5695 ttt
790 5639 989 5696 mereri
1018 5645 1272 5706 nequeat.
1311 5636 1418 5689 Sed
1441 5637 1588 5688 enim
1618 5631 1951 5701 pergendum
2001 5632 2068 5686 ad

499 5735 629 5789 alia.
658 5734 830 5802 Quam
859 5732 1101 5785 diximus
1144 5728 1413 5785 dramam,
1479 5740 1580 5794 pro
1627 5727 1759 5777 certi
1816 5724 2071 5791 ponderis

501 5827 643 5897 apud
669 5823 878 5880 ancos
910 5825 1132 5876 nomine
1162 5823 1332 5872 lector
1360 5820 1616 5885 accipiat,
1646 5815 1791 5886 quod
1847 5817 2069 5884 quidem

824 5913 1098 5973 ιἠιωι..
1127 5914 1243 5969 6n.
1286 5908 1494 5968 CLIX.

2167 4625 2373 4691 Altum,
2449 4639 2653 4678 aureus
2724 4623 3040 4690 Tllt'CiCllS,
3107 4627 3318 4678 valebat
3375 4627 3427 4680 id
3481 4617 3745 4698 temporis

2165 4715 2528 4787 quadraginta
2563 4717 2848 4777 maidinos.
2880 4716 2960 4771 vel
3023 4732 3212 4786 aspros
3240 4721 3542 4788 sexaginta.
3572 4708 3745 4773 Cori?-

2168 4808 2280 4861 nati
2311 4809 2458 4861 aurei
2492 4808 2722 4877 pretium
2752 4819 2868 4860 erat
2942 4808 3162 4861 niaidini
3207 4810 3427 4877 triginta
3477 4807 3742 4879 quinqnii.

2168 4896 2372 4950 Horum
2405 4913 2531 4949 vero
2563 4913 2727 4966 quam
2763 4915 2905 4950 nunc
2937 4898 3048 4951 sint
3081 4909 3240 4952 aucta
3300 4899 3494 4966 pri-tia,
3551 4894 3738 4968 cepte.

2170 4987 2406 5041 bendere
2435 4988 2606 5042 lector
2633 5005 2698 5040 ex
2727 4991 2978 5056 superius
3007 4988 3257 5042 indicatis
3285 4997 3482 5056 potest.
3663 4979 3724 5024 5‘?

2241 5077 2431 5134 Obiter
2495 5080 2732 5151 denique
2792 5083 2920 5136 huic
2979 5082 3326 5151 cxplieationi
3379 5083 3447 5136 de
3501 5084 3742 5137 monetis

2172 5172 2528 5240 adiungitur,
2600 5172 2848 5227 sulianos
2921 5171 3226 5228 Turcornm
3293 5184 3401 5228 tam
3493 5175 3546 5228 in
3609 5175 3743 5242 ips'ib

2173 5264 2436 5337 auspiciis
2513 5266 2769 5333 imperii,
2844 5265 3302 5334 quemadmodum
3357 5264 3743 5333 Spandugidiis

2172 5357 2448 5412 memoria:
2510 5357 2766 5426 prodidit,
2811 5373 2972 5425 quain
3031 5356 3276 5410 victoriis
3337 5365 3534 5424 potitos
3626 5337 3744 5407 iiii?-

2173 5451 2397 5512 stribus,
2430 5459 2524 5504 aut
2570 5451 2715 5505 natis
2755 5449 3064 5502 limredibus
3098 5448 3352 5500 masculis
3378 5447 3737 5505 exsultantes:

2176 5543 2318 5597 sicut
2374 5544 2428 5595 in
2480 5543 2768 5596 annalibus
2834 5542 2986 5595 hisce
3039 5540 3245 5594 nostris
3325 5541 3522 5610 passim
3562 5540 3740 5592 unint-

2173 5635 2455 5687 advcrtcre
2488 5636 2632 5693 licet.
2667 5649 2858 5700 aspios
2887 5649 3052 5687 novos
3080 5633 3298 5699 signare
3336 5632 3549 5684 solitos.
3585 5629 3740 5702 Quod

2173 5725 2390 5791 quidem
2443 5726 2528 5775 ubi
2569 5724 2770 5776 factum
2801 5735 2903 5788 est,
2939 5738 3096 5775 usuin
3148 5737 3433 5788 asprornm
3498 5705 3740 5772 veterum

2179 5815 2475 5869 interdiito
2545 5813 2816 5882 publicato
2894 5811 3221 5881 prohibent.
3285 5801 3743 5879 Quapmptcrlab

3282 5902 3356 5960 2t
