4204 6300
327 376 441 440 ’149

1490 367 1576 422 PA
1591 366 1634 424 Ν
1649 365 1839 425 DECT
1851 367 1892 424 Ε
1927 365 1978 425 Η
1994 369 2008 423 l
2022 368 2127 427 ST.
2175 364 2273 425 ΤΗ
2287 364 2475 425 RCIC.

3488 353 3592 416 ’ἷῖιο

330 490 470 544 cibis
521 497 635 540 toto
691 483 871 538 triduo
925 479 1096 549 gratis
1148 477 1280 530 frui.
1327 472 1522 530 Postea
1580 476 1901 529 mutandum
1937 483 1979 537 Α
2011 491 2132 530 rum
2168 475 2479 546 appellatio,
2537 473 2877 544 principibus
2927 473 3060 543 ipsis
3121 470 3590 526 Musulmanorum

331 580 678 650 hospitium.
715 576 857 632 Sane
905 572 1122 627 Turcicl
1183 584 1440 641 proceres
1502 568 1756 622 maximis
1808 568 1910 622 im-

332 674 516 744 pensis
563 683 844 727 exstruere
869 665 1194 738 potissimun
1239 663 1456 716 student
1486 662 1616 714 haec
1663 670 1908 730 septem:

332 764 602 828 Nessitas,
657 761 910 823 lmareta,
976 757 1182 812 Grrecis
1218 753 1460 816 Maratia,
1494 751 1910 817 caravausaria,

332 857 526 913 balnea
577 854 793 924 publica
825 858 840 910 ξ
883 850 1085 920 quibus
1114 848 1275 901 etiam
1307 846 1703 916 pulcherrimos
1731 844 1910 898 fontes

333 949 659 1021 adjunguut,
694 946 746 1000 in
788 943 1023 1004 caeteris,
1063 940 1132 995 ad
1187 939 1318 993 usus
1359 939 1662 1002 hominum,
1697 937 1918 1006 jumen-

332 1049 518 1093 torum
549 1037 937 1108 qumidianos;
971 1033 1025 1086 in
1071 1030 1312 1085 messitis
1338 1031 1403 1082 ad
1443 1028 1793 1084 lnstrationes
1829 1027 1914 1081 vel

333 1130 642 1185 ablutiones
663 1126 920 1198 quasdam
949 1124 1286 1197 peragenilas
1318 1124 1488 1191 prius.
1528 1136 1690 1190 quam
1717 1119 1916 1190 templa

337 1239 435 1278 sua
469 1222 587 1277 sive
616 1218 867 1274 tuessitas
901 1215 1299 1282 ingrediantur.
1321 1214 1415 1270 liis
1442 1215 1579 1270 adde
1627 1214 1914 1268 ﬂuminum

335 1327 550 1390 pontes,
581 1325 635 1370 et
692 1316 806 1367 vias
855 1310 1140 1383 publicas,
1201 1313 1472 1382 lapidibus
1492 1319 1706 1369 .suatas
1741 1329 1755 1366 :
1797 1325 1918 1380 qua

332 1409 554 1478 quidem
639 1404 824 1458 omnia
890 1404 1114 1473 perinde
1184 1403 1500 1472 spectabilia
1573 1412 1703 1457 sunt
1773 1403 1917 1472 apud

333 1500 567 1560 Turcos,
603 1507 657 1552 et
687 1496 908 1558 eaiiiiia,
949 1497 1094 1550 sicut
1121 1493 1260 1563 apud
1297 1495 1506 1564 Anglos
1544 1495 1672 1556 iSta.
1744 1508 1913 1550 versu

333 1588 732 1660 comprehensa
765 1587 934 1640 veteri
971 1599 988 1639 :

413 1683 589 1744 ιιωη.
621 1691 671 1738 et
711 1681 831 1748 fons
861 1691 910 1732 et
943 1696 1070 1746 pons
1099 1691 1117 1730 :
1157 1677 1400 1742 ecclesia,
1434 1678 1659 1747 femina,
1697 1677 1847 1732 (una.

410 1775 921 1846 Propemodumque
993 1769 1178 1826 licebit
1241 1777 1298 1824 et
1367 1769 1599 1825 Turcica
1670 1769 1920 1840 distycbo

337 1865 630 1935 complecti
651 1883 665 1919 :

449 1979 695 2048 Hessius,
732 1980 1020 2034 muralium
1050 1996 1065 2032 :
1104 1975 1552 2040 caratiansaraia,
1579 1973 1812 2048 lavacra.

444 2045 690 2114 πωπω(
720 2061 770 2106 et
804 2059 986 2119 pontes
1021 2049 1325 2118 ﬂuviorum,
1359 2055 1533 2099 strata
1566 2045 1796 2098 viarum.

414 2143 603 2201 Obiter
633 2144 733 2198 hoc
762 2142 924 2198 etiam
955 2139 1119 2206 addo,
1152 2136 1625 2207 Constantinopoli
1663 2135 1924 2199 messitis,

343 2252 465 2310 quae
493 2237 616 2292 istic
638 2249 864 2290 numero
890 2234 1012 2304 plus
1035 2233 1216 2287 minus
1243 2230 1662 2302 quadringenta
1678 2236 1825 2288 sunt,
1848 2235 1929 2281 tot

343 2329 658 2401 bujusmodi
721 2328 975 2398 adjuncta
1026 2341 1148 2381 esse
1200 2325 1470 2378 maratia:
1513 2330 1572 2376 ut
1619 2323 1665 2377 si
1696 2320 1820 2392 quis
1873 2320 1926 2374 in

344 2438 456 2478 uno
492 2422 730 2477 triduum
767 2421 996 2482 victitet,
1046 2432 1110 2472 ac
1164 2416 1362 2472 deinde
1396 2425 1584 2486 pergat
1632 2411 1824 2468 ordine
1861 2410 1928 2465 ad

347 2525 582 2581 uetera,
633 2515 802 2570 totius
880 2511 1008 2567 anni
1058 2511 1238 2582 spatio
1292 2508 1373 2562 vel
1404 2509 1642 2562 invisere
1697 2510 1933 2572 ιιαιιιιιειι

346 2609 556 2671 omnia,
585 2607 668 2661 vel
705 2605 949 2661 omnium
986 2605 1062 2656 uti
1113 2601 1400 2656 benellcio.
1455 2598 1719 2667 Sequitur
1767 2597 1930 2651 etiam

346 2701 512 2768 paulo
569 2710 692 2768 post
741 2698 887 2752 hunc
935 2698 1114 2750 locum
1163 2693 1220 2747 in
1281 2691 1570 2746 annalibus
1632 2688 1934 2757 explicatus

349 2796 699 2850 lmaretorum
735 2805 888 2854 usus,
928 2804 1050 2844 cum
1100 2794 1349 2848 narrant,
1403 2785 1699 2853 ipsummet
1730 2779 1934 2836 Ureba—

350 2897 476 2938 ncm
504 2881 557 2934 in
588 2888 870 2935 exstructo
897 2879 967 2933 ab
1004 2893 1062 2932 se
1114 2877 1344 2930 imareto
1374 2876 1529 2928 cibos
1553 2870 1928 2927 distribuisse.

425 2972 660 3026 Candria
725 2971 878 3040 regio
937 2969 1041 3022 sita
1095 2977 1180 3021 est
1229 2968 1298 3021 ad
1353 2964 1585 3020 Pontum
1639 2962 1934 3027 Euxinum,

353 3052 496 3118 inter
522 3062 854 3132 Bithyniam,
883 3069 937 3114 et
969 3059 1228 3123 Pontum,
1279 3058 1385 3112 hoc
1431 3063 1673 3121 nomine,
1716 3055 1937 3124 provin-

2019 571 2270 624 snltunos
2350 583 2410 624 se
2465 567 2914 627 nominantibus.
2970 569 3047 620 uti
3095 567 3408 636 lrequenter
3450 563 3592 633 apud

2018 673 2309 734 praetorem
2343 672 2586 717 nostrum
2645 662 2827 715 videre
2857 670 2979 715 est:
3036 672 3216 714 tamen
3263 658 3469 714 Gneeis
3513 675 3573 708 νι-

2018 755 2182 817 ciuis,
2214 763 2270 806 ut
2327 753 2678 820 Christianis,
2717 765 2832 809 erat
2857 753 3192 809 exsecrabile
3224 767 3450 813 nomen.
3498 767 3591 824 qu.

2017 848 2184 903 verbo
2213 845 2696 902 Musulnianissaie
2722 846 2790 900 de
2819 845 3068 899 omnium
3095 843 3421 913 gravissimo
3448 844 3593 912 apud

2018 941 2359 996 Christianos
2396 938 2602 1006 ﬂigitio
2660 938 2887 994 desertae
2932 937 3212 1006 religionis
3264 939 3594 993 utebantur;

2020 1033 2180 1101 cujus
2206 1033 2370 1088 etiam
2431 1033 2538 1088 vim
2592 1032 2960 1094 declarantes,
3017 1029 3160 1082 aliud
3196 1028 3596 1099 magarissandi

2018 1123 2186 1198 40⁸
2214 1124 2436 1178 verbum
2463 1123 2816 1188 adhibebant,
2863 1119 3008 1192 quod
3038 1119 3309 1194 signiﬁcat
3358 1131 3603 1176 stercore

2025 1215 2130 1271 l‘aei
2150 1229 2234 1268 em
2263 1228 2650 1285 conspurcare.
2705 1211 2996 1277 Cedrinus,
3057 1210 3260 1281 aliique
3309 1211 3605 1281 scriptores

2028 1309 2297 1373 historiae,
2351 1323 2474 1362 cun;
2527 1307 2592 1361 iis
2637 1306 2729 1376 qui
2783 1305 2874 1373 jus
2929 1304 3260 1360 canonicum
3309 1304 3605 1358 Orientalis

2030 1401 2288 1457 Ecclesiae
2332 1410 2658 1465 tractarunt,
2742 1411 2976 1469 utroque
3011 1409 3264 1454 utuntur.
3323 1395 3605 1452 Osmanici

2026 1507 2208 1549 tamen
2286 1494 2540 1549 aﬂectant
2599 1493 2740 1548 hanc
2791 1494 3232 1564 appellationem,
3291 1503 3346 1547 et
3393 1488 3604 1545 Tui-cos

2026 1605 2085 1640 se
2106 1588 2212 1640 dici
2249 1589 2464 1644 nolunt.
2494 1585 2612 1651 Quo
2641 1587 2707 1641 de
2730 1585 2998 1642 vocabulo
3023 1587 3332 1641 facerenon
3358 1601 3599 1651 pessum.

2025 1682 2158 1750 quin
2220 1678 2452 1750 Philippi
2499 1681 2720 1735 Μυηιωί
2769 1681 3092 1736 sententiam
3169 1694 3460 1748 esponam,
3536 1694 3599 1730 cit

2027 1774 2167 1827 libro
2185 1774 2306 1840 eius
2321 1772 2527 1828 Gallice
2545 1774 2767 1842 scripto,
2799 1773 2867 1828 de
2888 1775 3110 1828 veritate
3128 1772 3405 1842 religionis
3444 1771 3572 1824 Chri
3586 1801 3603 1808 -

2027 1867 2216 1921 stiana-
2262 1877 2450 1920 contra
2484 1875 2740 1935 paganos.
2774 1867 3009 1930 Judmos,
3075 1864 3510 1930 Mahumetanos,
3552 1875 3609 1917 et

2029 1960 2188 2022 alios,
2233 1960 2320 2012 cui
2364 1959 2560 2013 similis
2600 1961 2652 2013 in
2712 1959 2817 2014 hoc
2853 1958 3160 2030 argumenti
3189 1971 3387 2029 genere
3422 1958 3607 2011 ιιιιιιιις

2028 2054 2267 2108 antehac
2324 2053 2546 2121 prodiit.
2599 2050 2735 2106 Nam
2767 2053 2957 2106 eadem
3013 2066 3179 2119 Opera
3212 2052 3280 2106 de
3303 2050 3608 2106 Turcoruui

2028 2148 2194 2202 etiam
2251 2145 2468 2216 origine
2519 2146 2780 2214 quiddam
2842 2162 2950 2199 non
3000 2155 3206 2200 temere
3252 2144 3608 2214 rejicicndnui

2030 2239 2420 2310 intelligemus.
2466 2239 2558 2292 Ait
2584 2254 2714 2310 ergo
2768 2238 3063 2300 uomens,
3109 2237 3386 2292 lsraelitas
3438 2236 3609 2294 fuisse

2033 2339 2454 2402 transportatos,
2476 2334 2640 2386 etiam
2673 2331 2951 2387 Herodoto
2992 2341 3149 2393 teste.
3185 2333 3322 2386 ultra
3354 2330 3610 2388 Mediam.

2033 2428 2100 2480 ad
2133 2425 2383 2497 regiones
2414 2426 2466 2479 id
2488 2427 2748 2496 temporis
2774 2426 3122 2488 inhabitatas,
3191 2435 3248 2481 et
3270 2425 3339 2480 ab
3362 2425 3442 2480 eis
3486 2439 3597 2494 pai-

2033 2515 2130 2570 tim
2146 2514 2383 2570 Colchos
2399 2514 2663 2585 originem
2697 2514 2943 2578 duxisse,
2961 2517 3057 2583 qui
3078 2513 3336 2570 Herodoti
3369 2530 3613 2585 tempore

2035 2607 2618 2673 circumcidebantur;
2667 2609 2868 2676 partim
2905 2607 3164 2674 Tataros,
3199 2609 3293 2678 qui
3327 2611 3470 2662 circa
3517 2624 3608 2660 au-

2036 2715 2167 2757 num
2213 2700 2584 2756 Christianum
2640 2700 2777 2756 1200
2815 2703 2978 2757 ductu
3013 2700 3201 2772 Zingis
3231 2702 3437 2758 Chattis
3471 2702 3619 2757 velut

2039 2795 2403 2850 inundatione
2435 2795 2669 2864 quadam
2703 2796 2893 2850 orbem
2926 2807 3194 2850 terrarum
3226 2797 3548 2859 obruerunt.
3569 2811 3622 2852 ρι

2040 2886 2328 2955 imperium
2361 2885 2558 2940 deinde
2597 2885 2802 2940 Clianis
2859 2886 3004 2940 illius
3041 2886 3278 2942 Cbitaini
3328 2889 3625 2942 constitue-

2042 2987 2192 3033 runt.
2213 2976 2381 3031 Erant
2404 2988 2608 3045 autem,
2635 2979 2832 3049 inquit,
2848 2978 2904 3033 hi
2926 2979 3236 3034 circumcisi
3261 2980 3414 3050 prius
3433 2979 3621 3038 etiam.

2043 3081 2209 3137 quam
2231 3066 2562 3123 lahumetis
2592 3083 2794 3124 nomen
2833 3069 3120 3124 audissent
3153 3086 3169 3122 :
3209 3083 3382 3137 eoque
3418 3071 3618 3135 procli-

353 3156 494 3210 ciam
522 3170 540 3214 ;
566 3153 655 3208 ubi
691 3165 746 3207 et
778 3152 1038 3222 oppidum
1067 3149 1304 3206 Caudria
1339 3150 1612 3220 reperitur
1653 3148 1708 3203 in
1741 3148 1932 3203 Ortelii

2042 3159 2222 3212 viores
2282 3156 2505 3215 fuerunt
2562 3156 2630 3212 ad
2659 3159 3098 3228 amplectendam
3145 3157 3315 3225 legem
3345 3156 3627 3210 Mabume-

352 3245 585 3313 Natalia,
617 3247 783 3299 situm
815 3261 882 3298 eo
913 3247 1073 3314 plane
1121 3245 1262 3308 loco,
1294 3258 1406 3311 quo
1455 3243 1742 3296 Dedacana
1784 3253 1938 3295 vetus

352 3357 382 3395 a
447 3339 670 3395 Nicolao
715 3339 992 3409 Sopliiano
1053 3339 1299 3405 ponitur.
1364 3336 1653 3391 Diversum
1716 3335 1787 3389 ab
1835 3339 1940 3388 hoc

353 3435 614 3505 oppidum
642 3445 730 3490 est
755 3433 977 3503 Caugri,
1002 3447 1193 3485 versus
1211 3431 1487 3484 Amasiam
1513 3429 1628 3482 siVe
1655 3427 1942 3496 Cappado-

355 3522 542 3587 ciam,
597 3521 743 3591 qu'od
809 3521 940 3574 olim
1021 3517 1239 3587 Gangra
1323 3519 1725 3578 nominabatur.
1799 3515 1944 3570 unde

355 3610 555 3668 Turcis
586 3621 642 3666 et
673 3613 821 3681 regio
840 3610 1153 3680 Cbiangare
1176 3611 1346 3664 dicta.

599 3706 693 3760 2i.
727 3695 978 3768 Zercolte,
1009 3715 1116 3756 tam
1157 3703 1290 3755 alba:
1321 3718 1482 3772 quam
1504 3703 1696 3755 rubrae.

430 3796 656 3853 Zercola
702 3797 895 3867 capitis
927 3813 958 3851 e
996 3796 1140 3852 ﬁltro
1194 3806 1566 3867 tegumentum
1616 3805 1722 3862 est,
1777 3795 1942 3848 latam

361 3906 584 3947 auream
615 3891 885 3946 fimbriam
933 3889 1164 3955 habens,
1217 3905 1325 3959 qua
1357 3899 1512 3959 parte
1559 3888 1724 3958 capiti
1773 3889 1944 3955 impo-

367 3985 560 4042 nitur:
595 3981 664 4037 de
719 3980 934 4051 penula
1013 3980 1228 4033 manica
1276 3979 1532 4049 tegminis
1564 3979 1734 4048 ipsius
1780 3978 1943 4046 petita

366 4069 564 4138 lorma,
587 4075 729 4130 sicut
764 4075 980 4142 ipsimet
1010 4074 1166 4125 aiunt
1186 4071 1374 4124 'l‘urci.
1411 4071 1691 4140 Superiori
1715 4067 1945 4132 zezeolze

370 4167 548 4234 parti,
607 4164 1128 4232 sesquispithatuam
1189 4163 1352 4224 alue,
1422 4171 1582 4229 caput
1641 4159 1942 4213 inseritur:

363 4259 597 4314 inferior
624 4269 654 4313 'a
685 4259 888 4313 vertice
910 4256 1106 4326 capitis
1159 4254 1298 4308 infra
1329 4255 1570 4308 cervices
1603 4253 1658 4305 in
1715 4253 1943 4306 dorsum

371 4368 482 4408 non
518 4353 674 4407 aliter
709 4351 777 4406 ad
809 4359 921 4406 tres
947 4351 1248 4421 spithamas
1280 4363 1449 4417 vsque
1497 4347 1822 4406 demittitur,
1881 4363 1944 4398 ac

373 4444 704 4500 feminarum
740 4443 1072 4499 Gallicarum
1106 4452 1342 4511 tegmen,
1381 4441 1523 4510 quod
1547 4441 1845 4509 rhupperon
1878 4437 1946 4491 ab

368 4540 452 4593 eis
477 4539 703 4593 dicitur.
763 4537 808 4589 Α
870 4536 1050 4589 media
1102 4533 1278 4587 fronte
1311 4533 1485 4604 surgit
1527 4533 1758 4600 oblonge
1801 4546 1950 4599 qua:-

371 4631 499 4687 dam
548 4631 708 4699 quasi
741 4630 824 4684 vel
866 4627 1047 4683 listula
1104 4628 1189 4682 vel
1232 4627 1426 4696 vagina
1459 4641 1526 4679 ea
1574 4639 1701 4684 tere.
1756 4623 1948 4693 partim

371 4724 653 4788 deaurata,
684 4724 880 4794 partim
904 4731 1133 4791 argento
1156 4720 1288 4773 foris
1312 4719 1568 4777 obducta.
1593 4718 1682 4770 cui
1712 4728 1956 4785 gemmas

375 4805 647 4881 inserunt,
674 4831 780 4870 non
809 4815 987 4883 tnagni
1022 4823 1201 4868 Lamen
1221 4811 1403 4881 pretii.
1434 4809 1554 4862 llaec
1577 4808 1787 4861 zercola
1806 4807 1956 4877 geni-

373 4913 523 4966 saris
551 4909 660 4964 albi
682 4908 892 4963 coloris
913 4917 1016 4970 est,
1070 4904 1193 4958 aliis
1225 4903 1521 4956 nonnullus
1550 4900 1723 4962 rubri,
1747 4903 1812 4951 de
1832 4899 1954 4966 qui-

374 5002 477 5055 bus
518 5000 628 5054 alio
663 4997 957 5055 dicendum
986 4998 1130 5049 loco.
1173 4993 1380 5047 Fistula
1411 4996 1526 5046 site
1562 4990 1784 5044 tubulus
1812 4989 1958 5041 exei-

377 5091 577 5162 piendo
605 5105 747 5145 cono
789 5090 857 5144 de
890 5087 1084 5157 pennis
1109 5087 1295 5139 atrium
1323 5085 1468 5137 facto
1495 5086 1684 5144 servit,
1716 5081 1798 5133 vel
1833 5077 1956 5133 belli

380 5194 651 5253 tempere,
685 5184 768 5235 vel
795 5195 921 5234 cum
965 5179 1220 5234 satellitio
1250 5193 1349 5231 suo
1375 5177 1651 5229 suitanum
1676 5174 1900 5242 stipant.

455 5297 545 5350 22.
570 5293 912 5356 Παεαιηιαηὲ,
955 5291 1443 5351 musulmanissare,
1503 5288 1884 5355 magarissare,

761 5365 941 5418 'l'urci.
965 5361 1230 5415 Laomcus
1257 5361 1587 5410 emendatus.

457 5457 836 5514 Ilusulmanos
887 5454 995 5507 dici
1037 5467 1097 5506 se
1155 5451 1345 5503 volunt
1394 5449 1788 5505 Nahumelani.
1837 5458 1960 5497 tan-

385 5567 546 5620 quam
600 5559 746 5600 recte
799 5546 1133 5600 credentes:
1191 5552 1251 5592 ιιι
1299 5540 1568 5593 Ariatticis
1624 5540 1960 5606 temporibus

388 5644 570 5698 ueteri
597 5639 919 5698 Christiani,
951 5645 1222 5706 quotquot
1269 5633 1729 5687 abominabantur
1770 5647 1958 5684 eorum

390 5724 628 5795 furores,
670 5731 1094 5784 ortbo'losornm
1151 5740 1347 5778 nomen
1405 5722 1823 5792 proﬁtebantur.
1884 5723 1960 5773 Ac

399 5827 616 5882 talitetsi
650 5820 1045 5877 Maliumctanis
1085 5817 1466 5871 honestissima
1491 5815 1560 5868 sit
1599 5813 1960 5871 Mttsuliuano-

2043 3250 2113 3304 tis
2134 3250 2279 3317 quod
2309 3264 2374 3303 ex
2428 3260 2580 3317 parte
2627 3263 2752 3304 eum
2779 3248 3025 3317 ipsorum
3059 3248 3318 3315 religione
3369 3249 3626 3299 mureni—

2043 3348 2145 3392 ret.
2178 3338 2287 3392 Vox
2325 3338 2436 3408 ipsa
2461 3337 2645 3392 Taturi
2674 3339 2791 3392 sive
2808 3337 3014 3398 'l'Otari,
3039 3338 3221 3405 lingua
3245 3336 3463 3407 Syriaca
3504 3338 3630 3391 ri-li-

2041 3446 2202 3498 Qlilzts
2229 3431 2344 3485 site
2378 3431 2627 3484 residtIns
2655 3431 2945 3498 signiﬁcat,
2977 3430 3072 3482 ait.
3098 3427 3245 3482 Inter
3275 3430 3472 3483 bordas
3492 3443 3630 3499 quo-

2043 3536 2149 3591 que
2174 3519 2432 3583 Tatariat,
2451 3537 2641 3576 versus
2665 3532 2874 3592 partem
2895 3521 3013 3589 ejus
3038 3520 3209 3591 magis
3232 3520 3629 3590 aquilonarcin,

2043 3616 2292 3674 nonnulli
2348 3615 2571 3668 nomina
2635 3615 2772 3680 Dan,
2833 3613 3103 3680 Zabulon,
3161 3613 3430 3682 Nepbtali,
3502 3629 3629 3666 reii-

2046 3720 2308 3765 nueruut.
2365 3708 2521 3764 Unde
2580 3727 2689 3765 non
2754 3721 2857 3775 est,
2889 3711 3033 3780 quod
3083 3712 3370 3774 miremur,
3421 3721 3623 3764 tantam

2046 3801 2401 3859 Hebraorum
2471 3817 2594 3857 esse
2645 3803 2858 3873 cupiam
2920 3803 2976 3858 in
3029 3805 3342 3873 regionibus
3395 3803 3626 3873 ηαδ-δερ,

2049 3893 2354 3957 Sarmatia-,
2407 3871 2731 3948 Lithuaniae.
2763 3893 2924 3948 Putat
2955 3871 3141 3958 etiam,
3169 3909 3236 3948 eo
3269 3897 3451 3963 plures
3499 3871 3622 3949 isne

2048 3985 2306 4041 Hebraea
2339 3986 2591 4048 inveniri,
2637 4001 2744 4054 quo
2803 3988 3026 4054 propius
3083 3986 3149 4039 ad
3195 3986 3425 4041 Tataros
3475 4001 3631 4039 accc-

2046 4079 2226 4133 datur.
2286 4078 2546 4145 Equidem
2598 4091 2656 4132 ut
2695 4080 2872 4133 obiter
2915 4080 3147 4142 aliquam
3195 4079 3264 4132 de
3309 4092 3430 4132 meo
3483 4079 3630 4139 velut

2050 4169 2354 4238 symbolam
2389 4168 2474 4223 his
2511 4169 2785 4237 adjiciam,
2855 4169 3172 4224 adolescens
3226 4171 3279 4221 in
3325 4166 3630 4224 Livoniam.

2047 4262 2280 4318 necdum
2335 4261 2564 4326 collegio
2597 4259 3020 4316 Teutonicorum
3048 4260 3312 4330 jequitum
3338 4261 3629 4330 dissipato.

2048 4369 2098 4405 a.
2129 4352 2386 4408 Cunrado
2435 4363 2588 4418 patre
2634 4352 2835 4406 missus
2881 4351 2946 4403 ad
3009 4351 3288 4404 Albertum
3356 4361 3633 4420 patruum,

2051 4460 2175 4499 eum
2211 4443 2316 4497 alia
2351 4442 2472 4497 istis
2495 4442 2928 4497 animadvertere
2962 4442 3181 4496 memini
3226 4458 3241 4500 :
3291 4452 3403 4496 tum
3467 4456 3634 4497 etiam

2057 4551 2251 4590 versus
2313 4533 2682 4595 Lithuauiam.
2752 4536 2805 4587 in
2855 4535 3052 4588 vicinia
3113 4534 3428 4602 metropolis
3486 4534 3635 4601 Ruga

2059 4633 2205 4698 (quae
2259 4629 2312 4682 in
2355 4628 2500 4681 edito
2544 4627 2784 4680 Laouico
2817 4627 3011 4680 vitiose
3041 4628 3388 4695 trauspositis
3439 4628 3638 4680 litteris

2055 4719 2314 4773 scribitur
2350 4715 2511 4782 Ucra,
2540 4733 2639 4786 pro
2669 4717 2815 4788 [lyra
2855 4739 2868 4770 :
2893 4719 3030 4771 sicut
3055 4718 3252 4772 ibidem
3279 4733 3376 4786 pro
3408 4719 3640 4786 Euphla-

2059 4820 2142 4862 ste
2169 4810 2536 4878 reponendum
2587 4808 2842 4862 Eillaute.
2880 4811 2970 4860 Sic
3001 4809 3145 4861 enim
3174 4808 3429 4864 Genuam
3461 4819 3638 4863 omni

2058 4908 2257 4953 vocant
2310 4897 2617 4964 Livoniam,
2668 4899 2909 4952 Saxones
2957 4900 3126 4953 nostri
3157 4882 3478 4952 Liliaudam.
3513 4901 3638 4952 Gul-

2058 4995 2201 5046 licus
2255 4992 2522 5060 interpres
2577 4991 2772 5046 Ueraui
2853 4994 2964 5044 vult
3033 5006 3152 5044 esse
3216 4989 3635 5056 Nnvogradiam.

2062 5085 2258 5155 puerili
2332 5098 2565 5148 errore,
2626 5098 2752 5135 eum
2826 5083 2973 5136 dicat
3027 5095 3216 5136 auctor
3274 5084 3388 5138 suis
3453 5086 3640 5136 ιιτυειιιι

2062 5177 2266 5245 legibus
2290 5187 2344 5230 et
2379 5176 2624 5229 libertate
2652 5173 2778 5234 frui.
2806 5175 3242 5244 almptimatibtts
3259 5174 3392 5242 regi,
3411 5178 3472 5224 ad
3496 5189 3644 5226 mann

2063 5268 2222 5322 sitam
2268 5281 2386 5320 esse
2414 5283 2430 5330 ;
2456 5267 2652 5329 Daune,
2707 5267 2926 5337 Anglos,
2960 5266 3146 5319 Gallos
3173 5281 3239 5319 co
3291 5268 3634 5318 commercio.

2066 5374 2188 5411 rum
2229 5373 2394 5412 causa
2453 5361 2706 5425 navigare
2735 5374 2749 5415 :
2782 5375 2900 5428 qua:
2932 5363 2997 5410 de
3030 5355 3365 5424 NovOgi-ndia
3418 5357 3642 5426 intelligi

2065 5449 2364 5518 nequeunt)
2401 5452 2452 5500 in
2502 5450 2661 5518 hujus
2693 5465 2821 5518 ergo
2883 5450 3030 5517 ltigm
3083 5450 3278 5501 vicinia
3307 5490 3321 5512 ,
3369 5449 3640 5500 nationem

2065 5541 2356 5608 quamdam
2408 5556 2527 5594 esse
2603 5544 2885 5594 barbaram
2987 5540 3295 5601 Lettorum,
3353 5555 3383 5593 a
3430 5543 3644 5592 exteris

2068 5632 2304 5683 Livonia-
2346 5631 2588 5682 barbaris
2615 5631 2826 5699 incolis.
2865 5629 3174 5683 Curuuibus
3228 5637 3282 5681 et
3332 5627 3643 5680 Estouibus.

2070 5723 2249 5786 lingua
2316 5725 2472 5788 plane
2517 5723 2922 5790 discrepantem
2959 5739 2972 5772 :
3007 5725 3100 5787 qui
3142 5730 3403 5791 perpetuo
3460 5719 3516 5770 in
3548 5732 3648 5770 ore

2069 5817 2227 5881 quasi
2264 5812 2714 5867 lamentationem
2751 5810 3041 5880 quamdam
3080 5811 3301 5874 habent,
3341 5823 3503 5876 quam
3549 5820 3646 5860 vu-
