4204 6300
614 369 717 440 751

1831 390 2155 449 JUXNNIS
2202 391 2657 451 LEUNCLM'II

3754 395 3865 459 75?.

612 492 891 546 cilet'ando
947 509 1040 563 per
1075 511 1231 563 agros
1281 499 1501 553 assiduo
1552 510 1817 569 repetunt.
1892 504 2007 557 Iern
2062 506 2177 557 leru
2208 505 2371 562 Αὲἱ.
2403 505 2475 559 οε
2527 510 2694 573 primo
2744 506 3029 560 Turcornm
3088 508 3139 559 iu
3200 506 3469 577 Europam
3515 521 3760 563 ll't'nstlu.
3793 512 3865 565 De

611 584 798 641 Maer
833 583 966 638 l.0n.
1002 587 1209 652 Quibus
1236 591 1413 644 verbis
1440 590 1737 647 Jerusalem
1779 604 1831 648 ct
1866 598 2186 649 Damasi-nm

618 676 917 745 intelligere
948 679 1264 743 creduntur,
1307 690 1628 735 cacterarum
1688 685 1739 737 in
1768 689 1983 754 antiqua
2018 689 2200 759 patria

612 781 815 832 rerum,
849 776 924 821 tot
952 782 981 821 a
1016 772 1249 831 sceenlis,
1282 773 1403 824 etin
1441 775 1818 828 remotissimis
1870 778 1935 829 ah
1968 793 2030 831 ea
2060 780 2187 831 soli-

611 858 915 925 tudinihus,
940 859 1115 914 obliti.
1145 863 1225 914 Ad
1261 861 1553 918 Mornmum
1591 876 1648 920 ut
1693 870 2003 933 redeamus,
2038 882 2191 939 putat

609 954 714 1007 hoc
749 951 889 1006 tdctn
936 967 1043 1006 non
1101 955 1284 1007 minus
1335 971 1456 1010 esse
1509 974 1635 1012 vero
1668 960 1846 1014 simile
1877 961 1943 1014 de
1971 962 2188 1025 Turcis,

607 1057 770 1107 quam
806 1042 875 1096 de
908 1040 1123 1097 Talaris
1180 1061 1194 1096 :
1250 1062 1372 1098 cum
1417 1062 1615 1103 nomen
1652 1052 1829 1116 ipsum
1884 1051 2187 1106 'l‘nrcotntn

607 1131 872 1189 llebraica
902 1132 1076 1203 lingua
1102 1136 1365 1204 signiﬁcet
1391 1139 1628 1201 exsules,
1657 1152 1708 1194 et
1738 1147 2189 1199 contumeliosum

605 1226 750 1294 apud
780 1227 927 1295 ipsos
974 1226 1259 1280 habeatur.
1324 1228 1612 1300 Viderique
1665 1233 2023 1289 Mahumetem
2080 1253 2187 1289 non

604 1326 704 1372 alia
755 1334 834 1377 re,
892 1332 961 1373 ne
1031 1318 1262 1387 populos
1316 1320 1441 1374 illos
1492 1324 1650 1390 longe
1708 1330 2191 1385 numerosissimos

603 1408 945 1473 uilcuderet,
1029 1411 1121 1479 qui
1190 1422 1304 1466 tum
1378 1417 1636 1484 temporis
1698 1418 2031 1489 incipiebant
2130 1441 2192 1480 se

602 1518 970 1570 commovere,
1055 1505 1346 1562 retinuisse
1410 1511 1933 1575 circumcisionent,
1979 1515 2193 1571 lustra-

607 1603 805 1659 tiones,
833 1603 887 1646 et
902 1592 1038 1648 alias
1060 1596 1328 1662 quasdam
1358 1594 1497 1666 legis
1528 1594 1780 1654 Mosaicae
1809 1601 2189 1659 caerimonias.

601 1749 690 1803 33.
728 1747 1067 1805 Grnisclteber
1088 1750 1361 1827 ,__Goinu_c,
1410 1750 1628 1827 Curari.
1659 1753 1834 1821 (ἰωή,
1894 1753 2153 1827 Bergama
2174 1798 2193 1825 ,

1107 1819 1368 1888 Edrents't,
1403 1822 1653 1892 Geltpoli.

679 1954 891 2026 Oppida
952 1962 1085 2011 sunt
1148 1954 1338 2011 lsuica:
1410 1959 1623 2023 vicina,
1698 1959 2074 2017 Geniscbeher
2142 1972 2196 2018 et

600 2046 837 2113 Goiuuc,
873 2048 958 2101 Vel
991 2044 1206 2102 Guinuc
1238 2048 1604 2120 trisyllabum,
1630 2062 1687 2106 ut
1708 2053 1797 2108 hic
1822 2055 1875 2109 itt
1904 2054 2196 2126 archetypo

604 2138 883 2195 scribitur.
936 2138 1069 2194 illud
1104 2154 1300 2194 novam
1352 2142 1629 2197 civnatem
1687 2142 1982 2213 signiﬁcat,
2014 2155 2071 2201 et
2132 2148 2191 2201 in

604 2230 799 2286 Uro-lli
827 2229 1063 2295 Natolia,
1091 2232 1233 2289 sicut
1259 2243 1314 2288 ct
1345 2232 1675 2304 Busbcquio,
1707 2232 1916 2290 leuisar
1944 2248 2192 2306 vocatur,

608 2332 665 2377 ut
712 2336 876 2393 supra
922 2322 1128 2378 dictum
1185 2337 1415 2379 numero
1479 2326 1566 2380 Π.
1636 2326 1849 2381 Goiuuc
1894 2329 1948 2383 in
2000 2330 2194 2386 eadem

602 2414 793 2470 Ortelii
854 2413 1064 2471 Natolia
1110 2417 1381 2488 reperitur
1413 2455 1426 2471 .
1488 2415 1564 2473 De
1597 2418 1786 2475 Carasi
1838 2422 2193 2491 exposuimus

605 2519 766 2561 antea
800 2522 1030 2563 numero
1066 2508 1153 2564 l3.
1182 2506 1347 2565 Cosri
1379 2526 1502 2564 cum
1560 2508 1778 2567 Caristo
1812 2511 2037 2569 Natoliae
2062 2525 2194 2585 puto

607 2600 796 2657 eadem
853 2613 971 2657 est.
1021 2600 1284 2673 Bergauta
1343 2612 1496 2658 vetus
1543 2615 1627 2660 est
1686 2605 1799 2671 illa.
1851 2606 2194 2679 celebrisque

607 2694 1049 2750 membranarum
1106 2700 1329 2753 nomine
1378 2696 1698 2767 Pergamus,
1742 2697 1934 2754 Galeni
1989 2702 2187 2757 medici

610 2787 801 2856 patria.
831 2786 970 2853 Quae
1031 2786 1227 2843 Turcis
1274 2789 1364 2843 hic
1418 2788 1685 2854 Edremit,
1732 2790 1863 2846 olim
1895 2792 2185 2847 dicebatur

605 2880 1013 2946 Atramytttum,
1050 2875 1215 2933 Lemti
1246 2883 1492 2948 Augusto
1522 2882 1873 2949 episcopatus
1905 2880 2191 2952 Ephesium

606 2969 895 3040 metropoli
930 2970 1205 3026 subditus.
1233 2970 1420 3026 Nautat
1455 2973 1631 3027 nostri
1665 2973 1934 3029 vocabant
1970 2977 2190 3031 nomine

607 3062 782 3131 magis
842 3072 1124 3134 corrupto,
1199 3060 1549 3124 Landemitl;
1618 3063 1771 3136 quod
1847 3066 2071 3137 propius
2120 3065 2188 3120 ad

604 3157 871 3223 originem
930 3170 1084 3210 suam
1139 3154 1440 3221 accederet,
1471 3155 1518 3209 si
1555 3154 1738 3225 lingua
1781 3171 1900 3219 sua,
1953 3157 2055 3211 hoc
2106 3168 2186 3213 est

605 3247 825 3311 Italica,
874 3248 1143 3303 dixissent
1199 3247 1543 3303 L'Adrentiti.
1600 3247 1766 3304 Nobis
1827 3250 2050 3319 quidem
2100 3266 2189 3306 ar-

606 3340 755 3395 ticuli
781 3355 904 3395 cum
933 3341 1053 3411 ipso
1088 3342 1304 3394 nomine
1354 3338 1609 3395 conlusio
1650 3341 2018 3411 perdiliicilem
2066 3344 2189 3401 red.

605 3432 770 3488 debat
831 3432 903 3487 de
954 3430 1322 3502 appellatione
1365 3433 1534 3487 veteri
1584 3434 1986 3503 conjecturam.
2048 3434 2190 3492 Sunt

605 3539 785 3584 autem
844 3529 960 3585 haec
1013 3525 1246 3583 Troadis
1293 3529 1518 3597 oppida.
1561 3527 1637 3585 De
1670 3527 1873 3586 Uluhat
1934 3534 2186 3602 superius

613 3622 859 3690 quietiam
887 3638 1115 3676 numero
1146 3622 1213 3680 16
1248 3622 1574 3689 notavimus,
1624 3623 1768 3679 inl‘ra
1796 3625 1978 3681 daturi
2006 3626 2184 3695 plura.

606 3711 777 3766 Paulo
829 3722 949 3783 post
991 3711 1297 3782 Callipolim
1349 3714 1484 3781 disi,
1549 3728 1701 3771 more
1742 3726 2032 3771 nautarum
2086 3733 2189 3773 no-

605 3814 870 3879 strqrum;
905 3819 1029 3858 cum
1085 3802 1281 3860 Turcis
1308 3804 1541 3875 Gelipoli
1570 3805 1907 3861 nominetur.
1937 3807 2188 3864 Ridicula

607 3906 738 3951 sunt
794 3897 1005 3951 somnia
1058 3894 1268 3951 Nicolai
1335 3895 1631 3953 Nicolaldis
1699 3898 2060 3970 Delphiuatis,
2119 3900 2189 3958 de

608 3988 828 4043 nomine
857 3998 1024 4057 atque
1049 3987 1259 4057 origine
1303 3987 1468 4055 huius
1509 3990 1695 4048 urbis;
1742 4004 1868 4045 cum
1896 4006 1925 4045 a
1959 3992 2019 4045 C.
2045 3992 2189 4049 Cali-

605 4081 726 4150 gula
759 4079 1061 4146 conditam,
1089 4081 1158 4133 ab
1204 4080 1396 4135 eodem
1449 4096 1643 4135 nomen
1678 4083 1956 4148 accepisse
1997 4084 2187 4148 tradit.

607 4168 727 4223 Nox
770 4168 1031 4239 opinione
1088 4175 1317 4235 mutata,
1371 4170 1517 4240 quod
1570 4170 1736 4226 fuerit
1785 4186 1813 4227 a
1865 4170 2035 4228 Gallis
2094 4190 2186 4229 ex-

603 4271 833 4324 structa,
889 4260 1198 4332 Callipolim
1262 4262 1379 4316 vult
1451 4263 1689 4329 dictam,
1750 4277 1851 4318 ceu
1904 4263 2184 4321 Gallorum

603 4350 916 4412 civitatem:
968 4352 1191 4422 perinde
1250 4366 1315 4405 ac
1368 4350 1762 4423 Philippopolis
1814 4354 1888 4409 sit
1950 4352 2185 4425 Philippi

603 4442 820 4502 civitas.
845 4441 1117 4513 Nicopolis
1146 4446 1303 4513 quasi
1329 4441 1682 4514 Nicolopolis,
1710 4442 1919 4500 Nicolai
1946 4447 2140 4501 civitas
2166 4465 2181 4501 :

603 4532 861 4600 perbelle,
895 4546 963 4586 ne
997 4531 1124 4587 dum
1171 4532 1354 4589 Gallos
1391 4549 1519 4590 suos
1564 4544 1747 4599 ornat,
1800 4540 2003 4591 suimet
2048 4538 2183 4593 ohli-
2215 4522 2262 4581 θ

603 4624 867 4679 viscatnr.
931 4622 1048 4677 Non
1091 4624 1235 4678 enim
1291 4624 1452 4678 aliam
1517 4626 1571 4679 iu
1620 4624 1829 4680 Gracia
1881 4628 2183 4697 reperimus

600 4717 767 4774 ullam
792 4716 1117 4787 Nicopolim,
1162 4735 1324 4790 quam
1355 4721 1530 4775 hanc:
1569 4722 1725 4790 cujus
1771 4730 1830 4776 ut
1871 4732 2063 4777 auctor
2101 4734 2186 4779 est

601 4804 857 4861 Nicolaus
886 4807 1215 4875 Nicolaides,
1252 4809 1327 4863 ita
1380 4815 1575 4865 merito
1624 4827 1822 4865 nomen
1865 4812 1970 4867 hoc
1997 4815 2045 4867 ei
2098 4830 2182 4869 rc-

604 4897 938 4966 linquamns,
986 4908 1047 4953 ut
1108 4915 1137 4953 a
1190 4899 1393 4969 duplici
1444 4898 1670 4957 Nicolao
1709 4899 2044 4973 Nicolopolis
2085 4918 2181 4971 ap—

599 4990 852 5059 pelletur.
889 4990 993 5045 Sed
1018 4992 1243 5047 omissis
1288 4992 1448 5059 iocis,
1496 4992 1729 5062 amplius
1766 4996 2183 5064 quadringentis

600 5084 761 5137 annis
838 5093 962 5137 ante
1036 5083 1100 5137 C.
1184 5083 1484 5152 Caligulam
1547 5086 1689 5154 apud
1757 5083 2176 5157 Xetmplmutem

599 5184 846 5227 nostrum
888 5174 1125 5228 civitatis
1170 5176 1335 5243 hujus
1385 5175 1445 5229 lit
1480 5176 1707 5231 mentio.
1769 5175 1879 5232 Nec
1943 5194 1974 5232 a
2009 5178 2180 5236 Gallis

596 5265 756 5320 etiam
786 5264 1003 5319 condita
1030 5265 1151 5331 fuit,
1190 5267 1283 5320 sed
1320 5269 1389 5319 ah
1442 5269 1865 5323 Atheniensibus
1900 5287 1912 5322 :
1943 5285 2173 5337 quorum

598 5359 706 5409 dux
734 5356 953 5417 Callias,
985 5356 1142 5411 initio
1167 5359 1440 5412 struendae
1468 5359 1617 5421 dato,
1654 5363 1976 5426 promeruit,
2009 5371 2067 5414 ιιι
2107 5362 2174 5415 ab

598 5449 715 5515 ipso
761 5448 1097 5517 Calliupolis,
1158 5449 1523 5519 (Calliopolim
1599 5450 1763 5523 509
1816 5451 1930 5506 fere
1979 5453 2171 5506 Latina

598 5540 994 5593 consuetudine
1023 5539 1303 5613 vocamus)
1350 5559 1450 5597 ceu
1488 5544 1673 5598 Callia
1708 5546 1921 5608 cititas,
1966 5546 2177 5599 dicere-

599 5643 706 5685 tur.
743 5632 1126 5701 Episcopatum
1186 5636 1348 5704 hujus
1384 5637 1449 5690 ad
1477 5636 1881 5690 Heraclienscm
1927 5638 2172 5692 Thraciae

594 5724 938 5793 metropolim
971 5723 1079 5781 Leo
1109 5730 1399 5797 imperatur
1430 5728 1481 5780 in
1509 5725 1747 5783 Thronis
1772 5729 1956 5783 refert.

2449 578 2680 631 castellis
2708 620 2721 643 ,
2756 576 3019 641 Zamenic,
3072 580 3485 644 (gliiridocaslro,
3531 580 3716 633 Maiio.

2363 722 2717 792 Prius.quam
2748 724 2817 778 de
2845 735 3029 779 castro
3059 723 3360 780 Zemenico
3390 727 3629 791 dicatur,
3664 731 3860 781 reeita-

2293 813 2474 868 bitnus
2504 815 2589 868 hic
2612 814 2775 869 verba
2802 814 3023 870 Laonici
3051 820 3116 869 de
3140 817 3311 885 prima
3346 816 3648 872 Ture-orum
3675 820 3728 872 in
3760 820 3865 870 En-

2295 919 2527 973 ropazant
2579 906 2983 974 transjectione,
3045 921 3167 961 cum
3218 908 3416 972 quibus
3459 909 3655 963 deinde
3680 910 3857 962 locum

2305 998 2451 1051 hunc
2468 1000 2746 1051 annalium
2770 998 3139 1053 conferemus.
3160 999 3355 1070 Capto,
3376 1001 3549 1070 inquit
3568 1001 3861 1061 Laonirus.

2296 1089 2550 1157 praesidio
2574 1090 2922 1158 Cherronesi,
2946 1102 2998 1146 et
3020 1092 3255 1163 Madyto,
3282 1094 3333 1145 in
3368 1093 3655 1149 Thraciam
3695 1093 3860 1150 Turci

2299 1185 2568 1251 progressi
2609 1194 2737 1238 sunt
2766 1201 2938 1254 usque
2995 1188 3060 1240 ad
3110 1188 3330 1241 ﬂuvium
3360 1186 3669 1243 Taenarum.
3701 1188 3863 1244 Note-

2299 1282 2385 1327 tnr
2436 1277 2489 1327 in
2521 1277 2604 1329 his
2634 1279 2813 1331 verbis
2847 1278 3161 1347 interpretis
3212 1282 3521 1339 oscitantia.
3552 1282 3645 1350 qui
3678 1284 3863 1349 prusi-

2298 1366 2448 1419 dium
2498 1364 2821 1422 Cherronesi
2851 1368 3012 1431 dixit,
3046 1384 3143 1437 pro
3176 1370 3497 1424 Cherronesi
3553 1380 3753 1424 castro.
3808 1372 3859 1423 Id

2296 1470 2539 1517 Castrum
2568 1464 2739 1531 accipi
2768 1479 2875 1517 non
2918 1474 3092 1534 potest
3122 1466 3187 1519 de
3221 1466 3576 1521 Dardani-llis.
3610 1465 3741 1519 Nam
3770 1483 3862 1518 eas

2298 1569 2473 1617 arces,
2511 1569 2632 1621 quae
2653 1554 2773 1609 dna:
2806 1565 2951 1619 sunt,
2988 1571 3095 1610 non
3123 1572 3250 1619 una.
3275 1555 3639 1611 Mucbentetes
3666 1573 3861 1611 secon-

2297 1647 2402 1701 dus
2449 1649 2718 1702 exstruxit
2757 1657 2879 1717 post
2929 1659 3142 1718 captam
3193 1648 3744 1720 Constantinopolim,
3780 1650 3862 1701 vel

2302 1739 2421 1807 ipso
2452 1750 2590 1794 teste
2612 1740 3072 1810 Chalcocondyla.
3100 1739 3238 1809 Ergo
3260 1740 3585 1794 Cherrnnvsi
3620 1752 3859 1794 castrum

2228 1855 2272 1913 Β
2304 1831 2433 1885 illud
2468 1832 2808 1903 intelligitur,
2833 1832 2981 1902 quod
3010 1848 3195 1886 versus
3216 1831 3459 1901 ﬁgmum
3480 1849 3628 1887 mare
3650 1834 3862 1888 duobus

2301 1924 2453 1979 abest
2483 1924 2809 1979 tnilliaribus
2842 1924 3046 1979 Gracis
3078 1925 3160 1978 vel
3186 1923 3429 1979 ltalicisa
3461 1922 3647 1986 Haito,
3674 1940 3863 1978 versus

2299 2015 2687 2088 Propontidem
2716 2032 2845 2071 vero
2872 2018 3089 2071 duobus
3121 2026 3175 2071 et
3201 2016 3388 2085 viginti
3416 2032 3446 2072 a
3468 2017 3771 2087 Calliupoli.
3801 2016 3865 2071 Et

2297 2107 2491 2163 llaitos
2519 2108 2680 2163 hodie
2710 2107 2913 2163 dicitur
2942 2109 3190 2177 ejusdem
3223 2108 3552 2165 Cberronesi
3578 2110 3859 2178 oppidum,

2300 2215 2367 2254 ne
2413 2198 2760 2269 XenOphonti
2790 2200 3010 2270 quidem
3060 2202 3329 2272 ignotum.
3370 2205 3458 2259 cui
3485 2204 3736 2276 Madytus
3769 2222 3864 2275 ap-

2300 2291 2557 2359 pellatur,
2592 2292 2736 2345 sicut
2765 2302 2819 2346 et
2864 2290 3123 2357 Laonico,
3152 2296 3327 2349 tribus
3371 2295 3631 2352 duntaxat
3667 2314 3696 2351 a
3732 2298 3863 2352 Dar-

2297 2382 2532 2437 danellis
2553 2398 2749 2437 versus
2770 2383 3014 2453 ligatum
3043 2384 3256 2442 distans
3279 2388 3627 2443 milliarlbus.
3655 2391 3864 2444 Praetor

2297 2472 2520 2529 Graeciae
2541 2488 2728 2531 neSter
2743 2478 2876 2547 Asty
2902 2477 2984 2531 vel
3011 2478 3202 2533 urbem
3233 2479 3568 2553 Madytnrum
3596 2484 3860 2544 nominat.

2296 2572 2442 2625 sicut
2466 2581 2520 2624 et
2550 2568 2749 2625 Leonis
2779 2572 3007 2638 Augusti
3042 2572 3254 2625 novella
3283 2574 3351 2633 de
3383 2573 3622 2629 Thronis
3654 2574 3861 2647 Madyta

2294 2666 2516 2733 pariter,
2547 2671 2601 2717 et
2634 2661 2902 2733 Madytum
2934 2663 3092 2717 dixit.
3122 2662 3317 2720 Castra
3374 2680 3581 2733 autem,
3635 2682 3746 2737 quo
3800 2670 3864 2722 de

2294 2756 2527 2825 agimus,
2566 2772 2764 2811 nomen
2816 2766 2898 2811 est
2930 2757 3069 2826 apud
3128 2758 3347 2813 Gracos
3392 2758 3860 2817 Chiridocastroo.

2296 2847 2673 2914 Hellespontus
2705 2849 2827 2902 istic
2853 2864 3029 2916 usque
3056 2852 3191 2905 adeo
3226 2853 3278 2905 itt
3312 2864 3597 2922 angustum
3626 2856 3861 2923 cogitur,

2294 2951 2407 2993 uta
2442 2940 2625 2993 littore
2653 2941 2894 2995 Asiatico
2920 2942 3419 3000 Cherronesiacum
3464 2947 3694 3015 Europa:
3744 2958 3863 3001 tan-

2295 3042 2407 3085 tum
2439 3047 2549 3085 uno
2601 3034 2821 3086 milliari
2873 3032 3061 3090 Graeco
3117 3036 3482 3107 disjnngatur.
3526 3039 3642 3092 Hoc
3696 3038 3862 3109 igitur

2294 3122 2347 3176 in
2379 3123 2498 3177 loco
2530 3122 2691 3177 Turci
2744 3126 2980 3194 primum
3046 3142 3111 3181 ex
3164 3128 3290 3182 Asia
3344 3129 3767 3183 transmiserunt
3806 3131 3859 3185 in

2215 3189 2259 3247 ο
2293 3213 2585 3284 Europam,
2608 3227 2660 3269 et
2690 3189 2957 3271 industria
2990 3221 3227 3287 quadam
3263 3218 3638 3286 Zemenicum,
3674 3232 3731 3275 ut
3760 3224 3857 3293 ipsi

2294 3314 2539 3371 narrant,
2612 3307 3075 3373 Chridecastron,
3148 3320 3206 3363 ut
3259 3310 3477 3377 Graeci,
3546 3329 3576 3368 a
3648 3320 3858 3381 captivo

2292 3398 2527 3467 quodam
2584 3399 2897 3455 Christiano
2933 3399 3081 3456 ducti
3125 3415 3485 3468 occuparunt.
3521 3406 3648 3461 Inde
3694 3405 3861 3461 dissi-

2294 3502 2403 3547 tatn
2444 3490 2510 3547 ad
2533 3494 2766 3547 alterum
2792 3494 3027 3563 lapidem
3058 3497 3231 3551 adorti
3261 3497 3554 3568 Madytum,
3582 3517 3743 3572 quam
3781 3502 3861 3555 in~

2293 3584 2532 3639 colarum
2575 3585 2883 3655 frequentia
2935 3589 3111 3642 territi
3144 3598 3358 3645 tentare
3402 3594 3555 3661 prius
3582 3594 3704 3647 ausi
3754 3611 3859 3648 nun

2292 3674 2528 3741 fuerant,
2559 3692 2687 3732 cum
2729 3679 2996 3748 hodieque
3038 3697 3199 3751 supra
3237 3693 3508 3739 trecentas
3545 3686 3859 3742 Graecorum

2290 3768 2483 3821 domos
2516 3768 2729 3836 habeat,
2753 3778 2809 3825 et
2830 3771 3000 3839 ipsam
3020 3772 3072 3827 in
3097 3784 3418 3844 potestatem
3450 3779 3722 3846 redegere.
3751 3778 3861 3833 Nos

2291 3852 2417 3908 istic
2463 3855 2515 3909 in
2545 3857 2739 3911 itinere
2770 3866 2961 3913 nostro
2998 3862 3182 3915 viuum
3217 3865 3420 3922 coloris
3452 3868 3603 3922 rubri
3635 3884 3858 3937 compa-

2290 3944 2567 4013 rabamus,
2594 3950 2738 4016 quod
2775 3951 3059 4007 mensibus
3111 3955 3322 4024 aliquot
3350 3958 3585 4013 durante
3643 3961 3862 4031 naviga-

2293 4038 2460 4103 tione,
2486 4039 2618 4092 varii
2644 4038 2696 4093 in
2736 4042 2915 4106 malis,
2948 4053 3002 4098 et
3033 4059 3236 4101 nausea
3274 4061 3559 4117 perpetua,
3591 4052 3863 4121 praecipue

2291 4140 2390 4180 nos
2423 4131 2724 4184 recreabat.
2762 4130 3087 4200 Nicolaides,
3120 4138 3187 4192 de
3217 4154 3329 4207 quo
3355 4141 3519 4209 paulo
3568 4151 3693 4197 aute
3721 4142 3861 4197 disi-

2291 4233 2436 4283 mus,
2468 4218 2681 4277 fabulas
2703 4233 2761 4278 ut
2787 4223 2857 4279 de
2886 4224 3198 4297 Galliopoli,
3224 4230 3309 4285 sic
3334 4231 3498 4286 etiam
3526 4235 3593 4287 de
3623 4234 3729 4291 hoc
3768 4250 3862 4289 ca—

2289 4317 2427 4376 stro,
2461 4312 2619 4367 nobis
2642 4315 2906 4372 obtrudit.
2938 4316 3131 4373 Narrat
3156 4323 3328 4387 enim,
3353 4323 3461 4376 dici
3493 4334 3737 4379 castrum
3768 4324 3862 4381 Vi-

2289 4399 2544 4463 duarum.
2576 4419 2642 4457 ex
2668 4403 2975 4473 huiusmodi
3006 4412 3319 4467 occasione.
3375 4412 3511 4468 Cum
3533 4412 3721 4479 Turci,
3753 4418 3856 4481 ait,

2290 4505 2393 4560 ope
2420 4493 2651 4548 duorum
2676 4484 2683 4489 ’
2704 4507 3077 4553 mercatorum
3124 4501 3501 4559 Genuensium
3536 4504 3863 4580 Hellespon-

2291 4593 2401 4636 tum
2433 4588 2999 4660 transmisissent,pro
3022 4592 3250 4663 singulis
3281 4597 3554 4667 capitibus
3583 4610 3862 4664 transpor-

2291 4677 2584 4730 tandornm
2637 4683 2831 4735 solutis
2875 4682 3092 4739 duobus
3142 4689 3406 4743 ducetis:
3457 4690 3695 4761 primum
3736 4711 3853 4747 om-

2290 4768 2440 4821 nium
2473 4770 2526 4823 in
2557 4770 2767 4843 Europa
2801 4784 3042 4830 castrum
3075 4780 3177 4832 hoc
3201 4792 3489 4851 ceperunt,
3529 4782 3583 4837 in
3613 4801 3727 4855 quo
3750 4803 3862 4838 tua-

2292 4876 2379 4915 res
2431 4878 2623 4917 omnes
2678 4867 2907 4922 immani
2968 4870 3176 4927 srevitie
3205 4876 3682 4942 contrucidarunt,
3751 4879 3858 4933 vita

2287 4954 2505 5009 i'emillis
2534 4960 2915 5015 tantummodo
2944 4962 3271 5020 condonata.
3304 4966 3423 5034 Qua
3450 4967 3519 5023 de
3548 4983 3714 5025 causa
3752 4988 3853 5025 no-

2287 5061 2410 5100 men
2440 5047 2489 5101 ei
2521 5048 2777 5119 deinceps
2806 5052 3028 5118 mansit,
3070 5062 3131 5109 ut
3167 5067 3409 5112 castrum
3438 5056 3739 5115 viduarum
3759 5076 3856 5130 ap-

2284 5139 2535 5207 pelletur.
2590 5138 2701 5195 Hoc
2732 5143 2776 5196 si
2833 5158 3020 5199 verum
3069 5159 3238 5212 esset,
3291 5151 3678 5219 appellandum
3735 5162 3855 5206 erat

2280 5226 2467 5283 Graece
2497 5229 2701 5285 Chiron
2745 5245 2989 5301 castron,
3021 5239 3106 5291 vel
3135 5239 3547 5304 Chirocastron.
3572 5246 3721 5314 quod
3748 5256 3851 5298 no-

2282 5334 2404 5372 tnen
2446 5320 2560 5387 ipse
2588 5337 2694 5374 non
2724 5325 2927 5391 posuit.
2964 5326 3071 5381 Sed
3105 5330 3241 5384 Satis
3280 5330 3664 5388 attituadVet‘tit
3703 5338 3851 5403 peri-

2280 5418 2367 5463 tus
2391 5412 2635 5467 historia:
2665 5413 2856 5480 lector,
2881 5418 2935 5470 itt
2968 5418 3089 5486 ipso
3127 5421 3325 5477 fabulae
3353 5437 3634 5491 peccatum
3671 5429 3848 5483 initio.

2279 5500 2397 5556 Non
2422 5504 2566 5557 enim
2598 5504 2664 5558 ad
2685 5510 2923 5574 primum
2955 5511 3009 5563 in
3031 5512 3305 5582 Europam
3332 5514 3635 5573 Turcorum
3669 5530 3848 5573 tran-

2279 5596 2416 5648 itum
2474 5600 2708 5665 pertinet
2738 5600 2826 5654 illa
2856 5603 2924 5655 de
2953 5602 3339 5663 Cannensibus
3366 5609 3617 5675 historia,
3654 5612 3751 5666 sed
3779 5612 3846 5665 ad

2279 5690 2620 5757 insequentia
2651 5700 2915 5761 tempora,
2940 5698 3083 5749 sicut
3126 5712 3227 5753 suo
3277 5698 3398 5753 loco
3436 5700 3690 5773 deinceps
3740 5719 3846 5757 nu-

2286 5796 2434 5832 mero
2464 5781 2531 5835 87
2573 5784 2921 5839 indicabitur.
2961 5786 3162 5842 Deinde
3213 5790 3609 5850 Chitidocastri
3645 5812 3843 5852 noman

2279 5874 2553 5929 exstitisse
2593 5888 2813 5932 constat
2844 5881 3006 5934 etiam
3055 5886 3206 5953 prius
3232 5903 3394 5956 quant
3428 5888 3614 5958 Turri,
3663 5902 3846 5948 trans-
