4218 6308
419 315 529 376 7521

1566 312 1964 376 PANDECTE
1995 317 2202 379 HlST.
2248 317 2554 379 TURCIL.

3547 311 3652 376 75%

414 431 585 480 missu
638 422 984 491 Hellesponto
1010 468 1022 489 ,
1069 433 1309 478 castrum
1361 426 1540 494 ipsum
1589 436 1973 495 occupassent.
2004 428 2051 487 A
2078 432 2306 500 guacula
2338 450 2351 485 :
2388 448 2494 484 non
2555 431 2904 499 Calltupoies.
2937 439 3034 484 aut
3063 429 3355 497 amphoras
3386 426 3520 488 vini,
3555 426 3650 478 sed

415 519 544 570 brat
578 517 630 567 itt
658 515 780 568 navi
807 525 991 568 ttostra
1021 531 1182 568 senex
1215 515 1508 570 multarum
1537 531 1720 570 rerum
1749 516 1981 584 peritus,

416 607 683 661 Antonius
717 605 1013 671 Meliensis,
1040 606 1230 659 Gneco
1271 615 1424 675 patre
1456 617 1620 660 natus
1648 608 1702 664 in
1733 606 1983 665 lleloin-

415 698 536 752 sula
575 696 761 767 (Milon
819 696 993 751 Graeci
1033 696 1414 768 pronuntiant)
1482 698 1788 753 conductus
1823 713 1852 751 a
1890 714 1985 752 ua-

416 790 640 847 varebo.
675 799 730 840 ut
767 787 928 842 index
962 787 1176 842 itineris
1233 787 1473 845 interdiu
1511 797 1783 858 noctuque
1830 789 1988 845 nobis

415 891 580 938 esset.
612 867 1059 947 quem'l‘odotam
1101 880 1272 937 Graeci
1326 895 1471 936 nunc
1504 882 1692 936 dicunt
1726 881 1989 938 vocabulo

417 974 702 1043 peculiari.
733 976 877 1042 quod
911 975 963 1029 in
995 976 1256 1045 Pulologo
1313 976 1602 1045 reperitur.
1636 977 1986 1045 vulgnsnau-

417 1079 594 1121 tarum
616 1068 854 1122 Pelotam
874 1081 1048 1123 vocat.
1074 1067 1127 1124 Is
1151 1068 1307 1129 mihi.
1325 1084 1448 1123 cum
1470 1067 1757 1136 Callinpoli
1779 1070 1987 1132 relicta,

417 1161 524 1228 iatn
559 1159 746 1228 viginti
806 1160 1020 1215 duobus
1075 1159 1407 1215 milliarihus
1445 1160 1706 1222 emensis,
1736 1159 1988 1214 Cltirido-

425 1261 670 1305 castrum
702 1252 1311 1323 praternavigarsmus,
1343 1261 1398 1306 et
1442 1250 1653 1306 ruinosi
1685 1252 1850 1306 castri
1895 1265 1990 1305 no-

422 1356 543 1393 men
593 1339 956 1410 signiﬁcabat.
989 1349 1045 1397 et
1075 1343 1361 1398 historiam
1396 1357 1504 1397 non
1530 1341 1743 1397 frivolis
1772 1341 1840 1396 de
1863 1357 1994 1396 cau-

418 1431 494 1484 sis
515 1431 908 1488 observandam
943 1435 1426 1491 commemorabat.
1451 1435 1593 1501 Quo,
1621 1433 1828 1504 inquit,
1858 1443 1992 1488 tent-

421 1539 550 1593 pore
578 1523 739 1578 Turci
775 1524 1012 1590 primum
1035 1525 1198 1582 hasce
1235 1524 1357 1582 freti
1389 1524 1774 1596 Hellespontici
1816 1535 1994 1580 trans.

422 1617 689 1671 miseruut
728 1617 1030 1684 angustias,
1076 1626 1134 1671 ut
1171 1618 1296 1673 Asia
1346 1617 1526 1687 potiti,
1551 1615 1788 1686 Europa
1815 1619 1994 1687 regio-

432 1722 531 1762 nes
601 1708 922 1763 invaderent
953 1727 967 1763 :
1007 1711 1109 1764 hoc
1144 1709 1263 1779 ipso
1306 1720 1510 1772 rastro.
1553 1708 1697 1781 quod
1734 1707 1906 1773 vides,
1939 1709 1994 1762 in

2089 523 2415 584 Pannmtias,
2439 523 2532 576 sed
2558 521 2788 592 Cypros,
2807 521 3013 588 integra
3045 534 3211 584 regna
3234 516 3462 576 scilicrt.
3497 516 3654 570 sntit.

2087 614 2275 669 timus.
2314 615 2418 668 Sed
2449 615 2681 683 reprimo
2709 628 2812 667 me.
2844 611 2979 668 Nam
3023 614 3177 683 plura
3212 619 3359 680 vetat
3392 609 3573 673 dolor,
3602 620 3658 663 et

2089 704 2288 759 ominis
2319 706 2543 760 infausti
2576 714 2774 760 metus.

2088 845 2178 899 9.5.
2205 843 2518 898 Tritsrandi
2552 860 2663 896 mos
2692 843 2832 914 apud
2859 842 3093 903 Gracos,
3131 850 3181 892 et
3219 839 3502 901 Asiaticos,
3558 834 3662 890 Bo-

2597 916 2722 984 lair,
2761 915 3171 981 Asprotimiona.

2163 1058 2425 1110 Arearum
2455 1055 2509 1109 in
2535 1070 2672 1124 quas
2699 1053 2899 1108 messis
2937 1061 3184 1118 tempore
3215 1055 3427 1117 segetes
3457 1051 3569 1098 tam
3608 1043 3663 1095 in

2093 1150 2320 1212 Gracia,
2359 1166 2522 1218 quant
2559 1148 2613 1201 in
2654 1145 2803 1210 Asia,
2855 1143 3228 1212 colliguntur;
3267 1151 3321 1193 et
3355 1139 3470 1205 ipsa
3504 1135 3666 1191 tritu-

2095 1245 2251 1298 randi
2311 1242 2469 1303 ratio,
2507 1240 2817 1308 huiusmodi
2849 1246 2952 1294 est.
2985 1237 3178 1292 Solent
3234 1234 3449 1289 illarum
3487 1230 3667 1300 regio-

2095 1353 2224 1391 num
2272 1336 2483 1395 incolae.
2521 1345 2806 1404 postquam
2841 1331 3104 1387 demessa:
3133 1329 3318 1397 fruges
3373 1335 3521 1391 sunt,
3557 1339 3664 1379 non

2095 1430 2313 1485 domum
2347 1445 2441 1483 eas
2473 1443 2537 1482 ex
2561 1428 2730 1497 agris,
2763 1440 2916 1478 more
2948 1433 3159 1485 nostro,
3198 1421 3385 1490 granis
3420 1418 3663 1474 necdum

2095 1524 2358 1585 excussis,
2385 1521 2442 1575 in
2467 1521 2661 1574 horrea
2685 1518 2994 1572 convehere
3021 1533 3037 1571 :
3069 1514 3164 1571 sed
3191 1516 3244 1568 in
3265 1527 3448 1568 aream
3480 1527 3668 1581 quam-

2098 1613 2220 1667 dam
2252 1613 2357 1667 sub
2383 1611 2476 1666 dio
2500 1616 2869 1678 comportare.
2902 1607 3105 1662 Deinde
3127 1606 3334 1676 sparsis
3361 1619 3457 1674 per
3483 1617 3668 1658 aream

2100 1705 2391 1775 manipulis
2410 1704 2624 1775 frugum
2653 1705 2819 1756 boves
2849 1712 2904 1756 et
2942 1701 3172 1755 bubalos
3211 1699 3539 1758 immittunt,
3573 1695 3669 1766 qui

423 1806 740 1864 patestatem
765 1798 1008 1863 redacto,
1029 1775 1266 1870 primum
1300 1797 1356 1853 in
1380 1775 1592 1871 Europa
1626 1799 1817 1868 pedem
1859 1799 1993 1853 tlxe-
2026 1775 2071 1837 Β
2097 1797 2224 1851 dum
2266 1796 2494 1866 pedibus
2549 1793 2826 1862 subiectas
2880 1799 3187 1860 proterunt,
3251 1788 3440 1844 alistis
3500 1801 3664 1858 grana

424 1898 567 1942 runt.
625 1889 753 1956 Ejus
793 1890 869 1944 rei
908 1893 1122 1951 nuntio.
1153 1907 1364 1947 summa
1391 1892 1696 1958 celeritate,
1723 1892 1989 1948 Constan-

424 1981 707 2050 tinopolim
732 1969 940 2050 perlato
977 2000 990 2034 :
1033 1990 1181 2038 tanta
1224 1982 1559 2051 Graecorum,
1595 1986 1866 2053 majorum
1895 2003 1995 2041 no-

424 2081 668 2128 strorum
691 2074 1183 2145 arrogantia,tanta
1213 2077 1482 2132 securitas
1505 2075 1614 2131 fuit
1643 2094 1655 2132 :
1685 2089 1744 2132 ut
1771 2079 1995 2133 minime

423 2165 725 2230 cogitarent
753 2165 820 2218 de
850 2176 1032 2219 castro
1059 2181 1182 2222 mox
1211 2169 1605 2240 recuperando,
1633 2179 1685 2224 et
1709 2170 1994 2240 ejiciendis

426 2259 575 2325 prius
609 2272 674 2311 ex
706 2255 919 2327 Eumpa
944 2257 1164 2324 Turcis,
1210 2276 1370 2330 quam
1405 2262 1643 2330 majores
1674 2264 1726 2316 in
1760 2279 1820 2316 ea
1847 2265 1993 2319 vires

427 2347 864 2416 arquisivissent,
889 2349 1159 2419 altiusque
1191 2366 1320 2406 suas
1341 2353 1580 2421 egissent
1606 2356 1819 2408 radices
1849 2371 1863 2407 :
1896 2355 1990 2410 sed

428 2441 632 2507 accepti
668 2442 854 2496 damni
887 2446 1209 2510 gravitatem
1239 2445 1418 2501 verbis
1436 2446 1698 2500 elevando
1723 2447 1989 2513 dicerent,

426 2545 548 2583 esse
585 2531 850 2587 duntaxat
873 2533 1132 2589 amissum
1165 2536 1438 2590 stabulum
1465 2553 1775 2608 porcorum.
1811 2537 1993 2593 Lude-

427 2620 555 2673 bant
579 2624 746 2688 enim,
778 2633 830 2677 ut
856 2624 1182 2682 Nazianzeni
1223 2629 1395 2682 nostri
1425 2631 1608 2684 verbis
1655 2641 1796 2692 utar,
1828 2632 1880 2684 in
1905 2647 1991 2684 re-

430 2712 529 2765 bus
589 2715 814 2768 minime
843 2715 1066 2772 ludicris
1103 2737 1116 2772 :
1161 2719 1433 2785 ridebant,
1463 2721 1518 2774 in
1553 2723 1713 2775 rebus
1772 2723 1994 2777 minime

429 2809 695 2876 ridiculis,
738 2812 834 2866 sed
891 2812 1239 2884 deplorandis
1297 2815 1499 2883 potius,
1552 2813 1679 2866 dum
1742 2829 1807 2867 ex
1864 2814 1994 2868 Chi-

430 2901 730 2956 t'idocastro
793 2919 889 2973 per
942 2905 1128 2976 jocum
1186 2907 1464 2960 stabulum
1550 2919 1842 2974 porcorum
1908 2903 1992 2957 fa-

429 2992 666 3046 ciebant.
725 2993 930 3050 Graecis
987 2995 1134 3050 enim
1192 2993 1435 3050 Chiridia
1499 2995 1761 3050 dicuntur
1818 2996 1989 3064 porci.

431 3081 538 3136 Sed
574 3085 840 3193 risus‘istIe
863 3087 1082 3144 tandem
1115 3088 1169 3190 in
1205 3103 1421 3144 amaras
1444 3103 1746 3144 conversos
1778 3090 1880 3144 fuit
1909 3091 1988 3143 la-
2013 3129 2060 3193 C

429 3189 662 3245 mynias.
693 3175 993 3231 Audiamus
1030 3177 1294 3249 majorem
1322 3193 1466 3234 nunc
1500 3194 1565 3232 ex
1611 3181 1855 3246 ejusdem
1884 3181 1992 3235 An-

431 3267 562 3319 tonii
603 3269 920 3324 narratione
957 3268 1272 3325 Graecorum
1323 3270 1614 3326 insaniam.
1651 3271 1811 3326 Venit
1843 3272 1990 3337 inde.

430 3374 537 3412 non
563 3374 758 3429 magno
782 3363 1043 3429 temporis
1071 3363 1351 3434 interiecto
1369 3363 1570 3431 spatio,
1595 3364 1899 3420 Turcorum
1935 3367 1991 3422 in

435 3462 752 3520 potestatem
782 3465 834 3508 et
862 3453 1202 3522 Callinpolis,
1237 3466 1296 3511 ut
1327 3458 1379 3510 in
1410 3458 1496 3512 his
1521 3459 1831 3515 Annalibus
1855 3475 1992 3528 quo-

428 3561 536 3614 que
569 3547 859 3599 recitatur:
892 3545 1095 3600 Grmcis
1120 3547 1334 3601 interim
1362 3550 1531 3603 altum
1563 3549 1990 3614 dormientibus,

432 3649 530 3689 nec
551 3635 617 3690 de
644 3636 949 3692 rationibus
969 3639 1292 3693 occorrendi
1318 3639 1606 3694 conatibus
1631 3641 1872 3696 hostium
1907 3641 1991 3695 vel

430 3729 701 3781 tantillum
764 3729 1031 3783 sollicitis.
1067 3729 1208 3797 Quid
1268 3729 1377 3784 tit?
1409 3727 1581 3800 Hujus
1626 3732 1792 3785 etiam
1826 3732 1996 3786 detri-

433 3819 597 3873 menti
633 3822 835 3888 accepti
857 3822 1079 3875 nuntius
1101 3821 1629 3892 Constantinopolim
1657 3823 1823 3876 venit.
1852 3822 1992 3877 Tum

430 3915 602 3979 magis
633 3925 690 3964 ut
732 3911 950 3967 Graecos
981 3913 1259 3968 dementes
1306 3928 1582 3979 cerneres,
1625 3917 1885 3969 amissam
1918 3915 1995 3970 illi

430 4004 771 4074 Calliupolint
797 4004 950 4059 tlucci
972 4005 1174 4070 facere,
1204 4008 1474 4076 jacturam
1512 4007 1783 4077 publicam
1805 4022 2020 4076 reapse.

433 4109 703 4161 tnagnatn,
759 4094 938 4151 verbis
985 4097 1248 4150 secordis:
1304 4095 1482 4167 plenis
1532 4106 1847 4161 extenuare,
1885 4112 1995 4151 non

433 4187 536 4241 nisi
572 4188 888 4252 amphoram
935 4189 1042 4242 vini
1102 4205 1133 4244 a
1174 4189 1368 4243 Turcis
1396 4187 1562 4260 ‘10
1605 4199 1846 4259 ereptam
1889 4189 1996 4245 sibi

435 4277 641 4333 dicere.
672 4275 779 4332 Sed
807 4293 906 4332 eos
937 4275 1103 4334 Turei
1153 4279 1346 4348 paucis
1374 4279 1534 4333 annis
1573 4282 1624 4333 in
1662 4279 1894 4335 Thracia
1923 4279 2001 4334 fe—

434 4384 560 4423 cere
609 4382 949 4439 progressus,
1007 4381 1068 4426 ut
1102 4371 1265 4440 hujus
1301 4371 1627 4427 Soleimanis
1676 4372 1868 4436 base-ae,
1902 4373 1996 4442 qui

2096 1887 2248 1943 nullo
2288 1886 2511 1954 negotio
2552 1885 2928 1939 excutiuntur.
2962 1881 3027 1936 Et
3062 1883 3240 1938 solent
3276 1885 3389 1934 haec
3430 1878 3535 1934 sub
3580 1877 3672 1933 dio

2097 1981 2233 2044 ﬁeri,
2278 1988 2430 2034 extra
2475 1992 2643 2049 pagos
2674 1985 2730 2031 et
2758 1977 2978 2048 oppida.
3040 1975 3273 2044 Semper
3325 1983 3511 2028 autem
3551 1987 3674 2028 mos

2096 2074 2186 2128 ltic
2209 2072 2349 2143 apud
2382 2071 2688 2126 Orientales
2721 2069 3010 2125 triturandi
3058 2068 3179 2132 fuit,
3207 2067 3334 2121 inde
3381 2082 3557 2135 usque
3603 2066 3674 2120 alt

2097 2162 2496 2232 antiquissimis
2533 2163 2895 2232 temporibus.
2922 2162 3064 2216 sicut
3105 2168 3161 2212 et
3204 2163 3257 2211 in
3310 2160 3480 2213 sacris
3520 2157 3675 2212 libris

2098 2257 2447 2312 interdictum
2494 2266 2648 2311 vetus
2679 2254 2945 2324 reperitur
2987 2272 3003 2310 :
3034 2251 3103 2307 0s
3139 2252 3256 2305 bovi
3303 2251 3580 2306 trituranti
3608 2265 3676 2302 ne

2094 2349 2375 2420 obligatur.
2414 2347 2728 2403 Secundum
2779 2346 2895 2401 inec
2945 2345 3152 2400 mentio
3217 2344 3273 2397 fit
3308 2343 3673 2410 expeditionis

2094 2442 2420 2504 Turcorum,
2481 2439 2716 2508 primum
2756 2439 2918 2499 mari,
2978 2437 3210 2504 navigiis
3247 2452 3400 2490 orant
3437 2437 3672 2489 (Ilterro-

2095 2537 2208 2592 nesi
2231 2551 2420 2590 versus
2442 2533 2687 2605 Egmutn
2720 2531 3047 2603 legentibus,
3079 2540 3133 2584 et
3163 2532 3440 2599 prmteritu
3467 2530 3673 2584 [lume-

2095 2629 2180 2684 lia:
2228 2629 2311 2683 vel
2345 2627 2574 2697 Europe
2626 2627 3029 2697 promontorio,
3085 2625 3266 2679 sinum
3321 2623 3668 2689 Magarisimu

2096 2720 2200 2791 (sic
2235 2735 2264 2774 a
2293 2719 2454 2774 foedis
2504 2719 2918 2788 tempestatibus
2947 2733 3010 2771 ac
3060 2716 3256 2783 pluviis
3287 2716 3515 2777 dictum,
3548 2730 3670 2784 quze

2095 2811 2202 2866 illis
2232 2812 2287 2864 itt
2311 2811 2628 2879 regionibus
2657 2810 2923 2864 exsiStere
2959 2809 3140 2863 boreis
3173 2808 3434 2862 flantibus
3468 2808 3667 2866 solent,

2095 2921 2216 2960 eum
2252 2904 2390 2972 apud
2430 2919 2530 2958 nos
2583 2903 2764 2974 aquilo
2795 2903 3148 2957 serenitatem
3207 2902 3348 2956 aeris
3401 2899 3559 2970 ferat)
3593 2901 3674 2953 in-

2096 3001 2389 3061 trantibus,
2422 2997 2511 3050 ubi
2537 2993 2867 3049 Clterronesi
2895 2995 3038 3049 latus
3067 2994 3324 3058 alterum,
3370 2995 3534 3063 longo
3559 3002 3670 3046 tra-

2094 3101 2210 3154 ctu,
2236 3091 2290 3145 in
2324 3105 2472 3143 mare
2499 3105 2557 3144 sc
2588 3088 2817 3156 porrigit
2843 3107 2856 3141 :
2886 3086 3083 3141 deinde
3117 3096 3285 3146 terra,
3313 3086 3498 3141 missis
3520 3086 3675 3156 equi-

2094 3182 2374 3250 tibus,qui
2400 3197 2522 3236 cum
2551 3179 2835 3248 Edzebego
2859 3179 3139 3248 planitiem
3185 3177 3517 3233 Cherronesi
3555 3193 3674 3232 ver-

2093 3290 2187 3330 sus
2220 3289 2437 3330 amnem
2467 3272 2755 3328 Maritzam
2802 3281 3244 3341 pervagarentur,
3281 3281 3336 3325 et
3361 3272 3557 3326 Album
3600 3270 3669 3323 ad

2093 3365 2316 3422 Portum
2373 3367 2656 3422 navalibus
2686 3381 2745 3419 se
2792 3379 2917 3418 cum
2946 3363 3120 3432 copiis
3166 3363 3579 3432 conjungerent.
3613 3362 3672 3414 ln

2095 3458 2179 3515 his
2219 3458 2399 3516 verbis
2431 3459 2834 3514 observandum
2895 3457 3040 3511 illam
3093 3457 3325 3511 Bolairis
3389 3455 3671 3524 planitiem

2092 3549 2290 3608 Turcis
2313 3552 2538 3614 dictam,
2567 3550 2789 3606 Praetori
2824 3549 3047 3605 Grmcire
3078 3556 3266 3603 nostro
3295 3548 3482 3604 vocari
3517 3546 3672 3600 Bole-

2096 3657 2240 3704 rum.
2265 3657 2369 3710 qua
2389 3643 2600 3696 scilicet
2625 3656 2721 3711 per
2749 3642 2923 3710 ipsam
2948 3642 3410 3702 Clterrronesntn,
3435 3638 3669 3694 lladria-

2096 3734 2278 3804 nepoli
2301 3733 2492 3803 procul
2511 3732 2578 3787 ad
2602 3735 2848 3787 dextram
2884 3734 3092 3794 relicta,
3113 3747 3232 3785 cum
3265 3731 3668 3801 Didymmicho,

2095 3841 2286 3882 versus
2313 3824 2514 3879 Enum
2538 3825 2820 3894 oppidum,
2842 3833 2894 3876 et
2914 3823 3190 3878 Maritzatn
3220 3823 3466 3887 fluvium,
3492 3838 3670 3892 quon-

2094 3919 2218 3972 dam
2249 3916 2486 3972 llebrum
2535 3915 2761 3972 dictum.
2794 3930 2858 3969 ac
2904 3915 3118 3981 longius
3169 3916 3296 3968 inde
3323 3914 3668 3970 Thessaliam

2095 4026 2289 4067 versus
2349 4012 2476 4065 itur.
2543 4007 2676 4064 Nam
2709 4025 2738 4063 a
2769 4008 3181 4064 Chiridocastro
3208 4011 3324 4065 sive
3355 4008 3668 4074 Zetnenico,

2100 4118 2196 4174 per
2227 4101 2568 4157 excurrentia
2591 4101 2646 4155 in
2667 4115 2818 4155 mare
2843 4098 3174 4156 Cherronesi
3200 4115 3446 4171 campos.
3467 4101 3534 4155 ad
3561 4099 3674 4155 Ila.

2101 4195 2294 4250 rilzam
2330 4192 2580 4259 ﬂuvium,
2617 4203 2674 4248 et
2702 4193 2855 4247 illum
2888 4192 3056 4248 maris
3089 4192 3295 4255 sinum,
3333 4193 3387 4246 in
3419 4209 3580 4261 quem
3611 4208 3673 4248 se

2102 4285 2324 4341 Ilaritza
2357 4285 2473 4340 sive
2503 4283 2788 4349 Tmnarus,
2814 4295 2875 4338 ut
2902 4282 3176 4338 Laonirus
3219 4284 3286 4338 de
3323 4299 3488 4338 causa
3520 4282 3674 4338 dein-

2101 4391 2229 4443 ceps
2283 4375 2602 4446 exponenda
2654 4384 2836 4437 vocat,
2895 4385 3117 4443 propter
3162 4375 3363 4429 Eoum
3393 4375 3672 4428 civitatem

432 4459 774 4532 Calliupulim
819 4469 950 4516 tunc
983 4463 1064 4517 eis
1098 4463 1319 4534 eripuit,
1359 4462 1546 4518 fratris
1603 4463 1746 4518 Illius
1785 4462 1999 4532 Bajazi-
2029 4477 2076 4534 υ
2103 4467 2355 4531 elfundit,
2392 4468 2657 4522 directum
2699 4466 2800 4521 iter
2833 4481 2939 4520 non
2999 4482 3255 4535 magnum
3307 4474 3416 4520 est.
3461 4466 3674 4536 Quippe

433 4557 537 4613 tos,
568 4552 848 4619 occupatis
872 4555 1036 4605 etiam
1055 4551 1388 4607 suburbanis
1419 4551 1588 4622 agris.
1606 4550 2000 4605 Constantino-

434 4641 598 4709 polim
632 4641 882 4712 pluribus
908 4641 1068 4697 annis
1095 4640 1375 4697 obsideret
1400 4658 1414 4695 :
1441 4657 1605 4710 quam
1642 4641 1859 4709 quidem
1882 4655 1998 4694 om-

434 4733 567 4788 uino
600 4733 922 4787 redacturus
953 4741 1073 4790 erat
1102 4734 1156 4787 in
1191 4745 1546 4803 potestatem,
1602 4734 1656 4788 ni
1688 4731 1868 4787 Tatari
1894 4733 2001 4786 Tc-

434 4825 592 4879 ntiris
636 4825 1018 4881 intervenisset
1049 4826 1324 4896 expeditio
1361 4824 1584 4895 Bajaziti
1622 4825 1805 4880 fatalis
1840 4843 1853 4879 :
1891 4840 1998 4892 qua

432 4917 785 4989 prosperrimi
809 4919 1110 4972 Turcorum
1146 4933 1433 4973 successus
1470 4917 1784 4985 aliquandiu
1816 4917 2002 4971 divino

435 5009 667 5064 consilio
699 5009 918 5064 fuerunt
952 5009 1192 5076 inhibiti,
1222 5025 1286 5062 ne
1315 5019 1440 5063 ante
1467 5021 1682 5078 tempus
1712 5024 1742 5062 a
1768 5009 1878 5063 Deo
1906 5011 2001 5060 de-

435 5101 715 5165 stinatum,
751 5101 961 5170 imperii
998 5101 1173 5156 Gre-ci
1197 5101 1456 5172 reliquias
1485 5103 1830 5156 devorareut.
1872 5102 2001 5156 lineo

435 5195 676 5248 narratio
699 5195 826 5249 licet
848 5195 901 5250 in
929 5195 1172 5250 historiis
1199 5194 1404 5254 Gracia
1428 5210 1534 5249 non
1559 5204 1756 5256 exstet,
1780 5194 2000 5261 dignam

438 5298 618 5340 tamen
646 5288 854 5352 censui,
889 5304 1010 5357 qua:
1040 5289 1316 5342 memoriae
1354 5288 1677 5356 proderetur
1709 5305 1722 5342 :
1759 5300 1818 5340 ut
1843 5303 1908 5340 ex
1937 5301 2000 5340 eu

438 5379 610 5432 nostri
652 5380 901 5434 homines
941 5381 1249 5449 exemplum
1306 5381 1542 5448 capiant,
1583 5379 1741 5433 nobis
1765 5379 1909 5448 quod
1935 5392 2002 5431 ex

441 5485 542 5523 usu
583 5469 672 5522 sit.
709 5469 1011 5524 Utinamne
1036 5486 1138 5525 nos
1163 5473 1326 5524 etiam
1365 5471 1526 5524 modo
1553 5483 1658 5524 tam
1687 5471 1878 5532 altum,
1915 5486 2005 5523 ve-

443 5575 597 5615 terno
615 5562 922 5616 Grrrcorum
951 5564 1183 5630 correpti
1218 5574 1594 5623 sterteremus,
1616 5563 1705 5615 vix
1732 5572 1784 5613 nt
1809 5575 2003 5629 exper-

443 5654 573 5723 gisci
591 5654 898 5720 possimus:
925 5656 1050 5707 dum
1073 5671 1178 5708 non
1199 5655 2006 5724 (Ibirodocaslra,poreorumve

447 5746 677 5806 stabula,
707 5748 796 5801 sed
832 5747 1092 5804 hatlcnns
1125 5748 1323 5804 invicta
1353 5747 1787 5805 Christianorum
1807 5760 2003 5812 propn-

2101 4558 2368 4614 Thracica
2398 4558 2778 4615 Cherronesus
2806 4558 2977 4612 instar
3025 4557 3224 4624 lingua:
3254 4572 3314 4610 se
3338 4557 3571 4626 porrigit
3617 4555 3674 4610 in

2103 4652 2349 4722 Egaeum
2378 4666 2549 4712 mare.
2578 4661 2688 4706 tam
2731 4659 2963 4720 angusto
2987 4657 3149 4704 terrae
3179 4647 3516 4702 continentis
3547 4661 3673 4716 spa-

2100 4742 2176 4795 tiu
2199 4779 2216 4803 ,
2241 4755 2335 4795 sex
2367 4750 2574 4795 tantum
2608 4748 2668 4793 ut
2696 4739 3017 4794 milliaribus
3047 4737 3253 4794 (ἐπιδεῖς
3281 4738 3444 4791 distet
3474 4735 3676 4793 Helica-

2102 4843 2302 4901 pontus
2352 4846 2379 4884 a
2418 4833 2537 4886 sinu
2567 4830 2882 4899 Magarisio,
2931 4830 3026 4899 qui
3079 4838 3164 4885 est
3200 4830 3271 4882 ab
3305 4829 3474 4883 altera
3505 4830 3675 4882 Cher-

2104 4925 2281 4980 ronesi
2310 4934 2462 4994 parte
2489 4940 2503 4978 :
2534 4924 2730 4991 quibus
2760 4939 2790 4978 a
2809 4937 2904 4978 sex
2931 4921 3258 4977 milliaribus
3277 4924 3440 4977 etiam
3465 4921 3672 4978 dictum

2103 5025 2188 5072 est
2220 5015 2581 5072 Hexamilium
2617 5017 2964 5080 Clterronesi,
3006 5031 3101 5070 sex
3133 5015 3510 5071 tantummodo
3549 5014 3672 5068 inil-

2103 5109 2337 5164 liarihus
2372 5109 2574 5162 (ἐι-πλεῖς
2601 5123 2628 5160 a
2676 5107 2961 5177 Calliupuli
2993 5108 3247 5163 dissitum
3280 5124 3294 5160 :
3342 5116 3399 5158 ut
3434 5107 3669 5162 alterum

2103 5202 2373 5257 Celebrius
2410 5201 2543 5254 illud
2575 5199 2934 5254 l-lexamilinm
2969 5200 3152 5255 Isthmi
3185 5200 3519 5253 Corinthiaci
3546 5200 3673 5252 toti-

2104 5295 2226 5348 dem
2259 5292 2477 5362 patetin
2527 5292 2872 5347 latitudinem
2927 5293 3276 5350 tuilliaribns.
3319 5301 3374 5344 et
3411 5292 3670 5357 utrinque

2104 5385 2322 5454 gemino
2353 5384 2608 5439 similiter
2639 5397 2670 5437 a
2707 5385 2844 5437 mari
2869 5384 3109 5438 alluitur.
3148 5384 3271 5452 Begi
3321 5381 3667 5446 vocabulum,

2104 5473 2248 5539 quod
2288 5471 2374 5523 hic
2407 5471 2532 5523 Eilzi
2565 5470 2780 5524 cuidam
2815 5485 2878 5523 ex
2913 5472 3234 5539 proceribus
3286 5470 3534 5523 Turricis
3573 5471 3672 5523 tri-

2106 5561 2312 5624 buitur,
2365 5559 2701 5629 interpretati
2731 5559 2842 5626 jam
2903 5570 3258 5615 antesutnus.
3315 5557 3428 5612 Hoc
3458 5569 3670 5613 tantum

2109 5655 2275 5706 lector
2307 5652 2586 5715 observet,
2645 5653 2927 5721 planitiem
2988 5652 3381 5714 Bolairensem,
3421 5651 3534 5705 sive
3568 5649 3674 5706 Bo-

2114 5746 2404 5806 lercnsetn,
2442 5751 2499 5797 ut
2531 5751 2728 5809 (metor
2760 5755 2933 5806 vocat,
2962 5743 3214 5811 deinceps
3252 5742 3392 5812 apud
3458 5739 3665 5797 Turcos
