4204 6300
450 311 552 373 τρι

1606 333 1904 396 PANDEC
1924 339 2002 396 ΓΕ
2037 341 2237 398 HlS'l‘.
2281 341 2588 403 TUllClC.

3567 340 3680 406 762

445 424 537 490 qui
563 425 735 496 legum
758 431 900 528 apud
933 433 1077 500 ipsus
1139 443 1294 502 periti
1346 456 1492 507 stitit.
1524 458 1573 498 et
1603 452 1796 516 partim
1826 452 1913 515 jus
1936 452 2017 506 di-
2052 470 2086 522 Α
2122 452 2307 515 citavi;
2335 455 2403 509 de
2420 453 2536 508 Seri
2561 468 2718 523 pago.
2750 470 2911 522 quem
2946 455 3108 511 Delus
3152 457 3240 512 ille
3261 457 3483 524 ceperit.
3510 475 3677 528 aquo

445 530 595 579 cunt.
634 522 826 588 partim
869 525 1038 596 lt-getu
1077 531 1521 604 interpretantur.
1542 541 1846 599 Ludovicus
1880 546 2007 601 llas-

449 623 618 665 sanus
670 610 942 672 ladrensis
964 621 1014 673 itt
1046 623 1189 678 hunc
1217 629 1432 683 modum
1465 646 1738 701 comparat
1767 653 1861 691 eos
1879 655 2003 692 cum

453 704 660 759 nostris
685 709 1091 769 ecclesiasticis.
1121 715 1360 774 Primum
1391 725 1656 792 muphtim
1691 729 1826 784 dicit
1883 747 2008 787 esse

453 793 595 885 inter
636 797 783 866 ipsos
814 802 984 858 instar
1009 808 1090 859 vel
1139 826 1289 878 papae
1337 826 1532 879 nostri.
1560 819 1640 873 vel
1681 823 2007 885 patriarcha

454 884 790 948 Grtcot-um.
822 893 1033 965 Quippe
1049 901 1188 966 juris
1240 909 1421 962 omnis
1474 920 1530 964 et
1584 884 1864 968 sacrorum
1917 932 2012 974 res

451 990 557 1040 est.
591 982 681 1074 uti
727 997 937 1043 veteres
976 993 1140 1047 etiam
1187 995 1417 1054 Romani
1463 1002 1841 1074 loquebantur.
1877 1008 2012 1067 Huic

451 1069 682 1133 proximi
719 1079 1219 1140 suutcadileso-lteri
1266 1091 1334 1142 du
1388 1069 1583 1163 quibus
1646 1101 1848 1156 dictum
1907 1120 2012 1159 nu-

455 1175 601 1261 mero
635 1161 724 1218 ‘39.
768 1164 1038 1225 Dassauua
1099 1177 1195 1232 bos
1248 1195 1372 1235 cum
1408 1161 1850 1261 archiepiscopis
1915 1211 2017 1251 no-

451 1252 583 1304 stris
632 1263 1248 1335 comparat.Sequuutur
1285 1271 1446 1336 cadil,
1502 1252 1664 1333 veluti
1707 1252 2011 1348 proximum

452 1347 1047 1441 post-arcltiepiseopos
1088 1358 1266 1414 locum
1311 1363 1555 1424 obtinent
1598 1347 1854 1441 episcopi.
1922 1379 2014 1432 Se-

451 1435 685 1490 cundum
722 1443 819 1496 bos
847 1455 975 1501 sunt
997 1448 1076 1503 eis
1111 1450 1340 1523 haggize.
1376 1458 1468 1528 qui
1527 1435 1796 1521 seniores
1825 1470 2019 1526 dicun-

455 1533 562 1633 tur.
584 1540 655 1633 lt:
675 1528 1168 1633 (Ei-t'arcisetnostris
1197 1548 1514 1620 presbyteri.
1568 1554 1854 1628 Excipiunt
1889 1565 2017 1633 ll0g~

450 1615 566 1682 glas
612 1619 931 1694 Talismaui,
988 1646 1085 1686 seu
1161 1615 1504 1711 presbyieros
1556 1615 1792 1707 diaconi.
1835 1615 2016 1710 Ultitiii

453 1719 583 1764 sunt
602 1711 844 1804 dervlsii.
873 1721 967 1791 qui
1009 1725 1274 1796 calogetis
1335 1730 1670 1804 Graecorum.

450 1801 648 1859 noswis
707 1811 1056 1878 respondent.
1133 1815 1426 1877 Talismani
1491 1801 1898 1890 Maltutuetauos

446 1904 634 1958 preces
661 1896 896 1955 interdiu
919 1912 974 1958 et
1023 1917 1188 1964 noctu
1235 1915 1524 1984 quinquies
1571 1920 1830 1982 dicendas
1857 1929 2009 1985 esci-

445 1989 581 2044 tant,
621 1986 690 2084 de
733 1993 934 2058 quibus
984 1998 1119 2056 alias
1177 2016 1418 2072 agemus.
1475 2009 1787 2084 Clepsydris
1843 2020 2008 2079 veteri

446 2088 596 2130 more
618 2076 928 2140 Grecorum
949 2102 1176 2149 utuntur
1212 2098 1277 2152 ad
1305 2076 1688 2170 distingue-mla
1726 2118 1835 2166 tam
1859 2076 2009 2169 diur;

445 2181 728 2276 umquam
758 2189 1022 2276 nocturna
1049 2192 1354 2258 temporum
1410 2199 1605 2263 spatia.
1632 2199 1762 2257 Nam
1811 2221 1933 2276 qua:
1974 2225 2008 2266 ι

444 2263 647 2316 nostris
674 2268 968 2327 artiﬁciose
985 2277 1230 2335 conferta
1256 2286 1581 2348 perveniunt
1607 2289 1673 2343 ad
1693 2263 1898 2351 Turc'os
1912 2263 2008 2350 lto:

445 2357 712 2454 ronomia,
748 2360 905 2431 longe
967 2368 1100 2436 ipsis
1130 2375 1480 2446 gravissima,
1539 2382 1805 2454 planeque
1831 2389 2010 2447 admi-

451 2448 634 2512 r..nda,
687 2466 976 2520 procerum
1022 2461 1287 2522 duntaxat
1323 2469 1513 2525 usibus
1539 2448 1819 2535 serviunt.
1871 2480 2005 2538 Cum

447 2555 667 2604 precum
702 2555 916 2617 tempus
947 2557 1192 2624 appetiit,
1225 2568 1404 2618 turres
1434 2563 1718 2633 adiunctas
1766 2576 2006 2634 messitis

448 2636 699 2700 pra-altas
750 2648 1148 2704 conscendunt.
1182 2651 1375 2710 Etesic
1427 2654 1584 2712 facta:
1630 2671 1779 2727 sunt,
1834 2674 1894 2720 ut
1950 2669 2005 2725 in

441 2732 709 2824 superiori
767 2749 940 2805 parte,
972 2748 1359 2812 propemodum
1388 2748 1478 2805 ubi
1527 2753 1800 2824 occipiunt
1837 2761 2008 2815 denti-

445 2821 561 2885 nui,
593 2831 654 2878 ut
678 2827 897 2883 tandem
933 2831 987 2884 in
1019 2834 1390 2891 acuminatum
1426 2821 1698 2914 fastigium
1731 2848 2002 2915 desinam.

449 2913 503 2968 in
535 2916 776 2986 projecto
806 2936 1026 2991 quaqua
1057 2940 1273 2982 versum
1306 2913 1645 2987 obambulari
1679 2935 1872 3005 possit.
1904 2913 2003 2997 llic

441 3023 574 3078 ergo
597 3011 1023 3080 circumeuntes.
1047 3021 1368 3078 acutissima
1398 3040 1533 3081 voce
1568 3027 1863 3087 clamore
1901 3036 2007 3090 tol-

441 3101 577 3168 lunt.
613 3103 793 3172 digitis
827 3109 1053 3165 alteram
1085 3115 1300 3170 aurium
1357 3115 1728 3187 obstruentes,
1757 3130 1809 3178 et
1831 3123 2000 3182 homi-

439 3208 538 3249 nes
561 3194 627 3248 ad
660 3197 1022 3254 invocantium
1056 3216 1256 3258 numen
1299 3206 1680 3264 exhortantur.
1737 3211 1846 3267 Vos
1882 3213 1999 3282 ipsa
2022 3203 2070 3265 Ο
2102 3194 2212 3288 im.)
2239 3194 2530 3301 “termini
2561 3194 3076 3294 viroil—iarlia'rosste

439 3285 651 3356 longius
707 3306 869 3359 quam
895 3293 1185 3363 quisquam
1246 3309 1490 3354 nostrum
1543 3302 1767 3366 credat,
1816 3306 1907 3375 qui
1940 3319 2005 3361 ea

435 3378 557 3434 loca
586 3395 694 3436 non
729 3383 944 3448 adierit,
981 3389 1577 3450 pertinet.Commuuis
1605 3406 1782 3452 autem
1817 3413 2008 3467 preca-

439 3474 516 3528 tio
535 3477 1008 3536 musulmauorum
1029 3481 1341 3554 bujusmodi
1364 3496 1470 3551 est,
1492 3501 1719 3544 auctore
1748 3490 2004 3549 Postelio:

446 3569 535 3622 sltt
567 3571 785 3624 nomine
813 3570 906 3626 Dei
941 3576 1332 3637 misericordis.
1365 3581 1610 3650 propitii.
1668 3579 1814 3638 Laus
1875 3583 2006 3654 Deo,

449 3661 556 3723 regi
590 3663 934 3728 san-ulmum.
962 3667 1299 3724 misericordi
1322 3679 1376 3723 et
1399 3671 1490 3740 pio
1520 3672 1630 3741 regi
1658 3674 1765 3729 diei
1795 3673 2005 3742 iudicii.

445 3752 591 3810 licus
616 3757 923 3812 serviamus
952 3758 1055 3822 illi.
1107 3769 1164 3816 et
1190 3760 1323 3817 heus
1377 3762 1779 3834 adjuvabimur.
1829 3765 2010 3838 Dirige

449 3865 549 3904 nos
576 3850 629 3904 in
648 3861 910 3921 punctum
931 3862 1169 3921 rectum.
1199 3866 1464 3924 punctum
1484 3873 1695 3920 eorum.
1727 3861 1780 3915 in
1806 3862 2006 3930 quibus

449 3940 548 3995 tibi
581 3942 973 4008 boueplacitutu
1006 3957 1111 4009 est,
1139 3955 1196 4001 et
1249 3948 1448 4016 quibus
1467 3965 1576 4005 non
1639 3954 1913 4018 irasceris.
1951 3962 2010 4010 et

444 4049 555 4088 non
590 4036 914 4092 errabimus.
939 4054 960 4089 ο
997 4035 1121 4094 Haec
1141 4048 1252 4094 tam
1282 4039 1390 4097 illis
1414 4051 1496 4097 est
1523 4043 1722 4100 usitata
1743 4047 2004 4116 precatio,

441 4143 608 4197 quam
643 4130 800 4185 nobis
821 4131 1104 4188 Dominica
1138 4151 1152 4190 :
1186 4145 1238 4192 et
1267 4151 1295 4190 a
1332 4137 1657 4207 quibusdam
1686 4141 1754 4193 ad
1780 4141 2008 4197 battolo-

441 4217 584 4288 giam
617 4236 787 4292 usque
812 4226 947 4277 adeo
983 4224 1264 4291 recitatur,
1306 4238 1365 4283 ut
1383 4231 1721 4287 centieseam
1741 4246 2003 4304 repetant.

440 4311 586 4368 idem
615 4313 737 4367 Ῐὲιίῑίι
775 4316 828 4370 in
881 4319 1131 4374 oratione
1173 4319 1383 4390 publica
1436 4324 1755 4380 talismanus
1777 4345 1872 4397 pro
1923 4331 2008 4386 bis

443 4407 535 4475 qui
580 4406 918 4477 negligenter
941 4419 1102 4465 orant
1153 4429 1170 4467 :
1220 4424 1481 4484 aluntque
1512 4416 1613 4471 hac
1684 4422 2007 4488 repetitione

2109 544 2437 600 lucritortns
2458 544 2681 600 Osmau.
2710 544 2780 598 Ea
2799 547 2974 602 locum
3000 547 3198 603 habere
3220 550 3426 619 nequit.
3451 549 3676 604 ltoiuec-

2109 638 2226 691 cius
2249 637 2533 704 aliquoties
2560 638 2770 705 repetit.
2788 637 3160 695 Janizarorum
3188 656 3383 694 nomen
3411 643 3474 695 ad
3498 645 3679 698 notio-

2112 744 2234 785 nem
2264 740 2595 792 revocatum.
2619 746 2648 783 a
2671 728 2846 787 Ianua
2877 731 3068 786 deduci
3095 773 3111 798 ,
3163 749 3286 787 cum
3341 733 3536 789 Turcis
3581 736 3677 804 ja-

2111 840 2267 876 uuam
2299 824 2479 878 aulam
2526 823 2632 880 dici
2679 835 2910 882 constet.
2931 825 3042 892 Ego
3063 843 3190 882 vero
3214 829 3410 894 lateor.
3434 831 3676 898 adeoque

2116 917 2273 984 vulgo
2291 928 2474 972 notum
2491 927 2598 984 est.
2619 921 2797 976 aulam
2829 922 3029 974 sultani
3053 921 3305 990 (Romani
3343 935 3551 978 veteres
3582 937 3680 974 co-

2116 1010 2360 1066 mitatum
2393 1011 2655 1083 principis
2681 1015 3046 1083 appellabant)
3071 1030 3102 1070 a
3119 1013 3314 1071 Turcis
3332 1015 3513 1072 vocari
3542 1014 3676 1070 Por—

2114 1115 2221 1159 tam
2251 1102 2622 1170 Osmanicam.
2651 1107 2794 1176 quod
2839 1107 3015 1163 Porta
3047 1123 3243 1163 nomen
3282 1108 3428 1163 idem
3453 1118 3535 1164 est
3563 1109 3678 1164 lere

2111 1210 2236 1251 cum
2249 1193 2423 1252 Jauua
2439 1197 2562 1253 :sed
2578 1200 2746 1268 (quod
2763 1199 2934 1270 ipsius
2954 1201 3244 1270 pace,citra
3263 1202 3675 1257 insectationem

2114 1291 2277 1346 ullam
2302 1289 2504 1346 dictum
2529 1292 2672 1363 esto)
2691 1292 2928 1363 cogitare
2955 1294 3208 1350 debebat.
3232 1292 3430 1350 Turcis
3451 1293 3674 1352 Portam

2115 1383 2219 1438 dici
2247 1401 2345 1438 sua
2363 1385 2570 1458 lingua.
2592 1387 2712 1454 capi
2732 1402 2753 1441 :
2784 1385 2852 1442 de
2868 1402 2979 1457 quo
2997 1388 3261 1443 vocabulo
3302 1386 3534 1444 derivari
3567 1403 3677 1444 non

2111 1475 2478 1546 janizarorum
2538 1477 2624 1535 vel
2683 1478 3060 1548 genizarorum
3118 1496 3311 1534 nomen
3362 1481 3675 1548 potest.sed

2117 1568 2555 1636 capisilarorum.
2589 1568 2659 1622 de
2679 1569 2878 1638 quibus
2950 1569 3097 1624 alibi.
3154 1570 3349 1625 Paucis
3380 1580 3436 1627 ut
3485 1587 3675 1627 verum

2116 1671 2331 1731 etymon
2364 1659 2618 1725 indicem.
2649 1676 2844 1716 nomen
2864 1661 3098 1732 genizeri
3139 1660 3332 1718 Turcis
3388 1679 3556 1719 novos
3582 1666 3678 1734 bo-

1735 1747 2019 1802 mouat-bis
2121 1753 2314 1816 mines.
2343 1768 2440 1807 seu
2475 1752 2670 1809 milites
2701 1769 2868 1810 novos
2887 1754 3181 1818 significat.
3232 1770 3330 1810 seu
3360 1753 3547 1810 Latina
3581 1773 3677 1811 vo-

1947 1839 2014 1893 Id
2046 1846 2088 1901 Β
2118 1860 2180 1899 ce
2210 1847 2377 1901 veteri
2408 1845 2636 1900 Tiroues
2668 1863 2682 1899 :
2714 1848 2871 1916 cuius
2904 1848 3065 1918 etymi
3102 1849 3238 1903 ratio
3300 1859 3443 1917 patet
3493 1865 3556 1905 es
3609 1852 3676 1906 iis

2112 1949 2234 2004 quas
2291 1935 2380 1990 hic
2413 1936 2466 1989 in
2493 1936 2780 1990 annalibus
2805 1939 3049 2006 exposita
3111 1938 3380 2007 leguntur.
3440 1939 3673 1997 Genii-mi

2111 2031 2384 2085 somnium
2410 2030 2474 2084 de
2493 2028 2662 2084 Cltam
2697 2028 2943 2095 ctJeser,
2977 2048 3076 2086 ceu
3113 2033 3404 2087 ridiculum
3430 2035 3673 2104 explodi-

2133 2141 2216 2180 ου’.

2110 2132 2216 2180 ιο...
2417 2193 2509 2253 36.
2538 2195 2850 2261 Chairadin,
2889 2195 3056 2267 Baga,
3104 2196 3378 2255 Ischeboli.

2182 2309 2259 2364 De
2323 2311 2610 2366 bassat-um
2640 2321 2695 2366 ct
2727 2313 2969 2366 vt-zirum
3000 2313 3178 2368 ollicio
3205 2331 3368 2382 supra
3409 2313 3669 2379 diximus,

2111 2418 2346 2459 numero
2394 2405 2480 2459 Η.
2506 2401 2660 2469 Quod
2694 2404 2887 2459 Cbclili
2918 2407 3102 2459 datum
3136 2404 3299 2458 fuisse
3333 2405 3563 2460 traditur
3579 2425 3673 2460 co-

2107 2509 2339 2563 gnomen
2372 2493 2694 2551 Chairadin.
2730 2497 2907 2565 lingua
2963 2494 3123 2568 515
3156 2493 3378 2550 Turcica
3410 2497 3673 2562 signiﬁcat

2105 2601 2252 2655 eum.
2276 2591 2365 2657 qui
2393 2591 2527 2645 bene
2555 2602 2953 2658 streutteque~e
2973 2592 3156 2662 gessit,
3179 2588 3262 2644 vel
3289 2589 3421 2659 bene
3449 2591 3675 2644 tut-ritus

2105 2688 2216 2736 est:
2253 2691 2310 2737 ut
2338 2679 2542 2738 Gracis
2572 2681 2858 2752 Evergetes
2881 2684 3092 2743 dicitur.
3114 2679 3255 2751 quod
3326 2681 3428 2736 sibi
3465 2697 3663 2748 cogno-

2107 2784 2350 2830 mentum
2385 2773 2550 2841 prisci
2603 2790 2777 2843 reges.
2850 2773 3058 2845 aliquot
3122 2772 3341 2843 Egypti
3399 2772 3674 2844 Syriwque

2106 2866 2582 2934 sumpserunt..ﬂs
2609 2865 2902 2920 Cbairadiu
2963 2863 3228 2921 Laonicus
3281 2865 3675 2918 tccltharati-

2107 2970 2228 3011 nem
2267 2965 2359 3012 :et
2385 2958 2436 3012 in
2480 2956 2584 3012 line
2609 2957 2733 3012 libri
2761 2957 2964 3024 octavi.
3013 2955 3385 3012 Cbaraitinetn
3417 2954 3671 3020 :Jovius.

2107 3046 2500 3104 Hariadeuum.
2529 3048 2674 3105 Idem
2702 3047 2850 3104 enim
2912 3064 3108 3104 nomen
3169 3058 3350 3104 nostra
3410 3049 3673 3103 memoria

2105 3140 2290 3195 datum
2321 3142 2472 3196 fuita
2497 3141 2805 3197 Soleimane
2833 3139 2875 3196 ll
2901 3141 3089 3212 pirata:
3135 3140 3330 3205 nobili,
3395 3141 3490 3197 sed
3528 3150 3673 3195 stre-

3139 3252 3153 3288 :
3197 3233 3264 3288 de
3309 3248 3420 3303 quo
3470 3233 3667 3288 dicturi

2106 3336 2206 3377 suo
2237 3323 2358 3378 locu
2389 3334 2517 3379 sunt
2542 3322 2802 3380 Annales.
2867 3323 3009 3392 Buga
3053 3323 3337 3395 Calliupoli
3381 3325 3674 3394 trattsjecto

2108 3413 2457 3484 HelleSpouto
2485 3415 2710 3471 Prusam
2747 3416 2901 3472 ituris
2950 3414 3210 3472 occurrit.
3264 3418 3306 3471 Α
3348 3417 3674 3487 geographia

2108 3509 2502 3564 recentioribus
2528 3507 2692 3575 Juba,
2734 3509 3082 3577 transpositis
3142 3509 3340 3565 litteris
3390 3509 3671 3574 seribitur.

2110 3599 2188 3654 uti
2230 3598 2488 3667 deinceps
2522 3610 2832 3667 repetemus
2867 3601 3021 3654 initio
3043 3598 3270 3656 Iluratis
3304 3601 3369 3657 ll.
3402 3600 3670 3670 Oppidum

2111 3690 2374 3747 lscltcboli
2415 3692 2620 3747 Graecis
2651 3702 2731 3748 est
2788 3692 3069 3762 Scupclos,
3136 3691 3358 3764 Zagorze
3408 3695 3671 3747 vicinum.

2111 3781 2220 3837 Leo
2237 3783 2468 3853 Sapiens
2498 3786 2777 3853 Augustus
2810 3785 2949 3840 inter
2965 3788 3306 3855 episcopatus
3354 3785 3672 3852 metropoli-

2109 3874 2216 3926 tani
2252 3871 2904 3942 Hadrianopoleoslitanti
2965 3878 3187 3942 montis,
3242 3878 3529 3946 Scopclum
3591 3892 3675 3931 rc-

2109 3964 2214 4019 fert
2251 3982 2266 4020 :
2307 3968 2450 4019 unde
2479 3968 2618 4022 situs
2651 3969 2876 4036 intelligi
2907 3979 3102 4036 potest.

2107 4077 2199 4135 57.
2243 4078 2434 4145 Servii,
2489 4079 2658 4148 Serbi,
2723 4080 2930 4166 Sor-alii.
2977 4081 3128 4151 Zirﬁ.
3181 4081 3342 4154 Zerﬁ.
3402 4083 3674 4138 εει-νοτεο-

2807 4170 2972 4208 tuum.

2181 4239 2395 4297 Servios
2423 4242 2649 4297 collocat
2675 4243 2948 4300 Laonit-us
2969 4245 3021 4297 in
3045 4245 3267 4314 antiqua
3298 4247 3514 4314 regisme
3549 4245 3675 4302 Trl-

2108 4330 2374 4387 ballorum
2429 4332 2706 4405 Mysiaque
2775 4335 3081 4404 superiori:
3137 4351 3248 4403 quo
3293 4335 3547 4388 nimirum
3605 4351 3672 4390 ex

2107 4426 2476 4492 septentrione
2555 4425 2814 4494 paulatim
2874 4426 3327 4494 commigrarunt,
3382 4426 3675 4482 debilitatis

441 4501 926 4570 supplerialioruut
977 4518 1194 4559 errores
1230 4521 1294 4560 ac
1336 4504 1555 4563 delicta.
1585 4512 1814 4575 Quidam
1877 4531 2004 4568 vero
2041 4558 2080 4612 υ
2113 4521 2317 4590 iit-perii
2381 4518 2606 4576 Romani
2637 4521 2918 4591 Grrecique
2975 4520 3202 4575 viribus.
3233 4535 3237 4539 '
3269 4519 3400 4575 Nam
3471 4521 3674 4575 sei-tios

440 4602 590 4648 tanta
624 4602 878 4662 repetunt
914 4596 1257 4664 assiduitate,
1317 4601 1536 4654 tandem
1569 4613 1626 4657 ut
1679 4607 2005 4676 concidant;

439 4686 534 4742 alii
557 4702 762 4757 corpus
792 4689 868 4744 ita
894 4689 1387 4762 circumagitando.
1421 4704 1481 4750 ut
1515 4698 1744 4752 omnino
1782 4711 2010 4755 estrase

441 4781 744 4849 rapiantur.

511 4875 604 4928 33.
637 4875 710 4929 De
760 4876 1019 4945 genium
1040 4895 1061 4943 ;
1081 4877 1159 4931 uel
1201 4880 1462 4946 genisaris
1483 4898 1505 4947 .°
1528 4886 1662 4938 unde
1677 4885 1756 4939 sic
1772 4886 1924 4943 dicti.

513 4965 793 5034 Nusquam
846 4970 1022 5036 reperi
1081 4971 1460 5038 genizarorum
1520 4977 1784 5046 originem
1827 4980 2006 5035 verius

440 5059 789 5127 descriptam,
821 5073 985 5127 quam
1013 5059 1131 5126 hic;
1173 5061 1402 5131 ideoque
1426 5065 1576 5120 locus
1631 5078 1715 5123 est
1741 5085 2010 5123 memora-

442 5152 588 5216 bilis,
625 5167 733 5221 quo
763 5151 994 5217 plut-ium
1023 5153 1481 5212 ballucinatioues
1515 5159 1841 5215 refutantur.
1870 5161 2004 5217 Nam

437 5241 530 5298 alii
573 5241 759 5297 volunt
792 5241 1069 5297 institutos
1093 5242 1163 5296 ab
1207 5241 1477 5299 Otltutaue
1528 5249 1608 5301 vel
1641 5247 1874 5304 Osutane
1900 5251 2006 5305 Ga-

434 5333 504 5392 si.
544 5331 789 5386 nonnulli
822 5335 982 5400 (quos
1039 5334 1179 5388 inter
1230 5344 1314 5388 est
1367 5335 1552 5390 Jovius
1605 5354 1659 5392 et
1700 5339 2004 5414 Ceufraius)

437 5422 604 5477 fuisse
637 5421 876 5476 relcrunt
900 5424 1205 5479 ordinatam
1227 5429 1463 5495 ipsorqu
1489 5429 1739 5485 militiam
1766 5435 2005 5502 primum

437 5516 682 5569 omnium
716 5514 972 5572 allurate
1005 5514 1072 5581 ll,
1105 5531 1266 5584 quem
1313 5535 1414 5588 ego
1472 5537 1756 5578 uttmcrum
1822 5527 2002 5595 potius

435 5607 657 5659 auxisse
680 5605 931 5665 dixerim.
963 5621 1126 5674 quam
1160 5607 1330 5664 fuisse
1351 5611 1556 5665 militia:
1620 5613 1790 5682 ipsius
1819 5628 2004 5671 aucto-

438 5716 574 5752 rem.
616 5699 771 5752 Vocis
793 5701 956 5752 etiam
1001 5710 1221 5766 etymon
1250 5712 1660 5758 controversum
1701 5717 1801 5761 est.
1844 5708 2003 5764 Initio

438 5793 820 5850 declarationis
858 5793 1143 5850 Annalium
1196 5795 1530 5868 Spandugini
1570 5799 1882 5869 opinionem
1918 5818 1999 5856 rc-

2111 4615 2256 4668 circa
2284 4613 2584 4670 lla‘otidem
2619 4615 2829 4670 Plinius
2859 4613 3112 4679 collocat,
3143 4614 3283 4668 unde
3330 4614 3522 4683 partim
3551 4629 3676 4682 pro-

2112 4703 2234 4759 iecti
2265 4704 2418 4760 fuere
2451 4720 2642 4762 versus
2667 4706 2993 4771 Danubium,
3024 4715 3080 4761 et
3105 4705 3326 4777 Mysiam
3351 4707 3488 4762 lianc
3511 4721 3676 4774 supe-

2109 4795 2307 4850 riorem
2331 4812 2346 4828 ο
2374 4799 2568 4866 partim
2608 4799 2800 4852 itinere
2831 4797 3068 4862 diverso,
3094 4811 3188 4867 per
3217 4797 3501 4852 Sarmatis:
3557 4797 3675 4855 sive

2109 4888 2347 4944 Polonia
2393 4888 2660 4944 latissime
2713 4898 2957 4959 patentes
3005 4905 3228 4961 campos
3258 4891 3310 4946 in
3339 4906 3493 4947 oraui
3541 4889 3676 4946 Ger-

2109 4981 2326 5047 maniae,
2386 4981 2604 5035 Pulouis
2666 4968 3194 5050 vicinam'tLusatia
3246 4999 3392 5037 nunc
3447 4983 3672 5054 dicitur)

2109 5072 2298 5138 infusi.
2331 5073 2488 5128 sedes
2543 5072 2764 5138 ibidem,
2796 5084 2846 5126 et
2899 5073 2952 5127 in
3001 5073 3194 5129 vicinia
3249 5077 3670 5141 constituerunt.

2109 5164 2245 5219 inter
2279 5162 2461 5219 Salam
2497 5175 2553 5218 et
2585 5165 2758 5218 Albim
2792 5163 3008 5220 ﬂuvios.
3048 5165 3185 5220 Ilinc
3214 5167 3401 5221 Sirbos
3439 5169 3510 5222 ibi
3563 5167 3673 5221 Du-

2107 5256 2327 5311 bravius
2359 5268 2506 5311 recte
2552 5258 2806 5319 collocat,
2843 5258 2970 5312 hinc
2997 5257 3186 5313 Ilisuia
3232 5275 3449 5330 quoque
3504 5264 3673 5329 impe-

2109 5347 2305 5401 ratoris
2334 5346 2552 5402 llenrici
2578 5350 2820 5418 Aucupis
2857 5359 3098 5420 tempore
3137 5351 3278 5404 dicta
3304 5381 3307 5383 -
3336 5351 3437 5405 fuit
3473 5368 3502 5406 a
3536 5353 3671 5407 vici-

2106 5438 2190 5494 nis
2214 5440 2414 5502 Sirbia.
2443 5439 2568 5493 hinc
2616 5439 2670 5494 iu
2706 5441 2774 5494 iis
2826 5439 2959 5494 locis
3007 5451 3061 5495 et
3118 5439 3274 5495 Serbi
3306 5439 3555 5504 chedi.
3617 5453 3673 5496 ct

2108 5531 2431 5596 Serbecum.
2457 5540 2510 5585 et
2540 5531 2853 5585 Serbcstmn
2879 5533 3095 5600 oppida.
3132 5531 3208 5585 Ne
3241 5533 3418 5598 lingua
3449 5533 3670 5602 quidem

2105 5618 2328 5685 defecit,
2362 5622 2414 5674 in
2439 5631 2664 5691 utr-aquo
2700 5620 2918 5676 Lusalia
2951 5620 3208 5677 Wcuedis
3248 5624 3440 5676 incolis
3500 5626 3672 5678 usita-

2104 5718 2179 5764 ta.
2212 5709 2323 5766 Nec
2369 5709 2387 5764 I
2437 5713 2610 5766 littera
2643 5730 2766 5768 cum
2809 5713 2848 5767 E
2906 5723 3208 5782 permutata
3273 5730 3370 5767 nos
3438 5722 3703 5774 n:ovcat.'

2104 5801 2246 5872 quod
2281 5801 2334 5856 in
2369 5802 2464 5859 bac
2493 5817 2621 5860 voce
2682 5806 2990 5876 frequenter
3023 5807 3134 5860 lieri
3176 5807 3502 5862 notavimus;
3537 5799 3670 5867 Nam
