4204 6300
568 354 668 414 765

1722 368 2125 428 PANDECTE
2167 369 2363 429 lllST.
2401 371 2714 434 TUI-lClC.

3698 373 3808 437 766

566 479 712 524 stum
749 471 1071 525 mentionem
1101 473 1212 526 fieri
1239 474 1739 545 archiepiscopatus
1769 481 2137 544 Germinrum,
2171 485 2211 540 Α
2243 487 2608 548 monasteriis,
2664 487 2879 539 nomine
2911 494 3014 541 non
3075 490 3209 541 adeo
3252 486 3475 540 recenti.
3504 485 3636 539 Nam
3694 485 3804 539 Leo

569 561 684 614 sive
711 559 1011 630 Gernviani,
1031 580 1192 633 quem
1225 568 1365 621 inter
1389 567 1695 622 Maroneam
1721 581 1771 623 et
1808 573 2139 642 Arcadiopo—

571 654 662 707 lim
693 650 941 708 Thraciae
972 658 1150 710 medio
1179 659 1336 727 ponit
1376 659 1515 714 loco.
1541 660 1652 716 Nec
1675 663 1728 718 in
1761 663 1978 720 Novella
2007 665 2141 720 Leo-

571 748 656 798 nis
688 745 925 814 Cermia,
953 750 1044 803 sed
1075 749 1294 804 Germia
1332 752 1459 818 legi.

570 863 657 916 40.
721 860 946 927 "amid,
1012 864 1335 940 Aultelter_._
1379 866 1668 940 Cittaltige,
1735 870 2135 938 Scidisclteher,

1241 937 1473 992 Gclvazi.

641 1024 998 1092 Hemid,qn:e
1031 1028 1152 1082 aliis
1197 1029 1378 1090 Emid.
1433 1032 1641 1085 Omidie
1695 1032 1859 1104 Nigro
1913 1038 2134 1099 dicitur,

571 1116 834 1178 τψιιι-Ιῐειι
868 1118 966 1172 fuit
1021 1104 1219 1188 priscis
1256 1123 1388 1176 urbs
1452 1123 1707 1178 Cerasus.
1771 1128 1850 1179 Ad
1901 1126 2133 1182 Pontum

570 1208 1001 1276 t‘appadocicum
1057 1215 1226 1266 nostri
1281 1214 1557 1278 referunt;
1626 1216 1734 1271 Leo
1767 1218 2019 1285 Sapiens.
2082 1221 2133 1274 in

570 1298 803 1353 Thronis
862 1303 928 1357 ad
987 1303 1216 1359 Pontum
1251 1306 1749 1362 Polemoniacum:
1805 1312 2135 1381 subjicitque

568 1393 886 1447 thrasumtis
929 1397 1242 1465 episcopum
1302 1402 1722 1462 metropolitano
1756 1401 2133 1458 Neoca-sariae.

572 1485 877 1540 Acsi-hrln-r
931 1490 983 1543 in
1044 1491 1230 1546 Ortelii
1310 1492 1494 1549 tabula
1572 1494 1799 1552 Natoliaa
1869 1497 2131 1566 scriptum

570 1577 760 1644 legitur
785 1579 1008 1644 Arsara,
1041 1583 1288 1638 nonnihil
1322 1583 1606 1641 immutato
1633 1588 1852 1642 nomine
1879 1589 2131 1645 Turcico.

569 1665 852 1722 Veteribus
874 1669 1077 1726 Graecis
1106 1674 1248 1731 dicta
1280 1674 1476 1732 fuisset
1530 1674 1879 1748 Leneepolis,
1945 1695 2133 1734 recen-

2241 590 2456 643 quoque
2484 577 2773 645 imperator
2811 579 2914 632 sub
2974 578 3464 640 Thessalonicensi.
3522 586 3802 644 ευριπ-ορθ-

2243 665 2410 718 litano
2443 665 2759 730 Thessaliae,
2833 667 3066 722 collocat
3120 669 3501 736 episcopatum
3551 667 3802 728 llierissi,

2239 771 2399 821 quem
2427 757 2526 811 alia
2578 759 2780 813 dictum
2815 759 3172 828 appellatione
3220 760 3386 814 tradit
3431 760 3802 829 episcopatum

2241 848 2434 902 Montis
2465 852 2658 906 sancti.
3093 863 3105 875 ⁸

2405 944 2498 996 42.
2537 941 2771 1010 Uscuﬁu,
2805 943 2941 997 Tilia
2973 944 3124 1011 felix,
3171 945 3362 1012 Tungri
3391 942 3623 1012 Cictugi.

2310 1032 2552 1088 CaSsidis
2622 1034 2849 1087 fortnam
2939 1036 3203 1103 hodieque
3271 1037 3502 1091 retinent
3573 1033 3807 1090 Usculiae

2239 1123 2540 1179 Turcorum
2573 1127 2742 1180 instar
2770 1127 2946 1196 pileoli
2981 1127 3218 1191 rotundi,
3250 1127 3423 1180 ovalis
3454 1129 3639 1192 figurae
3664 1170 3677 1189 ,
3721 1126 3804 1179 vel

2239 1218 2454 1270 rorundi
2497 1217 2685 1272 calicis
2751 1219 2962 1287 absilue
3019 1219 3332 1288 pedunculo
3374 1218 3572 1272 factae:
3609 1218 3801 1283 cuius-

2238 1309 2384 1363 modi
2431 1325 2665 1365 coronas
2698 1311 2881 1365 ovales
2922 1326 2987 1366 ex
3031 1325 3167 1365 auro
3196 1313 3373 1367 solito
3401 1320 3614 1380 gestare
3658 1313 3802 1367 sole-

2238 1401 2367 1454 bant
2421 1401 2772 1470 imperatores
2809 1402 3004 1457 Grzeci.
3037 1402 3313 1470 Planeque
3345 1402 3474 1453 talis
3507 1401 3671 1454 etiam
3704 1403 3804 1454 im-

2239 1491 2536 1558 ponebatur
2596 1494 2721 1546 huic
2775 1491 3062 1563 Theolipto
3112 1496 3461 1562 patriarchae.
3522 1511 3645 1549 cum
3701 1510 3802 1550 nos

2234 1578 2707 1653 Constantinopoli
2729 1599 2999 1647 essemus,
3026 1599 3054 1636 a
3078 1584 3293 1640 duobus
3311 1585 3430 1640 aliis
3452 1585 3800 1658 tnncibidem

2238 1675 2594 1741 prasentibus
2642 1676 2966 1744 patriarchis
3017 1675 3282 1732 Silvestro
3337 1676 3721 1740 Alexandrino,
3750 1689 3806 1729 et

569 1760 796 1814 tioribus
844 1762 1184 1832 Asprapolis:
1240 1781 1474 1837 quorum
1549 1778 1838 1839 utrumque
1889 1770 2135 1825 Turciear.
2166 1829 2206 1839 __
2237 1760 2497 1817 lichaele
2552 1764 2914 1831 Antioclieno,
2958 1765 3047 1820 die
3082 1783 3112 1820 x
3145 1765 3323 1820 Martii
3382 1766 3603 1830 mensis,
3655 1782 3804 1821 anno

567 1853 906 1918 appellationi
938 1857 1242 1926 respondet.
1272 1857 1379 1914 Sed
1413 1858 1562 1915 nulla
1603 1861 1697 1916 tali
1750 1863 1969 1916 nomine
1996 1864 2133 1916 civi-

567 1957 648 2000 tas
685 1947 737 1997 in
769 1945 831 2002 iis
879 1947 1013 2003 locis
1075 1952 1216 2017 apud
1276 1951 1483 2017 priscos
1541 1957 1830 2022 reperitur.
1872 1954 2135 2022 Cutahige

569 2036 789 2101 majoris
818 2049 902 2093 est
925 2039 1119 2094 civitas
1151 2035 1414 2111 Phrygia»,
1469 2043 1742 2112 quondam
1775 2045 1917 2100 dicta
1972 2046 2135 2117 Coty-

566 2133 734 2185 ainm.
764 2131 874 2186 Leo
911 2133 1141 2202 Sapiens
1193 2134 1489 2202 imperator
1518 2137 1858 2205 metropolim
1893 2137 2138 2208 Phrygiae

569 2220 716 2285 favit,
740 2222 882 2277 sicut
905 2230 958 2277 et
989 2223 1148 2277 hodie
1185 2225 1419 2280 celebris
1445 2236 1532 2282 est
1584 2227 1637 2282 in
1667 2229 1934 2294 Anatolia,
1977 2232 2134 2301 cujus

568 2311 622 2365 in
645 2313 824 2369 medio
853 2318 953 2369 sita
981 2324 1088 2380 est,
1139 2326 1361 2385 propter
1418 2318 1602 2374 sedem
1639 2319 1752 2375 sive
1802 2320 2135 2376 domicilium

568 2406 875 2476 Beglerhegi
926 2409 1214 2471 Anatolite,
1268 2409 1360 2477 qui
1436 2411 1630 2480 priscis
1688 2409 1947 2468 Romanis
2016 2425 2136 2468 erat

567 2501 862 2566 prmiectus
929 2503 1309 2569 praetoriorum
1362 2502 1625 2566 Orientis.
1686 2504 1893 2561 Gmcis
1953 2517 2132 2561 autem

571 2606 800 2662 magth
851 2593 1091 2649 Orientis
1135 2595 1488 2657 domesticus,
1537 2598 1680 2666 quod
1729 2615 1861 2653 sane
1920 2610 2135 2666 propter

571 2681 783 2750 imperii
843 2686 1041 2737 veteris
1093 2684 1422 2741 imitationes
1493 2679 1755 2742 Turcic'as
1810 2689 2130 2743 notandum.

569 2774 684 2828 Non
713 2784 855 2830 recte
895 2786 1204 2832 nostrorum
1251 2777 1374 2833 aliis
1421 2779 1474 2831 in
1525 2777 1736 2833 Galatia
1785 2781 2026 2846 ponitur,
2079 2791 2132 2835 et

566 2866 704 2919 Cute
731 2867 1060 2926 nominatur.
1091 2877 1150 2922 ut
1197 2867 1475 2923 Bellonio:
1525 2869 1682 2923 .lovio
1733 2871 1911 2934 Cutia,
1939 2881 1992 2925 et
2021 2871 2133 2927 Cu-

570 2958 675 3011 teia
708 2978 718 3006 τ
752 2957 874 3013 aliis
901 2956 1116 3013 Cbintai
1185 2961 1266 3014 vel
1325 2956 1584 3014 Kiuthai:
1621 2961 1764 3014 'aliis
1801 2961 2000 3022 Chuta,
2050 2963 2130 3016 vel

569 3053 800 3116 (Ibnteo,
831 3051 923 3122 qni
946 3060 1129 3107 tamen
1159 3052 1263 3107 hoc
1298 3052 1520 3108 nomine
1549 3053 1815 3123 Corycum
1849 3071 1945 3122 per
1987 3070 2133 3110 erro-

2239 1852 2555 1909 Christiano
2587 1855 2756 1922 1585,
2790 1872 2900 1927 quo
2935 1867 3183 1927 tempore
3224 1860 3294 1915 ab
3328 1858 3410 1914 eis
3433 1860 3804 1928 inauguratio-

2243 1955 2329 1998 tur
2353 1987 2366 2009 ,
2409 1947 2554 2015 quod
2586 1945 2762 2001 Gneci
2799 1958 2996 2003 vocant
3025 1951 3078 2003 in
3111 1949 3363 2004 thronum
3399 1951 3676 2005 collocari.
3705 1953 3807 2002 So-

2243 2033 2353 2089 lent
2391 2020 2656 2104 hodieque
2692 2035 2942 2092 Genizari
2991 2047 3044 2092 et
3076 2038 3170 2092 alii
3218 2038 3443 2094 ditiores
3463 2055 3676 2094 exnuro
3717 2056 3807 2095 Sn-

2241 2127 2350 2182 lido
2377 2130 2548 2184 factas
2566 2131 2817 2185 uscusias
2835 2141 3065 2192 gestare.
3086 2129 3257 2186 Pecos
3283 2132 3398 2201 ipse
3417 2132 3525 2188 vidi
3546 2134 3626 2189 sic
3647 2148 3807 2188 orna-

2243 2222 2425 2288 tosqui
2439 2220 2637 2276 sultani
2653 2202 2953 2277 Turcorum
2971 2237 3225 2279 cursores
3238 2233 3387 2291 sunt,
3399 2227 3605 2280 circum
3625 2226 3806 2293 ipsum

2241 2326 2456 2378 semper
2475 2313 2914 2380 obambulantes,
2937 2330 3062 2370 cum
3091 2329 3124 2369 e
3152 2315 3333 2371 saraia
3365 2317 3568 2386 prodit.
3593 2315 3802 2382 Nomen

2242 2401 2394 2459 Tilia:
2422 2401 2590 2458 felicis
2610 2403 2904 2460 Turcicum
2939 2408 2992 2460 in
3026 2407 3323 2478 archetypo
3345 2407 3559 2476 legitur.
3583 2407 3806 2462 Di-vetlu

2239 2493 2384 2552 Caba
2422 2496 2566 2563 Agat
2601 2513 2616 2548 :
2649 2509 2882 2564 quarum
2920 2510 3114 2552 vocum
3150 2498 3325 2566 prima
3358 2496 3567 2552 felicem
3598 2499 3807 2568 signiﬁ-

2239 2599 2347 2650 cat,
2381 2587 2548 2642 altera
2590 2588 2788 2653 tiliam,
2816 2588 3067 2644 arborem
3115 2591 3296 2645 tertia.
3336 2592 3468 2657 Quae
3506 2606 3636 2645 vero
3666 2590 3810 2645 Beli-

2242 2695 2324 2732 na:
2358 2680 2428 2732 ab
2452 2681 2736 2734 eversione
2766 2681 2947 2734 divina
2973 2682 3240 2736 mansisse
3263 2682 3464 2738 dicitur
3496 2682 3807 2751 appellatio,

2239 2770 2422 2836 lingua
2476 2771 2705 2826 Turcica
2762 2773 2962 2844 Tangri
3021 2773 3234 2846 Gictugi
3285 2776 3712 2844 pronuntiatur,
3750 2773 3806 2828 id

2237 2875 2339 2930 est,
2381 2866 2521 2922 Deus
2551 2868 2764 2921 evertit.

2557 2959 2647 3013 43.
2679 2960 3015 3024 Cumulzina,
3048 2959 3302 3025 Horatia,
3336 2958 3509 3015 Seres.

2310 3052 2435 3109 llaec
2489 3054 2685 3123 Oppida
2734 3053 2867 3108 locis
2904 3054 3065 3123 paulo
3117 3062 3243 3107 ante
3303 3054 3599 3108 nominatis
3626 3056 3807 3110 vicina

571 3161 682 3199 rem
715 3146 1010 3214 accipiunt.
1065 3144 1134 3201 de
1185 3159 1296 3210 quo
1341 3148 1396 3197 in
1444 3145 1779 3200 Itin-Itemcte
1842 3146 1885 3201 ll
1948 3149 2130 3202 latius.
2159 3177 2205 3242 ο
2239 3157 2387 3208 sunt,
2435 3146 2662 3201 ulterius
2714 3147 2767 3200 in
2821 3146 3083 3201 Greciam
3117 3147 3186 3202 de
3219 3148 3308 3202 die
3333 3148 3544 3201 scilicet
3576 3151 3628 3202 in
3657 3148 3803 3204 diem

569 3236 945 3291 Seidischeher
991 3234 1438 3300 Torcis.Grccis
1481 3237 1807 3308 Hierapolis,
1856 3238 2130 3294 civitatem

568 3338 810 3384 sanetam
835 3328 948 3383 sive
971 3342 1181 3382 sacram
1208 3329 1496 3397 significat.
1523 3330 1663 3384 Sunt
1713 3340 1893 3384 autem
1944 3329 2134 3385 Hiera-

571 3423 721 3491 poles
748 3424 801 3476 in
841 3411 1087 3475 Anatolla
1150 3421 1235 3476 vel
1275 3424 1400 3477 Asia
1456 3423 1653 3476 minori
1703 3424 1888 3491 plures
1937 3432 2135 3494 pra'ter

573 3515 847 3586 Syriacam
878 3525 930 3570 et
967 3515 1120 3577 alias,
1151 3530 1273 3581 nine
1306 3515 1411 3570 huc
1461 3531 1568 3569 non
1601 3515 1890 3585 pertinent.
1957 3513 2132 3570 Unam

571 3605 680 3662 Leo
699 3607 926 3676 Sapiens
963 3607 1240 3675 Augustus
1273 3606 1505 3660 collocat
1553 3609 1607 3659 in
1652 3607 1883 3678 Phrygia
1921 3607 2136 3661 Saluta-

571 3701 636 3767 ri,
692 3701 797 3755 sub
847 3687 1263 3767 metropOIitano
1327 3697 1648 3767 Synadensi.
1713 3700 1951 3753 Alteram
2007 3701 2136 3754 facit

569 3790 910 3860 tnetropolim
940 3790 1180 3860 Phrygiae
1221 3787 1589 3857 Cappatiame.
1625 3788 1716 3843 Sic
1738 3789 1882 3842 enim
1928 3792 1981 3842 in
2013 3791 2131 3859 ipsa

566 3877 767 3935 Leonis
796 3879 1015 3934 novella
1049 3879 1269 3949 legitur,
1292 3892 1415 3932 enm
1447 3879 1650 3932 rectius
1681 3879 1796 3933 hac
1823 3880 1928 3932 dici
1961 3879 2134 3948 Phry-

570 3974 654 4042 gis
689 3971 976 4027 Paeatiana
1006 3972 1256 4025 videatur
1291 3974 1347 4024 in
1380 3971 1519 4026 libro
1541 3972 1604 4027 de
1629 3973 1912 4041 utriusque
1965 3973 2132 4041 impe-

569 4067 635 4119 vii
660 4067 869 4122 notitia.
920 4066 1113 4123 Lector
1152 4077 1329 4122 utram
1400 4067 1564 4128 volet,
1613 4055 1863 4136 accipiat.
1911 4063 2130 4122 Gelvazi

568 4161 804 4230 denique
829 4158 1101 4228 reperitur
1127 4161 1182 4214 in
1205 4159 1475 4213 Anatolia
1526 4157 1729 4219 tabula,
1777 4171 1880 4211 non
1945 4158 2131 4226 procul

567 4254 924 4310 aCerasunte
988 4253 1070 4306 vel
1130 4252 1340 4307 0midie
1395 4253 1536 4316 sita;
1607 4251 1700 4306 sed
1758 4248 2135 4304 immutatione

567 4345 871 4403 litterarum
901 4346 1122 4410 exigua.
1153 4344 1414 4398 Giulvaza
1443 4341 1720 4398 scribitur.

983 4435 1047 4488 Μ
1062 4477 1074 4489 .
1107 4438 1439 4504 Magalgam,
1493 4430 1706 4487 Bolina.

2239 3230 2706 3306 progredientibus
2740 3237 3028 3293 e'l'hracia
3090 3236 3311 3295 Turcis.
3367 3237 3506 3295 Sunt
3558 3241 3700 3295 enim
3751 3244 3805 3296 in

2234 3329 2434 3387 ﬁnibus
2461 3332 2702 3387 Thracise
2736 3331 3058 3387 thnulzina
3091 3340 3146 3387 et
3177 3330 3397 3386 Ilarolia
3420 3375 3434 3392 .
3466 3348 3572 3387 non
3608 3349 3804 3398 magno

2236 3421 2523 3491 disiuncta:
2546 3423 2844 3478 intervallo.
2875 3422 3202 3479 Gunntlzina
3239 3423 3500 3478 Castaldo
3535 3425 3586 3478 in
3617 3427 3798 3480 tabula

2237 3514 2459 3570 Grarciae
2491 3517 2779 3570 recentiori
2827 3517 3087 3571 Culmaza
3131 3526 3387 3588 corrupte
3432 3519 3630 3587 scripta
3677 3518 3806 3587 legi-

2236 3614 2328 3660 tur
2352 3643 2369 3668 ,
2427 3621 2524 3674 pro
2573 3606 2842 3663 Cumulaa
2877 3608 2958 3662 vel
2986 3608 3270 3670 Gumnlza.
3302 3625 3468 3679 quinm
3498 3608 3660 3664 Turci
3692 3609 3804 3665 Gu-

2236 3700 2527 3753 mulzinam
2558 3699 2768 3754 vocant.
2798 3699 3018 3755 larolia
3049 3699 3254 3758 Cra-cis
3273 3713 3357 3756 est
3384 3700 3621 3755 Maronia
3647 3702 3806 3772 ,‘qurc

2187 3795 2192 3802 '
2238 3791 2378 3846 inter
2409 3792 2910 3861 archiepiscopatus
2959 3791 3192 3847 refertur
3235 3809 3266 3847 a
3314 3792 3497 3849 Leone
3525 3793 3801 3859 Augusto,

2237 3885 2561 3954 geographia
2620 3886 2822 3940 nostris
2866 3885 2980 3955 jam
3032 3885 3287 3956 Harogua
3317 3886 3536 3940 dicitur.
3576 3886 3690 3940 Sita
3719 3897 3804 3940 est

2235 3977 2374 4029 ultra
2406 3978 2676 4030 civitatem
2705 3975 2926 4036 AEnum.
2950 3977 3019 4033 de
3046 3993 3152 4048 qua
3179 3993 3409 4032 numero
3433 3977 3504 4034 3%
3535 3979 3798 4044 diximus,

2237 4083 2341 4131 qua
2401 4068 2512 4122 itur
2565 4069 2618 4121 in
2673 4067 3012 4123 Thessaliam
3051 4068 3358 4125 e'l‘hracia.
3404 4071 3564 4124 Seres
3596 4069 3801 4126 Grtrcis

2235 4173 2462 4211 numero
2515 4159 2879 4214 multitudinis
2910 4160 3083 4216 Serra:
3111 4161 3383 4222 dicuntur,
3413 4169 3542 4216 urlis
3565 4162 3696 4216 satis
3715 4178 3798 4217 ce-

2235 4249 2425 4311 lebris,
2477 4263 2639 4319 quant
2689 4248 2885 4304 Leonis
2937 4249 3167 4318 Augusti
3228 4252 3437 4304 novella
3471 4251 3633 4307 refert
3663 4253 3739 4305 int
3777 4269 3805 4305 r

2235 4343 2595 4410 metropoles.
2643 4340 2850 4396 Praetor
2879 4340 3102 4398 Graeciae
3152 4354 3333 4397 noster
3386 4343 3526 4396 haud
3553 4345 3742 4413 procul
3772 4364 3802 4394 a

2232 4431 2411 4494 Cisso,
2431 4434 2496 4486 de
2514 4448 2616 4498 qua
2638 4433 2841 4486 dictum
2872 4449 3102 4488 ntnnero
3129 4433 3198 4489 30
3221 4474 3237 4496 ,
3291 4449 3480 4490 versus
3505 4435 3807 4500 Maritum,

633 4528 789 4595 Quod
847 4527 1101 4598 oppidum
1157 4525 1320 4579 Turci
1366 4524 1685 4592 lagalgarze
1722 4524 1944 4580 nomine
1995 4512 2215 4579 πει-ι)
2238 4523 2319 4576 vel
2357 4522 2595 4578 llebrum
2628 4525 2847 4588 lltttnen.
2871 4527 3126 4580 colloeat.

568 4624 735 4689 piant.
771 4619 913 4673 scire
955 4626 1104 4672 certe
1133 4630 1239 4668 non
1289 4629 1549 4685 possunt:
1583 4614 1633 4666 id
1664 4614 1885 4682 quidem
1945 4613 2130 4669 dicere

569 4712 715 4768 licet.
753 4709 1119 4776 qutidcnnque
1162 4708 1379 4760 tandem
1406 4706 1498 4764 sit.
1543 4704 1596 4757 in
1635 4704 1836 4758 finibus
1857 4701 2128 4766 Thracia.

569 4802 884 4863 'l‘liessalim.
933 4797 1258 4864 Macedoniae
1311 4797 1482 4866 «πυτιτὶ
1544 4796 1762 4851 debere.
1799 4792 2132 4850 'Gaudcrius

569 4906 834 4960 niterpres
863 4890 1098 4946 Caesaris
1127 4890 1409 4944 adnotarat
1435 4889 1630 4954 videri,
1669 4889 1816 4963 quod
1847 4893 1916 4943 sit
1948 4888 2130 4960 Mega-

568 4986 777 5053 Ιιιιιοιίθ.
813 4986 918 5039 Sed
953 4984 1044 5037 illa
1068 4996 1178 5036 non
1209 4983 1263 5035 in
1293 4983 1378 5035 his
1399 4980 1716 5049 regionibus
1748 4981 1926 5035 locum
1946 4980 2130 5046 habet,

568 5085 658 5134 sel
691 5081 743 5133 in
795 5078 971 5132 ﬂorea
1037 5090 1131 5130 seu
1195 5074 1597 5141 Peloponneso:
1664 5088 1761 5127 nec
1824 5072 2128 5139 Magalpara

570 5188 711 5222 mine
775 5170 998 5226 dicitur.
1073 5168 1168 5219 sed
1233 5165 1484 5219 Leontari
1548 5166 1729 5232 vulgo.
1783 5163 2128 5218 Leontariuzn

569 5264 806 5318 Launieo
834 5272 888 5315 et
915 5259 1040 5314 aliis
1067 5258 1481 5313 recentioribus.
1521 5255 1682 5326 417
1718 5256 1774 5307 St
1797 5257 1916 5322 quis
1939 5257 2124 5324 appel-

571 5357 824 5409 lationem
854 5352 1100 5407 Gnecatn
1154 5349 1469 5419 Magalgarae
1525 5349 1825 5416 proximam
1879 5351 2128 5417 requirit.

571 5448 962 5518 Megalagoram
986 5443 1254 5511 accipiat:
1284 5457 1389 5508 qua
1449 5440 1623 5494 forum
1657 5455 1911 5509 magnum
1962 5441 2130 5509 signi-

571 5539 784 5592 ﬂcalur.
821 5533 899 5589 Ex
937 5537 1132 5589 eodem
1165 5532 1403 5585 locorum
1464 5531 1573 5584 situ
1621 5531 1844 5599 colligo,
1879 5528 2127 5585 Bolinam

570 5629 765 5684 Turcis
793 5627 1019 5686 dictam,
1070 5623 1415 5689 qttazcraeeis
1440 5631 1523 5676 est
1559 5621 1881 5692 Appollonia
1931 5623 2131 5676 montis

572 5721 836 5784 Athi,qui
867 5732 1010 5770 uune
1063 5714 1269 5783 ΙΙηεὶοη
1313 5713 1475 5775 Oros,
1529 5713 1644 5767 sive
1703 5728 1858 5766 Inous
1907 5725 2132 5768 sanctus

575 5810 890 5875 appellatur,
927 5804 1355 5873 alrcquetnilma
1378 5804 1458 5871 (ut
1495 5802 1706 5871 opinor)
1739 5801 2122 5871 Calogerorunt

2374 4615 2463 4669 μ.
2495 4614 2697 4670 Cavala
2716 4656 2733 4680 ,
2766 4615 2910 4682 Din,
2940 4616 3113 4684 Siras,
3149 4617 3432 4682 Μαναήν.
3463 4619 3695 4678 Seleruc.

2309 4704 2643 4761 Recitantur
2677 4710 2870 4763 ordine
2914 4709 3097 4778 plures
3157 4726 3185 4762 a
3239 4710 3436 4767 Turcis
3465 4727 3638 4781 capta:
3672 4717 3808 4767 civi--

2236 4807 2374 4852 tates
2419 4797 2472 4850 in
2516 4798 2819 4853 conﬁnibus
2848 4798 3093 4854 Thracize
3115 4841 3129 4865 ,
3167 4800 3490 4857 Macedoniae
3522 4844 3538 4867 ,
3571 4805 3808 4864 Thessa-

2243 4888 2349 4941 lite.
2407 4889 2610 4942 liavala
2659 4904 2851 4945 versus
2895 4889 3177 4960 Philippos
3226 4894 3556 4949 Macedoniae
3616 4902 3807 4954 lt’lldll.

2241 4978 2608 5048 Bucephalum
2643 4983 2848 5048 putavit
2879 4983 3154 5040 Bellonius
3199 4990 3445 5055 antiquis
3470 4988 3644 5044 fuisse
3725 4993 3803 5044 di-

2239 5082 2415 5136 ctam,
2456 5073 2525 5126 ab
2574 5089 2716 5142 equo
2758 5075 2900 5144 regis
2920 5077 3232 5133 Alexandri.
3295 5079 3416 5134 Dice
3445 5083 3654 5136 videtur
3687 5098 3810 5140 esse

2240 5164 2401 5216 Doari
2433 5166 2512 5216 vel
2541 5165 2715 5224 Deari.
2745 5183 2910 5234 quam
2940 5169 3128 5222 eadem
3149 5171 3200 5222 in
3229 5171 3425 5225 vicinia
3454 5177 3786 5229 rccentioms’

2237 5254 2526 5320 geographi
2551 5256 2843 5310 collocant.
2873 5254 3055 5317 Siros.
3088 5274 3205 5312 :uea
3267 5262 3487 5328 quidem
3519 5264 3800 5333 opinione.

2238 5343 2401 5398 fuerit
2452 5344 2960 5417 Hierissus;cujus
3015 5351 3387 5418 episcopatum
3451 5352 3804 5409 Thessaloni-

2237 5438 2385 5492 censi
2432 5441 2640 5492 novella
2680 5439 2878 5494 Leonis
2918 5442 3260 5510 imperatoris
3292 5442 3533 5511 subiicit,
3569 5457 3625 5499 et
3657 5446 3805 5500 Mon-

2239 5528 2308 5580 tis
2335 5542 2553 5595 qnoque
2580 5532 2754 5583 sancti
2791 5538 2946 5583 vocat
2977 5530 3372 5598 epist-epotum,
3408 5540 3464 5584 ut
3488 5533 3650 5599 paulo
3679 5546 3806 5586 ante

2234 5620 2472 5681 dictum,
2525 5636 2753 5677 numero
2783 5621 2872 5676 Μ.
2899 5625 3006 5675 Aut
3042 5622 3215 5693 Syrus
3244 5639 3272 5676 a
3306 5623 3501 5677 Turcis
3531 5627 3675 5679 dicta
3705 5641 3801 5694 pro

2239 5710 2454 5774 Sidrns,
2486 5728 2608 5778 qua:
2645 5711 2966 5783 Sidrocapsa
2995 5726 3160 5774 nunc,
3182 5717 3248 5768 ad
3274 5713 3502 5768 Montem
3528 5725 3798 5768 sanctum.

2239 5803 2384 5857 velut
2413 5818 2442 5856 a
2483 5804 2636 5855 nobis
2670 5804 2983 5858 adnotatum
3014 5805 3283 5876 Stlpetius,
3317 5820 3542 5859 numero
3577 5807 3658 5861 l8.
3691 5806 3798 5861 ’Λα-ι
