4218 6308
429 328 537 390 ’167

1638 328 1969 389 JOANNIS
2009 330 2409 388 LEUNCLAV
2430 329 2481 387 ΙΙ

3584 323 3691 385 ’ἵῦθ

428 440 603 493 nastir
661 438 922 507 oppidum
982 438 1179 493 Turcis
1248 442 1468 501 dictum.
1508 459 1704 495 nomen
1765 444 2013 497 (ἒς-τιξοιηιι
2047 450 2087 500 Α
2121 442 2453 500 Asttacanii.
2497 456 2550 496 ut
2586 442 2917 507 l’raecopitae,
2967 452 3026 495 ut
3077 440 3279 495 lieraii.
3334 439 3687 496 Rcinccciutn

428 534 589 588 habet
609 531 987 593 Monastirion.
1021 548 1049 585 a
1087 535 1493 603 propinquitate
1529 537 1705 602 (puto)
1731 546 2011 589 monaste-

430 623 633 676 riorum
695 622 895 678 Montis
932 625 1135 684 sancti.
1165 642 1397 692 quorum
1438 627 1613 680 obiter
1646 628 1784 680 facta
1820 643 2010 680 nume—

429 731 492 768 ro
537 716 601 769 Π
637 715 738 769 l’nit
770 717 994 770 mentio.
1039 716 1255 773 Nicetas
1287 721 1357 786 (si
1392 733 1537 775 recte
1584 722 1830 788 memini)
1875 718 2010 775 Leo-

431 821 552 860 ttettt
588 810 875 874 quemdam
915 808 1339 865 Meuastiriotem
1397 813 1658 870 nominat.
1717 812 2007 865 oriundum

431 912 497 947 ex
526 898 629 950 hoc.
667 897 888 965 oppido.
920 897 1231 967 Geograplti
1274 906 1448 955 nostri
1483 900 1746 955 Monestir
1780 903 1924 955 aliud
1954 902 2008 955 itt

433 986 746 1041 Macedonia
799 1001 1047 1059 ponunt,
1108 996 1248 1045 ultra
1308 992 1804 1053 Thessalonicam;
1861 993 2008 1063 quod

433 1079 542 1133 huc
592 1080 869 1149 pertinuere
917 1098 1025 1135 non
1072 1084 1343 1147 arbitror,
1379 1087 1449 1139 oh
1485 1088 1819 1141 mentionem
1881 1086 2012 1140 viei-

433 1187 625 1227 norutu
664 1172 934 1234 locorum.
972 1190 1094 1245 qua:
1132 1178 1272 1231 ultra
1311 1179 1762 1235 Thessalonicam
1801 1195 1859 1236 se
1900 1195 2009 1234 non

431 1269 741 1336 porrigunt.
773 1269 836 1321 Et
866 1267 1260 1325 Thessalonica
1284 1271 1447 1325 Turci
1490 1289 1599 1326 non
1628 1274 1732 1327 sub
1761 1274 1866 1329 hoc.
1893 1273 2009 1328 Mu-

432 1371 554 1414 rate
592 1360 633 1422 l.
665 1362 759 1415 sed
797 1363 916 1430 ejus
950 1371 1249 1432 pronepote
1304 1363 1343 1416 ll
1369 1406 1382 1427 ,
1427 1366 1581 1432 potiti
1607 1374 1758 1420 sunt.
1782 1366 2009 1422 Seleruc

431 1452 489 1507 itt
520 1453 922 1507 recentioribus
948 1454 1147 1509 tabulis
1175 1457 1555 1526 geographicis
1586 1473 1692 1510 non
1720 1460 2008 1527 reperitur.

433 1545 538 1599 nisi
570 1545 709 1601 forte
739 1546 811 1600 sit
840 1547 974 1601 illttd
1004 1547 1221 1608 Silclar.
1256 1550 1401 1619 quod
1428 1565 1537 1603 non
1560 1552 1751 1621 procul
1777 1567 1806 1603 a
1833 1552 2011 1607 Monte

433 1648 627 1693 sancto
658 1641 984 1697 collocatur.

431 1750 521 1809 45.
559 1752 875 1815 Temirlanc.
907 1754 1081 1810 Temir
1143 1757 1311 1819 Clum.
1352 1759 1525 1813 Temir
1572 1759 1733 1815 Cntlt.‘
1767 1780 1785 1817 :
1815 1760 2004 1816 Sulla»

804 1825 1028 1891 liorutc,
1059 1827 1329 1883 Desteuscs
1376 1828 1585 1886 Tutari.

501 1912 679 1980 Quem
732 1919 911 1971 nostri
960 1934 1069 1972 non
1122 1929 1271 1975 recte
1318 1919 1815 1986 Tatnerlanetn.ct
1848 1926 2007 1978 Tatu-

434 2004 746 2068 hurlauetn.
797 2009 972 2064 Graeci
1024 2010 1305 2067 Tcmirem
1379 2026 1632 2069 vocant:
1681 2019 1779 2071 isa
1812 2017 2006 2073 Turcis

435 2098 757 2169 plerumque
809 2100 1018 2166 Temir.
1072 2106 1157 2159 vel
1215 2106 1418 2163 Temur
1466 2107 1642 2173 Chan,
1674 2112 1819 2179 quod
1849 2113 2009 2180 regia:

435 2191 712 2259 dignitatis
743 2204 827 2249 est
860 2211 1082 2259 nomen.
1114 2188 1643 2271 esplicatnm'sttpra
1685 2220 1914 2259 numero
1936 2207 1970 2261 5
1990 2246 2006 2267 .

434 2282 541 2336 diei
566 2284 747 2339 solet.-
794 2302 861 2342 ac
897 2290 944 2342 si
985 2290 1364 2347 nominaretur
1408 2291 1781 2362 Hispanorum
1832 2314 2006 2363 more,

437 2373 552 2427 Doti
588 2376 789 2434 Temir.
827 2377 1113 2447 Signiﬁcat
1140 2394 1322 2439 autem
1357 2403 1455 2439 vos
1490 2386 1677 2442 Tenir
1715 2431 1731 2452 ,
1761 2390 1876 2442 sive
1906 2389 2007 2444 Te-

436 2484 576 2536 mttr,
608 2468 835 2532 lerrum.
872 2474 921 2526 id
954 2486 1059 2539 est,
1095 2476 1358 2542 gladium.
1396 2481 1603 2541 Tatari.
1634 2493 1855 2551 prouter
1883 2500 2009 2538 suc-

434 2576 625 2615 cessus
666 2580 848 2617 rerum
904 2568 1305 2635 prosperrimos
1336 2610 1352 2634 ,
1399 2571 1583 2625 Tt-mir
1614 2574 1776 2627 Ctttlu
1807 2590 2010 2643 cogno-

438 2652 714 2708 minarunt
757 2674 771 2709 :
830 2656 931 2710 hoc
961 2668 1064 2720 est,
1112 2657 1318 2714 ferrum
1370 2678 1470 2716 seu
1506 2662 1742 2732 gladium
1773 2664 2005 2719 felicem.

440 2743 840 2815 Nonnunquam
881 2759 1085 2813 tamen,
1120 2760 1178 2804 ttt
1210 2752 1315 2806 hoc
1342 2754 1506 2807 etiam
1532 2754 1823 2808 Annalium
1863 2756 2007 2820 loco,

438 2835 623 2893 Tcmir
654 2840 802 2895 Lanc
830 2843 1159 2912 appellatur,
1178 2848 1323 2913 quod
1350 2845 1620 2901 Tetniretn
1647 2848 1901 2903 claudum
1930 2848 2008 2904 si-

441 2930 684 2997 gniﬁcat.
712 2930 925 3003 Quippe
962 2933 1333 2999 claudicabat,
1362 2946 1422 2988 ut
1452 2936 1684 3004 ipsemet
1716 2939 2010 2991 conlitetur

442 3025 496 3078 in
528 3024 705 3092 primo
736 3040 860 3079 cum
901 3023 1143 3094 Bajazite
1194 3036 1355 3097 capto
1403 3043 1697 3097 congressu
1751 3039 1804 3084 et
1841 3031 2008 3084 collo-

2115 552 2246 587 sane
2273 541 2438 588 miror
2471 552 2533 588 es
2573 536 2840 589 Sabellico
2872 546 3111 602 repetere
3135 574 3150 599 ,
3200 534 3525 588 Tatarorutn
3587 535 3691 587 im-

2113 639 2419 695 peratorem
2461 638 2619 682 :t-tate
2654 628 2911 683 Saliellici
2939 640 3188 683 vocatum
3223 629 3391 682 fuisse
3436 628 3683 693 Nogaim.

2112 718 2325 788 Quippe
2377 720 2543 789 Nogai
2595 720 2780 775 Tatari
2828 723 3069 776 nationis
3118 731 3205 776 est
3261 736 3485 780 nomen.
3524 721 3684 787 cujus

2115 815 2367 881 princeps
2410 814 2680 881 hodieque
2733 812 2898 883 Nogai
2941 814 3093 868 Chatt
3130 813 3350 867 dicitur.
3394 813 3487 867 Sic
3537 813 3682 882 apud

2115 904 2540 974 Paeltymerium
2590 903 2770 975 Nogas
2825 907 3027 977 Scytha
3092 906 3311 972 legitur.
3352 916 3406 959 ct
3440 906 3684 959 Catanes

2115 997 2347 1068 Scytha,
2400 1016 2499 1069 pro
2535 997 2868 1069 Nogaiorum
2891 1038 2906 1062 ,
2943 1000 3027 1052 vel
3060 996 3387 1068 Nugaeornm
3419 1010 3475 1053 et
3513 998 3684 1053 Casa-

2112 1094 2329 1148 piorum
2362 1096 2552 1148 Chane
2604 1096 2719 1150 sive
2756 1095 3024 1163 principe.
3060 1093 3161 1159 Qui
3197 1108 3327 1147 vero
3352 1093 3462 1148 sint
3488 1094 3540 1148 lii
3580 1093 3679 1148 De-

2112 1197 2350 1251 slenses,
2384 1187 2685 1255 intelligere
2712 1186 2840 1242 licet
2862 1204 2922 1241 ex
2954 1186 3024 1242 iis
3047 1201 3170 1256 quae
3192 1184 3457 1253 deinceps
3489 1186 3541 1239 in
3572 1186 3679 1241 vita

2114 1280 2472 1335 ﬂuchemetis
2521 1279 2753 1334 secundi
2795 1279 3052 1348 leguntur
3073 1318 3086 1341 .
3117 1276 3186 1331 de
3215 1276 3461 1332 subactis
3490 1276 3684 1331 incolis

2112 1373 2360 1428 Taurica
2402 1372 2740 1428 Clterrnnesi
2774 1382 2895 1442 post
2928 1381 3144 1441 captant
3186 1370 3377 1423 urbem
3412 1368 3681 1437 Capltam.

2112 1466 2324 1534 Quippe
2352 1466 2646 1519 Destettses
2681 1480 2807 1518 cum
2841 1462 3100 1518 Keritniis
3124 1464 3237 1517 sive
3260 1462 3483 1517 Ct'itttiis
3513 1459 3681 1516 Tata-

2113 1559 2192 1614 ris
2247 1558 2508 1623 (Crituski
2540 1572 2687 1612 nunc
2751 1572 2779 1610 a
2846 1556 3041 1611 vicinis
3100 1554 3407 1622 dicuntur).
3457 1569 3524 1607 eo
3558 1554 3684 1607 loco

2113 1661 2429 1706 nostrorum
2490 1650 2770 1705 annalium
2839 1648 3290 1718 coniunguntur:
3352 1644 3423 1700 de
3479 1645 3682 1714 quibus

2108 1744 2328 1798 llritniis
2353 1759 2451 1797 nos
2477 1744 2530 1796 in
2559 1740 2949 1809 Sttpplemento
2990 1738 3269 1792 annalium
3306 1776 3320 1800 .
3354 1737 3445 1790 ubi
3476 1735 3679 1791 bellum

2112 1839 2214 1890 hoc
2246 1835 2539 1889 decennale
2560 1832 2845 1887 Persicum
2875 1831 3223 1900 exponimus.
3256 1830 3557 1887 luculente.

2108 1954 2197 2008 ιδ.
2236 1954 2425 2004 humi
2475 1951 2672 2003 Serviat
2705 1949 2964 2016 principes
2995 1963 3013 1999 :
3050 1948 3307 2013 Bulcogli.
3342 1947 3677 2009 Bulmvitzii,

2180 2023 2475 2077 Rttcovt'tzt’i
2492 2038 2510 2075 :
2541 2022 2862 2083 Cratevitzt't',
2886 2019 3206 2073 Ccrnocilsii
3229 2036 3243 2071 :
3268 2018 3607 2072 Karlovitzii.

2180 2116 2259 2169 Ει
2286 2116 2351 2168 iis
2380 2130 2505 2183 qua:
2545 2114 2808 2179 deinceps
2836 2113 2888 2163 itt
2922 2111 3008 2165 his
3034 2110 3340 2165 Annalibus
3370 2120 3680 2178 sequuntur

2109 2209 2546 2263 animadvertere
2574 2207 2700 2260 licet
2730 2223 2745 2259 :
2777 2206 2988 2259 Turcos
3014 2219 3042 2256 a
3078 2203 3288 2256 Lazaro
3315 2201 3396 2256 vel
3421 2201 3679 2256 Eleazaro

2112 2299 2304 2357 ltnlco.
2351 2298 2492 2350 sicut
2533 2294 2837 2365 appellatur
2866 2309 2896 2348 a
2934 2292 3368 2362 Cltaleot-ondyle
3392 2333 3410 2357 ,
3442 2292 3535 2360 qui
3569 2297 3682 2362 pri-

2111 2409 2231 2445 tnus
2284 2392 2560 2458 regionem
2617 2389 2757 2443 Istro
2805 2389 3147 2453 adiacentem
3208 2387 3321 2441 sive
3372 2385 3617 2441 Serviani
3648 2404 3678 2443 a

2113 2486 2391 2554 Stephano
2442 2500 2567 2551 rege
2610 2484 2845 2552 Bulgaro
2915 2492 3108 2536 nactus
3156 2480 3278 2541 fuit,
3327 2495 3681 2536 successores

2109 2594 2322 2639 omnes,
2361 2579 2564 2632 Servis:
2594 2578 2850 2643 despotas
2881 2576 2997 2629 sive
3032 2573 3330 2643 principes.
3375 2573 3682 2641 appellasse

2112 2670 2349 2723 Lazarus
2370 2709 2383 2729 .
2417 2678 2478 2721 ut
2504 2683 2697 2721 omnes
2732 2663 3293 2731 Constantinopoleos
3320 2663 3682 2729 imperatores

2112 2763 2298 2815 itidem
2323 2763 2514 2813 dixere
2539 2756 2955 2813 Constantinos.
2990 2754 3265 2810 Laonicus
3297 2753 3412 2822 ipse
3439 2753 3677 2819 quodam

2112 2858 2162 2909 in
2189 2856 2313 2909 loco
2342 2852 2639 2923 Georgium
2672 2849 2882 2904 Servis:
2912 2848 3199 2915 despotam
3254 2863 3404 2901 more
3442 2843 3488 2901 Τ
3493 2847 3679 2900 nrcico

2112 2947 2435 3001 Eleazarum
2474 2944 2593 2999 sive
2624 2940 2890 2995 Lazarum
2925 2954 3122 2994 vocare
3152 2939 3386 2999 videtur.
3422 2937 3514 2993 tibi
3546 2939 3683 2993 dicit

2112 3037 2428 3093 Eleazarum
2456 3050 2554 3104 pro
2580 3034 2845 3102 Belgrado
2878 3033 3078 3085 multas
3121 3031 3286 3084 urbes
3313 3031 3367 3084 iit
3395 3030 3677 3086 Pannonia

437 3118 592 3185 quin.
646 3119 790 3187 quod
847 3120 902 3174 in
966 3120 1273 3175 Annalibus
1327 3121 1487 3189 longe
1546 3122 2004 3190 pulcherrimum,
2033 3136 2077 3195 α
2110 3137 2464 3184 consecutum
2501 3141 2532 3179 a
2557 3122 2907 3193 Sigismundo
2929 3161 2943 3178 .
2976 3120 3195 3192 Quippe
3222 3121 3462 3176 Thomas
3498 3121 3679 3176 Elien-

438 3222 708 3279 tantoqtte
736 3212 1035 3266 monarclta
1072 3212 1294 3283 dignum
1336 3216 1552 3284 legitur.
1585 3215 1649 3267 Et
1677 3215 1769 3270 alii
1798 3216 2010 3271 claudi-

441 3304 674 3355 cationis
719 3301 859 3356 hanc
912 3302 1161 3359 referunt
1188 3319 1431 3370 causam,
1460 3316 1517 3359 ut
1539 3304 1834 3369 Laonicus.
1860 3308 2007 3377 quod

441 3394 685 3459 privatus
715 3395 893 3449 adhuc
937 3406 993 3451 et
1034 3396 1194 3467 inops
1236 3412 1476 3461 tuurnm,
1510 3414 1622 3469 quo
1648 3401 1813 3454 cincti
1845 3417 2009 3470 peco-

439 3502 559 3539 rum
599 3502 790 3556 greges
821 3498 976 3543 erant
1017 3528 1032 3552 .
1076 3488 1206 3542 furti
1254 3492 1632 3545 committendi
1668 3507 1835 3547 causa
1876 3508 2005 3547 con-

438 3580 717 3634 scenderit
754 3598 768 3635 :
798 3596 1033 3651 cumque
1055 3597 1114 3635 se
1136 3582 1314 3637 visum
1349 3597 1379 3637 a
1414 3582 1804 3651 patrel'atnilias
1833 3587 2009 3639 anim-

436 3671 786 3738 advertisset,
809 3672 862 3727 in
896 3682 1096 3729 terram
1124 3673 1403 3740 desiliens,
1433 3690 1558 3729 crus
1586 3676 1806 3746 fregerit
1839 3693 1854 3741 ς
1890 3679 2006 3744 alii,

438 3763 587 3831 quod
634 3762 775 3817 inter
819 3764 1172 3833 pugnandum
1206 3764 1260 3819 in
1294 3766 1433 3834 pede
1468 3766 1806 3831 vulneratus.
1842 3768 2010 3841 418

436 3873 502 3910 es
561 3872 627 3909 eo
674 3866 920 3927 tempore
979 3857 1210 3914 claudus
1269 3857 1454 3915 fuerit.
1503 3860 1553 3914 ls
1610 3872 1817 3924 autem,
1849 3862 2006 3931 cujus

441 3949 639 4003 deinde
670 3949 731 4003 ﬁt
761 3950 988 4015 mentio,
1016 3950 1224 4006 Borcuc
1261 3953 1342 4008 vel
1377 3951 1604 4015 Bercuc,
1646 3953 1862 4024 Egypti
1894 3954 2009 4008 sul-

441 4052 603 4096 tanus
644 4042 764 4096 fuit.
799 4041 861 4094 Et
891 4056 1087 4095 nomen
1110 4042 1276 4110 hujus
1296 4060 1361 4097 ex
1386 4042 1843 4113 Schiltcpergerip
1873 4045 2008 4099 Ger-

445 4137 666 4188 ntanit-o
697 4134 907 4202 scripto
929 4174 945 4199 ,
996 4135 1089 4203 qui
1129 4144 1261 4189 tunc
1287 4138 1549 4205 temporis
1579 4137 1818 4191 Asiatica
1850 4153 2007 4202 pere-

444 4230 749 4293 grinatione
796 4236 1055 4296 suscepta
1078 4268 1094 4292 ,
1135 4232 1330 4298 pugnis
1360 4231 1632 4284 Tataricis
1664 4246 1729 4285 ac
1760 4231 2008 4285 Turcicis

442 4323 713 4385 interfuit,
751 4321 1077 4376 lieineccitts
1109 4322 1305 4391 allegat
1340 4341 1354 4377 :
1387 4324 1458 4377 ita
1506 4334 1683 4376 tamen
1714 4339 1743 4376 a
1770 4324 2008 4378 librariis

384 4404 385 4407 η
444 4430 735 4481 mutatum,
760 4429 819 4471 ut
854 4417 1147 4471 Bai-acloch
1178 4432 1274 4486 pro
1300 4414 1606 4481 Barakoch,
1633 4418 1713 4470 περι
1734 4416 2006 4472 Barakocli

2111 3220 2303 3276 dorlus
2337 3216 2737 3274 llaselbachius
2764 3256 2780 3280 ,
2829 3214 2925 3285 qui
2958 3224 3083 3269 tunc
3109 3213 3264 3278 vixit,
3292 3213 3344 3266 in
3375 3213 3679 3268 Austriacis

2116 3332 2281 3371 manu
2315 3313 2534 3380 scriptis
2563 3309 2751 3373 tradit,
2793 3308 2937 3364 hanc
2970 3308 3427 3379 permutationem
3462 3322 3569 3361 non
3597 3308 3680 3360 itt-

2114 3419 2193 3461 let'
2208 3404 2618 3473 Sigismundum
2638 3412 2693 3455 ct
2714 3401 3050 3463 Eleazarum.
3076 3401 3168 3455 sed
3184 3402 3324 3453 inter
3340 3401 3616 3454 All-crtum
3638 3402 3679 3456 ll

2108 3497 2458 3551 AttStriacuIn
2486 3504 2538 3545 et
2559 3491 2847 3561 Georgium
2864 3490 3066 3546 Serviat
3101 3492 3403 3559 principem
3450 3492 3676 3545 lat-tam:

2108 3605 2267 3658 quem
2285 3586 2501 3656 quidem
2524 3587 2637 3653 ipse
2659 3593 2839 3647 uorat,
2859 3598 2979 3638 cum
2999 3582 3050 3636 itt
3065 3583 3187 3635 aula
3205 3580 3464 3635 Friderici
3482 3580 3545 3634 IV
3564 3582 3681 3635 (Ite-

2109 3682 2251 3735 saris
2285 3678 2438 3732 exsul
2495 3675 2799 3731 honoriﬁce
2838 3676 3098 3729 aleretur.
3141 3673 3306 3727 Iidem
3352 3672 3628 3741 principes
3652 3690 3679 3722 ιι

2109 3772 2305 3828 Turcis
2331 3770 2527 3824 alicubi
2564 3770 2724 3821 etiam
2780 3766 3021 3834 Bulcogli
3078 3765 3433 3819 nominantur
3478 3766 3549 3819 ab
3577 3766 3681 3819 hoc

2107 3867 2285 3938 primo
2308 3862 2514 3916 Lazaro
2536 3858 2703 3913 Bulco
2732 3868 2990 3929 tanquam
3024 3855 3172 3910 Bulci
3207 3856 3300 3910 ﬁlii
3337 3857 3415 3910 vel
3457 3857 3679 3924 posteri,

2108 3962 2313 4015 sicutet
2330 3956 2632 4025 MieltaIOgli
2652 3966 2705 4010 et
2720 3952 3029 4021 Maleozogli
3047 3960 3171 4006 sttnt
3185 3948 3468 4011 Michaelis
3478 3959 3530 4003 et
3542 3948 3681 4004 Mar-

2108 4050 2157 4106 ci
2183 4049 2401 4118 posteri.
2418 4047 2461 4102 A
2486 4044 2691 4100 Serviis
2712 4051 2892 4098 autem
2914 4042 3124 4097 ratione
3146 4056 3369 4111 prorsus
3387 4041 3677 4097 consimili.

2111 4139 2424 4196 Bulcovitzii
2463 4138 2612 4191 luere
2638 4136 2833 4199 vocati,
2855 4134 3000 4187 velut
3027 4132 3174 4187 Bulci
3205 4133 3297 4187 lilii
3315 4134 3432 4189 sive
3453 4134 3679 4201 posteri.

2110 4232 2241 4288 Nam
2270 4233 2322 4286 id
2350 4234 2546 4300 lingua:
2565 4229 2853 4282 Slavornm
2878 4236 2969 4279 aut
2995 4224 3358 4288 Venetiarum,
3378 4240 3483 4295 qua
3504 4224 3677 4278 Servii

2110 4336 2355 4385 utttutnr.
2383 4322 2645 4377 familiare
2670 4329 2772 4373 est.
2806 4320 2899 4377 Sic
2922 4320 3084 4372 etiam
3123 4318 3394 4381 hodieque
3424 4315 3677 4372 Moscovii

2109 4413 2511 4474 Basilovitzios,
2571 4409 3083 4471 Theodorovitzios,
3135 4406 3529 4464 .lnanovitzios.
3581 4422 3680 4475 pro

445 4512 631 4576 potius
667 4510 942 4563 scribatur
969 4550 983 4563 .
1017 4509 1109 4563 Sic.
1141 4512 1285 4563 enim
1311 4525 1375 4562 ex
1402 4511 1710 4563 Annalibus
1737 4511 1887 4564 hisce
1917 4527 2003 4565 re-
2037 4487 2082 4543 θ
2110 4510 2233 4563 ﬁliis
2262 4506 2466 4567 Basilii,
2492 4500 2790 4563 Theodori.
2816 4498 3068 4561 Joannis,
3092 4498 3303 4553 dicunt.
3332 4497 3519 4551 Itidem
3543 4496 3680 4549 Cra-

437 4605 591 4660 stittti
621 4604 797 4655 debet.
819 4601 1021 4655 Nomen
1044 4603 1225 4669 ipsum
1256 4601 1537 4655 Borekuck
1570 4602 1649 4654 vel
1675 4600 2007 4663 Barackock.

444 4696 636 4749 divisis
670 4696 911 4757 vocibus,
949 4696 1056 4749 erit
1085 4695 1257 4749 Barac
1296 4694 1439 4752 liuk.
1471 4697 1549 4747 vel
1580 4693 1755 4746 Barac
1791 4692 1929 4761 (ἓως,
1957 4692 2008 4745 id

445 4796 550 4847 est,
586 4785 702 4852 Gog
734 4786 1075 4847 benedictus,
1132 4786 1245 4839 sive
1288 4786 1542 4839 laudatus
1568 4795 1623 4838 et
1656 4785 1910 4853 inclytus.
1948 4782 2011 4837 Et

446 4878 628 4930 statim
678 4878 749 4931 ah
808 4878 966 4930 initio
1020 4876 1413 4929 declarationis
1442 4877 1735 4928 Annalium
1770 4876 1835 4927 de
1867 4873 2008 4935 Kttk,

443 4969 586 5031 ουκ,
613 4980 663 5022 et
693 4968 829 5037 Gog,
859 4968 1107 5038 quaedam
1140 4970 1192 5022 itt
1231 4967 1460 5036 Giokelp
1488 4977 1581 5018 aut
1612 4966 1845 5033 Kukelp.
1871 4967 2011 5019 disi-

449 5078 591 5116 mus.
637 5062 930 5116 Dcstenses
981 5070 1162 5115 autem
1199 5060 1435 5114 Tataros
1458 5098 1474 5120 .
1507 5062 1571 5111 de
1596 5070 1740 5111 certa
1774 5059 2007 5122 quadam

449 5158 669 5209 natione
702 5154 1026 5209 Tatarorutn
1068 5156 1371 5218 accipimus
1402 5171 1415 5206 :
1448 5165 1638 5205 centra
1667 5152 1824 5206 Marii
1858 5150 2009 5220 Nigri

448 5251 773 5302 sententiam
794 5288 809 5307 .
860 5263 953 5315 qut
1000 5246 1165 5299 tradit
1198 5248 1250 5298 in
1285 5232 1482 5313 genere
1514 5245 1744 5298 Talaros
1776 5246 1920 5310 ipsos
1952 5257 2010 5296 se

452 5342 567 5392 llist
595 5341 777 5405 lingua
824 5355 922 5394 sua
972 5354 1188 5393 Vocare.
1222 5337 1361 5392 Sunt
1389 5338 1532 5392 enim
1559 5338 1759 5391 diversi
1797 5334 2008 5397 Talari,

445 5434 640 5503 priscis
665 5433 854 5491 etiam.
889 5448 995 5485 non
1032 5435 1133 5486 hac
1161 5436 1419 5486 duntaxat
1448 5442 1626 5495 aetate,
1650 5429 1854 5494 cogniti
1909 5444 1923 5479 :
1955 5438 2012 5481 ut

448 5530 701 5596 Aytltono
729 5536 782 5579 et
808 5525 928 5578 aliis
961 5524 1149 5592 Mogli.
1184 5525 1303 5576 sive
1340 5522 1539 5588 Mongli
1567 5538 1581 5574 :
1618 5532 1675 5573 ut
1704 5519 2009 5587 Sttutongli.

446 5636 477 5675 a
537 5622 735 5673 Tataro
786 5619 951 5671 ﬂuvio
994 5618 1146 5675 ditti.
1198 5616 1351 5669 νίιΙιιι
1393 5612 1897 5679 Tatariaquatici:
1953 5620 2012 5662 ut

449 5714 706 5781 'I'nngoti.
763 5714 851 5779 qui
901 5721 955 5763 et
1004 5709 1276 5762 Tant'lturi
1307 5748 1320 5772 ,
1351 5718 1403 5759 et
1438 5704 1710 5758 Τυιιςιιίιιί
1747 5721 1759 5755 :
1790 5713 1848 5755 ul
1879 5701 2011 5754 Citi-

462 5807 595 5861 ωιοὶ
652 5805 743 5871 qui
801 5816 851 5859 ot
904 5803 1197 5862 Chataini:
1239 5812 1296 5856 ut
1331 5799 1554 5867 Nugaii,
1586 5808 1643 5852 ut
1673 5794 1914 5859 Casanit,
1956 5803 2012 5847 ut

2113 4602 2316 4656 tevitzii
2353 4598 2711 4666 Bnlgarorum
2737 4590 3017 4661 principes
3044 4596 3223 4651 erant,
3252 4606 3281 4643 a
3313 4588 3497 4652 Crate,
3519 4603 3677 4657 quem

2113 4694 2370 4763 nglesis
2408 4690 2630 4745 fratrem
2661 4688 2936 4742 Laonicus
2986 4687 3255 4746 celebrat.
3302 4685 3541 4739 oriundi.
3586 4682 3677 4736 Sic

2113 4790 2181 4841 ab
2234 4787 2467 4840 auctore
2515 4783 2730 4851 genetis
2793 4779 3045 4848 appellati
3096 4776 3452 4834 Ccrnovitzii.
3491 4778 3673 4831 (tatart

2113 4879 2394 4933 Dalmatiae
2443 4876 2793 4943 regionisque
2840 4872 3031 4924 vicinae
3060 4870 3337 4937 quondam
3367 4870 3554 4937 reguli.
3584 4870 3677 4923 Sic

2112 4969 2424 5025 Karlovitzii
2477 4967 2797 5021 dict-bantur
2869 4964 2922 5016 iti
2970 4962 3196 5015 Albania
3231 4961 3315 5014 vel
3349 4962 3512 5029 Epiro
3543 4961 3676 5031 Dyr-
3744 4984 3749 4989 -

2112 5064 2360 5119 rhachiui
2400 5062 2481 5114 vel
2533 5057 2782 5111 Durazzii
2845 5056 3162 5125 principes,
3216 5054 3360 5121 quod
3413 5069 3441 5106 a
3476 5052 3677 5105 Karulo

2111 5154 2393 5226 propagati
2443 5152 2697 5214 fuissent,
2725 5164 2790 5202 es
2825 5163 3008 5216 regum
3044 5146 3231 5199 Gallia:
3260 5145 3465 5198 familia
3491 5183 3505 5197 .
3539 5145 3673 5197 Nam

2111 5242 2426 5297 Ludovicus
2490 5239 2680 5294 Gallia
2739 5252 2860 5297 res,
2909 5250 3073 5303 quem
3131 5234 3543 5290 canonissatutn
3594 5236 3674 5304 (ut

2115 5337 2287 5401 aiunt)
2339 5348 2366 5384 a
2416 5331 2765 5401 pontiﬁcibus
2794 5328 3078 5392 Romanis,
3113 5340 3361 5382 sanctum
3396 5330 3676 5395 cognomi-

2115 5434 2263 5488 nant,
2292 5421 2517 5475 l'ralrem
2539 5422 2801 5476 Karulum
2829 5422 3037 5482 habuit.
3055 5421 3327 5489 Andegavi
3352 5420 3678 5473 PI‘OVillCltﬂ-

2114 5534 2220 5584 que
2244 5517 2521 5575 camitem.
2556 5517 2645 5581 qui
2679 5513 2995 5569 Cunratlino
3038 5510 3302 5565 Friderici
3346 5512 3389 5565 ll
3442 5512 3673 5565 (La-saris

2116 5608 2296 5673 llt'poli
2323 5622 2548 5671 regnum
2576 5604 2988 5671 Neapolitanum
3014 5619 3139 5655 cum
3177 5603 3283 5654 vita
3312 5619 3405 5669 per
3438 5602 3521 5655 fas
3580 5620 3671 5654 tte-

2116 5697 2198 5749 ius
2237 5696 2456 5759 eripuit.
2492 5694 2621 5762 Ejus
2663 5695 2804 5747 ﬁlius
2854 5695 2954 5745 fuit
3011 5692 3246 5745 Karttltts
3274 5694 3338 5752 ll,
3375 5710 3538 5757 nepos
3568 5693 3673 5745 Pe-

2116 5798 2230 5844 tru:
2274 5786 2521 5840 Gravius:
2569 5786 2699 5851 dux,
2751 5802 3020 5855 pronepos
3073 5782 3301 5840 iiut'ulu:
3350 5785 3664 5854 llyt‘rhacint
