4204 6300
418 303 523 372 ’ΠΙ

1608 301 1932 362 JOAN’NIS
1982 299 2455 362 LEUNCLAVH

3555 295 3661 358 77‘2

494 418 629 473 Cum
662 425 841 466 autern
876 415 999 465 anni
1040 410 1255 464 Tureici
1309 409 1434 471 9.96.
1488 409 1830 465 Christianos
1871 409 1987 463 eﬂi-
2023 418 2063 471 Α
2093 409 2442 463 Androoicns
2465 407 2801 477 Pulmulugus
2844 406 2881 459 ll
2920 407 3217 477 imperator
3278 408 3467 462 edidit.
3533 410 3661 478 Ejtls‘

424 509 569 565 (Eant
600 505 744 558 9.87:
791 502 1040 570 sequitur
1093 503 1318 556 omnino
1378 512 1456 554 tot
1512 503 1670 554 anuis
1733 504 1993 555 hactenus

364 604 380 616 '
427 601 717 669 imperium
781 594 1203 649 Osmanidarum
1262 595 1510 651 durasse.
1579 610 1799 662 sumpto
1876 594 1995 661 ejus

426 692 603 752 initio.
667 690 810 743 sicut
840 688 1134 741 indicatum
1164 695 1268 751 est,
1327 688 1395 739 ab
1626 703 1767 738 anno
1832 686 1992 740 1500.

427 784 524 837 Siti
562 784 791 835 aliorum
824 782 977 849 sequi
1035 784 1277 835 rationes
1342 781 1615 843 velimus,
1688 784 1995 834 necessario

429 875 777 927 referendum
812 882 909 925 erit
952 872 1278 939 principium
1308 873 1456 937 regni
1481 872 1900 925 Osmanidaruin
1929 873 1993 926 ad

425 981 631 1017 annum
653 965 1027 1019 Christianum
1063 963 1223 1029 1295,
1276 965 1415 1032 ptod
1471 966 1715 1018 omnium
1763 966 1997 1019 chrono-

424 1062 761 1130 grapbormn
794 1069 847 1112 et
903 1058 1300 1112 Historicorum
1353 1057 1644 1111 illustrium
1706 1060 1996 1112 sententiis

426 1153 851 1206 adversabitur:
892 1152 1231 1205 nutomnino
1273 1147 1577 1211 fatendum,
1634 1151 1688 1203 in
1740 1148 1830 1203 illa
1865 1166 1999 1220 sup-

427 1245 712 1314 putatione
781 1254 1094 1296 nostrorum
1158 1243 1401 1312 quinque
1449 1250 1597 1297 totos
1648 1255 1822 1297 annos
1876 1257 2000 1297 esse

424 1336 748 1406 superﬂuos.

498 1429 586 1484 48.
623 1427 1023 1481 Monumentum
1069 1424 1303 1481 Horati:
1361 1428 1416 1481 in
1468 1444 1655 1493 campo
1701 1428 1927 1482 Corona.

496 1520 571 1574 De
603 1523 883 1591 sepultura
942 1520 1168 1573 Muratis
1226 1521 1406 1575 obiter
1474 1521 1699 1587 habeto,
1768 1523 1910 1576 tradi
1968 1536 1998 1576 a

424 1615 783 1682 quibusdam,
818 1613 1052 1666 cadaver
1079 1613 1198 1677 ejus
1247 1614 1506 1682 Sophiam
1563 1616 1733 1669 fuisse
1798 1616 1998 1684 depor-

427 1716 620 1760 taturn.
655 1704 758 1759 Alii
798 1722 923 1759 cum
955 1705 1149 1759 Turcis
1217 1706 1585 1773 censentium,
1635 1708 1724 1775 qui
1767 1708 1994 1762 Prusam

2095 504 2241 557 enim
2294 504 2406 557 btet:
2466 503 2626 559 verba
2683 512 2859 555 sunt:
2918 499 3129 562 Vidina,
3174 517 3294 570 qua:
3343 504 3493 569 prius
3548 516 3664 553 erat

2094 601 2438 668 epi<enpatus
2471 598 2800 652 sanctissimi
2836 597 3342 664 archiepiscopatus
3378 594 3660 665 Bulgaria;

2098 694 2150 745 in
2184 692 2524 757 metropolim
2582 700 2767 743 CVCClil
2826 700 2925 741 est.
2971 708 2988 738 υ
3049 687 3330 742 Bonllnius
3392 687 3662 742 Budinum

2099 783 2366 835 nominat.
2392 781 2617 834 Michael
2654 781 2827 833 liitius
2864 778 3139 842 Bidinum,
3180 782 3319 849 apud
3354 797 3513 847 quem
3569 791 3662 835 ta—

2100 890 2219 925 men
2258 877 2395 926 niaie
2436 874 2697 941 seriptum
2731 872 2927 941 legitur
2956 871 3272 936 Biolinium,
3307 891 3404 944 pro
3446 874 3661 929 Bidino.

2100 965 2414 1023 Yidincnsis
2439 972 2810 1039 sangiacatns,
2851 986 2996 1025 nunc
3052 972 3194 1024 inter
3246 972 3382 1025 alios
3444 970 3667 1041 Bi-gler-

2101 1060 2235 1128 bego
2258 1060 2670 1116 Teutesvarensi
2715 1063 2991 1130 subjectos
3040 1073 3376 1124 reoettsetur,
3426 1065 3493 1116 de
3559 1081 3669 1131 quo

2102 1150 2254 1218 plura
2293 1166 2393 1204 suo
2424 1152 2567 1213 loco,
2603 1152 2657 1204 in
2688 1151 2888 1205 Notitia
2926 1152 3177 1205 videlicet
3214 1152 3429 1219 imperii
3478 1150 3670 1207 Osnia~

2102 1245 2230 1299 niri.
2260 1244 2442 1299 Citros
2476 1246 2527 1299 in
2578 1245 2791 1300 novella
2821 1243 3019 1299 Leonis
3057 1246 3399 1316 imperatoris
3458 1246 3668 1313 episco-

2101 1345 2261 1405 patus
2281 1346 2367 1390 est
2399 1336 2721 1402 Thessaliae,
2750 1338 2854 1390 sub
2901 1336 3319 1405 metropolitano
3375 1334 3670 1389 Thessalo.

2102 1426 2309 1479 nicensi
2344 1443 2358 1480 :
2400 1424 2614 1480 aninte
2650 1428 2890 1496 regionis
2916 1428 3076 1497 vulgo
3107 1443 3328 1496 quoque
3350 1438 3534 1480 notmn
3588 1438 3671 1479 est

2104 1522 2551 1574 nomenJm-olas
2582 1522 2828 1574 historici
2865 1519 3037 1575 (ἶνευεί
3087 1521 3276 1575 dixero
3327 1517 3666 1574 Patzinaras.

2101 1611 2322 1679 Origine
2364 1622 2493 1664 sunt
2546 1612 2772 1675 Vencdi,
2815 1615 2962 1681 quod
3029 1629 3094 1667 ex
3144 1614 3257 1682 ipsa
3311 1614 3512 1682 lingua.
3569 1629 3671 1677 qua

2107 1714 2335 1755 utuntur
2367 1700 2640 1771 hodieque
2676 1703 2894 1759 Venetia
2929 1706 3119 1772 liquet.
3182 1706 3550 1773 Antiquitates
3580 1707 3673 1753 lm-

428 1809 733 1851 memoraint
795 1809 1069 1860 avectam,
1126 1804 1178 1849 et
1228 1798 1379 1866 juxta
1431 1798 1695 1852 Tlierums
1748 1798 1995 1854 Prusms
2034 1779 2071 1833 Β
2105 1810 2222 1846 rum
2254 1793 2523 1848 Cedriuns
2586 1795 2641 1849 in
2701 1795 3062 1851 Monomacho
3114 1799 3356 1866 Angusto
3402 1798 3673 1850 lui-ulmis

429 1891 698 1958 majorum
735 1892 1102 1945 monumentis
1133 1901 1517 1960 aggregatuin:
1570 1892 1641 1945 ita
1700 1902 1898 1955 tamen,
1940 1902 1999 1945 ut

429 1982 582 2049 prius
607 1985 1025 2044 evisceraretur,
1058 1996 1113 2037 et
1146 1984 1402 2037 intestina
1436 1984 1488 2035 in
1545 1984 1769 2051 planitie
1825 1985 1998 2038 (Ioso-

428 2088 565 2127 vana
597 2073 1011 2143 (tiassovianam
1041 2075 1381 2129 Sauaovinus
1430 2076 1628 2145 ubique
1688 2092 1793 2129 non
1856 2087 2001 2130 recte

433 2167 610 2236 vocat)
632 2178 790 2220 terra:
830 2168 1245 2223 mandarentur.
1288 2168 1344 2223 ld
1415 2185 1604 2223 verum
1668 2185 1789 2223 esse
1847 2172 2005 2225 colli-

430 2259 576 2327 gitur
600 2275 664 2312 ex
701 2260 782 2312 bis
822 2259 1052 2313 Bonlinii
1096 2262 1297 2325 verbis,
1349 2262 1546 2332 quibus
1582 2262 1745 2314 etiam
1804 2277 2005 2316 monu-

433 2351 624 2413 menti,
662 2365 728 2405 eo
765 2352 886 2403 loco
924 2354 1125 2417 relicti,
1194 2354 1465 2422 hodieque
1540 2355 1879 2423 superstitis.
1948 2365 2006 2409 et

434 2444 593 2496 nobis
620 2460 648 2496 a
675 2444 971 2501 comitibus
1003 2444 1197 2499 Turcis
1261 2448 1576 2509 monstrati,
1629 2447 1835 2500 mentio
1897 2446 1955 2500 lit
1986 2461 2002 2511 ;

434 2534 493 2587 lu
519 2534 693 2589 media
726 2536 947 2605 (inquit)
972 2535 1086 2590 fere
1124 2538 1355 2606 planitie
1403 2538 1628 2593 Cosmus
1684 2538 1837 2593 collis
1894 2554 2009 2593 mo-

430 2629 585 2679 dicus
614 2629 877 2694 assurgit,
938 2628 1094 2698 cujus
1163 2630 1374 2684 radices
1440 2630 1721 2683 Schitniza
1792 2629 2003 2684 lambit.

431 2717 549 2771 Non
584 2720 754 2771 multo
780 2718 1005 2771 ulterius
1028 2760 1042 2783 ,
1093 2719 1159 2772 ad
1196 2728 1363 2789 caput
1427 2720 1689 2791 aequoris,
1756 2721 2002 2789 quaedam

432 2816 603 2865 turris
632 2822 775 2876 erat,
808 2813 1089 2881 cujusdam
1120 2812 1251 2865 olim
1309 2812 1593 2867 Amuratis
1649 2812 1894 2865 tumulus
1952 2824 2007 2867 et

440 2904 678 2974 pyrumis
706 2921 719 2958 :
750 2905 839 2973 qui
870 2903 1157 2975 profligato
1188 2905 1453 2970 exercitu,
1494 2907 1568 2960 ibi
1601 2921 1773 2960 caesus
1814 2913 1869 2958 et
1922 2921 2007 2959 se—

439 2996 626 3063 pultus
660 3005 761 3049 est.
801 2992 1076 3049 Hactenus
1103 2994 1408 3058 Bonllnius.
1436 2997 1594 3063 cujus
1654 2996 1836 3050 verbis
1870 3012 2008 3051 non-

441 3085 578 3138 nihil
612 3085 992 3138 inlum‘eamus.
1024 3083 1355 3138 Scltitnizato
1406 3086 1494 3138 alii
1532 3087 1866 3139 Schiuitzam
1932 3095 2005 3140 te-

441 3193 593 3229 mere
633 3178 916 3231 nominare
955 3180 1183 3230 malunt.
1216 3181 1297 3229 An
1336 3178 1473 3230 idem
1533 3179 1732 3232 ﬂuvius
1788 3178 1858 3231 sit
1887 3192 2009 3231 cum

440 3268 681 3331 Morava,
719 3268 1024 3325 videbimus
1042 3268 1325 3338 deinceps,
1354 3287 1578 3323 numero
1609 3279 1863 3325 notarum
1885 3269 2008 3324 ιω.

442 3363 728 3417 Aniuratis
750 3366 1017 3416 tumulum
1074 3375 1127 3417 et
1181 3364 1515 3431 sepulturam
1579 3362 1853 3429 intelligit,
1903 3376 2015 3431 quo

442 3456 562 3509 loco
621 3455 838 3509 fuerunt
896 3456 1071 3525 ipsius
1136 3456 1348 3510 condita
1411 3456 1643 3508 viscera.
1711 3455 2011 3520 Quemdam

443 3549 579 3601 dicit
602 3550 919 3601 Amuratem
962 3547 1259 3612 indelinite,
1326 3563 1422 3615 pro
1451 3548 1664 3601 sultano
1730 3545 1940 3600 Muratc
1974 3545 2013 3598 Ι.

446 3642 794 3709 l'rotligatum
831 3640 987 3709 prius
1027 3642 1101 3693 ait
1150 3642 1476 3705 exercitum,
1532 3654 1641 3693 non
1676 3641 2013 3709 exprimens.

442 3734 785 3788 Turricusne
810 3733 1130 3803 proﬂigatus
1157 3731 1341 3795 fuerit,
1368 3747 1436 3785 an
1472 3731 1689 3786 hostiiis
1717 3734 2013 3793 exercitus,

443 3842 510 3880 ac
539 3827 735 3881 deinde
774 3826 1038 3880 Murutettt
1106 3840 1353 3881 cassum:
1402 3839 1525 3878 eum
1580 3840 1722 3877 caeso
1787 3824 2017 3887 Lluratr,

444 3918 636 3972 Lazari
671 3917 874 3973 Sen-ie
918 3918 1180 3987 principis
1208 3920 1512 3972 exercitum
1546 3932 1576 3970 a
1610 3916 1848 3987 Bajazite
1910 3917 2020 3969 lilio

441 4013 676 4066 Muratis
704 4011 790 4064 hic
820 4010 1107 4064 audiamus
1138 4012 1305 4065 tuisse
1339 4009 1525 4071 nradio
1562 4009 1785 4063 victum.

442 4124 531 4180 49.
571 4121 888 4175 Kirutovum
936 4137 1086 4173 mons
1127 4120 1352 4189 argenti.
1390 4120 1582 4173 Vidine
1614 4121 1718 4173 sire
1754 4118 2019 4184 Vidinum,

836 4192 1030 4256 (ἐξίτω,
1060 4190 1287 4256 Bonna,
1314 4189 1642 4243 Patsiuucw.

518 4285 835 4340 Kiratovnm
878 4281 1072 4337 Turcis
1147 4284 1452 4353 appellatur
1502 4284 1761 4352 oppidum
1818 4281 2022 4338 εστι·νὶει

448 4377 615 4431 situm
658 4377 721 4429 ad
752 4386 1013 4436 montem,
1049 4390 1211 4443 quem
1267 4377 1649 4445 Argentarium
1713 4389 1930 4441 vocant,
1990 4392 2018 4428 a

2103 1887 2413 1955 descripsit.
2446 1888 2549 1942 Sed
2575 1906 2639 1943 co
2671 1892 2787 1946 loco
2824 1890 2977 1946 deest
3006 1892 3058 1945 in
3090 1892 3237 1946 edito
3270 1892 3504 1945 Cedrino
3569 1894 3677 1942 I'ra-

2104 1987 2385 2047 gmentum
2420 1978 2652 2049 insigne,
2680 1983 2823 2049 quod
2856 1996 2979 2035 cum
3010 1983 3251 2036 historia
3272 1982 3530 2037 studiosis
3572 1983 3671 2034 ali-

2106 2069 2324 2137 quando
2362 2074 2915 2127 Commnnicabimtts.
2978 2073 3071 2127 Vir
3101 2078 3244 2128 acris
3290 2073 3482 2140 judicii
3533 2072 3675 2125 Peu-

2106 2176 2290 2224 cerus,
2322 2178 2485 2231 quem
2521 2164 2844 2218 adolescens
2881 2167 2935 2217 in
2983 2165 3330 2236 geometricis
3391 2175 3447 2219 et
3496 2179 3675 2218 astro-

2111 2252 2349 2306 nomicis
2374 2254 2564 2305 audire
2588 2254 2838 2316 memini,
2876 2252 3291 2309 Pateinaearum
3333 2270 3428 2309 seu
3497 2254 3677 2308 Pulli-

2110 2360 2373 2398 nacorum
2415 2362 2611 2400 nomen
2645 2363 2674 2401 a
2724 2347 2925 2402 Posina
2972 2351 3089 2404 sive
3139 2346 3453 2410 Pozinania,
3508 2348 3676 2403 nobili

2109 2434 2352 2490 Polonize
2379 2440 2703 2506 municipio.
2734 2441 2983 2496 derivare
3033 2443 3282 2496 solebat:
3328 2440 3473 2511 quod
3521 2440 3575 2493 in
3612 2442 3679 2492 iis

2106 2527 2317 2580 scilicet
2337 2527 2536 2583 linihus
2561 2513 2869 2600 aliquando
2893 2530 3053 2586 sedes
3082 2531 3339 2585 habuisse
3368 2532 3676 2588 videantur.

2110 2629 2405 2688 antequam
2441 2637 2634 2675 versus
2664 2622 2938 2677 Triballos
2971 2626 3418 2694 commigrarent.
3453 2622 3519 2677 Et
3547 2623 3677 2677 dicti

2111 2711 2366 2765 videntur
2422 2728 2451 2766 s
2486 2713 2689 2769 Grmcis
2754 2714 3074 2780 Pallinacw,
3144 2728 3456 2771 nostrorum
3505 2731 3677 2777 more,

2111 2804 2314 2870 quibus
2348 2802 2638 2860 Bozinuchi
2680 2824 2786 2860 non
2827 2810 2982 2861 aliter
3011 2810 3378 2877 appellantur.
3402 2825 3470 2861 an
3501 2808 3674 2870 δικ-ἰ,

2114 2898 2367 2953 Slavacbi
2400 2916 2413 2953 :
2449 2900 2662 2963 l‘oloni,
2694 2900 2916 2954 Polacbi
2945 2918 2957 2953 :
3002 2901 3197 2963 Buemi,
3234 2900 3537 2956 Btnmacbi.

2432 2990 2519 3045 50.
2555 2992 2873 3044 Alascltrher
2920 2995 2973 3045 in
3004 2991 3345 3046 Communia.

2188 3083 2525 3138 Alascheher
2580 3084 2762 3153 lingua
2858 3084 3088 3138 Tureica
3175 3085 3450 3156 signiﬁcat
3503 3085 3679 3138 Altam

2118 3174 2642 3235 civitatem.Gra:eis
2672 3192 2780 3232 uno
2799 3176 3069 3235 Vocabulo
3124 3176 3401 3231 diceretur
3445 3174 3682 3247 llypsili-

2121 3270 2279 3338 polis.
2303 3267 2414 3325 Sed
2436 3269 2703 3339 ejusmodi
2730 3269 2948 3323 nomine
2986 3269 3135 3322 nulla
3186 3270 3458 3338 reperitur
3513 3271 3564 3322 in
3598 3269 3684 3321 hi-

2121 3364 2306 3417 storiis
2333 3363 2486 3423 urbs.
2512 3378 2609 3416 nec
2649 3364 2789 3431 apud
2824 3360 3197 3432 Geographos,
3249 3362 3395 3429 quod
3433 3362 3682 3430 equidem

2119 3457 2309 3511 sciam.
2342 3455 2451 3512 Leo
2485 3455 2714 3524 Sapiens
2744 3456 3021 3524 Augustus
3051 3456 3103 3509 in
3130 3454 3339 3509 novella
3396 3456 3462 3506 de
3511 3452 3687 3506 Thro-

2122 3548 2206 3601 uis
2231 3548 2332 3601 sub
2356 3548 2642 3616 metropoli
2692 3544 3045 3601 Neocaesariae
3106 3546 3259 3600 Ponti
3319 3544 3684 3599 Polemoniaci

2126 3650 2373 3695 recenset
2409 3641 2781 3708 episcopatum
2816 3639 3100 3709 Hypsilon,
3150 3638 3203 3692 id
3265 3649 3347 3693 est
3403 3639 3571 3692 altum
3603 3638 3687 3690 vel

2121 3731 2431 3784 sublimem.
2480 3729 2626 3783 ldem
2662 3729 2766 3784 sub
2796 3725 3096 3799 Synadeusi
3147 3726 3394 3798 Phrygias
3425 3725 3691 3780 Salutaris

2124 3824 2411 3891 metropoli
2440 3825 2672 3878 collocat
2694 3825 3073 3895 episcopatum
3125 3822 3337 3894 Hypso,
3401 3824 3545 3893 quod
3601 3821 3689 3876 iti-

2122 3917 2243 3971 dem
2267 3915 2459 3970 Grzce
2491 3917 2683 3971 alludit
2705 3917 2769 3969 ad
2794 3916 3160 3970 altitudinem.
3207 3915 3312 3970 Sed
3364 3930 3431 3969 an
3461 3916 3528 3967 ad
3570 3916 3692 3968 Ala-

2123 4007 2434 4063 scheberim
2501 4021 2567 4062 ea
2599 4007 2823 4061 nomina
2851 4016 3183 4077 congruunt,
3251 4017 3309 4059 ut
3372 4006 3694 4061 existimen-

2126 4108 2216 4153 tur
2245 4100 2669 4169 appellationem
2698 4097 2942 4153 Grzcam
2991 4086 3155 4153 Turci
3192 4098 3374 4167 lingua
3412 4113 3511 4153 sua
3566 4097 3693 4151 red-

2124 4192 2369 4247 didisse:
2401 4190 2612 4259 judicio
2672 4191 2895 4244 lectoris
2952 4190 3153 4245 eruditi
3219 4189 3495 4258 relinquo.
3553 4187 3690 4256 Quia

2126 4290 2306 4338 tamen
2338 4284 2525 4339 statim
2556 4281 2647 4337 hic
2676 4282 2930 4350 sequitur
2959 4281 3278 4336 Aidinensis
3319 4283 3434 4351 agri
3462 4283 3691 4344 mentio,

2126 4376 2221 4446 qui
2264 4391 2455 4430 versus
2486 4374 2702 4429 Cariam
2748 4373 2996 4446 Phrygias
3052 4373 3243 4441 majori
3301 4374 3587 4427 ﬁnitimam
3636 4389 3696 4427 se

451 4470 651 4522 l'ndiuis
670 4467 901 4538 argenti.
927 4467 1170 4521 Gallicus
1202 4469 1473 4535 interpres
1527 4465 1752 4523 Laouici
1798 4470 2020 4524 liliodo-
2053 4469 2100 4529 D
2128 4467 2381 4537 porrigit,
2401 4475 2455 4521 et
2487 4465 2841 4521 Alascheheri
2868 4475 3026 4536 capta
3062 4467 3279 4520 venisse
3325 4466 3580 4535 Bajazitis
3640 4466 3694 4520 in

452 4580 553 4631 pen
593 4563 738 4618 hunc
771 4578 893 4617 esse
925 4563 1059 4625 vult,
1126 4577 1249 4616 cttm
1317 4566 1389 4617 sit
1451 4563 1697 4617 ιιεειιιυς.
1750 4564 2025 4617 Antonius

451 4655 738 4711 Bonlinius
772 4655 978 4723 argenti
1014 4653 1323 4707 fodinarum
1367 4654 1422 4708 ln
1454 4653 1641 4708 Set-via
1690 4655 2021 4706 mentionem

452 4751 604 4809 facit,
642 4758 699 4802 tit
732 4748 1020 4801 admodum
1048 4748 1337 4800 nobilium.
1393 4748 1716 4801 Kiratovum
1769 4746 2025 4798 Castaldo

454 4839 715 4892 scribitur
746 4838 1004 4894 Cratero.
1044 4840 1185 4906 quod
1235 4838 1376 4891 idem
1412 4847 1499 4890 est
1559 4853 1683 4890 cum
1746 4836 2023 4889 Kiratovo.

458 4929 713 4982 Vidinnnt
744 4929 906 4981 hodie
936 4927 1151 4989 dicunt,
1185 4943 1351 4996 quam
1406 4925 1618 4979 larius
1674 4923 1837 4991 Niger
1893 4924 2025 4983 oliui

455 5024 571 5074 vult
600 5022 923 5089 appellatam
965 5018 1139 5073 luisse
1201 5016 1590 5071 Viminacium.
1628 5016 1761 5085 Ejus
1821 5013 1875 5068 in
1934 5013 2027 5069 Ju-

454 5117 683 5171 Stiniani
718 5114 947 5182 Augusti
975 5114 1192 5166 amissa:
1244 5111 1471 5165 novella:
1524 5110 1681 5163 titulo
1708 5110 1767 5162 lit
1802 5109 2028 5171 mentio,

456 5207 618 5275 cujus
643 5206 917 5275 epitomen
954 5208 1005 5257 iu
1038 5208 1056 5258 ι
1084 5203 1316 5256 aratitlis
1382 5201 1520 5256 meis
1575 5200 1781 5253 Grteeis
1832 5195 2029 5265 reperi.

459 5300 767 5353 Sambucus
803 5307 990 5353 noster
1015 5298 1065 5349 in
1102 5294 1374 5373 Ungui-ite.
1400 5292 1801 5359 chorographia
1855 5290 2030 5359 quod-

459 5398 583 5444 dam
643 5389 937 5455 Viniinatz,
1002 5390 1281 5442 diversum
1342 5404 1369 5440 a
1435 5384 1653 5445 Vidina.
1706 5400 1832 5439 mox
1891 5383 2031 5437 infra

464 5484 781 5545 lielgrailuni
806 5484 981 5551 ponit.
1013 5477 1468 5548 Chalcoi-onilylis
1500 5478 1771 5547 interpres
1802 5476 2031 5530 Latinus

460 5574 733 5645 Bydenzim
798 5574 1053 5634 reddidit,
1084 5588 1248 5641 quam
1321 5570 1589 5639 Vidynam
1653 5569 1890 5622 scribere
1943 5566 2039 5621 de-

460 5670 650 5721 liuerat
676 5682 689 5718 :
734 5665 1192 5735 quemadmodum
1230 5663 1431 5731 legitur
1452 5663 1616 5715 etiam
1646 5662 1696 5713 in
1727 5660 2034 5728 posteriore

463 5759 671 5813 novella
712 5760 777 5814 de
817 5760 1007 5813 ordine
1059 5756 1430 5821 Tlirouorum,
1488 5770 1655 5825 quam
1704 5752 1758 5805 in
1826 5750 2036 5818 synodo

2128 4569 2452 4628 potestatem
2520 4558 2986 4613 traditnrtl'acile
3051 4557 3365 4628 persuaderi
3444 4558 3693 4628 equidem

2130 4647 2264 4699 mihi
2300 4653 2542 4714 paterer,
2572 4647 2831 4715 oppidum
2894 4647 3167 4714 posterius
3229 4646 3438 4717 Hypso,
3488 4647 3698 4700 abolito

2127 4737 2393 4795 vocabulo
2424 4737 2633 4800 Graeco.
2707 4739 3001 4793 ancicum
3069 4739 3401 4795 Alascheber
3450 4738 3697 4808 ejusdem

2129 4831 2421 4899 signiticati
2450 4831 2667 4884 diversa
2695 4829 2748 4883 in
2783 4830 2967 4900 lingua
2994 4846 3191 4885 nomen
3218 4833 3512 4900 accepisse.
3536 4830 3693 4902 ul

2132 4921 2205 4974 De
2237 4921 2578 4990 regionibus,
2610 4921 2895 4975 Aidinensi
2956 4930 3013 4978 et
3071 4920 3396 4985 Sarchania,
3448 4926 3700 4992 superius

2131 5028 2161 5067 a
2195 5014 2351 5066 nobis
2372 5028 2604 5067 numero
2634 5013 2699 5067 l5
2735 5020 3050 5068 tractaturo.

2132 5131 2219 5184 51.
2240 5130 2575 5185 Constantini
2601 5148 2632 5182 ο
2658 5128 2842 5184 Turcis
2865 5129 3117 5198 appellati
3143 5128 3449 5185 Crit-corum
3472 5131 3699 5197 impers-

2203 5212 2340 5254 tores
2370 5200 2853 5271 omnes,Nigeboli,
2881 5203 3127 5269 prwlium
3174 5200 3629 5269 Neapolitanus.

2204 5291 2264 5345 Ei
2293 5290 2606 5345 Grazcowm
2644 5289 2983 5358 imperatori,
3016 5292 3101 5343 cui
3142 5291 3409 5359 Bajazttes
3451 5292 3704 5346 intulisse

2135 5386 2335 5441 bellum
2365 5386 2587 5445 dieitur,
2653 5397 2852 5437 nomen
2886 5392 3007 5436 erat
3068 5380 3306 5436 lationes
3366 5380 3707 5452 Palsolu'us

2132 5470 2733 5543 (Csilojoannemvulgo
2792 5471 3174 5536 nominabant,
3223 5485 3331 5524 non
3383 5488 3412 5525 a
3461 5471 3707 5541 pulchri-

2134 5566 2345 5627 tudine,
2382 5564 2475 5617 sed
2507 5562 2776 5632 bonitate)
2811 5563 2907 5629 qui
2944 5562 3249 5617 Blanuelem
3316 5564 3507 5627 lilium,
3541 5563 3706 5631 cujus

2136 5672 2236 5710 nos
2290 5665 2555 5725 pra-cepta
2612 5655 2953 5710 educationis
3009 5656 3170 5723 regiae
3202 5655 3391 5707 Latina
3452 5652 3702 5715 furitltlls,

2135 5758 2443 5803 consortem
2489 5750 2704 5819 imperii
2762 5750 2919 5802 vivus
2964 5746 3290 5817 designavit.
3338 5746 3706 5799 Mltilouitttts
