4218 6308
437 402 541 466 777

1575 406 1975 471 PANDECTE
2008 407 2209 469 lIlST.
2241 405 2343 467 TU
2360 401 2553 464 καις.

3588 382 3696 451 ἿἿ8

435 520 506 574 tis
549 517 767 591 agnitos
817 518 1154 590 imaginibus
1208 529 1467 589 expetant
1522 520 1882 577 avidissime:
1917 534 2016 578 nec

2120 520 2392 578 Laonicus
2427 520 2525 583 ait,
2575 514 2779 572 Tekien
2820 527 2945 569 esse
2991 512 3270 583 regionem
3317 519 3376 564 nt
3409 508 3696 580 Bithynith

429 612 704 677 dubitent,
743 612 907 667 modo
929 628 990 668 se
1022 628 1120 681 pro
1141 613 1423 667 mercibus
1448 613 1566 670 suis
1593 628 1691 669 cos
1724 613 2013 669 habituros

433 702 771 775 intelligant,
800 702 872 759 de
916 703 1199 758 communi
1254 703 1433 772 pretio
1486 704 1738 757 trientem
1764 703 1847 757 vel
1881 720 2015 775 qua-

430 795 683 853 drantem
736 797 1035 852 remittere.
1101 796 1182 852 Ne
1261 798 1478 867 pondus
1530 797 1752 868 quidem
1818 798 2015 854 borum

431 888 742 959 explorant,
795 889 946 960 quod
971 897 1154 945 tamen
1206 890 1261 945 in
1304 889 1514 946 sultani
1548 889 1635 945 sui
1689 891 2016 964 ceterisque

434 983 669 1038 monetis
690 982 933 1048 usitatis,
965 982 1290 1055 scrupulose
1327 982 1507 1039 facere
1533 984 1729 1038 solent.

434 1119 523 1177 56.
559 1118 669 1176 Cur
698 1121 1045 1187 imperatores
1078 1116 1389 1203 Crtecorttm
1424 1134 1457 1171 a
1502 1115 1691 1172 Turcis
1721 1117 1852 1171 dicti
1887 1117 2013 1187 Teg-

1118 1205 1318 1259 giures.

501 1300 803 1373 Teggiures
829 1308 1022 1371 supra,
1060 1315 1292 1357 numero
1334 1300 1420 1367 l5,
1470 1301 1712 1356 diximus
1746 1316 1776 1354 a
1814 1298 2016 1354 Turcis

443 1394 744 1464 appellatos
775 1393 1095 1449 Graecorum
1141 1406 1253 1448 tam
1302 1393 1356 1447 in
1393 1392 1642 1455 urbibus,
1675 1408 1840 1463 quam
1892 1402 2016 1461 pro-

430 1488 651 1551 vinciis,
680 1488 969 1557 praesides.
1005 1487 1216 1542 Nomen
1255 1486 1436 1556 ipsum
1468 1502 1497 1539 a
1528 1485 1758 1540 solertia
1791 1482 2017 1538 militari

429 1579 728 1635 deducunt.
758 1576 825 1633 Et
845 1582 1055 1635 scimus
1079 1579 1181 1636 bos
1213 1595 1241 1632 a
1262 1576 1468 1633 Graecis
1501 1594 1612 1633 non
1634 1578 1805 1633 duces
1828 1576 2015 1638 modo,

429 1673 523 1742 qtti
548 1680 677 1725 sunt
706 1672 787 1727 eis
825 1670 1153 1742 lllgetnones
1182 1710 1198 1733 .
1235 1686 1422 1726 verum
1464 1671 1632 1725 etiam
1667 1669 1938 1740 Stratigos
1964 1678 2019 1725 et

432 1766 747 1823 Stratiiatas
776 1767 976 1831 dictos,
1019 1766 1305 1821 vocabulis
1344 1766 1515 1820 duces
1552 1764 1822 1819 militares
1850 1764 2015 1832 signi-

431 1858 743 1913 licantibus.
793 1860 951 1925 Quod
998 1869 1181 1914 autem
1209 1857 1374 1913 Turdi
1434 1858 1768 1929 Teggiurum
1815 1870 2015 1910 nomen
2044 1865 2092 1924 Β

429 1953 595 2006 etiam
629 1951 948 2007 Graecorum
983 1950 1415 2023 imperatoribus
1449 1951 1875 2017 tribuerunt,ex
1908 1950 2015 2003 alia

430 2044 579 2099 nulla
606 2043 814 2101 factum
849 2056 933 2102 est
976 2062 1175 2111 causa,
1241 2060 1409 2117 quam
1467 2044 1741 2099 irrisionis
1796 2052 1849 2097 et
1884 2057 2018 2097 con-

431 2145 696 2206 tetnptus,
746 2138 906 2206 quasi
935 2139 1146 2194 scilicet
1197 2138 1585 2208 imperatorum
1620 2135 1839 2191 n0tnine
1868 2132 2017 2203 digni

430 2240 539 2283 non
566 2241 774 2293 essent,
799 2231 891 2297 qui
933 2231 1286 2301 perangustis
1332 2230 1532 2284 inclusi
1562 2230 1786 2291 ﬁnibus,
1821 2227 2014 2296 ipsius-

430 2338 537 2391 que
600 2324 1006 2394 prepemodum
1082 2322 1646 2391 ConstantinOpoleos
1735 2320 2017 2374 mmnibus

431 2414 861 2484 circumscripti,
887 2415 1152 2486 praesides
1184 2416 1340 2469 urbis
1366 2414 1572 2482 potius,
1599 2426 1762 2482 quam
1793 2410 2014 2477 augusti

429 2505 808 2571 Romanorum
842 2512 1058 2583 imperii
1090 2526 1248 2580 reges
1271 2511 1379 2566 dici
1404 2517 1770 2565 mererentur.
1790 2505 2015 2561 Laonici

432 2612 588 2667 locus
618 2623 700 2666 est
725 2610 778 2661 in
809 2606 1064 2661 llistoria
1092 2604 1389 2676 principio,
1420 2618 1528 2673 quo
1556 2602 1746 2673 paucis
1768 2599 2013 2670 exponit,

430 2721 593 2775 quam
646 2702 700 2755 in
756 2710 972 2755 arcium
1030 2697 1237 2751 redacti
1292 2696 1512 2751 tandem
1568 2694 1775 2749 iuerint
1801 2692 2015 2762 imperii

433 2795 607 2851 Graeci
645 2794 865 2849 limites.
922 2790 1299 2845 Animadverti
1348 2788 1615 2851 Graecos,
1687 2786 1891 2854 inquit,
1960 2795 2015 2838 et

434 2905 666 2961 regnum
691 2904 883 2943 eorum
937 2887 1115 2955 primo
1178 2885 1285 2939 sub
1340 2881 1651 2935 Thracibus
1710 2879 2012 2933 exstitisse.

432 2978 635 3035 Postea
696 2981 911 3049 reliquo
951 2992 1175 3049 regnoa
1225 2975 1481 3032 Barbaris
1515 2984 1734 3036 exutos,
1785 2987 2013 3043 parvum

433 3072 715 3140 quoddam
760 3084 985 3140 regnum
1010 3066 1371 3139 gubernasse,
1398 3066 1650 3119 videlicet
1672 3062 2013 3133 Byzantium,

435 3163 800 3234 Byzantiique
831 3162 1163 3217 maritimam
1202 3159 1482 3229 regionem
1525 3156 1868 3217 inferiorem,
1905 3153 2010 3208 lle~

435 3258 678 3311 raeleam
708 3268 886 3324 usque
924 3270 938 3301 :
974 3268 1037 3308 ac
1060 3251 1217 3321 juxta
1270 3245 1508 3304 Pontum
1543 3247 1815 3302 Euxinum
1850 3244 2013 3299 utari-

435 3350 627 3404 timam
662 3347 942 3419 regionem
972 3346 1341 3414 superiorem,
1376 3339 1758 3397 Mesembriam
1790 3354 1963 3407 usque
1997 3353 2011 3389 ε

433 3452 697 3514 praeterea
745 3437 1192 3509 Peloponnesum
1221 3446 1415 3498 totam,
1448 3443 1601 3489 extra
1626 3441 1735 3487 tres
1765 3443 1859 3486 aut
1884 3446 2017 3501 qua-

433 3550 559 3592 tuor
595 3537 760 3593 urbes
786 3531 1142 3590 Venetorum.
1177 3532 1257 3584 Ad
1316 3529 1455 3590 htec,
1493 3526 1761 3580 Lemnum
1804 3537 1859 3578 et
1910 3523 2015 3578 lm—

434 3633 693 3697 brum,et
736 3627 953 3683 insulas
991 3625 1193 3681 ibidem
1232 3622 1288 3677 in
1319 3619 1505 3691 Εκαξο
1549 3620 1701 3674 sitas.
1742 3617 2015 3675 [lactentis

435 3724 732 3780 Laenicus.
776 3718 1041 3791 Bajazilis
1080 3732 1209 3772 vero
1271 3724 1517 3786 tempore
1565 3713 1781 3767 caneris
1838 3714 2013 3773 exuti,

433 3835 560 3873 cum
585 3817 719 3887 ipsis
749 3815 915 3870 etiam
950 3810 1287 3868 suburbanis
1330 3809 1501 3875 agris,
1528 3808 1617 3860 vis
1651 3806 1793 3859 intra
1825 3821 2013 3861 muros

437 3911 589 3963 urbis
660 3922 719 3962 se
773 3908 1095 3959 tuebantur.
1155 3901 1448 3972 Propterea
1501 3914 1597 3968 per
1657 3898 2012 3970 ignominiam

436 4002 737 4071 Tnggiures
761 4013 790 4052 a
823 3996 1019 4051 Turcis
1051 3995 1374 4050 audiebant.

504 4115 595 4172 57.
617 4110 951 4169 Communia:
983 4108 1138 4180 bcgns
1166 4108 1455 4171 Alisurius,
1482 4107 1745 4162 Tckiensis
1778 4109 1939 4177 regio.

504 4212 934 4286 Dedaramania
991 4241 1178 4295 quaere
1236 4236 1424 4281 notata
1456 4227 1711 4295 Superius
1783 4240 2013 4280 numero

438 4324 522 4378 l5.
556 4323 749 4378 Saltim
792 4322 894 4374 hoc
940 4320 1185 4373 indicate
1217 4331 1364 4373 nunc
1406 4316 1574 4379 lubet.
1599 4332 1724 4372 eum
1752 4315 2005 4372 Carama-

436 4415 540 4468 niae
594 4412 922 4480 principem,
974 4412 1138 4481 cujus
1178 4409 1267 4464 bic
1323 4408 1527 4463 mentio
1573 4405 1657 4471 lit,
1704 4423 1733 4462 a
1772 4406 2013 4463 Laonico

432 4505 708 4561 nominari
741 4504 1073 4559 Alisurinm.
1105 4501 1301 4556 Narrat
1331 4512 1515 4556 autem
1544 4500 1710 4567 hunc,
1757 4515 1882 4557 cum
1905 4516 2011 4557 ca:-

2119 614 2202 670 sic
2228 614 2395 668 etiam
2428 610 2637 666 Cilicia:
2667 609 2903 664 vicinam
2942 624 2956 660 :
2994 606 3046 661 id
3077 614 3181 667 est,
3222 619 3251 658 a
3275 601 3541 671 Bithyniae
3576 602 3699 654 lini-

2119 705 2224 762 bus
2274 704 2341 759 ad
2386 701 2596 759 Ciliciae
2639 702 2776 756 lines
2805 714 2978 768 usque
3025 697 3320 767 pertinere.
3357 693 3697 765 Conjunctas

2118 806 2269 862 Vero,
2310 794 2618 865 Bithyniam
2645 792 3075 860 Tt-ltiensetnquc
3121 789 3421 861 regionem,
3471 786 3696 841 Otiima-

2119 889 2266 943 niam
2322 885 2497 943 fuisse
2544 897 2766 940 vocatas
2793 899 2904 938 uno
2952 883 3197 945 nomine,
3234 894 3425 950 supra,
3470 892 3697 930 numero

2118 980 2208 1038 15.
2230 979 2536 1033 docuimus.
2566 975 2792 1030 Coniam
2831 988 2951 1029 esse
2977 973 3219 1043 priscum
3263 970 3393 1025 illud
3426 968 3695 1022 leonium.
3750 978 3751 981 η

2118 1072 2273 1143 prius
2310 1071 2518 1126 dictum
2571 1068 2673 1122 fuit
2717 1082 2948 1122 numero
2982 1065 3071 1120 i2.
3123 1061 3439 1119 Triturandi
3478 1072 3698 1129 quoque

2121 1166 2316 1219 modus
2337 1165 2642 1232 explicatus
2664 1175 2897 1215 numero
2932 1158 3022 1213 9.5.

2369 1257 2459 1312 58.
2502 1258 2743 1319 Arsami,
2772 1252 2968 1323 Nigde,
3000 1251 3268 1313 (luisaria,
3308 1248 3484 1303 Borlt'.

2190 1345 2447 1404 Castrum
2507 1346 2690 1401 album
2755 1344 2949 1400 Turcis
3020 1343 3272 1406 At-scrai,
3330 1343 3445 1397 sive
3504 1341 3699 1395 domus

2119 1436 2284 1511 ηε,
2342 1437 2465 1490 alba
2528 1435 2753 1491 dicitur.
2826 1434 2996 1489 Vetus
3052 1433 3275 1502 aliquod
3330 1432 3436 1486 hoc
3479 1432 3699 1485 nomine

2121 1541 2361 1588 castrum
2390 1530 2475 1586 vel
2511 1530 2769 1602 oppidum
2802 1531 2856 1583 in
2898 1530 2963 1584 iis
2994 1530 3124 1584 locis
3157 1527 3368 1582 nullum
3406 1526 3696 1596 reperitur.

2122 1622 2179 1679 ltt
2210 1624 2399 1679 Ortelii
2444 1624 2630 1678 tabula
2684 1622 2909 1677 Natoliae
2964 1622 3161 1693 legitur
3220 1620 3445 1677 Acsat'a.
3495 1619 3698 1674 Ibidem

2119 1731 2243 1787 qua:
2272 1715 2467 1769 Turcis
2520 1716 2611 1769 hic
2651 1714 2845 1783 Nigde,
2905 1711 3093 1783 Nigtlia
3135 1711 3420 1768 scribitur.
3457 1706 3703 1778 Utraque

2125 1823 2233 1861 non
2296 1820 2493 1877 magno
2532 1821 2562 1859 a
2599 1804 2771 1859 Conia
2806 1803 2888 1856 vel
2934 1802 3115 1857 lconio
3166 1801 3335 1856 distat
3387 1800 3697 1854 intervallo.

2122 1895 2454 1951 Vincentius
2511 1894 2860 1949 Beivacensis
2905 1893 3128 1948 Acserai
3157 1891 3482 1944 vocabulum
3524 1900 3701 1943 mutat

2122 1990 2177 2043 in
2203 1987 2433 2053 llacsat‘,
2476 2003 2600 2043 Clllll
2631 1990 2707 2042 ait
2751 2008 2762 2041 :
2809 1987 2967 2056 Apud
3012 1983 3220 2039 “aesar
3259 1983 3537 2037 invenitur
3604 1997 3701 2036 co-

2120 2091 2245 2137 etus
2276 2089 2329 2136 et
2387 2080 2647 2136 aluminis
2698 2080 2926 2133 minora.
2958 2077 3203 2131 Caisaria
3255 2076 3482 2140 Ciliciae,
3535 2088 3698 2141 quam

2123 2175 2205 2231 sic
2233 2175 2399 2229 etiam
2434 2174 2652 2228 Marcus
2681 2171 2889 2228 Pattlns
2927 2169 3171 2226 Venetus
3226 2170 3497 2231 nominat,
3555 2169 3698 2221 dicta

2120 2270 2319 2339 priscis
2374 2269 2621 2322 Caesarea
2658 2267 2781 2321 fuit.
2820 2264 2975 2335 Apud
3040 2264 3423 2319 Belvacensem
3469 2261 3699 2317 Gazaria

2127 2377 2384 2436 corrupte
2415 2366 2698 2421 scribitur.
2759 2363 2905 2417 Borii
2931 2361 3129 2431 duplex
3151 2362 3202 2414 in
3235 2357 3464 2414 Natalia:
3495 2360 3699 2413 descii-

2120 2462 2307 2531 ptione
2338 2458 2702 2529 conspicitur,
2738 2472 2845 2511 una
2876 2453 3019 2510 Βοτιί
3044 2453 3367 2524 simpliciter
3406 2451 3696 2523 appellata,

2121 2563 2232 2602 non
2286 2549 2473 2618 procul
2541 2548 2611 2603 ab
2671 2546 2871 2615 Enguri
2926 2546 3011 2598 vel
3066 2546 3280 2615 Ancyra
3328 2543 3435 2598 sita
3472 2562 3487 2599 :
3529 2543 3699 2597 altera

2120 2657 2247 2696 cum
2305 2650 2691 2710 cognomento,
2745 2628 2979 2693 Tarachi
3033 2636 3203 2708 Borli,
3265 2654 3372 2693 non
3436 2638 3698 2708 procula

2117 2735 2446 2788 Castamona
2465 2745 2518 2788 et
2540 2733 2763 2802 SinOpe.
2801 2734 2879 2786 Ad
2908 2731 3065 2785 Ponti
3096 2731 3431 2801 provinciam
3466 2740 3699 2799 utraque

2118 2828 2379 2898 pertinet,
2427 2843 2548 2897 qum
2588 2828 2737 2897 regio
2786 2826 3093 2895 principum
3131 2836 3249 2880 crat
3300 2825 3698 2888 lsvcndiarum,

2118 2922 2320 2991 quibus
2358 2920 2615 2975 intulisse
2655 2919 2921 2989 Bajazites
2953 2920 3156 2974 bellum
3197 2920 3423 2974 dicitur.
3482 2918 3547 2973 Et
3573 2922 3696 2986 qui-

2120 3030 2246 3069 nam
2274 3016 2554 3085 principes
2608 3014 2661 3067 lti
2714 3014 2941 3075 iuerint,
2967 3012 3299 3082 explicatum
3346 3012 3567 3066 abunde
3605 3026 3695 3065 su»

2120 3108 2326 3177 peritis.
2371 3105 2612 3175 Sinopen
2647 3104 2858 3159 novella
2892 3104 2956 3158 dc
2980 3099 3221 3158 Thronis
3245 3104 3314 3158 ad
3345 3103 3696 3158 Amasianam

2039 3216 2086 3284 ο
2125 3199 2468 3269 tnetmpolim
2496 3197 2980 3267 iielenOponticam
3013 3196 3199 3252 relert.

2119 3316 2206 3371 59.
2248 3316 2373 3370 Casi
2402 3314 2688 3377 Burchun,
2739 3314 3077 3379 Orthobula,
3124 3326 3173 3370 et
3231 3314 3613 3378 Musulmancs,
3645 3329 3692 3368 et

2238 3385 2603 3455 Cyriscelebis,
2629 3403 2698 3438 an
2727 3386 2885 3440 iidem
2920 3402 3037 3439 cum
3066 3388 3226 3440 entire
3248 3386 3567 3439 Soleimaue.

2191 3477 2328 3545 Quis
2373 3479 2543 3549 bcgus
2593 3479 2683 3533 ille
2706 3477 2975 3535 Turcicus
3024 3478 3213 3542 fuerit,
3276 3480 3363 3533 cui
3426 3480 3695 3548 Bajnzitcs

2119 3572 2424 3628 Sebastiani
2491 3572 2713 3637 ademit,
2748 3582 2972 3642 propter
3011 3572 3294 3626 annaiittm
3342 3573 3697 3626 narrationes

2120 3664 2288 3719 nimis
2320 3664 2633 3720 succinctas
2668 3664 2796 3718 sciri
2843 3680 2950 3717 non
2985 3677 3182 3732 poteSt.
3222 3662 3334 3717 lioc
3372 3676 3552 3720 tamen
3592 3668 3693 3719 mi~

2120 3755 2270 3809 nime
2346 3755 2827 3815 dissimulandum.
2881 3757 3187 3811 Sehastiam
3237 3756 3407 3812 fuisse
3462 3760 3692 3826 pt'itnam

2118 3846 2429 3904 Tureorttm
2468 3849 2520 3902 in
2557 3849 2682 3903 Asia
2708 3851 2811 3903 sub
2841 3849 3065 3905 Aladine
3090 3852 3317 3919 regiam,
3350 3854 3493 3907 sicut
3522 3868 3696 3907 anna-

2122 3942 2199 3996 les
2235 3942 2303 3996 alt
2327 3942 2483 3995 initio
2512 3949 2805 4002 testantur,
2842 3950 2896 3994 ct
2934 3942 3228 4007 Leonirtts,
3252 3947 3345 4008 qui
3374 3956 3694 4016 progressos

2118 4052 2180 4088 ett
2219 4036 2321 4090 hac
2350 4031 2565 4088 Turres
2593 4037 2665 4088 ait
2702 4035 2886 4089 Asiani
2926 4038 3211 4105 subegisse
3272 4047 3463 4101 totam,
3519 4057 3696 4109 usque

2118 4130 2186 4183 ad
2222 4130 2656 4199 Hellespontum.
2692 4130 3037 4200 Quapropter
3069 4133 3113 4186 si
3153 4132 3256 4187 hoc
3317 4144 3562 4203 tempore
3603 4155 3695 4191 su.

2118 4224 2368 4291 perstites
2394 4236 2549 4277 erant
2573 4224 2819 4278 Aladinis
2842 4226 3072 4294 posteri,
3120 4228 3435 4283 verositnile
3465 4241 3570 4292 est,
3600 4247 3697 4286 cos

2116 4310 2381 4368 Seltastla:
2410 4314 2725 4385 pra-fectum
2786 4316 3045 4373 habuisse
3098 4321 3436 4388 quemdam:
3484 4323 3575 4379 cui
3629 4326 3699 4379 ab

2116 4407 2374 4475 tequitate
2404 4422 2619 4463 summa
2677 4409 2909 4463 inclitum
2968 4426 3175 4464 nomen
3240 4412 3364 4466 (Iasi
3420 4412 3693 4478 Burcltan,

2118 4500 2303 4569 lingua
2328 4501 2557 4555 ‘l‘urcica
2589 4503 2830 4569 indicem
2861 4504 2950 4558 Dei
2993 4505 3361 4573 signiﬁcabat.
3415 4508 3491 4561 Ad
3527 4508 3667 4563 Seba

431 4611 581 4655 teros
613 4600 756 4654 Asiae
816 4598 1040 4666 regulos
1094 4595 1367 4665 Bajazitcs
1430 4594 1732 4655 ditionibus
1762 4606 2007 4658 erueret,
2044 4600 2089 4658 υ
2120 4593 2282 4646 stium
2308 4594 2535 4648 attnuit's
2556 4598 2727 4649 nostri
2759 4612 2786 4649 a
2820 4607 2971 4665 patre
2994 4596 3241 4651 relictmn
3271 4599 3436 4652 fuisse
3473 4601 3694 4656 tradunt

432 4707 619 4763 pacem
661 4708 785 4748 eum
815 4705 883 4746 eo
913 4690 1135 4756 iecisse,
1164 4700 1331 4762 atque
1355 4690 1428 4743 ita
1462 4690 1580 4744 suis
1632 4689 1841 4760 ipsum,
1874 4688 2004 4743 licet

430 4787 611 4856 aliqua
634 4800 760 4840 cum
783 4784 1020 4854 jactura,
1074 4782 1430 4837 consuluisse
1481 4781 1668 4845 rebus,
1725 4794 1796 4835 ne
1841 4795 2008 4849 regno

433 4895 659 4950 prorsus
719 4875 1127 4939 exturbaretur,
1181 4876 1406 4933 annales
1474 4874 1704 4930 addunt.
1794 4873 2005 4928 Nomen

429 4975 647 5027 diverse
667 4970 945 5046 scriptum
979 4969 1198 5040 legitur,
1239 4968 1535 5032 Alisurius,
1562 4966 1867 5046 Alidurius,
1891 4966 2006 5019 Ali-

432 5066 643 5131 derius,
673 5063 881 5127 Aluris,
906 5078 973 5117 ex
997 5062 1221 5117 Laonici
1241 5062 1558 5131 depraVatis
1576 5042 2005 5130 exemplaribus.

432 5160 744 5217 Notandum
781 5157 886 5211 hoc
916 5172 1157 5227 quoque,
1186 5171 1349 5222 quem
1409 5156 1710 5210 Alideriutn
1742 5156 2005 5209 Carama-

433 5270 563 5309 nnm
596 5268 624 5307 a
655 5250 866 5306 Murate
896 5250 1142 5306 secundo
1176 5251 1318 5304 bello
1348 5252 1578 5317 petitum
1634 5252 1839 5305 scribat
1870 5251 2005 5305 Lao-

433 5349 610 5411 nicus,
640 5346 693 5398 in
746 5343 831 5398 liis
882 5342 1174 5397 annalibus
1232 5341 1558 5396 lbraltimetn
1598 5345 1782 5398 vocari
1815 5362 1829 5397 :
1865 5347 2008 5397 simil.

435 5440 616 5494 videre
644 5447 728 5492 est
765 5437 818 5490 in
860 5435 951 5501 iis,
997 5451 1123 5504 qua:
1168 5450 1314 5489 anno
1337 5434 1655 5491 Christiano
1688 5438 1827 5492 1457
1853 5448 2006 5507 gesta

435 5531 771 5586 referuntur.
801 5527 1086 5583 Hemidam
1116 5542 1238 5583 esse
1263 5528 1643 5593 Cerasuntem,
1663 5530 2006 5586 ostendimus

430 5637 663 5678 numero
680 5622 772 5677 ιο.
809 5618 1095 5676 Tekiensis
1120 5622 1271 5691 regio
1320 5621 1555 5694 Pltrvgia
1605 5622 1799 5691 majori
1832 5623 2009 5677 conti-

432 5724 611 5779 netur,
652 5722 924 5783 quatenus
960 5711 1014 5766 in
1052 5713 1467 5768 mediterraneis
1526 5730 1586 5768 ea
1630 5730 1822 5770 versus
1862 5714 2001 5785 Cap-

431 5808 741 5877 padociam.
783 5809 1098 5861 Armeniam
1143 5815 1197 5860 et
1234 5796 1485 5862 Ciliciam
1544 5824 1601 5864 se
1633 5809 1884 5879 porrigit.
1919 5808 2005 5862 ln-

432 5909 640 5971 terprcs
678 5899 901 5954 Laonici
942 5899 1141 5954 Tecien
1178 5916 1277 5971 pro
1307 5900 1744 5974 Tt-ltiescripsit.
1781 5902 1842 5957 Et
1871 5903 1999 5958 alibi

748 5996 1024 6063 Parnm.
1058 6000 1181 6065 (in.
1224 5992 1428 6059 CLIX.

2119 4687 2348 4738 entiretn
2386 4683 2754 4741 Solcimnnetn
2811 4690 3004 4752 lilium,
3040 4690 3137 4758 qui
3191 4702 3370 4744 tamen
3408 4707 3436 4745 a
3477 4693 3696 4748 Temire

2114 4778 2290 4833 chane
2324 4795 2587 4849 nusquam
2616 4784 2834 4837 occisus
2857 4784 3077 4852 legitur,
3106 4784 3198 4837 sed
3227 4788 3526 4853 itnpetasse
3571 4801 3695 4857 post

2117 4875 2255 4930 Isam
2291 4876 2514 4929 fratrem
2542 4892 2568 4926 a
2605 4875 2757 4930 Musa
2803 4887 3078 4941 necatum,
3110 4880 3237 4933 totis
3270 4891 3474 4946 septem
3510 4886 3692 4939 annis.

2119 4968 2391 5024 Laoniens
2432 4978 2615 5022 autent
2658 4967 2927 5023 Sebastia:
2967 4970 3287 5039 pralfﬁcilllli
3320 4988 3348 5025 a
3391 4984 3544 5041 patre
3576 4988 3692 5029 tne—

2118 5060 2703 5125 moratOrtbobuh-m,
2750 5064 2843 5132 qui
2868 5072 3062 5131 captus
3110 5064 3314 5119 ibidem
3360 5079 3389 5117 a
3450 5064 3693 5128 'l‘emirc,

2118 5172 2183 5212 ac
2209 5168 2332 5224 post
2358 5158 2571 5225 aliquot
2596 5155 2715 5211 dies
2765 5155 3091 5211 interiectus
3121 5154 3307 5211 fuerit.
3347 5155 3501 5212 Unde
3536 5157 3695 5229 Baja-

2119 5252 2252 5305 zites
2276 5262 2505 5318 accepto
2533 5248 2601 5303 de
2647 5257 2826 5303 morte
2855 5248 2948 5303 lilii
2983 5252 3200 5313 nuntio,
3236 5250 3453 5303 cuidam
3487 5255 3695 5319 pastorl

2118 5347 2248 5402 tibia
2305 5344 2522 5397 canenti
2565 5342 2812 5398 dixerit:
2861 5344 3008 5396 (lane
3039 5358 3285 5406 carmen,
3329 5345 3491 5412 cujus
3532 5360 3696 5415 argu-

2118 5446 2367 5491 mcntnnt
2409 5437 2483 5490 sit
2520 5433 2667 5490 :Nec
2700 5434 3032 5502 Sebastiani,
3066 5449 3164 5489 nec
3207 5436 3379 5493 liliutn
3426 5438 3698 5494 Ortboltuv

2120 5533 2224 5586 lem
2251 5531 2492 5584 amittas.
2527 5526 2790 5598 Equidem
2843 5544 2986 5597 stepe
3048 5531 3397 5600 multumque
3447 5533 3696 5601 cogitans

2117 5624 2184 5678 tle
2210 5623 2578 5677 conciliandis
2605 5624 2897 5677 annalibus
2920 5622 3171 5677 Turcicis
3190 5640 3313 5677 cum
3344 5623 3684 5681 Cbalcocon-

2116 5720 2259 5789 dylis
2314 5730 2368 5770 et
2426 5727 2740 5771 nostrarum
2806 5717 3265 5787 expositionibus,
3320 5735 3555 5789 quorum
3614 5722 3696 5777 illi

2116 5813 2414 5868 maximum
2482 5821 2609 5863 natu
2676 5812 2844 5865 lilium
2908 5811 3164 5881 llnjazitis
3248 5830 3417 5869 unum
3481 5813 3691 5870 faciunt

2115 5904 2341 5960 entirent
2379 5903 2777 5973 Soli-inlunem,
2834 5905 2922 5959 itit;
2986 5906 3127 5961 duos
3177 5906 3430 5961 diversos
3481 5920 3696 5960 caeteris

3275 5998 3349 6058 25
