4204 6300
440 380 552 450 779

1643 376 1971 445 JOANNIS
2013 375 2484 442 LEUNCLAVII

3599 367 3716 433 780

447 499 685 567 majores
714 498 887 566 ponit,
934 495 1303 552 Ortlmbulem
1340 503 1394 550 et
1434 493 1864 557 Mulsumancm,
1927 509 2023 546 no—
2058 501 2101 556 Α
2133 487 2510 551 Meebmetem,
2546 492 2600 539 et
2640 481 2884 552 reliquos
2920 481 3059 536 illios
3095 481 3353 552 Bajuzitis
3394 481 3446 535 in
3475 489 3717 550 potesta.

443 593 578 647 stris
612 590 1003 662 Cyriseelebim
1052 589 1306 647 l'lctitium
1362 588 1740 660 ingerentibus
1773 603 1786 641 :
1819 587 1872 640 in
1905 601 2025 641 eam

441 685 684 757 denique
700 684 1032 741 sententiam
1063 682 1210 748 veni,
1238 689 1298 736 ut
1326 679 1656 754 Cyriscelebi
1706 681 1852 734 circa
1896 693 2030 734 con-

443 780 768 834 troversiam
798 777 1050 845 excluso,
1106 775 1280 830 veluti
1344 790 1509 847 quem
1558 787 1662 830 nec
1699 771 1867 828 Turci
1925 786 2027 827 nec

441 872 616 928 Graeci
681 881 982 944 agnoscant
1030 887 1047 938 ;
1131 869 1375 940 reliquos
1445 869 1608 934 duos,
1665 864 2026 922 Orthobulem

441 964 986 1036 Mulsumanemqne,
1025 981 1126 1036 pro
1156 979 1268 1020 uno
1298 974 1354 1018 et
1399 964 1592 1019 eodem
1630 960 1892 1032 Bajazitis
1919 958 2030 1014 lilio

444 1059 762 1116 Soleimane
789 1067 1031 1116 statuam
1071 1059 1414 1122 habendum,
1445 1073 1607 1128 quem
1642 1064 1828 1112 tamen
1861 1055 2029 1108 inter-

443 1152 648 1208 fectum
683 1166 712 1206 a
763 1151 1004 1220 Temire,
1070 1158 1228 1220 capta
1282 1149 1560 1214 Sebastia,
1625 1163 1720 1217 per
1780 1160 2026 1200 errorem

439 1248 616 1304 Grzcci
668 1246 1029 1304 crediderint.
1083 1245 1218 1316 Ejus
1269 1245 1550 1316 opinionis
1614 1255 1750 1297 mete
1800 1254 2026 1294 causam

441 1343 583 1399 hanc
618 1341 797 1398 habeo
851 1340 998 1411 quod
1057 1355 1256 1395 nomen
1317 1336 1642 1393 Orthobulis
1698 1332 2029 1389 nonTurei-

439 1450 564 1489 cum
597 1450 739 1500 esse,
777 1434 876 1489 sed
927 1431 1186 1489 Graecum
1247 1431 1513 1495 arbitrer,
1557 1437 1613 1483 et
1647 1426 1791 1481 idem
1862 1425 2031 1496 signi-

443 1531 607 1586 ﬁcare
663 1527 892 1592 Graecis,
947 1526 1093 1596 quod
1155 1524 1357 1580 Turcis
1415 1519 1757 1577 Musulman.
1815 1518 2030 1589 Quippe

441 1637 566 1678 cum
605 1621 660 1676 in
681 1619 883 1675 Turcis
926 1632 1203 1682 versarer,
1232 1617 1634 1684 interrogatum
1662 1629 1693 1669 a
1732 1628 1820 1669 me
1851 1611 2030 1667 virum

442 1713 794 1784 magniﬁcum
836 1721 890 1767 et
944 1710 1390 1782 amplissimum,
1454 1709 1518 1764 υ.
1562 1707 2029 1762 Βθηιιοὶοηικυπι

439 1809 772 1873 Peuenum,
799 1805 940 1864 Caes.
974 1804 1334 1876 Majestatisa
1369 1803 1643 1866 consiliis,
1677 1808 1734 1855 et
1755 1814 1929 1870 nuper
1961 1797 2027 1852 ad

2134 587 2241 632 tem
2279 575 2516 630 Temiris
2548 573 2784 630 venisse.
2817 573 2956 637 Quid
2988 575 3227 642 optatius
3253 572 3503 629 accidere
3528 569 3712 627 Temi-

2131 672 2175 724 ri
2208 678 2444 740 poterat,
2479 683 2642 737 quam
2703 677 2898 738 praeter
2945 668 3123 735 ipsum
3166 676 3374 736 patrem
3425 667 3567 723 (ilius
3621 668 3715 720 ba-

2129 763 2257 818 bere
2281 762 2337 817 in
2380 768 2670 832 potestate,
2710 759 2909 829 quibus
2945 761 3165 822 occ'sis,
3201 758 3624 816 Osmanid-rum
3659 762 3712 814 in

2129 858 2259 911 Asia
2291 870 2476 924 regno,
2502 855 2721 909 nemine
2753 864 3114 924 repugnante,
3135 865 3398 924 perpetuo
3419 852 3720 909 frueretur?

2131 951 2202 1004 At
2231 959 2440 1003 tantum
2466 947 2663 1014 abfuit,
2687 957 2748 1003 ut
2772 947 2822 1002 id
2846 949 3072 1011 faceret,
3096 955 3155 1001 ut
3176 947 3338 1002 etiam
3367 948 3567 1002 diserte
3583 945 3720 1001 Lao-

2133 1043 2290 1099 nirus
2321 1043 2474 1096 initio
2501 1042 2627 1095 libri
2662 1042 2841 1110 quarti
2869 1043 3124 1106 fateatur,
3147 1039 3353 1094 Mosmn
3389 1056 3420 1097 a
3454 1056 3582 1113 rege
3614 1039 3719 1096 Te-

2133 1136 2270 1190 ntire
2293 1148 2541 1189 annonas
2566 1133 2832 1188 incastris
2861 1131 3142 1199 habuisse,
3175 1133 3505 1203 tandemque
3532 1132 3722 1187 dimis«

2135 1245 2256 1286 sum
2283 1244 2347 1282 ex
2379 1227 2716 1297 captivitate,
2745 1226 2879 1281 mari
2911 1225 2978 1279 ad
3011 1225 3286 1296 regionem
3345 1226 3580 1296 patriam
3635 1240 3717 1280 re-

2134 1323 2327 1378 diisse.
2352 1321 2455 1387 Qui
2485 1321 2746 1391 plurium,
2772 1318 2856 1373 vel
2885 1319 3130 1373 Omnium
3162 1320 3342 1387 potius
3376 1319 3499 1372 vita
3527 1329 3720 1388 peper—

2133 1416 2242 1480 cit,
2279 1429 2379 1468 cur
2409 1414 2463 1468 in
2497 1429 2666 1468 unum
2697 1410 2943 1469 sxviisse
2973 1409 3256 1465 credatur?
3285 1411 3432 1466 Adde
3460 1410 3707 1464 testimo-

2138 1510 2289 1563 nium
2320 1509 2515 1563 hostis.
2546 1505 2831 1576 Nusquam
2858 1504 3019 1560 Turci
3057 1505 3396 1575 scripserunt
3425 1505 3478 1559 in
3504 1502 3718 1557 annali—

2135 1601 2259 1664 bus,
2283 1603 2668 1671 interemptum
2693 1615 2724 1653 a
2749 1594 2969 1653 Temire
2990 1597 3244 1667 Bajazitis
3275 1597 3511 1668 aliquem
3546 1594 3718 1651 fuisse

2136 1695 2352 1763 ﬁlium,
2405 1696 2499 1752 sed
2539 1708 2794 1764 sperasse
2827 1687 3101 1747 Temirem
3153 1691 3356 1760 potius,
3403 1689 3720 1762 quempiam

2139 1788 2374 1844 ﬁliorum
2402 1784 2722 1844 Gilderunis
2753 1799 2812 1841 se
2844 1792 3243 1840 conventurum
3266 1824 3280 1847 ,
3315 1781 3460 1852 quod
3499 1780 3576 1835 illi
3607 1779 3718 1834 for-

441 1904 660 1959 Portam
683 1901 1035 1957 Osmanicam
1059 1860 1218 1953 'cum
1264 1911 1494 1951 munere
1536 1895 1700 1967 legati
1756 1860 2013 1953 missum,
2060 1860 2102 1920 Β
2135 1881 2340 1937 midine
2368 1897 2479 1936 non
2512 1880 2818 1936 necessaria
2851 1876 3074 1947 trepidi,
3101 1877 3406 1932 omiserint.
3439 1873 3555 1932 lmo
3581 1875 3720 1930 iero-

441 1991 705 2062 quidnam
768 2006 870 2047 vox
903 1989 1212 2046 Ilusulman
1272 1987 1471 2043 Turcis
1532 1985 1892 2056 signiticaret,
1933 1998 2019 2037 re-

440 2085 711 2155 spondere
753 2081 1000 2145 memini,
1050 2080 1160 2132 vim
1194 2078 1346 2133 illius
1404 2075 1652 2131 eamdem
1719 2087 1842 2129 esse
1894 2086 2020 2128 cum

439 2173 739 2230 Urthodoxi
775 2171 1002 2226 nomine
1045 2166 1494 2224 Graeco.Vixerat
1547 2176 1730 2220 autem
1763 2164 1852 2219 ille
1874 2172 2023 2219 totos

437 2278 566 2324 octo
588 2264 906 2336 reipublicze
934 2277 1104 2319 causa
1140 2270 1273 2317 tunc
1328 2274 1502 2315 annos
1534 2261 1676 2313 inter
1725 2255 2020 2321 Barbaros,

437 2372 743 2429 eorumque
792 2356 1038 2426 linguam
1089 2364 1271 2409 norat.
1307 2351 1445 2408 Cum
1489 2351 1655 2422 igitur
1693 2347 1899 2404 Gracia
1929 2363 2021 2401 or-

438 2454 714 2510 thodoxus
740 2453 834 2514 sit,
881 2450 976 2519 qui
1009 2457 1215 2503 rectam
1269 2447 1600 2501 sententiam
1650 2451 1817 2504 tenet,
1847 2441 2021 2495 idem-

436 2562 547 2618 que
601 2543 873 2616 signil’icct
927 2539 1252 2595 vocabulum
1315 2537 1611 2591 Turcicum
1663 2533 2018 2588 blusulman:

439 2641 715 2712 sequitur,
763 2635 1092 2692 Orthobulis
1157 2646 1379 2703 quoque
1448 2645 1646 2684 nomen
1702 2627 1845 2683 idem
1899 2641 2022 2680 esse

437 2749 565 2788 cum
589 2728 972 2792 Musulmano,
1000 2726 1221 2794 quando
1251 2725 1332 2779 sic
1360 2722 1567 2777 Graecis
1606 2718 1915 2789 appellatur
1949 2717 2020 2783 is,

439 2826 604 2898 cujus
645 2832 859 2879 rectum
894 2819 1216 2886 consilium,
1257 2824 1406 2871 recta
1462 2813 1719 2868 voluntas
1763 2821 1870 2866 est.
1907 2809 2023 2865 lioc

440 2918 603 2972 modo
626 2913 926 2970 manifesto
961 2919 1137 2982 paret,
1184 2909 1329 2963 unde
1361 2904 1822 2973 Cbalcocondylis
1856 2918 2012 2959 error

438 3008 700 3072 manarit,
733 3006 876 3060 duos
899 3019 966 3058 ex
999 3018 1109 3057 uno
1141 3000 1399 3071 Bajazitis
1432 2998 1573 3052 lilios
1601 2996 1867 3052 laciuutis
1894 3014 1908 3051 :
1955 3010 2021 3050 ex

437 3117 505 3158 eo
532 3100 817 3164 nimirum,
859 3097 1001 3165 quod
1032 3110 1202 3148 unum
1248 3092 1302 3146 in
1330 3093 1472 3146 duos
1506 3090 1894 3157 distingueret,
1933 3088 2022 3143 cui

437 3191 674 3250 diversis
745 3191 798 3243 in
847 3185 1051 3256 linguis
1110 3184 1414 3243 diversum,
1453 3180 1546 3234 sed
1613 3178 1782 3234 unius
1839 3187 2019 3232 tamen

438 3281 757 3356 signiﬁcati,
796 3293 996 3334 nomen
1045 3285 1187 3331 erat.
1221 3272 1332 3329 Nec
1367 3273 1502 3328 mihi
1539 3271 1832 3342 quisquam
1875 3270 2021 3340 obje-

441 3377 597 3442 ccrit,
627 3374 778 3430 aliud
814 3386 938 3427 esse
999 3369 1329 3433 Musultnan,
1383 3375 1439 3420 et
1481 3365 1628 3420 aliud
1684 3364 2016 3418 Mulsumau.

439 3471 653 3543 Quippe
682 3485 868 3525 vocem
904 3467 1212 3521 Musnlmau
1258 3481 1287 3518 a
1315 3461 1523 3518 Graecis
1577 3461 1852 3517 enuntiari
1889 3457 2027 3512 Mul-

439 3579 660 3629 suman,
704 3571 760 3616 et
817 3562 872 3614 in
939 3559 1211 3622 historiis,
1273 3567 1325 3611 et
1378 3554 1503 3610 aliis
1551 3557 1798 3625 ipsorum
1863 3549 2021 3604 libris

442 3657 750 3728 saepissime
785 3651 1148 3723 deprehendi.
1179 3649 1326 3715 Quin
1356 3647 1524 3703 etiam
1562 3646 1787 3699 verbum
1819 3640 2025 3696 Musul-

443 3753 770 3813 manissare,
812 3747 881 3801 de
931 3760 1044 3815 quo
1085 3744 1345 3812 superius
1387 3741 1599 3795 dictum
1651 3751 1880 3793 numero
1929 3733 2023 3801 9.2,

444 3844 632 3902 multis
658 3845 712 3898 in
755 3841 893 3896 locis
941 3839 1084 3909 apud
1142 3835 1364 3892 Graecos
1413 3834 1483 3886 ita
1514 3839 1781 3885 mutatum
1843 3829 2024 3898 reperi

443 3935 800 4007 transpositis
831 3933 1052 3995 litteris,
1091 3939 1152 3984 ut
1187 3926 1681 3982 Mulsumauissare
1725 3923 2021 3992 legeretur.

443 4035 525 4089 Ne
565 4031 668 4087 hoc
697 4027 921 4099 quidem
976 4023 1292 4086 tacendum,
1345 4032 1695 4089 quaecunque
1735 4015 1902 4070 'l‘urci
1955 4015 2024 4069 de

445 4127 760 4183 Soleimane
802 4126 1135 4182 memorant,
1170 4131 1204 4170 a
1248 4114 1493 4168 Laonico
1525 4114 1590 4166 ad
1622 4111 2020 4167 Musulmanem

444 4221 660 4277 referri.
685 4218 819 4284 Quis
846 4228 976 4284 ergo
1032 4211 1147 4265 iieri
1203 4223 1365 4278 posse
1426 4221 1534 4260 non
1591 4204 1895 4266 existimet,
1967 4210 2028 4253 nt

445 4329 647 4370 nomen
681 4312 782 4365 Mir
828 4307 1057 4361 Sulman
1097 4303 1168 4358 ab
1213 4301 1418 4357 exteris
1474 4306 1915 4353 commutaretur
1972 4296 2022 4346 in

447 4402 805 4463 Musuiman?
852 4401 946 4454 Sic
999 4406 1146 4454 certe
1176 4393 1420 4448 Mircban
1484 4391 1689 4445 alicubi
1748 4389 2019 4455 scriptum

443 4502 624 4569 legere
645 4495 891 4558 memini,
920 4493 1014 4562 qui
1053 4489 1274 4544 nomine
1311 4487 1527 4554 integro
1561 4484 1845 4536 diceretur
1874 4475 2026 4530 Etnir

2133 1978 2272 2031 ciam
2299 1976 2478 2046 potius
2498 1982 2553 2029 et
2576 1975 2915 2028 iracundiam
2943 1975 3027 2030 sui
3075 1972 3338 2044 Bajazitis
3389 1970 3718 2039 vituperant;

2132 2065 2368 2122 Temiris
2396 2065 2789 2119 humanitatem
2807 2077 2871 2120 ac
2897 2063 3217 2118 modestiam
3241 2061 3485 2116 laudant.
3513 2056 3721 2126 Super-

2130 2169 2214 2213 est
2240 2173 2434 2222 unum,
2477 2172 2622 2228 quoc
2658 2155 2818 2226 objici
2849 2155 3040 2226 possit,
3099 2157 3165 2209 de
3194 2151 3360 2208 Zicbe
3396 2149 3719 2207 Orthobnlis

2133 2251 2267 2317 tilio,
2320 2266 2480 2318 quem
2530 2248 2807 2302 Laonicus
2855 2248 2930 2302 ait
2965 2246 3169 2301 bellum
3217 2245 3472 2301 intulisse
3522 2241 3718 2298 Joanni

2131 2342 2435 2407 Comneno,
2502 2339 2911 2410 Trapezuntino
2944 2338 3282 2409 imperatori.
3322 2334 3426 2392 Sed
3463 2339 3550 2393 hic
3581 2337 3714 2390 mihi

2131 2435 2458 2505 respondeat
2508 2435 2725 2503 aliquis,
2781 2432 2925 2488 unde
2970 2431 3188 2486 tandem
3239 2430 3432 2484 Ziebcs
3466 2428 3555 2484 ille
3597 2437 3720 2497 post

2131 2539 2362 2583 mortem
2390 2527 2563 2597 patris
2587 2525 2913 2581 Orthobulis
2941 2538 3086 2578 anno
3111 2523 3347 2593 denique
3379 2522 3721 2590 sexagesimo

2131 2623 2368 2692 primum
2425 2623 2482 2675 in
2526 2634 2748 2676 scenam
2807 2618 3036 2690 prodiit?
3083 2631 3261 2688 quove
3325 2616 3487 2672 modo
3535 2617 3721 2669 salvus

2129 2718 2303 2772 evasit
2333 2731 2363 2771 e
2393 2724 2472 2770 tot
2503 2714 2813 2785 parricidiis
2848 2723 2902 2769 et
2925 2712 3162 2768 lanicnis
3187 2712 3384 2767 horum
3413 2721 3719 2780 temporum

2130 2810 2185 2865 in
2225 2808 2650 2866 Osmanidarum
2701 2807 2933 2874 familia,
3003 2809 3105 2862 sub
3158 2806 3331 2870 Musa,
3383 2802 3723 2858 Muchemete

2132 2905 2328 2975 primo,
2359 2898 2580 2958 Murate
2609 2902 2853 2956 secundo
2884 2943 2900 2968 ,
2953 2900 3295 2954 Muchemete
3328 2898 3594 2960 secundo,
3627 2895 3721 2964 qui

2112 3014 2320 3054 amnes
2359 2996 2641 3067 parricidae
2662 2994 2929 3050 fuerunt?
2957 2994 3069 3048 Cur
3099 2993 3225 3048 huic
3262 3001 3369 3046 tam
3417 2991 3509 3045 diu
3543 3004 3724 3046 saevus

2139 3092 2230 3146 ille
2254 3090 2622 3145 illuc-hemetcs
2668 3085 2946 3142 secundus
2975 3085 3240 3157 pepercit,
3264 3085 3356 3154 qui
3385 3083 3470 3136 vix
3507 3089 3724 3138 mortuo

2133 3192 2307 3250 patre,
2337 3183 2660 3252 sanguinem
2697 3183 2880 3236 statim
2931 3179 3237 3234 fraternum
3271 3178 3434 3234 sitiit?
3483 3176 3565 3233 An
3597 3176 3723 3231 huic

2131 3279 2364 3334 credidit
2395 3277 2697 3332 exercitum
2721 3275 3230 3348 suspiciOsissimus
3253 3274 3500 3329 omnium
3531 3285 3722 3343 tyran-

2137 3371 2282 3425 nus?
2351 3367 2597 3437 Denique
2649 3375 2865 3423 constat
2911 3382 2977 3419 ex
3016 3364 3263 3419 Turcicis
3312 3363 3621 3428 muralibus,
3668 3363 3721 3419 id

2135 3461 2398 3531 temporis
2429 3460 2643 3515 viciniae
2675 3455 3045 3528 Trapezuntis
3084 3457 3403 3525 praefectum
3436 3472 3467 3512 a
3499 3457 3721 3511 Mucbe-

2138 3564 2280 3608 metc
2313 3553 2485 3609 fuisse
2522 3554 2820 3606 niaximum
2856 3561 2986 3606 natu
3018 3549 3192 3605 lilium
3221 3549 3594 3620 Mustapham,
3629 3552 3719 3622 qui

2138 3657 2352 3702 tantum
2376 3646 2643 3701 decennio
2676 3656 2797 3716 post
2827 3643 2914 3698 illa
2945 3660 3067 3699 cum
3096 3643 3534 3712 Trapezuntihus
3559 3644 3720 3711 bella,

2136 3739 2352 3795 Parthis
2369 3742 2420 3794 in
2442 3743 2753 3794 Armeniam
2770 3740 3220 3796 etCaramaniant
3244 3737 3438 3794 infusis
3461 3740 3720 3806 occurrit,

2136 3834 2325 3904 eisque
2349 3833 2526 3898 cassis,
2554 3830 2830 3887 Jusnl‘zcm
2883 3835 3079 3905 begum
3106 3833 3302 3888 ducem
3353 3834 3537 3888 vivum
3580 3837 3723 3902 cepit

2136 3937 2188 3982 et
2220 3929 2357 3993 patri
2395 3927 2562 3982 misit:
2593 3928 2737 3995 quod
2770 3937 3152 3995 argumentum
3181 3935 3263 3981 est
3282 3926 3525 3992 evidens,
3552 3929 3721 3983 fuisse

2140 4031 2252 4072 tum
2307 4019 2649 4089 Mustapliam
2703 4017 2877 4073 virilis
2919 4022 3133 4084 aetatis,
3183 4033 3286 4074 nec
3342 4017 3562 4074 lichem
3620 4021 3720 4075 0s-

2141 4116 2418 4167 manidam
2451 4115 2502 4167 in
2566 4115 2632 4167 iis
2668 4115 2800 4169 locis
2853 4114 2936 4169 vel
2996 4113 3286 4185 imperium
3338 4113 3722 4182 aliquod,_Vcl

2137 4208 2440 4260 exercitum
2475 4208 2754 4263 habuiSSr.
2782 4208 2913 4273 Quae
2935 4222 3058 4261 cum
3077 4207 3151 4261 ita
3174 4209 3305 4270 sint,
3330 4215 3500 4263 restat
3533 4216 3594 4261 ut
3612 4215 3723 4260 sta-

2141 4311 2360 4355 tuamus
2410 4315 2648 4370 quatuor
2695 4301 2924 4354 omnino
2987 4302 3234 4365 nomina,
3293 4298 3616 4354 Orthobulis
3669 4307 3724 4354 et

2142 4390 2531 4454 Mulsumanis,
2564 4407 2685 4459 qua:
2711 4391 2882 4445 Graeci
2910 4391 3255 4446 tradiderunt
3280 4407 3295 4456 ;
3330 4391 3714 4462 ersicelebis,

2139 4483 2285 4549 quod
2339 4486 2512 4538 nostri
2551 4484 2946 4550 ;So|eimanis,
2978 4484 3122 4552 quod
3182 4479 3370 4549 Turci;
3405 4485 3623 4538 tandem
3669 4483 3720 4535 in

442 4593 623 4648 Chan.
677 4580 833 4657 Quod
867 4602 998 4643 vero
1028 4600 1214 4640 necem
1272 4578 1590 4637 Ortltobulis
1645 4576 1859 4638 attinet,
1904 4585 2027 4640 quae
2063 4615 2105 4668 ο
2137 4592 2306 4631 unum
2340 4576 2668 4632 conferenda
2703 4576 3068 4632 Soleimanem
3118 4576 3371 4643 Bajazitis
3399 4592 3719 4646 germanum

445 4695 768 4742 recensetur
791 4698 820 4735 a
848 4682 1081 4744 Gracia,
1112 4693 1141 4731 a
1170 4675 1364 4730 Turcis
1395 4671 1616 4728 silentio
1672 4666 2024 4737 praeteritur:

447 4781 582 4835 nihil
609 4757 671 4834 ea
698 4775 905 4831 nostris
958 4769 1270 4827 rationibus
1307 4767 1506 4831 officit,
1541 4777 1663 4818 cum
1717 4760 1838 4814 vice
1866 4771 2024 4811 versa

443 4872 611 4927 Turci
691 4867 1008 4923 'l‘emiriano
1089 4862 1275 4932 praelio
1344 4854 1684 4923 Mustapham
1768 4847 2026 4917 Bajazitis

443 4966 616 5021 tiliqu
678 4958 1007 5017 occubuisse
1064 4959 1392 5010 memorent.
1462 4961 1626 5016 quem
1684 4941 1856 4996 Grieci
1913 4948 2022 4993 tam

445 5069 599 5115 certo
629 5072 737 5114 non
775 5054 1006 5127 periisse
1038 5049 1357 5111 credebant,
1415 5052 1474 5097 ut
1505 5043 1671 5095 alium
1726 5035 2019 5108 quemdam

446 5151 801 5208 mentientem
833 5148 936 5202 hoc
969 5157 1190 5205 nomen,
1217 5138 1383 5193 veluti
1437 5133 1856 5205 supposititium
1915 5127 2024 5181 fra-

443 5257 581 5299 trem
625 5238 871 5310 posccnti
903 5233 1232 5289 Mucltemeti
1259 5230 1460 5284 dedere
1492 5227 1718 5291 nollent,
1779 5231 2022 5277 mortuo-

442 5352 550 5408 que
592 5332 938 5388 Muchetnete
966 5335 1158 5381 contra
1210 5321 1476 5376 illuratem
1530 5318 1856 5380 secundum,
1905 5314 2019 5368 Mu-

440 5405 707 5485 ehemetis
739 5422 932 5484 lilium,
985 5431 1086 5471 sua
1117 5413 1507 5482 cumpernicic
1560 5411 1832 5464 foverent.
1873 5405 2019 5461 Prae-

440 5535 591 5579 terea
613 5533 723 5573 non
753 5517 854 5570 abs
888 5527 945 5568 re
968 5510 1171 5564 tnirum
1205 5506 1372 5561 alicui
1409 5504 1684 5566 videatur,
1712 5501 2016 5555 Laouicum

436 5618 641 5678 dicere,
667 5618 917 5666 necatum
944 5621 975 5659 a
1003 5603 1223 5658 Temire
1249 5598 1508 5668 Bajaaitis
1540 5597 1708 5650 tilium
1741 5594 2019 5650 Orthobu-

436 5710 543 5764 lem
570 5723 584 5760 :
806 5715 930 5753 cum
963 5698 1009 5753 is
1040 5694 1251 5750 auctori
1274 5693 1398 5745 belli
1432 5687 1856 5758 etinjuriarum,
1879 5687 2016 5755 patri

435 5797 757 5870 pepercerit;
785 5806 839 5851 et
869 5807 1129 5864 expresse
1161 5787 1438 5843 Laonicus
1474 5789 1616 5841 idem
1652 5796 1833 5855 postea
1882 5782 2018 5838 scri-

436 5897 529 5952 bat
554 5892 679 5956 ωας
707 5889 832 5949 ιιεςι
853 5887 1064 5957 dubia),
1089 5884 1508 5946 Mulsuntauem,
1553 5879 1776 5944 Moscm,
1803 5876 2015 5942 .icsum,

2135 4667 2306 4723 ﬁlium
2330 4707 2348 4734 ,
2393 4682 2520 4722 natu
2569 4685 2900 4723 maximum:
2936 4671 3095 4739 cujus
3123 4672 3166 4724 si
3204 4669 3402 4722 Zicbes
3453 4669 3540 4722 iile
3573 4671 3717 4720 illius

2131 4775 2240 4814 non
2302 4760 2446 4824 fuit,
2520 4775 2792 4830 nusquam
2848 4777 2914 4813 ne
2976 4760 3199 4814 nomine
3273 4761 3493 4830 quidem
3559 4767 3720 4813 tenus

2133 4852 2329 4908 Turcis
2382 4854 3052 4918 notus;cumOrtltobule
3110 4853 3303 4908 [ictitio
3363 4867 3536 4922 patre,
3594 4873 3723 4921 sup-

2133 4948 2295 5018 positi
2330 4947 2414 5002 ius
2468 4948 2613 5001 tilius
2682 4947 2888 5003 Graecis
2949 4947 3324 5002 defendendus
3375 4947 3717 5016 relinquitur.

2128 5042 2344 5097 "abem
2417 5043 2646 5096 lectores
2730 5041 2932 5096 eruditi
3010 5042 3248 5094 rationes
3331 5057 3523 5103 meas,
3583 5056 3720 5109 quas

2130 5136 2216 5190 vel
2262 5135 2625 5204 approbandi,
2679 5137 2759 5188 vel
2807 5133 3150 5199 conl‘utandi,
3204 5135 3432 5188 liberam
3496 5135 3577 5186 eis
3628 5150 3723 5201 po-

2132 5237 2386 5285 testatem
2439 5229 2600 5283 facio.
2673 5227 2935 5281 Neutrum
2989 5237 3170 5279 tamen
3220 5243 3280 5280 ex
3343 5226 3560 5281 duobus
3611 5226 3719 5281 illis

2135 5337 2163 5376 a
2189 5321 2430 5376 Laonico
2463 5323 2785 5375 memoratis
2821 5321 2875 5374 in
2922 5321 3346 5374 Osmanidarum
3376 5321 3536 5373 Oniisi
3565 5321 3722 5372 {aliti-

2126 5416 2222 5480 lia,
2276 5431 2343 5468 ne
2390 5416 2515 5482 quis
2557 5414 2737 5467 nimiae
2793 5428 2880 5467 me
2931 5412 3256 5466 temeritatis
3306 5421 3589 5465 arcessat:
3626 5412 3718 5475 qui

2131 5517 2330 5579 prater
2360 5507 2483 5572 hos,
2517 5508 2744 5561 necdum
2775 5506 2977 5560 auditis
3007 5505 3240 5559 aliorum
3260 5503 3509 5572 jndiciis,
3543 5504 3717 5574 pluri-

2125 5602 2230 5657 bus
2257 5600 2420 5655 etiam
2452 5597 2706 5668 Bajazitis
2741 5598 2900 5661 ﬁliis,
2931 5595 3061 5653 Iesu
3101 5596 3331 5659 minori,
3368 5593 3450 5650 Ali
3477 5635 3493 5660 ,
3526 5592 3714 5649 Dusmt

2130 5693 2469 5763 lliustaphte,
2534 5691 2796 5748 natalium
2845 5691 3281 5749 controversiam
3332 5706 3551 5748 movere
3596 5706 3707 5746 non

2129 5784 2342 5838 dubitat
2354 5783 2514 5838 crint.
