  <div class='ocr_page' id='page_1' title='image "/cluster/home/n/w/nwhite01/storage/ocr_20150623/159/mdp.39015015350443/398.png"; bbox 0 0 4218 6308; ppageno 0'>
   <div class='ocr_carea' id='block_1_1' title="bbox 403 472 511 542">
    <p class='ocr_par' dir='ltr' id='par_1_1' title="bbox 403 472 511 542">
     <span class='ocr_line' id='line_1_1' title="bbox 403 472 511 542; baseline -0.009 0"><span class='ocrx_word' id='word_1_1' title='bbox 403 472 511 542; x_wconf 71' lang='grc'><strong>⁸181</strong></span> 
     </span>
    </p>
   </div>
   <div class='ocr_carea' id='block_1_2' title="bbox 480 594 1936 668">
    <p class='ocr_par' dir='ltr' id='par_1_2' title="bbox 480 594 1936 668">
     <span class='ocr_line' id='line_1_2' title="bbox 480 594 1936 668; baseline 0.001 -20"><span class='ocrx_word' id='word_1_2' title='bbox 480 596 568 648; x_wconf 78' lang='lat' dir='ltr'><strong>till.</strong></span> <span class='ocrx_word' id='word_1_3' title='bbox 608 594 827 649; x_wconf 73' lang='lat' dir='ltr'><strong>Tecln&#39;iu</strong></span> <span class='ocrx_word' id='word_1_4' title='bbox 861 596 1039 665; x_wconf 78' lang='lat' dir='ltr'><strong>begus,</strong></span> <span class='ocrx_word' id='word_1_5' title='bbox 1070 594 1317 666; x_wconf 58' lang='grc' dir='ltr'><strong>ἔζη-εἰπέτω</strong></span> <span class='ocrx_word' id='word_1_6' title='bbox 1342 596 1605 666; x_wconf 75' lang='lat' dir='ltr'><strong>princeps,</strong></span> <span class='ocrx_word' id='word_1_7' title='bbox 1658 596 1936 668; x_wconf 67' lang='lat' dir='ltr'><strong>Diorryge.</strong></span> 
     </span>
    </p>
   </div>
   <div class='ocr_carea' id='block_1_3' title="bbox 481 708 2004 783">
    <p class='ocr_par' dir='ltr' id='par_1_3' title="bbox 481 708 2004 783">
     <span class='ocr_line' id='line_1_3' title="bbox 481 708 2004 783; baseline -0.001 -18"><span class='ocrx_word' id='word_1_8' title='bbox 481 709 585 778; x_wconf 81' lang='lat' dir='ltr'><strong>Qui</strong></span> <span class='ocrx_word' id='word_1_9' title='bbox 613 709 811 766; x_wconf 78' lang='lat' dir='ltr'><strong>Turcis</strong></span> <span class='ocrx_word' id='word_1_10' title='bbox 842 722 923 767; x_wconf 83' lang='lat' dir='ltr'><strong>est</strong></span> <span class='ocrx_word' id='word_1_11' title='bbox 950 712 1184 767; x_wconf 85' lang='lat' dir='ltr'><strong>Techrin</strong></span> <span class='ocrx_word' id='word_1_12' title='bbox 1217 712 1388 783; x_wconf 82' lang='lat' dir='ltr'><strong>begus</strong></span> <span class='ocrx_word' id='word_1_13' title='bbox 1413 749 1430 777; x_wconf 93' lang='lat'><strong>,</strong></span> <span class='ocrx_word' id='word_1_14' title='bbox 1480 708 1727 780; x_wconf 72' lang='lat' dir='ltr'><strong>Erzingze</strong></span> <span class='ocrx_word' id='word_1_15' title='bbox 1773 712 1855 766; x_wconf 93' lang='lat' dir='ltr'><strong>vel</strong></span> <span class='ocrx_word' id='word_1_16' title='bbox 1911 709 2004 764; x_wconf 80' lang='lat' dir='ltr'><strong>Er-</strong></span> 
     </span>
    </p>
   </div>
   <div class='ocr_carea' id='block_1_4' title="bbox 407 802 2002 874">
    <p class='ocr_par' dir='ltr' id='par_1_4' title="bbox 407 802 2002 874">
     <span class='ocr_line' id='line_1_4' title="bbox 407 802 2002 874; baseline 0.001 -17"><span class='ocrx_word' id='word_1_17' title='bbox 407 804 655 859; x_wconf 81' lang='lat' dir='ltr'><strong>ziuzanis</strong></span> <span class='ocrx_word' id='word_1_18' title='bbox 688 803 959 874; x_wconf 85' lang='lat' dir='ltr'><strong>princeps.</strong></span> <span class='ocrx_word' id='word_1_19' title='bbox 998 820 1029 859; x_wconf 83' lang='lat' dir='ltr'><strong>a</strong></span> <span class='ocrx_word' id='word_1_20' title='bbox 1060 804 1304 859; x_wconf 83' lang='lat' dir='ltr'><strong>Laonicu</strong></span> <span class='ocrx_word' id='word_1_21' title='bbox 1336 815 1565 860; x_wconf 79' lang='lat' dir='ltr'><strong>vocatur</strong></span> <span class='ocrx_word' id='word_1_22' title='bbox 1593 802 1837 859; x_wconf 89' lang='lat' dir='ltr'><strong>Sccnder</strong></span> <span class='ocrx_word' id='word_1_23' title='bbox 1857 847 1872 872; x_wconf 93' lang='lat'><strong>,</strong></span> <span class='ocrx_word' id='word_1_24' title='bbox 1908 821 2002 859; x_wconf 91' lang='lat' dir='ltr'><strong>rex</strong></span> 
     </span>
    </p>
   </div>
   <div class='ocr_carea' id='block_1_5' title="bbox 406 894 2000 965">
    <p class='ocr_par' dir='ltr' id='par_1_5' title="bbox 406 894 2000 965">
     <span class='ocr_line' id='line_1_5' title="bbox 406 894 2000 965; baseline 0.001 -17"><span class='ocrx_word' id='word_1_25' title='bbox 406 896 826 949; x_wconf 74' lang='lat' dir='ltr'><strong>Armeniorum:</strong></span> <span class='ocrx_word' id='word_1_26' title='bbox 862 896 948 948; x_wconf 90' lang='lat' dir='ltr'><strong>cui</strong></span> <span class='ocrx_word' id='word_1_27' title='bbox 982 894 1277 964; x_wconf 76' lang='lat' dir='ltr'><strong>Bajazitem</strong></span> <span class='ocrx_word' id='word_1_28' title='bbox 1312 895 1468 950; x_wconf 86' lang='lat' dir='ltr'><strong>illato</strong></span> <span class='ocrx_word' id='word_1_29' title='bbox 1516 895 1680 961; x_wconf 87' lang='lat' dir='ltr'><strong>bello,</strong></span> <span class='ocrx_word' id='word_1_30' title='bbox 1710 896 2000 965; x_wconf 83' lang='lat' dir='ltr'><strong>Erzingam</strong></span> 
     </span>
    </p>
   </div>
   <div class='ocr_carea' id='block_1_6' title="bbox 405 988 2003 1054">
    <p class='ocr_par' dir='ltr' id='par_1_6' title="bbox 405 988 2003 1054">
     <span class='ocr_line' id='line_1_6' title="bbox 405 988 2003 1054; baseline 0.001 -14"><span class='ocrx_word' id='word_1_31' title='bbox 405 988 699 1053; x_wconf 86' lang='lat' dir='ltr'><strong>ademisse,</strong></span> <span class='ocrx_word' id='word_1_32' title='bbox 738 1002 863 1041; x_wconf 87' lang='lat' dir='ltr'><strong>cum</strong></span> <span class='ocrx_word' id='word_1_33' title='bbox 888 988 1180 1043; x_wconf 86' lang='lat' dir='ltr'><strong>annalibus</strong></span> <span class='ocrx_word' id='word_1_34' title='bbox 1210 988 1359 1043; x_wconf 87' lang='lat' dir='ltr'><strong>hisce</strong></span> <span class='ocrx_word' id='word_1_35' title='bbox 1388 989 1765 1054; x_wconf 74' lang='lat' dir='ltr'><strong>consentiens,</strong></span> <span class='ocrx_word' id='word_1_36' title='bbox 1794 997 2003 1042; x_wconf 86' lang='lat' dir='ltr'><strong>narrat.</strong></span> 
     </span>
    </p>
   </div>
   <div class='ocr_carea' id='block_1_7' title="bbox 410 1077 2001 1153">
    <p class='ocr_par' dir='ltr' id='par_1_7' title="bbox 410 1077 2001 1153">
     <span class='ocr_line' id='line_1_7' title="bbox 410 1077 2001 1153; baseline 0.001 -20"><span class='ocrx_word' id='word_1_37' title='bbox 410 1080 603 1134; x_wconf 83' lang='lat' dir='ltr'><strong>Postea</strong></span> <span class='ocrx_word' id='word_1_38' title='bbox 642 1081 802 1134; x_wconf 85' lang='lat' dir='ltr'><strong>tradit</strong></span> <span class='ocrx_word' id='word_1_39' title='bbox 839 1077 1176 1145; x_wconf 81' lang='lat' dir='ltr'><strong>Tezetincm,</strong></span> <span class='ocrx_word' id='word_1_40' title='bbox 1212 1082 1393 1135; x_wconf 86' lang='lat' dir='ltr'><strong>virum</strong></span> <span class='ocrx_word' id='word_1_41' title='bbox 1420 1082 1571 1152; x_wconf 81' lang='lat' dir='ltr'><strong>regio</strong></span> <span class='ocrx_word' id='word_1_42' title='bbox 1604 1082 1875 1153; x_wconf 75' lang='lat' dir='ltr'><strong>sanguine</strong></span> <span class='ocrx_word' id='word_1_43' title='bbox 1905 1094 2001 1135; x_wconf 90' lang='lat' dir='ltr'><strong>or-</strong></span> 
     </span>
    </p>
   </div>
   <div class='ocr_carea' id='block_1_8' title="bbox 407 1172 2003 1245">
    <p class='ocr_par' dir='ltr' id='par_1_8' title="bbox 407 1172 2003 1245">
     <span class='ocr_line' id='line_1_8' title="bbox 407 1172 2003 1245; baseline 0.004 -21"><span class='ocrx_word' id='word_1_44' title='bbox 407 1182 522 1225; x_wconf 88' lang='lat' dir='ltr'><strong>tum</strong></span> <span class='ocrx_word' id='word_1_45' title='bbox 554 1173 623 1227; x_wconf 89' lang='lat' dir='ltr'><strong>ab</strong></span> <span class='ocrx_word' id='word_1_46' title='bbox 659 1172 941 1244; x_wconf 77' lang='lat' dir='ltr'><strong>Erziganis</strong></span> <span class='ocrx_word' id='word_1_47' title='bbox 996 1189 1144 1245; x_wconf 76' lang='lat' dir='ltr'><strong>rege,</strong></span> <span class='ocrx_word' id='word_1_48' title='bbox 1198 1188 1368 1244; x_wconf 81' lang='lat' dir='ltr'><strong>puero</strong></span> <span class='ocrx_word' id='word_1_49' title='bbox 1419 1172 1742 1243; x_wconf 65' lang='lat' dir='ltr'><strong>Mustapha,</strong></span> <span class='ocrx_word' id='word_1_50' title='bbox 1775 1174 2003 1230; x_wconf 76' lang='lat' dir='ltr'><strong>Muratis</strong></span> 
     </span>
    </p>
   </div>
   <div class='ocr_carea' id='block_1_9' title="bbox 407 1265 1998 1341">
    <p class='ocr_par' dir='ltr' id='par_1_9' title="bbox 407 1265 1998 1341">
     <span class='ocr_line' id='line_1_9' title="bbox 407 1265 1998 1341; baseline -0.001 -18"><span class='ocrx_word' id='word_1_51' title='bbox 407 1268 632 1323; x_wconf 82' lang='lat' dir='ltr'><strong>secundi</strong></span> <span class='ocrx_word' id='word_1_52' title='bbox 679 1266 862 1331; x_wconf 75' lang='lat' dir='ltr'><strong>(ratri,</strong></span> <span class='ocrx_word' id='word_1_53' title='bbox 911 1269 1121 1322; x_wconf 76' lang='lat' dir='ltr'><strong>auxilio</strong></span> <span class='ocrx_word' id='word_1_54' title='bbox 1170 1269 1404 1324; x_wconf 83' lang='lat' dir='ltr'><strong>venisse.</strong></span> <span class='ocrx_word' id='word_1_55' title='bbox 1456 1265 1570 1324; x_wconf 84' lang='lat' dir='ltr'><strong>Hoc</strong></span> <span class='ocrx_word' id='word_1_56' title='bbox 1622 1284 1721 1341; x_wconf 78' lang='lat' dir='ltr'><strong>ego</strong></span> <span class='ocrx_word' id='word_1_57' title='bbox 1775 1284 1998 1335; x_wconf 87' lang='lat' dir='ltr'><strong>nomen,</strong></span> 
     </span>
    </p>
   </div>
   <div class='ocr_carea' id='block_1_10' title="bbox 405 1357 1998 1432">
    <p class='ocr_par' dir='ltr' id='par_1_10' title="bbox 405 1357 1998 1432">
     <span class='ocr_line' id='line_1_10' title="bbox 405 1357 1998 1432; baseline -0.001 -17"><span class='ocrx_word' id='word_1_58' title='bbox 405 1361 524 1415; x_wconf 80' lang='lat' dir='ltr'><strong>sire</strong></span> <span class='ocrx_word' id='word_1_59' title='bbox 557 1357 857 1423; x_wconf 85' lang='lat' dir='ltr'><strong>Tezetinis,</strong></span> <span class='ocrx_word' id='word_1_60' title='bbox 891 1361 1007 1416; x_wconf 83' lang='lat' dir='ltr'><strong>sive</strong></span> <span class='ocrx_word' id='word_1_61' title='bbox 1030 1359 1339 1426; x_wconf 85' lang='lat' dir='ltr'><strong>Tezerinis,</strong></span> <span class='ocrx_word' id='word_1_62' title='bbox 1376 1361 1520 1415; x_wconf 88' lang='lat' dir='ltr'><strong>idem</strong></span> <span class='ocrx_word' id='word_1_63' title='bbox 1554 1376 1675 1417; x_wconf 86' lang='lat' dir='ltr'><strong>esse</strong></span> <span class='ocrx_word' id='word_1_64' title='bbox 1705 1373 1838 1432; x_wconf 82' lang='lat' dir='ltr'><strong>puto</strong></span> <span class='ocrx_word' id='word_1_65' title='bbox 1870 1376 1998 1417; x_wconf 83' lang='lat' dir='ltr'><strong>cum</strong></span> 
     </span>
    </p>
   </div>
   <div class='ocr_carea' id='block_1_11' title="bbox 408 1446 2001 1526">
    <p class='ocr_par' dir='ltr' id='par_1_11' title="bbox 408 1446 2001 1526">
     <span class='ocr_line' id='line_1_11' title="bbox 408 1446 2001 1526; baseline 0.002 -18"><span class='ocrx_word' id='word_1_66' title='bbox 408 1451 679 1510; x_wconf 64' lang='lat' dir='ltr'><strong>Tetrbt&#39;inc</strong></span> <span class='ocrx_word' id='word_1_67' title='bbox 700 1446 1011 1510; x_wconf 81' lang='lat' dir='ltr'><strong>nostrorum</strong></span> <span class='ocrx_word' id='word_1_68' title='bbox 1043 1454 1351 1510; x_wconf 80' lang='lat' dir='ltr'><strong>annalium.</strong></span> <span class='ocrx_word' id='word_1_69' title='bbox 1376 1453 1669 1526; x_wconf 80' lang='lat' dir='ltr'><strong>Diorryges</strong></span> <span class='ocrx_word' id='word_1_70' title='bbox 1694 1456 1877 1525; x_wconf 84' lang='lat' dir='ltr'><strong>oppidi</strong></span> <span class='ocrx_word' id='word_1_71' title='bbox 1905 1471 2001 1511; x_wconf 85' lang='lat' dir='ltr'><strong>no-</strong></span> 
     </span>
    </p>
   </div>
   <div class='ocr_carea' id='block_1_12' title="bbox 405 1547 1995 1621">
    <p class='ocr_par' dir='ltr' id='par_1_12' title="bbox 405 1547 1995 1621">
     <span class='ocr_line' id='line_1_12' title="bbox 405 1547 1995 1621; baseline 0.002 -18"><span class='ocrx_word' id='word_1_72' title='bbox 405 1560 530 1603; x_wconf 84' lang='lat' dir='ltr'><strong>men</strong></span> <span class='ocrx_word' id='word_1_73' title='bbox 557 1548 806 1605; x_wconf 77' lang='lat' dir='ltr'><strong>Crtecmn</strong></span> <span class='ocrx_word' id='word_1_74' title='bbox 839 1564 870 1602; x_wconf 87' lang='lat' dir='ltr'><strong>a</strong></span> <span class='ocrx_word' id='word_1_75' title='bbox 896 1548 1061 1606; x_wconf 87' lang='lat' dir='ltr'><strong>fossis</strong></span> <span class='ocrx_word' id='word_1_76' title='bbox 1083 1549 1153 1604; x_wconf 91' lang='lat' dir='ltr'><strong>ab</strong></span> <span class='ocrx_word' id='word_1_77' title='bbox 1168 1548 1448 1620; x_wconf 73' lang='lat' dir='ltr'><strong>Euphrate</strong></span> <span class='ocrx_word' id='word_1_78' title='bbox 1481 1549 1760 1621; x_wconf 78' lang='lat' dir='ltr'><strong>perductis</strong></span> <span class='ocrx_word' id='word_1_79' title='bbox 1791 1547 1995 1608; x_wconf 83' lang='lat' dir='ltr'><strong>factum</strong></span> 
     </span>
    </p>
   </div>
   <div class='ocr_carea' id='block_1_13' title="bbox 404 1643 663 1699">
    <p class='ocr_par' dir='ltr' id='par_1_13' title="bbox 404 1643 663 1699">
     <span class='ocr_line' id='line_1_13' title="bbox 404 1643 663 1699; baseline 0.015 -4"><span class='ocrx_word' id='word_1_80' title='bbox 404 1643 663 1699; x_wconf 87' lang='lat' dir='ltr'><strong>arbitror.</strong></span> 
     </span>
    </p>
   </div>
   <div class='ocr_carea' id='block_1_14' title="bbox 461 1756 1939 1829">
    <p class='ocr_par' dir='ltr' id='par_1_14' title="bbox 461 1756 1939 1829">
     <span class='ocr_line' id='line_1_14' title="bbox 461 1756 1939 1829; baseline 0.001 -19"><span class='ocrx_word' id='word_1_81' title='bbox 461 1758 549 1811; x_wconf 77' lang='lat'><strong>6!.</strong></span> <span class='ocrx_word' id='word_1_82' title='bbox 589 1758 695 1824; x_wconf 80' lang='lat' dir='ltr'><strong>Qui</strong></span> <span class='ocrx_word' id='word_1_83' title='bbox 728 1757 1049 1814; x_wconf 78' lang='lat' dir='ltr'><strong>Turcomani</strong></span> <span class='ocrx_word' id='word_1_84' title='bbox 1068 1802 1091 1826; x_wconf 42' lang='grc' dir='ltr'><strong>,γ</strong></span> <span class='ocrx_word' id='word_1_85' title='bbox 1112 1761 1359 1815; x_wconf 78' lang='lat' dir='ltr'><strong>sultanus</strong></span> <span class='ocrx_word' id='word_1_86' title='bbox 1390 1760 1757 1829; x_wconf 76' lang='lat' dir='ltr'><strong>Alcairensis,</strong></span> <span class='ocrx_word' id='word_1_87' title='bbox 1787 1756 1939 1824; x_wconf 83' lang='lat' dir='ltr'><strong>Cair,</strong></span> 
     </span>
    </p>
   </div>
   <div class='ocr_carea' id='block_1_15' title="bbox 467 1831 1488 1896">
    <p class='ocr_par' dir='ltr' id='par_1_15' title="bbox 467 1831 1488 1896">
     <span class='ocr_line' id='line_1_15' title="bbox 467 1831 1488 1896; baseline -0.001 -8"><span class='ocrx_word' id='word_1_88' title='bbox 467 1851 471 1855; x_wconf 78' lang='grc'><strong>”</strong></span> <span class='ocrx_word' id='word_1_89' title='bbox 936 1831 1146 1896; x_wconf 72' lang='lat' dir='ltr'><strong>Missir,</strong></span> <span class='ocrx_word' id='word_1_90' title='bbox 1184 1833 1488 1887; x_wconf 64' lang='lat' dir='ltr'><strong>Miszraim.</strong></span> 
     </span>
    </p>
   </div>
   <div class='ocr_carea' id='block_1_16' title="bbox 478 1933 2074 2035">
    <p class='ocr_par' dir='ltr' id='par_1_16' title="bbox 478 1933 2074 2035">
     <span class='ocr_line' id='line_1_16' title="bbox 478 1933 2074 2035; baseline 0.003 -40"><span class='ocrx_word' id='word_1_91' title='bbox 478 1933 859 2001; x_wconf 79' lang='lat' dir='ltr'><strong>Turcomanos</strong></span> <span class='ocrx_word' id='word_1_92' title='bbox 933 1954 1094 2000; x_wconf 90' lang='lat' dir='ltr'><strong>vocat</strong></span> <span class='ocrx_word' id='word_1_93' title='bbox 1162 1958 1359 2003; x_wconf 81' lang='lat' dir='ltr'><strong>auctor</strong></span> <span class='ocrx_word' id='word_1_94' title='bbox 1427 1947 1707 2003; x_wconf 88' lang='lat' dir='ltr'><strong>annalium</strong></span> <span class='ocrx_word' id='word_1_95' title='bbox 1785 1946 2074 2035; x_wconf 70' lang='lat' dir='ltr'><strong>TurcosB</strong></span> 
     </span>
    </p>
   </div>
   <div class='ocr_carea' id='block_1_17' title="bbox 405 2031 1996 2109">
    <p class='ocr_par' dir='ltr' id='par_1_17' title="bbox 405 2031 1996 2109">
     <span class='ocr_line' id='line_1_17' title="bbox 405 2031 1996 2109; baseline 0.005 -24"><span class='ocrx_word' id='word_1_96' title='bbox 405 2049 598 2090; x_wconf 78' lang='lat' dir='ltr'><strong>onlnes</strong></span> <span class='ocrx_word' id='word_1_97' title='bbox 654 2035 709 2089; x_wconf 91' lang='lat' dir='ltr'><strong>in</strong></span> <span class='ocrx_word' id='word_1_98' title='bbox 755 2031 911 2103; x_wconf 75' lang='lat' dir='ltr'><strong>Asia,</strong></span> <span class='ocrx_word' id='word_1_99' title='bbox 973 2032 1188 2093; x_wconf 67' lang='lat' dir='ltr'><strong>caeteris</strong></span> <span class='ocrx_word' id='word_1_100' title='bbox 1238 2037 1517 2108; x_wconf 82' lang='lat' dir='ltr'><strong>subjectos</strong></span> <span class='ocrx_word' id='word_1_101' title='bbox 1585 2038 1777 2109; x_wconf 75' lang='lat' dir='ltr'><strong>begis,</strong></span> <span class='ocrx_word' id='word_1_102' title='bbox 1837 2049 1996 2093; x_wconf 80' lang='lat' dir='ltr'><strong>extra</strong></span> 
     </span>
    </p>
   </div>
   <div class='ocr_carea' id='block_1_18' title="bbox 404 2124 1999 2203">
    <p class='ocr_par' dir='ltr' id='par_1_18' title="bbox 404 2124 1999 2203">
     <span class='ocr_line' id='line_1_18' title="bbox 404 2124 1999 2203; baseline 0.002 -20"><span class='ocrx_word' id='word_1_103' title='bbox 404 2129 754 2186; x_wconf 76' lang='lat' dir='ltr'><strong>Osmauitlas.</strong></span> <span class='ocrx_word' id='word_1_104' title='bbox 803 2128 895 2186; x_wconf 86' lang='lat' dir='ltr'><strong>Sic</strong></span> <span class='ocrx_word' id='word_1_105' title='bbox 944 2124 1187 2202; x_wconf 80' lang='lat' dir='ltr'><strong>Turquia</strong></span> <span class='ocrx_word' id='word_1_106' title='bbox 1241 2128 1557 2188; x_wconf 84' lang='lat' dir='ltr'><strong>Belvacensi</strong></span> <span class='ocrx_word' id='word_1_107' title='bbox 1606 2148 1832 2203; x_wconf 77' lang='lat' dir='ltr'><strong>regnum</strong></span> <span class='ocrx_word' id='word_1_108' title='bbox 1883 2128 1999 2187; x_wconf 89' lang='lat' dir='ltr'><strong>lco-</strong></span> 
     </span>
    </p>
   </div>
   <div class='ocr_carea' id='block_1_19' title="bbox 408 2225 1994 2297">
    <p class='ocr_par' dir='ltr' id='par_1_19' title="bbox 408 2225 1994 2297">
     <span class='ocr_line' id='line_1_19' title="bbox 408 2225 1994 2297; baseline 0.001 -19"><span class='ocrx_word' id='word_1_109' title='bbox 408 2225 599 2280; x_wconf 85' lang='lat' dir='ltr'><strong>niense</strong></span> <span class='ocrx_word' id='word_1_110' title='bbox 620 2225 842 2292; x_wconf 89' lang='lat' dir='ltr'><strong>dicitur,</strong></span> <span class='ocrx_word' id='word_1_111' title='bbox 869 2226 1124 2297; x_wconf 79' lang='lat' dir='ltr'><strong>Aythouo</strong></span> <span class='ocrx_word' id='word_1_112' title='bbox 1150 2226 1330 2281; x_wconf 89' lang='lat' dir='ltr'><strong>minor</strong></span> <span class='ocrx_word' id='word_1_113' title='bbox 1354 2226 1505 2281; x_wconf 77' lang='lat' dir='ltr'><strong>Asia.</strong></span> <span class='ocrx_word' id='word_1_114' title='bbox 1536 2225 1744 2283; x_wconf 67' lang='lat' dir='ltr'><strong>Praetor</strong></span> <span class='ocrx_word' id='word_1_115' title='bbox 1768 2225 1994 2283; x_wconf 59' lang='lat' dir='ltr'><strong>Gracia</strong></span> 
     </span>
    </p>
   </div>
   <div class='ocr_carea' id='block_1_20' title="bbox 410 2307 1999 2389">
    <p class='ocr_par' dir='ltr' id='par_1_20' title="bbox 410 2307 1999 2389">
     <span class='ocr_line' id='line_1_20' title="bbox 410 2307 1999 2389; baseline 0.002 -20"><span class='ocrx_word' id='word_1_116' title='bbox 410 2324 597 2372; x_wconf 88' lang='lat' dir='ltr'><strong>noster</strong></span> <span class='ocrx_word' id='word_1_117' title='bbox 646 2316 897 2372; x_wconf 87' lang='lat' dir='ltr'><strong>subditos</strong></span> <span class='ocrx_word' id='word_1_118' title='bbox 930 2307 1199 2372; x_wconf 81' lang='lat' dir='ltr'><strong>lconieusi</strong></span> <span class='ocrx_word' id='word_1_119' title='bbox 1252 2318 1473 2374; x_wconf 80' lang='lat' dir='ltr'><strong>sultano</strong></span> <span class='ocrx_word' id='word_1_120' title='bbox 1542 2319 1793 2389; x_wconf 86' lang='lat' dir='ltr'><strong>duplices</strong></span> <span class='ocrx_word' id='word_1_121' title='bbox 1848 2320 1999 2387; x_wconf 81' lang='lat' dir='ltr'><strong>facit,</strong></span> 
     </span>
    </p>
   </div>
   <div class='ocr_carea' id='block_1_21' title="bbox 410 2404 2002 2480">
    <p class='ocr_par' dir='ltr' id='par_1_21' title="bbox 410 2404 2002 2480">
     <span class='ocr_line' id='line_1_21' title="bbox 410 2404 2002 2480; baseline 0.004 -19"><span class='ocrx_word' id='word_1_122' title='bbox 410 2411 607 2477; x_wconf 87' lang='lat' dir='ltr'><strong>partim</strong></span> <span class='ocrx_word' id='word_1_123' title='bbox 638 2404 1011 2464; x_wconf 74' lang='lat' dir='ltr'><strong>Musulmanos</strong></span> <span class='ocrx_word' id='word_1_124' title='bbox 1040 2410 1345 2480; x_wconf 82' lang='lat' dir='ltr'><strong>appellans,</strong></span> <span class='ocrx_word' id='word_1_125' title='bbox 1373 2411 1570 2480; x_wconf 79' lang='lat' dir='ltr'><strong>partim</strong></span> <span class='ocrx_word' id='word_1_126' title='bbox 1598 2410 2002 2469; x_wconf 83' lang='lat' dir='ltr'><strong>Turcomanos.</strong></span> 
     </span>
    </p>
   </div>
   <div class='ocr_carea' id='block_1_22' title="bbox 413 2494 2003 2577">
    <p class='ocr_par' dir='ltr' id='par_1_22' title="bbox 413 2494 2003 2577">
     <span class='ocr_line' id='line_1_22' title="bbox 413 2494 2003 2577; baseline 0.005 -25"><span class='ocrx_word' id='word_1_127' title='bbox 413 2494 489 2554; x_wconf 84' lang='lat' dir='ltr'><strong>De</strong></span> <span class='ocrx_word' id='word_1_128' title='bbox 546 2498 1017 2557; x_wconf 73' lang='lat' dir='ltr'><strong>Musulmanorum</strong></span> <span class='ocrx_word' id='word_1_129' title='bbox 1071 2504 1297 2559; x_wconf 85' lang='lat' dir='ltr'><strong>nomine</strong></span> <span class='ocrx_word' id='word_1_130' title='bbox 1356 2503 1565 2559; x_wconf 86' lang='lat' dir='ltr'><strong>dictum</strong></span> <span class='ocrx_word' id='word_1_131' title='bbox 1603 2516 1788 2567; x_wconf 87' lang='lat' dir='ltr'><strong>antea.</strong></span> <span class='ocrx_word' id='word_1_132' title='bbox 1854 2504 2003 2577; x_wconf 89' lang='lat' dir='ltr'><strong>quod</strong></span> 
     </span>
    </p>
   </div>
   <div class='ocr_carea' id='block_1_23' title="bbox 410 2594 2005 2666">
    <p class='ocr_par' dir='ltr' id='par_1_23' title="bbox 410 2594 2005 2666">
     <span class='ocr_line' id='line_1_23' title="bbox 410 2594 2005 2666; baseline 0.004 -20"><span class='ocrx_word' id='word_1_133' title='bbox 410 2594 555 2649; x_wconf 80' lang='lat' dir='ltr'><strong>haud</strong></span> <span class='ocrx_word' id='word_1_134' title='bbox 585 2595 754 2650; x_wconf 82' lang='lat' dir='ltr'><strong>dubie</strong></span> <span class='ocrx_word' id='word_1_135' title='bbox 778 2605 910 2651; x_wconf 87' lang='lat' dir='ltr'><strong>tunc</strong></span> <span class='ocrx_word' id='word_1_136' title='bbox 939 2597 1103 2652; x_wconf 88' lang='lat' dir='ltr'><strong>etiam</strong></span> <span class='ocrx_word' id='word_1_137' title='bbox 1133 2606 1288 2666; x_wconf 88' lang='lat' dir='ltr'><strong>paret</strong></span> <span class='ocrx_word' id='word_1_138' title='bbox 1348 2597 1596 2651; x_wconf 85' lang='lat' dir='ltr'><strong>habitum</strong></span> <span class='ocrx_word' id='word_1_139' title='bbox 1637 2598 1785 2652; x_wconf 87' lang='lat' dir='ltr'><strong>velut</strong></span> <span class='ocrx_word' id='word_1_140' title='bbox 1835 2598 2005 2653; x_wconf 85' lang='lat' dir='ltr'><strong>bone-</strong></span> 
     </span>
    </p>
   </div>
   <div class='ocr_carea' id='block_1_24' title="bbox 412 2685 2002 2760">
    <p class='ocr_par' dir='ltr' id='par_1_24' title="bbox 412 2685 2002 2760">
     <span class='ocr_line' id='line_1_24' title="bbox 412 2685 2002 2760; baseline 0.003 -21"><span class='ocrx_word' id='word_1_141' title='bbox 412 2686 575 2740; x_wconf 82' lang='lat' dir='ltr'><strong>stius.</strong></span> <span class='ocrx_word' id='word_1_142' title='bbox 615 2685 995 2745; x_wconf 81' lang='lat' dir='ltr'><strong>Turcomanos</strong></span> <span class='ocrx_word' id='word_1_143' title='bbox 1017 2689 1098 2744; x_wconf 96' lang='lat' dir='ltr'><strong>ait</strong></span> <span class='ocrx_word' id='word_1_144' title='bbox 1129 2704 1253 2745; x_wconf 87' lang='lat' dir='ltr'><strong>esse</strong></span> <span class='ocrx_word' id='word_1_145' title='bbox 1288 2697 1527 2760; x_wconf 74' lang='lat' dir='ltr'><strong>gentem,</strong></span> <span class='ocrx_word' id='word_1_146' title='bbox 1557 2704 1681 2759; x_wconf 69' lang='lat' dir='ltr'><strong>quae</strong></span> <span class='ocrx_word' id='word_1_147' title='bbox 1711 2690 2002 2745; x_wconf 81' lang='lat' dir='ltr'><strong>Persarum</strong></span> 
     </span>
    </p>
   </div>
   <div class='ocr_carea' id='block_1_25' title="bbox 406 2777 2006 2850">
    <p class='ocr_par' dir='ltr' id='par_1_25' title="bbox 406 2777 2006 2850">
     <span class='ocr_line' id='line_1_25' title="bbox 406 2777 2006 2850; baseline 0.004 -18"><span class='ocrx_word' id='word_1_148' title='bbox 406 2779 512 2850; x_wconf 71' lang='lat' dir='ltr'><strong>(sic</strong></span> <span class='ocrx_word' id='word_1_149' title='bbox 571 2777 786 2836; x_wconf 85' lang='lat' dir='ltr'><strong>Turcos</strong></span> <span class='ocrx_word' id='word_1_150' title='bbox 844 2780 1157 2838; x_wconf 81' lang='lat' dir='ltr'><strong>leouienses</strong></span> <span class='ocrx_word' id='word_1_151' title='bbox 1223 2793 1418 2847; x_wconf 85' lang='lat' dir='ltr'><strong>vocat,</strong></span> <span class='ocrx_word' id='word_1_152' title='bbox 1476 2783 1628 2838; x_wconf 87' lang='lat' dir='ltr'><strong>velut</strong></span> <span class='ocrx_word' id='word_1_153' title='bbox 1681 2798 1711 2837; x_wconf 91' lang='lat' dir='ltr'><strong>e</strong></span> <span class='ocrx_word' id='word_1_154' title='bbox 1779 2778 2006 2838; x_wconf 76' lang='lat' dir='ltr'><strong>Perside</strong></span> 
     </span>
    </p>
   </div>
   <div class='ocr_carea' id='block_1_26' title="bbox 407 2867 2003 2946">
    <p class='ocr_par' dir='ltr' id='par_1_26' title="bbox 407 2867 2003 2946">
     <span class='ocr_line' id='line_1_26' title="bbox 407 2867 2003 2946; baseline 0.001 -19"><span class='ocrx_word' id='word_1_155' title='bbox 407 2873 696 2943; x_wconf 82' lang='lat' dir='ltr'><strong>oriundos)</strong></span> <span class='ocrx_word' id='word_1_156' title='bbox 748 2884 1028 2930; x_wconf 83' lang='lat' dir='ltr'><strong>extremos</strong></span> <span class='ocrx_word' id='word_1_157' title='bbox 1072 2874 1209 2931; x_wconf 86' lang='lat' dir='ltr'><strong>fines</strong></span> <span class='ocrx_word' id='word_1_158' title='bbox 1245 2867 1541 2942; x_wconf 75' lang='lat' dir='ltr'><strong>insidebat,</strong></span> <span class='ocrx_word' id='word_1_159' title='bbox 1577 2885 1631 2929; x_wconf 88' lang='lat' dir='ltr'><strong>ct</strong></span> <span class='ocrx_word' id='word_1_160' title='bbox 1670 2874 2003 2946; x_wconf 86' lang='lat' dir='ltr'><strong>implacabili</strong></span> 
     </span>
    </p>
   </div>
   <div class='ocr_carea' id='block_1_27' title="bbox 408 2967 2005 3043">
    <p class='ocr_par' dir='ltr' id='par_1_27' title="bbox 408 2967 2005 3043">
     <span class='ocr_line' id='line_1_27' title="bbox 408 2967 2005 3043; baseline 0.006 -27"><span class='ocrx_word' id='word_1_161' title='bbox 408 2967 538 3021; x_wconf 82' lang='lat' dir='ltr'><strong>odio</strong></span> <span class='ocrx_word' id='word_1_162' title='bbox 565 2967 841 3024; x_wconf 75' lang='lat' dir='ltr'><strong>Romanos</strong></span> <span class='ocrx_word' id='word_1_163' title='bbox 863 2967 940 3040; x_wconf 86' lang='lat' dir='ltr'><strong>(id</strong></span> <span class='ocrx_word' id='word_1_164' title='bbox 967 2980 1073 3034; x_wconf 84' lang='lat' dir='ltr'><strong>est,</strong></span> <span class='ocrx_word' id='word_1_165' title='bbox 1105 2967 1749 3043; x_wconf 57' lang='lat' dir='ltr'><strong>Graecosipersequeus.</strong></span> <span class='ocrx_word' id='word_1_166' title='bbox 1777 2971 2005 3041; x_wconf 71' lang='lat' dir='ltr'><strong>agendis</strong></span> 
     </span>
    </p>
   </div>
   <div class='ocr_carea' id='block_1_28' title="bbox 412 3055 2007 3136">
    <p class='ocr_par' dir='ltr' id='par_1_28' title="bbox 412 3055 2007 3136">
     <span class='ocr_line' id='line_1_28' title="bbox 412 3055 2007 3136; baseline 0.005 -25"><span class='ocrx_word' id='word_1_167' title='bbox 412 3059 611 3128; x_wconf 84' lang='lat' dir='ltr'><strong>praedis</strong></span> <span class='ocrx_word' id='word_1_168' title='bbox 641 3076 707 3115; x_wconf 87' lang='lat' dir='ltr'><strong>ex</strong></span> <span class='ocrx_word' id='word_1_169' title='bbox 744 3061 940 3116; x_wconf 90' lang='lat' dir='ltr'><strong>horum</strong></span> <span class='ocrx_word' id='word_1_170' title='bbox 974 3062 1122 3136; x_wconf 72' lang='lat' dir='ltr'><strong>agris</strong></span> <span class='ocrx_word' id='word_1_171' title='bbox 1149 3055 1547 3127; x_wconf 83' lang='lat' dir='ltr'><strong>delectabatur,</strong></span> <span class='ocrx_word' id='word_1_172' title='bbox 1575 3063 1880 3135; x_wconf 67' lang='lat' dir='ltr'><strong>praesertim</strong></span> <span class='ocrx_word' id='word_1_173' title='bbox 1914 3063 2007 3119; x_wconf 87' lang='lat' dir='ltr'><strong>illo</strong></span> 
     </span>
    </p>
   </div>
   <div class='ocr_carea' id='block_1_29' title="bbox 412 3149 2007 3223">
    <p class='ocr_par' dir='ltr' id='par_1_29' title="bbox 412 3149 2007 3223">
     <span class='ocr_line' id='line_1_29' title="bbox 412 3149 2007 3223; baseline 0.004 -18"><span class='ocrx_word' id='word_1_174' title='bbox 412 3162 661 3221; x_wconf 87' lang='lat' dir='ltr'><strong>tempore</strong></span> <span class='ocrx_word' id='word_1_175' title='bbox 680 3193 693 3219; x_wconf 95' lang='lat'><strong>,</strong></span> <span class='ocrx_word' id='word_1_176' title='bbox 727 3167 840 3223; x_wconf 91' lang='lat' dir='ltr'><strong>quo</strong></span> <span class='ocrx_word' id='word_1_177' title='bbox 870 3169 959 3208; x_wconf 88' lang='lat' dir='ltr'><strong>res</strong></span> <span class='ocrx_word' id='word_1_178' title='bbox 987 3151 1300 3210; x_wconf 76' lang='lat' dir='ltr'><strong>lconienses</strong></span> <span class='ocrx_word' id='word_1_179' title='bbox 1343 3149 1717 3220; x_wconf 82' lang='lat' dir='ltr'><strong>ﬂuctuabant,</strong></span> <span class='ocrx_word' id='word_1_180' title='bbox 1746 3154 2007 3219; x_wconf 83' lang='lat' dir='ltr'><strong>mirifice-</strong></span> 
     </span>
    </p>
   </div>
   <div class='ocr_carea' id='block_1_30' title="bbox 411 3244 2008 3321">
    <p class='ocr_par' dir='ltr' id='par_1_30' title="bbox 411 3244 2008 3321">
     <span class='ocr_line' id='line_1_30' title="bbox 411 3244 2008 3321; baseline 0.003 -20"><span class='ocrx_word' id='word_1_181' title='bbox 411 3262 522 3315; x_wconf 88' lang='lat' dir='ltr'><strong>que</strong></span> <span class='ocrx_word' id='word_1_182' title='bbox 540 3244 950 3303; x_wconf 86' lang='lat' dir='ltr'><strong>Tancbarorutu</strong></span> <span class='ocrx_word' id='word_1_183' title='bbox 974 3247 1431 3319; x_wconf 85' lang='lat' dir='ltr'><strong>itnpressionibus</strong></span> <span class='ocrx_word' id='word_1_184' title='bbox 1453 3248 1839 3305; x_wconf 75' lang='lat' dir='ltr'><strong>turbabantur.</strong></span> <span class='ocrx_word' id='word_1_185' title='bbox 1865 3251 2008 3321; x_wconf 71' lang='lat' dir='ltr'><strong>Ergo</strong></span> 
     </span>
    </p>
   </div>
   <div class='ocr_carea' id='block_1_31' title="bbox 412 3336 2077 3401">
    <p class='ocr_par' dir='ltr' id='par_1_31' title="bbox 412 3336 2077 3401">
     <span class='ocr_line' id='line_1_31' title="bbox 412 3336 2077 3401; baseline 0.004 -7"><span class='ocrx_word' id='word_1_186' title='bbox 412 3337 747 3397; x_wconf 88' lang='lat' dir='ltr'><strong>Turcomani</strong></span> <span class='ocrx_word' id='word_1_187' title='bbox 792 3353 922 3396; x_wconf 91' lang='lat' dir='ltr'><strong>tunc</strong></span> <span class='ocrx_word' id='word_1_188' title='bbox 953 3351 1115 3397; x_wconf 91' lang='lat' dir='ltr'><strong>erant</strong></span> <span class='ocrx_word' id='word_1_189' title='bbox 1146 3336 1336 3397; x_wconf 82' lang='lat' dir='ltr'><strong>inl&#39;ami</strong></span> <span class='ocrx_word' id='word_1_190' title='bbox 1370 3343 1638 3399; x_wconf 84' lang='lat' dir='ltr'><strong>vocabulo</strong></span> <span class='ocrx_word' id='word_1_191' title='bbox 1680 3343 1855 3398; x_wconf 86' lang='lat' dir='ltr'><strong>instar</strong></span> <span class='ocrx_word' id='word_1_192' title='bbox 1886 3343 2004 3399; x_wconf 92' lang='lat' dir='ltr'><strong>illo-</strong></span> <span class='ocrx_word' id='word_1_193' title='bbox 2033 3343 2077 3401; x_wconf 85' lang='lat' dir='ltr'><strong><em>C</em></strong></span> 
     </span>
    </p>
   </div>
   <div class='ocr_carea' id='block_1_32' title="bbox 415 3432 2007 3507">
    <p class='ocr_par' dir='ltr' id='par_1_32' title="bbox 415 3432 2007 3507">
     <span class='ocr_line' id='line_1_32' title="bbox 415 3432 2007 3507; baseline 0.003 -20"><span class='ocrx_word' id='word_1_194' title='bbox 415 3450 535 3488; x_wconf 87' lang='lat' dir='ltr'><strong>rum</strong></span> <span class='ocrx_word' id='word_1_195' title='bbox 573 3436 917 3504; x_wconf 75' lang='lat' dir='ltr'><strong>praedonum,</strong></span> <span class='ocrx_word' id='word_1_196' title='bbox 947 3452 1087 3507; x_wconf 86' lang='lat' dir='ltr'><strong>quos</strong></span> <span class='ocrx_word' id='word_1_197' title='bbox 1114 3452 1262 3491; x_wconf 91' lang='lat' dir='ltr'><strong>nunc</strong></span> <span class='ocrx_word' id='word_1_198' title='bbox 1294 3436 1616 3493; x_wconf 78' lang='lat' dir='ltr'><strong>Martelosos</strong></span> <span class='ocrx_word' id='word_1_199' title='bbox 1634 3445 1690 3491; x_wconf 90' lang='lat' dir='ltr'><strong>et</strong></span> <span class='ocrx_word' id='word_1_200' title='bbox 1722 3432 2007 3492; x_wconf 85' lang='lat' dir='ltr'><strong>Uscoehos</strong></span> 
     </span>
    </p>
   </div>
   <div class='ocr_carea' id='block_1_33' title="bbox 413 3522 2007 3597">
    <p class='ocr_par' dir='ltr' id='par_1_33' title="bbox 413 3522 2007 3597">
     <span class='ocr_line' id='line_1_33' title="bbox 413 3522 2007 3597; baseline 0.003 -16"><span class='ocrx_word' id='word_1_201' title='bbox 413 3529 581 3596; x_wconf 87' lang='lat' dir='ltr'><strong>(unde</strong></span> <span class='ocrx_word' id='word_1_202' title='bbox 606 3528 978 3585; x_wconf 81' lang='lat' dir='ltr'><strong>Scaccborum</strong></span> <span class='ocrx_word' id='word_1_203' title='bbox 1000 3530 1115 3584; x_wconf 85' lang='lat' dir='ltr'><strong>sive</strong></span> <span class='ocrx_word' id='word_1_204' title='bbox 1131 3522 1569 3586; x_wconf 79' lang='lat' dir='ltr'><strong>latrunculurutn</strong></span> <span class='ocrx_word' id='word_1_205' title='bbox 1596 3529 1819 3597; x_wconf 88' lang='lat' dir='ltr'><strong>nomen)</strong></span> <span class='ocrx_word' id='word_1_206' title='bbox 1846 3544 1975 3585; x_wconf 82' lang='lat' dir='ltr'><strong>voca</strong></span> <span class='ocrx_word' id='word_1_207' title='bbox 1991 3555 2007 3569; x_wconf 80' lang='grc' dir='ltr'><strong>ο</strong></span> 
     </span>
    </p>
   </div>
   <div class='ocr_carea' id='block_1_34' title="bbox 413 3619 2007 3695">
    <p class='ocr_par' dir='ltr' id='par_1_34' title="bbox 413 3619 2007 3695">
     <span class='ocr_line' id='line_1_34' title="bbox 413 3619 2007 3695; baseline 0.003 -21"><span class='ocrx_word' id='word_1_208' title='bbox 413 3638 559 3676; x_wconf 78' lang='lat' dir='ltr'><strong>mus.</strong></span> <span class='ocrx_word' id='word_1_209' title='bbox 595 3619 805 3678; x_wconf 72' lang='lat' dir='ltr'><strong>Prtetor</strong></span> <span class='ocrx_word' id='word_1_210' title='bbox 851 3622 1073 3693; x_wconf 77' lang='lat' dir='ltr'><strong>quidem</strong></span> <span class='ocrx_word' id='word_1_211' title='bbox 1107 3635 1239 3678; x_wconf 91' lang='lat' dir='ltr'><strong>tunc</strong></span> <span class='ocrx_word' id='word_1_212' title='bbox 1268 3623 1585 3679; x_wconf 80' lang='lat' dir='ltr'><strong>Michaelem</strong></span> <span class='ocrx_word' id='word_1_213' title='bbox 1614 3621 2007 3695; x_wconf 72' lang='lat' dir='ltr'><strong>Palteologutn,</strong></span> 
     </span>
    </p>
   </div>
   <div class='ocr_carea' id='block_1_35' title="bbox 412 3705 2006 3773">
    <p class='ocr_par' dir='ltr' id='par_1_35' title="bbox 412 3705 2006 3773">
     <span class='ocr_line' id='line_1_35' title="bbox 412 3705 2006 3773; baseline 0.004 -6"><span class='ocrx_word' id='word_1_214' title='bbox 412 3715 482 3767; x_wconf 81' lang='lat' dir='ltr'><strong>ad</strong></span> <span class='ocrx_word' id='word_1_215' title='bbox 509 3705 841 3768; x_wconf 82' lang='lat' dir='ltr'><strong>Jathatinem</strong></span> <span class='ocrx_word' id='word_1_216' title='bbox 876 3716 1156 3769; x_wconf 75' lang='lat' dir='ltr'><strong>sultanum</strong></span> <span class='ocrx_word' id='word_1_217' title='bbox 1195 3715 1668 3773; x_wconf 78' lang='lat' dir='ltr'><strong>Musulmauorum</strong></span> <span class='ocrx_word' id='word_1_218' title='bbox 1711 3732 1773 3773; x_wconf 75' lang='lat' dir='ltr'><strong>se</strong></span> <span class='ocrx_word' id='word_1_219' title='bbox 1812 3716 2006 3773; x_wconf 86' lang='lat' dir='ltr'><strong>confe-</strong></span> 
     </span>
    </p>
   </div>
   <div class='ocr_carea' id='block_1_36' title="bbox 414 3806 2006 3875">
    <p class='ocr_par' dir='ltr' id='par_1_36' title="bbox 414 3806 2006 3875">
     <span class='ocr_line' id='line_1_36' title="bbox 414 3806 2006 3875; baseline 0.003 -13"><span class='ocrx_word' id='word_1_220' title='bbox 414 3816 619 3863; x_wconf 85' lang='lat' dir='ltr'><strong>rentem</strong></span> <span class='ocrx_word' id='word_1_221' title='bbox 646 3850 661 3873; x_wconf 89' lang='lat'><strong>,</strong></span> <span class='ocrx_word' id='word_1_222' title='bbox 693 3809 763 3863; x_wconf 88' lang='lat' dir='ltr'><strong>ab</strong></span> <span class='ocrx_word' id='word_1_223' title='bbox 798 3806 883 3862; x_wconf 85' lang='lat' dir='ltr'><strong>his</strong></span> <span class='ocrx_word' id='word_1_224' title='bbox 913 3806 1278 3866; x_wconf 86' lang='lat' dir='ltr'><strong>Turcomanis</strong></span> <span class='ocrx_word' id='word_1_225' title='bbox 1303 3853 1318 3875; x_wconf 93' lang='lat'><strong>,</strong></span> <span class='ocrx_word' id='word_1_226' title='bbox 1365 3812 1519 3865; x_wconf 91' lang='lat' dir='ltr'><strong>omni</strong></span> <span class='ocrx_word' id='word_1_227' title='bbox 1550 3812 1812 3866; x_wconf 84' lang='lat' dir='ltr'><strong>comitatu</strong></span> <span class='ocrx_word' id='word_1_228' title='bbox 1840 3820 1895 3868; x_wconf 82' lang='lat' dir='ltr'><strong>et</strong></span> <span class='ocrx_word' id='word_1_229' title='bbox 1918 3828 2006 3867; x_wconf 50' lang='lat' dir='ltr'><strong>su.</strong></span> 
     </span>
    </p>
   </div>
   <div class='ocr_carea' id='block_1_37' title="bbox 413 3902 2006 3975">
    <p class='ocr_par' dir='ltr' id='par_1_37' title="bbox 413 3902 2006 3975">
     <span class='ocr_line' id='line_1_37' title="bbox 413 3902 2006 3975; baseline 0.005 -22"><span class='ocrx_word' id='word_1_230' title='bbox 413 3903 681 3971; x_wconf 59' lang='lat' dir='ltr'><strong>ptrllectile</strong></span> <span class='ocrx_word' id='word_1_231' title='bbox 730 3902 1025 3972; x_wconf 85' lang='lat' dir='ltr'><strong>spoliatum</strong></span> <span class='ocrx_word' id='word_1_232' title='bbox 1056 3902 1233 3958; x_wconf 85' lang='lat' dir='ltr'><strong>fuisse</strong></span> <span class='ocrx_word' id='word_1_233' title='bbox 1289 3916 1497 3970; x_wconf 85' lang='lat' dir='ltr'><strong>narrat,</strong></span> <span class='ocrx_word' id='word_1_234' title='bbox 1555 3920 1654 3958; x_wconf 89' lang='lat' dir='ltr'><strong>nec</strong></span> <span class='ocrx_word' id='word_1_235' title='bbox 1704 3906 2006 3975; x_wconf 85' lang='lat' dir='ltr'><strong>quidquam</strong></span> 
     </span>
    </p>
   </div>
   <div class='ocr_carea' id='block_1_38' title="bbox 414 3992 2009 4062">
    <p class='ocr_par' dir='ltr' id='par_1_38' title="bbox 414 3992 2009 4062">
     <span class='ocr_line' id='line_1_38' title="bbox 414 3992 2009 4062; baseline 0.004 -19"><span class='ocrx_word' id='word_1_236' title='bbox 414 4006 641 4045; x_wconf 84' lang='lat' dir='ltr'><strong>suorum</strong></span> <span class='ocrx_word' id='word_1_237' title='bbox 676 3997 744 4044; x_wconf 82' lang='lat' dir='ltr'><strong>ab</strong></span> <span class='ocrx_word' id='word_1_238' title='bbox 791 3992 872 4045; x_wconf 90' lang='lat' dir='ltr'><strong>cis</strong></span> <span class='ocrx_word' id='word_1_239' title='bbox 906 3993 1158 4061; x_wconf 77' lang='lat' dir='ltr'><strong>potuisse</strong></span> <span class='ocrx_word' id='word_1_240' title='bbox 1190 3995 1470 4062; x_wconf 82' lang='lat' dir='ltr'><strong>recipere,</strong></span> <span class='ocrx_word' id='word_1_241' title='bbox 1526 3994 1653 4047; x_wconf 76' lang='lat' dir='ltr'><strong>licet</strong></span> <span class='ocrx_word' id='word_1_242' title='bbox 1697 3993 1827 4049; x_wconf 86' lang='lat' dir='ltr'><strong>hinc</strong></span> <span class='ocrx_word' id='word_1_243' title='bbox 1879 3995 2009 4049; x_wconf 88' lang='lat' dir='ltr'><strong>inde</strong></span> 
     </span>
    </p>
   </div>
   <div class='ocr_carea' id='block_1_39' title="bbox 414 4078 2007 4155">
    <p class='ocr_par' dir='ltr' id='par_1_39' title="bbox 414 4078 2007 4155">
     <span class='ocr_line' id='line_1_39' title="bbox 414 4078 2007 4155; baseline 0.002 -20"><span class='ocrx_word' id='word_1_244' title='bbox 414 4078 664 4136; x_wconf 79' lang='lat' dir='ltr'><strong>dimissis</strong></span> <span class='ocrx_word' id='word_1_245' title='bbox 691 4082 987 4148; x_wconf 83' lang='lat' dir='ltr'><strong>mandatis,</strong></span> <span class='ocrx_word' id='word_1_246' title='bbox 1016 4083 1274 4139; x_wconf 85' lang='lat' dir='ltr'><strong>sultauus</strong></span> <span class='ocrx_word' id='word_1_247' title='bbox 1307 4078 1652 4153; x_wconf 79' lang='lat' dir='ltr'><strong>imperasset,</strong></span> <span class='ocrx_word' id='word_1_248' title='bbox 1685 4094 1743 4138; x_wconf 93' lang='lat' dir='ltr'><strong>ut</strong></span> <span class='ocrx_word' id='word_1_249' title='bbox 1772 4087 2007 4155; x_wconf 85' lang='lat' dir='ltr'><strong>spoliato</strong></span> 
     </span>
    </p>
   </div>
   <div class='ocr_carea' id='block_1_40' title="bbox 418 4174 2004 4248">
    <p class='ocr_par' dir='ltr' id='par_1_40' title="bbox 418 4174 2004 4248">
     <span class='ocr_line' id='line_1_40' title="bbox 418 4174 2004 4248; baseline 0.004 -24"><span class='ocrx_word' id='word_1_250' title='bbox 418 4182 526 4227; x_wconf 89' lang='lat' dir='ltr'><strong>tam</strong></span> <span class='ocrx_word' id='word_1_251' title='bbox 564 4188 817 4243; x_wconf 88' lang='lat' dir='ltr'><strong>corpora,</strong></span> <span class='ocrx_word' id='word_1_252' title='bbox 837 4187 1003 4244; x_wconf 87' lang='lat' dir='ltr'><strong>quam</strong></span> <span class='ocrx_word' id='word_1_253' title='bbox 1032 4188 1122 4229; x_wconf 89' lang='lat' dir='ltr'><strong>res</strong></span> <span class='ocrx_word' id='word_1_254' title='bbox 1142 4174 1412 4248; x_wconf 72' lang='lat' dir='ltr'><strong>adempta:</strong></span> <span class='ocrx_word' id='word_1_255' title='bbox 1435 4178 1879 4232; x_wconf 81' lang='lat' dir='ltr'><strong>restituerentur.</strong></span> <span class='ocrx_word' id='word_1_256' title='bbox 1912 4180 2004 4231; x_wconf 74' lang='lat' dir='ltr'><strong>Al-</strong></span> 
     </span>
    </p>
   </div>
   <div class='ocr_carea' id='block_1_41' title="bbox 415 4262 2008 4331">
    <p class='ocr_par' dir='ltr' id='par_1_41' title="bbox 415 4262 2008 4331">
     <span class='ocr_line' id='line_1_41' title="bbox 415 4262 2008 4331; baseline 0.003 -10"><span class='ocrx_word' id='word_1_257' title='bbox 415 4266 717 4322; x_wconf 78' lang='lat' dir='ltr'><strong>cairensem</strong></span> <span class='ocrx_word' id='word_1_258' title='bbox 749 4270 1043 4331; x_wconf 75' lang='lat' dir='ltr'><strong>,sultanum</strong></span> <span class='ocrx_word' id='word_1_259' title='bbox 1079 4270 1307 4324; x_wconf 80' lang='lat' dir='ltr'><strong>annales</strong></span> <span class='ocrx_word' id='word_1_260' title='bbox 1350 4284 1504 4325; x_wconf 88' lang='lat' dir='ltr'><strong>more</strong></span> <span class='ocrx_word' id='word_1_261' title='bbox 1548 4262 1787 4325; x_wconf 84' lang='lat' dir='ltr'><strong>Turcico</strong></span> <span class='ocrx_word' id='word_1_262' title='bbox 1832 4272 2008 4325; x_wconf 81' lang='lat' dir='ltr'><strong>nomi-</strong></span> 
     </span>
    </p>
   </div>
   <div class='ocr_carea' id='block_1_42' title="bbox 414 4355 2009 4433">
    <p class='ocr_par' dir='ltr' id='par_1_42' title="bbox 414 4355 2009 4433">
     <span class='ocr_line' id='line_1_42' title="bbox 414 4355 2009 4433; baseline 0.004 -22"><span class='ocrx_word' id='word_1_263' title='bbox 414 4368 547 4413; x_wconf 87' lang='lat' dir='ltr'><strong>nant</strong></span> <span class='ocrx_word' id='word_1_264' title='bbox 568 4355 787 4429; x_wconf 64' lang='lat' dir='ltr'><strong>Egypti</strong></span> <span class='ocrx_word' id='word_1_265' title='bbox 809 4359 1090 4431; x_wconf 68' lang='lat' dir='ltr'><strong>Syriaeque</strong></span> <span class='ocrx_word' id='word_1_266' title='bbox 1117 4361 1418 4426; x_wconf 84' lang='lat' dir='ltr'><strong>sultanutn,</strong></span> <span class='ocrx_word' id='word_1_267' title='bbox 1446 4361 1517 4416; x_wconf 87' lang='lat' dir='ltr'><strong>ab</strong></span> <span class='ocrx_word' id='word_1_268' title='bbox 1537 4360 1677 4416; x_wconf 73' lang='lat' dir='ltr'><strong>aulae</strong></span> <span class='ocrx_word' id='word_1_269' title='bbox 1696 4362 1812 4415; x_wconf 91' lang='lat' dir='ltr'><strong>sive</strong></span> <span class='ocrx_word' id='word_1_270' title='bbox 1846 4378 2009 4433; x_wconf 64' lang='lat' dir='ltr'><strong>reg&#39;ae</strong></span> 
     </span>
    </p>
   </div>
   <div class='ocr_carea' id='block_1_43' title="bbox 416 4451 2005 4524">
    <p class='ocr_par' dir='ltr' id='par_1_43' title="bbox 416 4451 2005 4524">
     <span class='ocr_line' id='line_1_43' title="bbox 416 4451 2005 4524; baseline 0.003 -19"><span class='ocrx_word' id='word_1_271' title='bbox 416 4452 555 4506; x_wconf 82' lang='lat' dir='ltr'><strong>luco.</strong></span> <span class='ocrx_word' id='word_1_272' title='bbox 600 4451 826 4507; x_wconf 83' lang='lat' dir='ltr'><strong>Cairum</strong></span> <span class='ocrx_word' id='word_1_273' title='bbox 864 4452 1139 4508; x_wconf 88' lang='lat' dir='ltr'><strong>Laonicus</strong></span> <span class='ocrx_word' id='word_1_274' title='bbox 1182 4456 1465 4524; x_wconf 86' lang='lat' dir='ltr'><strong>antiquam</strong></span> <span class='ocrx_word' id='word_1_275' title='bbox 1511 4453 1804 4524; x_wconf 70' lang='lat' dir='ltr'><strong>Memphim</strong></span> <span class='ocrx_word' id='word_1_276' title='bbox 1856 4455 2005 4510; x_wconf 76' lang='lat' dir='ltr'><strong>facit.</strong></span> 
     </span>
    </p>
   </div>
   <div class='ocr_carea' id='block_1_44' title="bbox 413 4537 2008 4619">
    <p class='ocr_par' dir='ltr' id='par_1_44' title="bbox 413 4537 2008 4619">
     <span class='ocr_line' id='line_1_44' title="bbox 413 4537 2008 4619; baseline 0.002 -20"><span class='ocrx_word' id='word_1_277' title='bbox 413 4537 580 4616; x_wconf 66' lang='grc'><strong>426</strong></span> <span class='ocrx_word' id='word_1_278' title='bbox 615 4545 699 4608; x_wconf 87' lang='lat' dir='ltr'><strong>Al,</strong></span> <span class='ocrx_word' id='word_1_279' title='bbox 740 4555 800 4598; x_wconf 92' lang='lat' dir='ltr'><strong>ut</strong></span> <span class='ocrx_word' id='word_1_280' title='bbox 832 4546 1121 4613; x_wconf 83' lang='lat' dir='ltr'><strong>articulus,</strong></span> <span class='ocrx_word' id='word_1_281' title='bbox 1148 4547 1390 4603; x_wconf 79' lang='lat' dir='ltr'><strong>additur.</strong></span> <span class='ocrx_word' id='word_1_282' title='bbox 1424 4548 1536 4602; x_wconf 81' lang='lat' dir='ltr'><strong>Vox</strong></span> <span class='ocrx_word' id='word_1_283' title='bbox 1568 4548 1686 4617; x_wconf 83' lang='lat' dir='ltr'><strong>ipsa</strong></span> <span class='ocrx_word' id='word_1_284' title='bbox 1734 4549 2008 4619; x_wconf 76' lang='lat' dir='ltr'><strong>signiﬁcat</strong></span> 
     </span>
    </p>
   </div>
   <div class='ocr_carea' id='block_1_45' title="bbox 415 4640 2003 4711">
    <p class='ocr_par' dir='ltr' id='par_1_45' title="bbox 415 4640 2003 4711">
     <span class='ocr_line' id='line_1_45' title="bbox 415 4640 2003 4711; baseline 0.003 -19"><span class='ocrx_word' id='word_1_285' title='bbox 415 4641 625 4705; x_wconf 82' lang='lat' dir='ltr'><strong>urbem,</strong></span> <span class='ocrx_word' id='word_1_286' title='bbox 659 4640 995 4695; x_wconf 66' lang='lat' dir='ltr'><strong>excellentiae</strong></span> <span class='ocrx_word' id='word_1_287' title='bbox 1012 4654 1199 4703; x_wconf 84' lang='lat' dir='ltr'><strong>causa,</strong></span> <span class='ocrx_word' id='word_1_288' title='bbox 1223 4642 1370 4711; x_wconf 85' lang='lat' dir='ltr'><strong>quod</strong></span> <span class='ocrx_word' id='word_1_289' title='bbox 1400 4641 1617 4696; x_wconf 81' lang='lat' dir='ltr'><strong>urbium</strong></span> <span class='ocrx_word' id='word_1_290' title='bbox 1649 4644 1885 4698; x_wconf 87' lang='lat' dir='ltr'><strong>maxima</strong></span> <span class='ocrx_word' id='word_1_291' title='bbox 1912 4645 2003 4698; x_wconf 87' lang='lat' dir='ltr'><strong>sit.</strong></span> 
     </span>
    </p>
   </div>
   <div class='ocr_carea' id='block_1_46' title="bbox 417 4731 2007 4807">
    <p class='ocr_par' dir='ltr' id='par_1_46' title="bbox 417 4731 2007 4807">
     <span class='ocr_line' id='line_1_46' title="bbox 417 4731 2007 4807; baseline 0.004 -23"><span class='ocrx_word' id='word_1_292' title='bbox 417 4732 590 4790; x_wconf 84' lang='lat' dir='ltr'><strong>llodie</strong></span> <span class='ocrx_word' id='word_1_293' title='bbox 616 4731 814 4791; x_wconf 84' lang='lat' dir='ltr'><strong>Turcis</strong></span> <span class='ocrx_word' id='word_1_294' title='bbox 835 4746 892 4791; x_wconf 88' lang='lat' dir='ltr'><strong>et</strong></span> <span class='ocrx_word' id='word_1_295' title='bbox 912 4736 1182 4791; x_wconf 77' lang='lat' dir='ltr'><strong>Arabibus</strong></span> <span class='ocrx_word' id='word_1_296' title='bbox 1206 4738 1405 4791; x_wconf 85' lang='lat' dir='ltr'><strong>incolis</strong></span> <span class='ocrx_word' id='word_1_297' title='bbox 1430 4736 1620 4792; x_wconf 76' lang='lat' dir='ltr'><strong>Misair</strong></span> <span class='ocrx_word' id='word_1_298' title='bbox 1680 4737 2007 4807; x_wconf 82' lang='lat' dir='ltr'><strong>appellatur,</strong></span> 
     </span>
    </p>
   </div>
   <div class='ocr_carea' id='block_1_47' title="bbox 417 4821 2010 4901">
    <p class='ocr_par' dir='ltr' id='par_1_47' title="bbox 417 4821 2010 4901">
     <span class='ocr_line' id='line_1_47' title="bbox 417 4821 2010 4901; baseline 0.005 -22"><span class='ocrx_word' id='word_1_299' title='bbox 417 4843 447 4879; x_wconf 70' lang='grc' dir='ltr'><strong>ει</strong></span> <span class='ocrx_word' id='word_1_300' title='bbox 480 4828 855 4884; x_wconf 87' lang='lat' dir='ltr'><strong>vetustissimo</strong></span> <span class='ocrx_word' id='word_1_301' title='bbox 885 4838 996 4883; x_wconf 87' lang='lat' dir='ltr'><strong>tam</strong></span> <span class='ocrx_word' id='word_1_302' title='bbox 1028 4821 1270 4901; x_wconf 61' lang='lat' dir='ltr'><strong>Egypti,</strong></span> <span class='ocrx_word' id='word_1_303' title='bbox 1305 4843 1470 4898; x_wconf 89' lang='lat' dir='ltr'><strong>quam</strong></span> <span class='ocrx_word' id='word_1_304' title='bbox 1500 4824 1876 4901; x_wconf 60' lang='lat' dir='ltr'><strong>Egyptiorum</strong></span> <span class='ocrx_word' id='word_1_305' title='bbox 1913 4849 2010 4887; x_wconf 86' lang='lat' dir='ltr'><strong>no-</strong></span> 
     </span>
    </p>
   </div>
   <div class='ocr_carea' id='block_1_48' title="bbox 416 4921 892 4988">
    <p class='ocr_par' dir='ltr' id='par_1_48' title="bbox 416 4921 892 4988">
     <span class='ocr_line' id='line_1_48' title="bbox 416 4921 892 4988; baseline 0 -11"><span class='ocrx_word' id='word_1_306' title='bbox 416 4922 584 4988; x_wconf 88' lang='lat' dir='ltr'><strong>mine,</strong></span> <span class='ocrx_word' id='word_1_307' title='bbox 620 4921 892 4977; x_wconf 70' lang='lat' dir='ltr'><strong>Hizmim.</strong></span> 
     </span>
    </p>
   </div>
   <div class='ocr_carea' id='block_1_49' title="bbox 700 5035 1656 5108">
    <p class='ocr_par' dir='ltr' id='par_1_49' title="bbox 700 5035 1656 5108">
     <span class='ocr_line' id='line_1_49' title="bbox 700 5035 1656 5108; baseline 0.002 -17"><span class='ocrx_word' id='word_1_308' title='bbox 700 5037 792 5093; x_wconf 68' lang='grc' dir='ltr'><strong>δὲ.</strong></span> <span class='ocrx_word' id='word_1_309' title='bbox 846 5035 1066 5091; x_wconf 69' lang='lat' dir='ltr'><strong>Clientes</strong></span> <span class='ocrx_word' id='word_1_310' title='bbox 1094 5078 1108 5099; x_wconf 90' lang='lat'><strong>,</strong></span> <span class='ocrx_word' id='word_1_311' title='bbox 1146 5036 1374 5108; x_wconf 68' lang='lat' dir='ltr'><strong>llueage,</strong></span> <span class='ocrx_word' id='word_1_312' title='bbox 1412 5036 1656 5093; x_wconf 71' lang='lat' dir='ltr'><strong>Bralbec.</strong></span> 
     </span>
    </p>
   </div>
   <div class='ocr_carea' id='block_1_50' title="bbox 488 5150 2010 5221">
    <p class='ocr_par' dir='ltr' id='par_1_50' title="bbox 488 5150 2010 5221">
     <span class='ocr_line' id='line_1_50' title="bbox 488 5150 2010 5221; baseline 0.001 -16"><span class='ocrx_word' id='word_1_313' title='bbox 488 5151 697 5206; x_wconf 75' lang='lat' dir='ltr'><strong>Civitas</strong></span> <span class='ocrx_word' id='word_1_314' title='bbox 742 5150 916 5221; x_wconf 69' lang='lat' dir='ltr'><strong>Syria:</strong></span> <span class='ocrx_word' id='word_1_315' title='bbox 965 5151 1201 5207; x_wconf 72' lang='lat' dir='ltr'><strong>Clientes</strong></span> <span class='ocrx_word' id='word_1_316' title='bbox 1261 5151 1393 5205; x_wconf 92' lang='lat' dir='ltr'><strong>olim</strong></span> <span class='ocrx_word' id='word_1_317' title='bbox 1444 5150 1587 5206; x_wconf 88' lang='lat' dir='ltr'><strong>dicta</strong></span> <span class='ocrx_word' id='word_1_318' title='bbox 1642 5151 1745 5206; x_wconf 88' lang='lat' dir='ltr'><strong>fttit</strong></span> <span class='ocrx_word' id='word_1_319' title='bbox 1796 5153 2010 5218; x_wconf 85' lang='lat' dir='ltr'><strong>Emisa,</strong></span> 
     </span>
    </p>
   </div>
   <div class='ocr_carea' id='block_1_51' title="bbox 417 5228 2015 5316">
    <p class='ocr_par' dir='ltr' id='par_1_51' title="bbox 417 5228 2015 5316">
     <span class='ocr_line' id='line_1_51' title="bbox 417 5228 2015 5316; baseline 0.001 -20"><span class='ocrx_word' id='word_1_320' title='bbox 417 5247 685 5316; x_wconf 78' lang='lat' dir='ltr'><strong>Gregorio</strong></span> <span class='ocrx_word' id='word_1_321' title='bbox 712 5244 967 5299; x_wconf 74' lang='lat' dir='ltr'><strong>Emiseuo</strong></span> <span class='ocrx_word' id='word_1_322' title='bbox 994 5228 1218 5297; x_wconf 75' lang='lat' dir='ltr'><strong>aluntno</strong></span> <span class='ocrx_word' id='word_1_323' title='bbox 1243 5243 1419 5305; x_wconf 83' lang='lat' dir='ltr'><strong>clara,</strong></span> <span class='ocrx_word' id='word_1_324' title='bbox 1448 5243 1610 5315; x_wconf 88' lang='lat' dir='ltr'><strong>cujus</strong></span> <span class='ocrx_word' id='word_1_325' title='bbox 1637 5254 1860 5299; x_wconf 82' lang='lat' dir='ltr'><strong>exstant</strong></span> <span class='ocrx_word' id='word_1_326' title='bbox 1877 5260 2015 5305; x_wconf 79' lang='lat' dir='ltr'><strong>Octo</strong></span> 
     </span>
    </p>
   </div>
   <div class='ocr_carea' id='block_1_52' title="bbox 419 5336 2015 5407">
    <p class='ocr_par' dir='ltr' id='par_1_52' title="bbox 419 5336 2015 5407">
     <span class='ocr_line' id='line_1_52' title="bbox 419 5336 2015 5407; baseline 0.001 -13"><span class='ocrx_word' id='word_1_327' title='bbox 419 5341 546 5395; x_wconf 78' lang='lat' dir='ltr'><strong>libri</strong></span> <span class='ocrx_word' id='word_1_328' title='bbox 605 5340 674 5393; x_wconf 90' lang='lat' dir='ltr'><strong>de</strong></span> <span class='ocrx_word' id='word_1_329' title='bbox 721 5337 981 5402; x_wconf 81' lang='lat' dir='ltr'><strong>homine,</strong></span> <span class='ocrx_word' id='word_1_330' title='bbox 1033 5336 1126 5407; x_wconf 89' lang='lat' dir='ltr'><strong>qui</strong></span> <span class='ocrx_word' id='word_1_331' title='bbox 1172 5336 1453 5389; x_wconf 87' lang='lat' dir='ltr'><strong>nonnullis</strong></span> <span class='ocrx_word' id='word_1_332' title='bbox 1501 5337 1555 5389; x_wconf 87' lang='lat' dir='ltr'><strong>in</strong></span> <span class='ocrx_word' id='word_1_333' title='bbox 1606 5337 2015 5406; x_wconf 78' lang='lat' dir='ltr'><strong>exemplaribus</strong></span> 
     </span>
    </p>
   </div>
   <div class='ocr_carea' id='block_1_53' title="bbox 422 5428 2013 5505">
    <p class='ocr_par' dir='ltr' id='par_1_53' title="bbox 422 5428 2013 5505">
     <span class='ocr_line' id='line_1_53' title="bbox 422 5428 2013 5505; baseline -0.002 -16"><span class='ocrx_word' id='word_1_334' title='bbox 422 5453 528 5489; x_wconf 87' lang='lat' dir='ltr'><strong>non</strong></span> <span class='ocrx_word' id='word_1_335' title='bbox 589 5445 737 5490; x_wconf 80' lang='lat' dir='ltr'><strong>recte</strong></span> <span class='ocrx_word' id='word_1_336' title='bbox 788 5432 1041 5505; x_wconf 68' lang='lat' dir='ltr'><strong>Gregorii</strong></span> <span class='ocrx_word' id='word_1_337' title='bbox 1094 5430 1328 5502; x_wconf 81' lang='lat' dir='ltr'><strong>Nysseni</strong></span> <span class='ocrx_word' id='word_1_338' title='bbox 1388 5428 1565 5484; x_wconf 83' lang='lat' dir='ltr'><strong>nostri</strong></span> <span class='ocrx_word' id='word_1_339' title='bbox 1614 5444 1817 5485; x_wconf 84' lang='lat' dir='ltr'><strong>nomen</strong></span> <span class='ocrx_word' id='word_1_340' title='bbox 1876 5448 2013 5504; x_wconf 69' lang='lat' dir='ltr'><strong>prae-</strong></span> 
     </span>
    </p>
   </div>
   <div class='ocr_carea' id='block_1_54' title="bbox 422 5521 2014 5593">
    <p class='ocr_par' dir='ltr' id='par_1_54' title="bbox 422 5521 2014 5593">
     <span class='ocr_line' id='line_1_54' title="bbox 422 5521 2014 5593; baseline -0.003 -9"><span class='ocrx_word' id='word_1_341' title='bbox 422 5533 627 5593; x_wconf 71' lang='lat' dir='ltr'><strong>ferunt.</strong></span> <span class='ocrx_word' id='word_1_342' title='bbox 659 5528 901 5583; x_wconf 83' lang='lat' dir='ltr'><strong>Ortclius</strong></span> <span class='ocrx_word' id='word_1_343' title='bbox 929 5525 1171 5586; x_wconf 84' lang='lat' dir='ltr'><strong>notavit,</strong></span> <span class='ocrx_word' id='word_1_344' title='bbox 1217 5526 1361 5593; x_wconf 86' lang='lat' dir='ltr'><strong>quod</strong></span> <span class='ocrx_word' id='word_1_345' title='bbox 1397 5521 1598 5578; x_wconf 80' lang='lat' dir='ltr'><strong>Turcis</strong></span> <span class='ocrx_word' id='word_1_346' title='bbox 1634 5531 1690 5579; x_wconf 83' lang='lat' dir='ltr'><strong>cl.</strong></span> <span class='ocrx_word' id='word_1_347' title='bbox 1736 5524 2014 5581; x_wconf 69' lang='lat' dir='ltr'><strong>Arabibus</strong></span> 
     </span>
    </p>
   </div>
   <div class='ocr_carea' id='block_1_55' title="bbox 418 5618 2011 5689">
    <p class='ocr_par' dir='ltr' id='par_1_55' title="bbox 418 5618 2011 5689">
     <span class='ocr_line' id='line_1_55' title="bbox 418 5618 2011 5689; baseline -0.003 -11"><span class='ocrx_word' id='word_1_348' title='bbox 418 5626 490 5679; x_wconf 85' lang='lat' dir='ltr'><strong>sit</strong></span> <span class='ocrx_word' id='word_1_349' title='bbox 523 5623 746 5677; x_wconf 77' lang='lat' dir='ltr'><strong>llamsa.</strong></span> <span class='ocrx_word' id='word_1_350' title='bbox 775 5622 880 5677; x_wconf 85' lang='lat' dir='ltr'><strong>Sed</strong></span> <span class='ocrx_word' id='word_1_351' title='bbox 914 5622 1004 5676; x_wconf 86' lang='lat' dir='ltr'><strong>hic.</strong></span> <span class='ocrx_word' id='word_1_352' title='bbox 1038 5620 1274 5676; x_wconf 74' lang='lat' dir='ltr'><strong>Clientes</strong></span> <span class='ocrx_word' id='word_1_353' title='bbox 1305 5618 1542 5688; x_wconf 75' lang='lat' dir='ltr'><strong>legitur,</strong></span> <span class='ocrx_word' id='word_1_354' title='bbox 1589 5619 1737 5689; x_wconf 83' lang='lat' dir='ltr'><strong>quod</strong></span> <span class='ocrx_word' id='word_1_355' title='bbox 1773 5619 2011 5675; x_wconf 88' lang='lat' dir='ltr'><strong>aliorum</strong></span> 
     </span>
    </p>
   </div>
   <div class='ocr_carea' id='block_1_56' title="bbox 420 5710 2014 5787">
    <p class='ocr_par' dir='ltr' id='par_1_56' title="bbox 420 5710 2014 5787">
     <span class='ocr_line' id='line_1_56' title="bbox 420 5710 2014 5787; baseline -0.003 -15"><span class='ocrx_word' id='word_1_356' title='bbox 420 5720 708 5787; x_wconf 69' lang='lat' dir='ltr'><strong>scripturae</strong></span> <span class='ocrx_word' id='word_1_357' title='bbox 738 5717 993 5777; x_wconf 82' lang='lat' dir='ltr'><strong>vicinius,</strong></span> <span class='ocrx_word' id='word_1_358' title='bbox 1022 5716 1227 5784; x_wconf 82' lang='lat' dir='ltr'><strong>quibus</strong></span> <span class='ocrx_word' id='word_1_359' title='bbox 1252 5712 1447 5766; x_wconf 84' lang='lat' dir='ltr'><strong>llamex</strong></span> <span class='ocrx_word' id='word_1_360' title='bbox 1491 5722 1735 5765; x_wconf 85' lang='lat' dir='ltr'><strong>vocatur.</strong></span> <span class='ocrx_word' id='word_1_361' title='bbox 1778 5710 1867 5767; x_wconf 81' lang='lat' dir='ltr'><strong>Fit</strong></span> <span class='ocrx_word' id='word_1_362' title='bbox 1892 5713 2014 5781; x_wconf 79' lang='lat' dir='ltr'><strong>ejus</strong></span> 
     </span>
    </p>
   </div>
   <div class='ocr_carea' id='block_1_57' title="bbox 420 5802 2014 5882">
    <p class='ocr_par' dir='ltr' id='par_1_57' title="bbox 420 5802 2014 5882">
     <span class='ocr_line' id='line_1_57' title="bbox 420 5802 2014 5882; baseline -0.003 -18"><span class='ocrx_word' id='word_1_363' title='bbox 420 5812 562 5881; x_wconf 81' lang='lat' dir='ltr'><strong>apud</strong></span> <span class='ocrx_word' id='word_1_364' title='bbox 605 5809 1032 5882; x_wconf 85' lang='lat' dir='ltr'><strong>Aythonumbis</strong></span> <span class='ocrx_word' id='word_1_365' title='bbox 1088 5807 1271 5861; x_wconf 79' lang='lat' dir='ltr'><strong>verbis</strong></span> <span class='ocrx_word' id='word_1_366' title='bbox 1303 5802 1791 5859; x_wconf 81' lang='lat' dir='ltr'><strong>mentio:Civitas</strong></span> <span class='ocrx_word' id='word_1_367' title='bbox 1843 5802 2014 5875; x_wconf 83' lang='lat' dir='ltr'><strong>Syria:</strong></span> 
     </span>
    </p>
   </div>
   <div class='ocr_carea' id='block_1_58' title="bbox 421 5886 2013 5971">
    <p class='ocr_par' dir='ltr' id='par_1_58' title="bbox 421 5886 2013 5971">
     <span class='ocr_line' id='line_1_58' title="bbox 421 5886 2013 5971; baseline -0.005 -13"><span class='ocrx_word' id='word_1_368' title='bbox 421 5904 642 5969; x_wconf 78' lang='lat' dir='ltr'><strong>llatues,</strong></span> <span class='ocrx_word' id='word_1_369' title='bbox 704 5917 830 5971; x_wconf 72' lang='lat' dir='ltr'><strong>quae</strong></span> <span class='ocrx_word' id='word_1_370' title='bbox 860 5886 1080 5957; x_wconf 75' lang='lat' dir='ltr'><strong>Catnela</strong></span> <span class='ocrx_word' id='word_1_371' title='bbox 1118 5900 1281 5954; x_wconf 85' lang='lat' dir='ltr'><strong>hodie</strong></span> <span class='ocrx_word' id='word_1_372' title='bbox 1315 5898 1620 5967; x_wconf 74' lang='lat' dir='ltr'><strong>appellatur</strong></span> <span class='ocrx_word' id='word_1_373' title='bbox 1650 5910 1680 5947; x_wconf 88' lang='lat' dir='ltr'><strong>a</strong></span> <span class='ocrx_word' id='word_1_374' title='bbox 1712 5896 1963 5964; x_wconf 78' lang='lat' dir='ltr'><strong>pluribus</strong></span> <span class='ocrx_word' id='word_1_375' title='bbox 2001 5915 2013 5950; x_wconf 93' lang='lat'><strong>:</strong></span> 
     </span>
    </p>
   </div>
   <div class='ocr_carea' id='block_1_59' title="bbox 424 5985 1981 6062">
    <p class='ocr_par' dir='ltr' id='par_1_59' title="bbox 424 5985 1981 6062">
     <span class='ocr_line' id='line_1_59' title="bbox 424 5985 1981 6062; baseline -0.004 -10"><span class='ocrx_word' id='word_1_376' title='bbox 424 6008 515 6052; x_wconf 74' lang='lat' dir='ltr'><strong>uin</strong></span> <span class='ocrx_word' id='word_1_377' title='bbox 550 5997 868 6058; x_wconf 67' lang='lat' dir='ltr'><strong>videndum,</strong></span> <span class='ocrx_word' id='word_1_378' title='bbox 912 6011 976 6046; x_wconf 84' lang='lat' dir='ltr'><strong>an</strong></span> <span class='ocrx_word' id='word_1_379' title='bbox 1018 6010 1123 6046; x_wconf 68' lang='lat' dir='ltr'><strong>non</strong></span> <span class='ocrx_word' id='word_1_380' title='bbox 1184 6008 1283 6062; x_wconf 84' lang='lat' dir='ltr'><strong>pro</strong></span> <span class='ocrx_word' id='word_1_381' title='bbox 1321 5989 1544 6043; x_wconf 62' lang='lat' dir='ltr'><strong>Catnt‘la</strong></span> <span class='ocrx_word' id='word_1_382' title='bbox 1597 5985 1761 6043; x_wconf 78' lang='lat' dir='ltr'><strong>scribi</strong></span> <span class='ocrx_word' id='word_1_383' title='bbox 1810 5987 1981 6046; x_wconf 76' lang='lat' dir='ltr'><strong>dcbca</strong></span> 
     </span>
    </p>
   </div>
   <div class='ocr_carea' id='block_1_60' title="bbox 1589 477 2587 541">
    <p class='ocr_par' dir='ltr' id='par_1_60' title="bbox 1589 477 2587 541">
     <span class='ocr_line' id='line_1_60' title="bbox 1589 477 2587 541; baseline -0.005 0"><span class='ocrx_word' id='word_1_384' title='bbox 1589 479 1991 541; x_wconf 80' lang='lat' dir='ltr'><strong>PANDECTE</strong></span> <span class='ocrx_word' id='word_1_385' title='bbox 2030 478 2233 540; x_wconf 80' lang='lat' dir='ltr'><strong>HIST.</strong></span> <span class='ocrx_word' id='word_1_386' title='bbox 2279 477 2587 538; x_wconf 86' lang='lat' dir='ltr'><strong>TUllClC.</strong></span> 
     </span>
    </p>
   </div>
   <div class='ocr_carea' id='block_1_61' title="bbox 2028 590 3708 662">
    <p class='ocr_par' dir='ltr' id='par_1_61' title="bbox 2028 590 3708 662">
     <span class='ocr_line' id='line_1_61' title="bbox 2028 590 3708 662; baseline -0.004 -14"><span class='ocrx_word' id='word_1_387' title='bbox 2028 596 2078 655; x_wconf 79' lang='grc' dir='ltr'><strong>Α</strong></span> <span class='ocrx_word' id='word_1_388' title='bbox 2107 594 2361 648; x_wconf 83' lang='lat' dir='ltr'><strong>Cantesa.</strong></span> <span class='ocrx_word' id='word_1_389' title='bbox 2413 593 2625 662; x_wconf 53' lang='lat' dir='ltr'><strong>Muciae</strong></span> <span class='ocrx_word' id='word_1_390' title='bbox 2670 590 2865 647; x_wconf 77' lang='lat' dir='ltr'><strong>Turcis</strong></span> <span class='ocrx_word' id='word_1_391' title='bbox 2900 604 3017 659; x_wconf 73' lang='grc' dir='ltr'><strong>εει,</strong></span> <span class='ocrx_word' id='word_1_392' title='bbox 3066 593 3158 660; x_wconf 88' lang='lat' dir='ltr'><strong>qui</strong></span> <span class='ocrx_word' id='word_1_393' title='bbox 3208 590 3413 647; x_wconf 63' lang='grc' dir='ltr'><strong>ϐαι-εἱς</strong></span> <span class='ocrx_word' id='word_1_394' title='bbox 3462 590 3708 645; x_wconf 82' lang='lat' dir='ltr'><strong>historiis</strong></span> 
     </span>
    </p>
   </div>
   <div class='ocr_carea' id='block_1_62' title="bbox 3598 466 3705 534">
    <p class='ocr_par' dir='ltr' id='par_1_62' title="bbox 3598 466 3705 534">
     <span class='ocr_line' id='line_1_62' title="bbox 3598 466 3705 534; baseline -0.009 -2"><span class='ocrx_word' id='word_1_395' title='bbox 3598 466 3705 534; x_wconf 73' lang='lat'><strong>782</strong></span> 
     </span>
    </p>
   </div>
   <div class='ocr_carea' id='block_1_63' title="bbox 2110 681 3704 752">
    <p class='ocr_par' dir='ltr' id='par_1_63' title="bbox 2110 681 3704 752">
     <span class='ocr_line' id='line_1_63' title="bbox 2110 681 3704 752; baseline -0.004 -12"><span class='ocrx_word' id='word_1_396' title='bbox 2110 687 2426 740; x_wconf 82' lang='lat' dir='ltr'><strong>nominatur</strong></span> <span class='ocrx_word' id='word_1_397' title='bbox 2457 686 2667 740; x_wconf 71' lang='lat' dir='ltr'><strong>Moaria</strong></span> <span class='ocrx_word' id='word_1_398' title='bbox 2703 695 2758 740; x_wconf 90' lang='lat' dir='ltr'><strong>et</strong></span> <span class='ocrx_word' id='word_1_399' title='bbox 2790 684 2986 739; x_wconf 70' lang='lat' dir='ltr'><strong>ilavia.</strong></span> <span class='ocrx_word' id='word_1_400' title='bbox 3022 684 3317 740; x_wconf 84' lang='lat' dir='ltr'><strong>Cursorem</strong></span> <span class='ocrx_word' id='word_1_401' title='bbox 3346 681 3498 746; x_wconf 89' lang='lat' dir='ltr'><strong>dixi,</strong></span> <span class='ocrx_word' id='word_1_402' title='bbox 3539 696 3704 752; x_wconf 87' lang='lat' dir='ltr'><strong>quem</strong></span> 
     </span>
    </p>
   </div>
   <div class='ocr_carea' id='block_1_64' title="bbox 2106 774 3707 848">
    <p class='ocr_par' dir='ltr' id='par_1_64' title="bbox 2106 774 3707 848">
     <span class='ocr_line' id='line_1_64' title="bbox 2106 774 3707 848; baseline -0.002 -17"><span class='ocrx_word' id='word_1_403' title='bbox 2106 776 2272 833; x_wconf 90' lang='lat' dir='ltr'><strong>Turci</strong></span> <span class='ocrx_word' id='word_1_404' title='bbox 2305 779 2407 834; x_wconf 83' lang='lat' dir='ltr'><strong>Pec</strong></span> <span class='ocrx_word' id='word_1_405' title='bbox 2434 789 2530 834; x_wconf 88' lang='lat' dir='ltr'><strong>aut</strong></span> <span class='ocrx_word' id='word_1_406' title='bbox 2562 779 2724 848; x_wconf 75' lang='lat' dir='ltr'><strong>Peicl,</strong></span> <span class='ocrx_word' id='word_1_407' title='bbox 2758 780 2934 833; x_wconf 84' lang='lat' dir='ltr'><strong>nostri</strong></span> <span class='ocrx_word' id='word_1_408' title='bbox 2966 776 3277 846; x_wconf 87' lang='lat' dir='ltr'><strong>lacqueium</strong></span> <span class='ocrx_word' id='word_1_409' title='bbox 3309 776 3521 830; x_wconf 87' lang='lat' dir='ltr'><strong>dicunt.</strong></span> <span class='ocrx_word' id='word_1_410' title='bbox 3554 774 3707 829; x_wconf 86' lang='lat' dir='ltr'><strong>Beal-</strong></span> 
     </span>
    </p>
   </div>
   <div class='ocr_carea' id='block_1_65' title="bbox 2108 868 3705 945">
    <p class='ocr_par' dir='ltr' id='par_1_65' title="bbox 2108 868 3705 945">
     <span class='ocr_line' id='line_1_65' title="bbox 2108 868 3705 945; baseline -0.003 -19"><span class='ocrx_word' id='word_1_411' title='bbox 2108 874 2211 929; x_wconf 89' lang='lat' dir='ltr'><strong>bec</strong></span> <span class='ocrx_word' id='word_1_412' title='bbox 2270 872 2445 945; x_wconf 73' lang='lat' dir='ltr'><strong>Syria:</strong></span> <span class='ocrx_word' id='word_1_413' title='bbox 2493 889 2643 929; x_wconf 73' lang='lat' dir='ltr'><strong>cavae</strong></span> <span class='ocrx_word' id='word_1_414' title='bbox 2690 875 2912 941; x_wconf 84' lang='lat' dir='ltr'><strong>civitas,</strong></span> <span class='ocrx_word' id='word_1_415' title='bbox 2965 871 3204 928; x_wconf 81' lang='lat' dir='ltr'><strong>Postello</strong></span> <span class='ocrx_word' id='word_1_416' title='bbox 3253 870 3478 933; x_wconf 79' lang='lat' dir='ltr'><strong>Balbec,</strong></span> <span class='ocrx_word' id='word_1_417' title='bbox 3510 868 3705 937; x_wconf 82' lang='lat' dir='ltr'><strong>priscis</strong></span> 
     </span>
    </p>
   </div>
   <div class='ocr_carea' id='block_1_66' title="bbox 2115 966 2574 1038">
    <p class='ocr_par' dir='ltr' id='par_1_66' title="bbox 2115 966 2574 1038">
     <span class='ocr_line' id='line_1_66' title="bbox 2115 966 2574 1038; baseline 0.002 -16"><span class='ocrx_word' id='word_1_418' title='bbox 2115 966 2419 1038; x_wconf 78' lang='lat' dir='ltr'><strong>HeliOpolis</strong></span> <span class='ocrx_word' id='word_1_419' title='bbox 2449 966 2574 1023; x_wconf 87' lang='lat' dir='ltr'><strong>fuit.</strong></span> 
     </span>
    </p>
   </div>
   <div class='ocr_carea' id='block_1_67' title="bbox 2467 1077 3222 1153">
    <p class='ocr_par' dir='ltr' id='par_1_67' title="bbox 2467 1077 3222 1153">
     <span class='ocr_line' id='line_1_67' title="bbox 2467 1077 3222 1153; baseline -0.004 -15"><span class='ocrx_word' id='word_1_420' title='bbox 2467 1112 2473 1117; x_wconf 84' lang='lat'><strong><em>~</em></strong></span> <span class='ocrx_word' id='word_1_421' title='bbox 2562 1081 2655 1139; x_wconf 77' lang='lat'><strong>63.</strong></span> <span class='ocrx_word' id='word_1_422' title='bbox 2694 1081 2972 1153; x_wconf 81' lang='lat' dir='ltr'><strong>Carabag,</strong></span> <span class='ocrx_word' id='word_1_423' title='bbox 3019 1077 3222 1151; x_wconf 80' lang='lat' dir='ltr'><strong>Ungra.</strong></span> 
     </span>
    </p>
   </div>
   <div class='ocr_carea' id='block_1_68' title="bbox 2175 1194 3705 1268">
    <p class='ocr_par' dir='ltr' id='par_1_68' title="bbox 2175 1194 3705 1268">
     <span class='ocr_line' id='line_1_68' title="bbox 2175 1194 3705 1268; baseline -0.003 -16"><span class='ocrx_word' id='word_1_424' title='bbox 2175 1198 2254 1252; x_wconf 79' lang='lat' dir='ltr'><strong>Ad</strong></span> <span class='ocrx_word' id='word_1_425' title='bbox 2286 1198 2626 1268; x_wconf 71' lang='lat' dir='ltr'><strong>Carahagum</strong></span> <span class='ocrx_word' id='word_1_426' title='bbox 2660 1198 2982 1253; x_wconf 80' lang='lat' dir='ltr'><strong>hibernasse</strong></span> <span class='ocrx_word' id='word_1_427' title='bbox 3030 1194 3307 1251; x_wconf 80' lang='lat' dir='ltr'><strong>Temirem</strong></span> <span class='ocrx_word' id='word_1_428' title='bbox 3355 1195 3580 1250; x_wconf 84' lang='lat' dir='ltr'><strong>tradunt</strong></span> <span class='ocrx_word' id='word_1_429' title='bbox 3609 1209 3705 1247; x_wconf 88' lang='lat' dir='ltr'><strong>an-</strong></span> 
     </span>
    </p>
   </div>
   <div class='ocr_carea' id='block_1_69' title="bbox 2105 1290 3706 1360">
    <p class='ocr_par' dir='ltr' id='par_1_69' title="bbox 2105 1290 3706 1360">
     <span class='ocr_line' id='line_1_69' title="bbox 2105 1290 3706 1360; baseline -0.002 -12"><span class='ocrx_word' id='word_1_430' title='bbox 2105 1293 2283 1359; x_wconf 78' lang='lat' dir='ltr'><strong>nales,</strong></span> <span class='ocrx_word' id='word_1_431' title='bbox 2330 1294 2523 1348; x_wconf 85' lang='lat' dir='ltr'><strong>urbem</strong></span> <span class='ocrx_word' id='word_1_432' title='bbox 2574 1294 2692 1348; x_wconf 90' lang='lat' dir='ltr'><strong>sive</strong></span> <span class='ocrx_word' id='word_1_433' title='bbox 2739 1290 3012 1357; x_wconf 69' lang='lat' dir='ltr'><strong>Parthiae,</strong></span> <span class='ocrx_word' id='word_1_434' title='bbox 3066 1295 3181 1348; x_wconf 86' lang='lat' dir='ltr'><strong>sive</strong></span> <span class='ocrx_word' id='word_1_435' title='bbox 3222 1292 3467 1347; x_wconf 65' lang='lat' dir='ltr'><strong>Persia:</strong></span> <span class='ocrx_word' id='word_1_436' title='bbox 3508 1290 3706 1360; x_wconf 82' lang='lat' dir='ltr'><strong>quibus</strong></span> 
     </span>
    </p>
   </div>
   <div class='ocr_carea' id='block_1_70' title="bbox 2104 1383 3705 1454">
    <p class='ocr_par' dir='ltr' id='par_1_70' title="bbox 2104 1383 3705 1454">
     <span class='ocr_line' id='line_1_70' title="bbox 2104 1383 3705 1454; baseline 0 -13"><span class='ocrx_word' id='word_1_437' title='bbox 2104 1388 2420 1442; x_wconf 88' lang='lat' dir='ltr'><strong>nominibus</strong></span> <span class='ocrx_word' id='word_1_438' title='bbox 2475 1384 2859 1443; x_wconf 63' lang='lat' dir='ltr'><strong>indifferenter</strong></span> <span class='ocrx_word' id='word_1_439' title='bbox 2902 1386 3149 1448; x_wconf 88' lang='lat' dir='ltr'><strong>utimur,</strong></span> <span class='ocrx_word' id='word_1_440' title='bbox 3198 1400 3294 1453; x_wconf 87' lang='lat' dir='ltr'><strong>pro</strong></span> <span class='ocrx_word' id='word_1_441' title='bbox 3358 1399 3418 1439; x_wconf 87' lang='lat' dir='ltr'><strong>ea</strong></span> <span class='ocrx_word' id='word_1_442' title='bbox 3460 1383 3705 1454; x_wconf 77' lang='lat' dir='ltr'><strong>regione.</strong></span> 
     </span>
    </p>
   </div>
   <div class='ocr_carea' id='block_1_71' title="bbox 2100 1471 3705 1549">
    <p class='ocr_par' dir='ltr' id='par_1_71' title="bbox 2100 1471 3705 1549">
     <span class='ocr_line' id='line_1_71' title="bbox 2100 1471 3705 1549; baseline -0.002 -18"><span class='ocrx_word' id='word_1_443' title='bbox 2100 1495 2225 1549; x_wconf 75' lang='lat' dir='ltr'><strong>quae</strong></span> <span class='ocrx_word' id='word_1_444' title='bbox 2276 1471 2476 1535; x_wconf 79' lang='lat' dir='ltr'><strong>Turcis</strong></span> <span class='ocrx_word' id='word_1_445' title='bbox 2510 1490 2595 1535; x_wconf 84' lang='lat' dir='ltr'><strong>est</strong></span> <span class='ocrx_word' id='word_1_446' title='bbox 2642 1476 2821 1545; x_wconf 76' lang='lat' dir='ltr'><strong>Aiem,</strong></span> <span class='ocrx_word' id='word_1_447' title='bbox 2876 1479 2957 1533; x_wconf 92' lang='lat' dir='ltr'><strong>vel</strong></span> <span class='ocrx_word' id='word_1_448' title='bbox 3011 1477 3165 1533; x_wconf 63' lang='grc' dir='ltr'><strong>Δίρκη</strong></span> <span class='ocrx_word' id='word_1_449' title='bbox 3215 1475 3433 1545; x_wconf 80' lang='lat' dir='ltr'><strong>vilaget,</strong></span> <span class='ocrx_word' id='word_1_450' title='bbox 3482 1476 3548 1531; x_wconf 85' lang='lat' dir='ltr'><strong>de</strong></span> <span class='ocrx_word' id='word_1_451' title='bbox 3599 1489 3705 1543; x_wconf 84' lang='lat' dir='ltr'><strong>qua</strong></span> 
     </span>
    </p>
   </div>
   <div class='ocr_carea' id='block_1_72' title="bbox 2101 1565 3702 1641">
    <p class='ocr_par' dir='ltr' id='par_1_72' title="bbox 2101 1565 3702 1641">
     <span class='ocr_line' id='line_1_72' title="bbox 2101 1565 3702 1641; baseline -0.003 -14"><span class='ocrx_word' id='word_1_452' title='bbox 2101 1572 2361 1641; x_wconf 72' lang='lat' dir='ltr'><strong>Superius</strong></span> <span class='ocrx_word' id='word_1_453' title='bbox 2410 1572 2621 1626; x_wconf 88' lang='lat' dir='ltr'><strong>dictum</strong></span> <span class='ocrx_word' id='word_1_454' title='bbox 2680 1581 2913 1625; x_wconf 84' lang='lat' dir='ltr'><strong>numero</strong></span> <span class='ocrx_word' id='word_1_455' title='bbox 2963 1580 3221 1624; x_wconf 86' lang='lat' dir='ltr'><strong>notarum</strong></span> <span class='ocrx_word' id='word_1_456' title='bbox 3272 1569 3539 1626; x_wconf 86' lang='lat' dir='ltr'><strong>secundo.</strong></span> <span class='ocrx_word' id='word_1_457' title='bbox 3588 1565 3702 1623; x_wconf 76' lang='lat' dir='ltr'><strong>Vox</strong></span> 
     </span>
    </p>
   </div>
   <div class='ocr_carea' id='block_1_73' title="bbox 2098 1663 3705 1738">
    <p class='ocr_par' dir='ltr' id='par_1_73' title="bbox 2098 1663 3705 1738">
     <span class='ocr_line' id='line_1_73' title="bbox 2098 1663 3705 1738; baseline -0.002 -16"><span class='ocrx_word' id='word_1_458' title='bbox 2098 1667 2352 1738; x_wconf 72' lang='lat' dir='ltr'><strong>Carobag</strong></span> <span class='ocrx_word' id='word_1_459' title='bbox 2394 1666 2673 1736; x_wconf 78' lang='lat' dir='ltr'><strong>significat</strong></span> <span class='ocrx_word' id='word_1_460' title='bbox 2720 1666 2903 1735; x_wconf 75' lang='lat' dir='ltr'><strong>lingua</strong></span> <span class='ocrx_word' id='word_1_461' title='bbox 2943 1663 3179 1718; x_wconf 83' lang='lat' dir='ltr'><strong>Turcica</strong></span> <span class='ocrx_word' id='word_1_462' title='bbox 3210 1663 3427 1719; x_wconf 83' lang='lat' dir='ltr'><strong>vineam</strong></span> <span class='ocrx_word' id='word_1_463' title='bbox 3469 1664 3705 1734; x_wconf 76' lang='lat' dir='ltr'><strong>nigram.</strong></span> 
     </span>
    </p>
   </div>
   <div class='ocr_carea' id='block_1_74' title="bbox 2098 1750 3703 1830">
    <p class='ocr_par' dir='ltr' id='par_1_74' title="bbox 2098 1750 3703 1830">
     <span class='ocr_line' id='line_1_74' title="bbox 2098 1750 3703 1830; baseline -0.001 -18"><span class='ocrx_word' id='word_1_464' title='bbox 2098 1750 2578 1830; x_wconf 77' lang='lat' dir='ltr'><strong>Cbalcocondyles</strong></span> <span class='ocrx_word' id='word_1_465' title='bbox 2610 1760 2870 1827; x_wconf 88' lang='lat' dir='ltr'><strong>scripsit,</strong></span> <span class='ocrx_word' id='word_1_466' title='bbox 2905 1753 3180 1812; x_wconf 85' lang='lat' dir='ltr'><strong>Tcmirem</strong></span> <span class='ocrx_word' id='word_1_467' title='bbox 3214 1758 3441 1814; x_wconf 85' lang='lat' dir='ltr'><strong>solitum</strong></span> <span class='ocrx_word' id='word_1_468' title='bbox 3474 1774 3533 1812; x_wconf 83' lang='lat' dir='ltr'><strong>se</strong></span> <span class='ocrx_word' id='word_1_469' title='bbox 3564 1757 3703 1813; x_wconf 85' lang='lat' dir='ltr'><strong>reci-</strong></span> 
     </span>
    </p>
   </div>
   <div class='ocr_carea' id='block_1_75' title="bbox 2101 1850 3702 1924">
    <p class='ocr_par' dir='ltr' id='par_1_75' title="bbox 2101 1850 3702 1924">
     <span class='ocr_line' id='line_1_75' title="bbox 2101 1850 3702 1924; baseline -0.002 -15"><span class='ocrx_word' id='word_1_470' title='bbox 2101 1867 2233 1924; x_wconf 83' lang='lat' dir='ltr'><strong>pere</strong></span> <span class='ocrx_word' id='word_1_471' title='bbox 2261 1853 2546 1908; x_wconf 75' lang='lat' dir='ltr'><strong>(Iherlatn:</strong></span> <span class='ocrx_word' id='word_1_472' title='bbox 2583 1852 2730 1922; x_wconf 84' lang='lat' dir='ltr'><strong>quod</strong></span> <span class='ocrx_word' id='word_1_473' title='bbox 2764 1854 2996 1922; x_wconf 84' lang='lat' dir='ltr'><strong>primum</strong></span> <span class='ocrx_word' id='word_1_474' title='bbox 3029 1850 3303 1917; x_wconf 85' lang='lat' dir='ltr'><strong>Sebastia,</strong></span> <span class='ocrx_word' id='word_1_475' title='bbox 3340 1852 3486 1922; x_wconf 83' lang='lat' dir='ltr'><strong>quod</strong></span> <span class='ocrx_word' id='word_1_476' title='bbox 3517 1852 3702 1906; x_wconf 85' lang='lat' dir='ltr'><strong>itidem</strong></span> 
     </span>
    </p>
   </div>
   <div class='ocr_carea' id='block_1_76' title="bbox 2103 1943 3703 2017">
    <p class='ocr_par' dir='ltr' id='par_1_76' title="bbox 2103 1943 3703 2017">
     <span class='ocr_line' id='line_1_76' title="bbox 2103 1943 3703 2017; baseline 0 -17"><span class='ocrx_word' id='word_1_477' title='bbox 2103 1944 2367 2016; x_wconf 87' lang='lat' dir='ltr'><strong>Cbalepia</strong></span> <span class='ocrx_word' id='word_1_478' title='bbox 2396 1946 2502 2015; x_wconf 87' lang='lat' dir='ltr'><strong>(sic</strong></span> <span class='ocrx_word' id='word_1_479' title='bbox 2525 1947 2799 2015; x_wconf 85' lang='lat' dir='ltr'><strong>interpres</strong></span> <span class='ocrx_word' id='word_1_480' title='bbox 2829 1943 3074 2015; x_wconf 85' lang='lat' dir='ltr'><strong>scripsit)</strong></span> <span class='ocrx_word' id='word_1_481' title='bbox 3104 1946 3479 2017; x_wconf 78' lang='lat' dir='ltr'><strong>Damascoque</strong></span> <span class='ocrx_word' id='word_1_482' title='bbox 3504 1948 3703 2015; x_wconf 84' lang='lat' dir='ltr'><strong>captis,</strong></span> 
     </span>
    </p>
   </div>
   <div class='ocr_carea' id='block_1_77' title="bbox 2102 2035 3707 2109">
    <p class='ocr_par' dir='ltr' id='par_1_77' title="bbox 2102 2035 3707 2109">
     <span class='ocr_line' id='line_1_77' title="bbox 2102 2035 3707 2109; baseline -0.002 -16"><span class='ocrx_word' id='word_1_483' title='bbox 2102 2037 2315 2096; x_wconf 76' lang='lat' dir='ltr'><strong>fecerit.</strong></span> <span class='ocrx_word' id='word_1_484' title='bbox 2368 2038 2512 2109; x_wconf 78' lang='lat' dir='ltr'><strong>Ergo</strong></span> <span class='ocrx_word' id='word_1_485' title='bbox 2558 2040 2671 2094; x_wconf 79' lang='lat' dir='ltr'><strong>veri</strong></span> <span class='ocrx_word' id='word_1_486' title='bbox 2734 2035 2792 2094; x_wconf 76' lang='lat' dir='ltr'><strong>l&#39;lt</strong></span> <span class='ocrx_word' id='word_1_487' title='bbox 2838 2040 3016 2097; x_wconf 87' lang='lat' dir='ltr'><strong>simile</strong></span> <span class='ocrx_word' id='word_1_488' title='bbox 3047 2085 3061 2107; x_wconf 92' lang='lat'><strong>,</strong></span> <span class='ocrx_word' id='word_1_489' title='bbox 3108 2035 3360 2095; x_wconf 85' lang='lat' dir='ltr'><strong>Cheriam</strong></span> <span class='ocrx_word' id='word_1_490' title='bbox 3398 2054 3427 2093; x_wconf 87' lang='lat' dir='ltr'><strong>a</strong></span> <span class='ocrx_word' id='word_1_491' title='bbox 3470 2035 3707 2094; x_wconf 83' lang='lat' dir='ltr'><strong>Laonico</strong></span> 
     </span>
    </p>
   </div>
   <div class='ocr_carea' id='block_1_78' title="bbox 2101 2129 3705 2201">
    <p class='ocr_par' dir='ltr' id='par_1_78' title="bbox 2101 2129 3705 2201">
     <span class='ocr_line' id='line_1_78' title="bbox 2101 2129 3705 2201; baseline 0 -16"><span class='ocrx_word' id='word_1_492' title='bbox 2101 2130 2211 2185; x_wconf 82' lang='lat' dir='ltr'><strong>dici</strong></span> <span class='ocrx_word' id='word_1_493' title='bbox 2244 2145 2365 2197; x_wconf 69' lang='lat' dir='ltr'><strong>quae</strong></span> <span class='ocrx_word' id='word_1_494' title='bbox 2392 2131 2481 2185; x_wconf 84' lang='lat' dir='ltr'><strong>hic</strong></span> <span class='ocrx_word' id='word_1_495' title='bbox 2528 2129 2782 2201; x_wconf 77' lang='lat' dir='ltr'><strong>Carabag</strong></span> <span class='ocrx_word' id='word_1_496' title='bbox 2816 2132 3153 2199; x_wconf 89' lang='lat' dir='ltr'><strong>nominatur,</strong></span> <span class='ocrx_word' id='word_1_497' title='bbox 3189 2129 3441 2187; x_wconf 85' lang='lat' dir='ltr'><strong>nonnihil</strong></span> <span class='ocrx_word' id='word_1_498' title='bbox 3495 2138 3705 2187; x_wconf 87' lang='lat' dir='ltr'><strong>mutato</strong></span> 
     </span>
    </p>
   </div>
   <div class='ocr_carea' id='block_1_79' title="bbox 2102 2223 3702 2299">
    <p class='ocr_par' dir='ltr' id='par_1_79' title="bbox 2102 2223 3702 2299">
     <span class='ocr_line' id='line_1_79' title="bbox 2102 2223 3702 2299; baseline 0.001 -19"><span class='ocrx_word' id='word_1_499' title='bbox 2102 2226 2189 2281; x_wconf 85' lang='lat' dir='ltr'><strong>vel</strong></span> <span class='ocrx_word' id='word_1_500' title='bbox 2224 2241 2255 2281; x_wconf 91' lang='lat' dir='ltr'><strong>a</strong></span> <span class='ocrx_word' id='word_1_501' title='bbox 2284 2226 2491 2282; x_wconf 70' lang='lat' dir='ltr'><strong>Graecis</strong></span> <span class='ocrx_word' id='word_1_502' title='bbox 2527 2227 2610 2282; x_wconf 77' lang='lat' dir='ltr'><strong>vel</strong></span> <span class='ocrx_word' id='word_1_503' title='bbox 2646 2228 2843 2283; x_wconf 87' lang='lat' dir='ltr'><strong>Turcis</strong></span> <span class='ocrx_word' id='word_1_504' title='bbox 2874 2229 3170 2283; x_wconf 88' lang='lat' dir='ltr'><strong>vocabulo.</strong></span> <span class='ocrx_word' id='word_1_505' title='bbox 3209 2223 3472 2299; x_wconf 77' lang='lat' dir='ltr'><strong>Euguritn</strong></span> <span class='ocrx_word' id='word_1_506' title='bbox 3510 2244 3702 2296; x_wconf 74' lang='lat' dir='ltr'><strong>supra,</strong></span> 
     </span>
    </p>
   </div>
   <div class='ocr_carea' id='block_1_80' title="bbox 2105 2317 3703 2394">
    <p class='ocr_par' dir='ltr' id='par_1_80' title="bbox 2105 2317 3703 2394">
     <span class='ocr_line' id='line_1_80' title="bbox 2105 2317 3703 2394; baseline 0.001 -20"><span class='ocrx_word' id='word_1_507' title='bbox 2105 2334 2336 2376; x_wconf 89' lang='lat' dir='ltr'><strong>numero</strong></span> <span class='ocrx_word' id='word_1_508' title='bbox 2385 2331 2640 2375; x_wconf 86' lang='lat' dir='ltr'><strong>notarum</strong></span> <span class='ocrx_word' id='word_1_509' title='bbox 2670 2318 2738 2375; x_wconf 82' lang='lat' dir='ltr'><strong>l0</strong></span> <span class='ocrx_word' id='word_1_510' title='bbox 2760 2361 2777 2386; x_wconf 92' lang='lat'><strong>,</strong></span> <span class='ocrx_word' id='word_1_511' title='bbox 2810 2321 3052 2379; x_wconf 80' lang='lat' dir='ltr'><strong>diximus</strong></span> <span class='ocrx_word' id='word_1_512' title='bbox 3085 2324 3354 2394; x_wconf 83' lang='lat' dir='ltr'><strong>Ancyram</strong></span> <span class='ocrx_word' id='word_1_513' title='bbox 3382 2336 3526 2376; x_wconf 87' lang='lat' dir='ltr'><strong>esse.</strong></span> <span class='ocrx_word' id='word_1_514' title='bbox 3556 2317 3703 2375; x_wconf 86' lang='lat' dir='ltr'><strong>Tan-</strong></span> 
     </span>
    </p>
   </div>
   <div class='ocr_carea' id='block_1_81' title="bbox 2105 2408 3701 2487">
    <p class='ocr_par' dir='ltr' id='par_1_81' title="bbox 2105 2408 3701 2487">
     <span class='ocr_line' id='line_1_81' title="bbox 2105 2408 3701 2487; baseline -0.001 -16"><span class='ocrx_word' id='word_1_515' title='bbox 2105 2425 2221 2471; x_wconf 89' lang='lat' dir='ltr'><strong>tum</strong></span> <span class='ocrx_word' id='word_1_516' title='bbox 2258 2408 2348 2471; x_wconf 86' lang='lat' dir='ltr'><strong>hic</strong></span> <span class='ocrx_word' id='word_1_517' title='bbox 2379 2418 2690 2471; x_wconf 84' lang='lat' dir='ltr'><strong>addendum</strong></span> <span class='ocrx_word' id='word_1_518' title='bbox 2729 2419 3046 2487; x_wconf 82' lang='lat' dir='ltr'><strong>putavimus</strong></span> <span class='ocrx_word' id='word_1_519' title='bbox 3088 2418 3309 2480; x_wconf 85' lang='lat' dir='ltr'><strong>obiter.</strong></span> <span class='ocrx_word' id='word_1_520' title='bbox 3349 2416 3490 2472; x_wconf 89' lang='lat' dir='ltr'><strong>hanc</strong></span> <span class='ocrx_word' id='word_1_521' title='bbox 3536 2418 3701 2471; x_wconf 88' lang='lat' dir='ltr'><strong>etiam</strong></span> 
     </span>
    </p>
   </div>
   <div class='ocr_carea' id='block_1_82' title="bbox 2106 2502 3702 2581">
    <p class='ocr_par' dir='ltr' id='par_1_82' title="bbox 2106 2502 3702 2581">
     <span class='ocr_line' id='line_1_82' title="bbox 2106 2502 3702 2581; baseline 0.001 -18"><span class='ocrx_word' id='word_1_522' title='bbox 2106 2510 2159 2563; x_wconf 89' lang='lat' dir='ltr'><strong>in</strong></span> <span class='ocrx_word' id='word_1_523' title='bbox 2178 2510 2326 2563; x_wconf 84' lang='lat' dir='ltr'><strong>edito</strong></span> <span class='ocrx_word' id='word_1_524' title='bbox 2363 2506 2802 2581; x_wconf 83' lang='lat' dir='ltr'><strong>Cbalcocondyle</strong></span> <span class='ocrx_word' id='word_1_525' title='bbox 2821 2502 3062 2566; x_wconf 85' lang='lat' dir='ltr'><strong>Uncram</strong></span> <span class='ocrx_word' id='word_1_526' title='bbox 3090 2506 3383 2565; x_wconf 84' lang='lat' dir='ltr'><strong>nominari:</strong></span> <span class='ocrx_word' id='word_1_527' title='bbox 3408 2508 3551 2581; x_wconf 84' lang='lat' dir='ltr'><strong>quod</strong></span> <span class='ocrx_word' id='word_1_528' title='bbox 3578 2525 3702 2567; x_wconf 88' lang='lat' dir='ltr'><strong>cum</strong></span> 
     </span>
    </p>
   </div>
   <div class='ocr_carea' id='block_1_83' title="bbox 2103 2602 3704 2676">
    <p class='ocr_par' dir='ltr' id='par_1_83' title="bbox 2103 2602 3704 2676">
     <span class='ocr_line' id='line_1_83' title="bbox 2103 2602 3704 2676; baseline 0.001 -17"><span class='ocrx_word' id='word_1_529' title='bbox 2103 2604 2281 2659; x_wconf 72' lang='lat' dir='ltr'><strong>Graeci</strong></span> <span class='ocrx_word' id='word_1_530' title='bbox 2316 2603 2537 2659; x_wconf 90' lang='lat' dir='ltr'><strong>mollius</strong></span> <span class='ocrx_word' id='word_1_531' title='bbox 2566 2604 2854 2659; x_wconf 89' lang='lat' dir='ltr'><strong>enuntient</strong></span> <span class='ocrx_word' id='word_1_532' title='bbox 2891 2602 3074 2676; x_wconf 79' lang='lat' dir='ltr'><strong>Ungra</strong></span> <span class='ocrx_word' id='word_1_533' title='bbox 3094 2642 3110 2670; x_wconf 82' lang='lat'><strong>,</strong></span> <span class='ocrx_word' id='word_1_534' title='bbox 3140 2605 3364 2674; x_wconf 85' lang='lat' dir='ltr'><strong>propius</strong></span> <span class='ocrx_word' id='word_1_535' title='bbox 3399 2606 3606 2661; x_wconf 82' lang='lat' dir='ltr'><strong>accedit</strong></span> <span class='ocrx_word' id='word_1_536' title='bbox 3637 2605 3704 2661; x_wconf 85' lang='lat' dir='ltr'><strong>ad</strong></span> 
     </span>
    </p>
   </div>
   <div class='ocr_carea' id='block_1_84' title="bbox 2107 2686 3614 2768">
    <p class='ocr_par' dir='ltr' id='par_1_84' title="bbox 2107 2686 3614 2768">
     <span class='ocr_line' id='line_1_84' title="bbox 2107 2686 3614 2768; baseline 0.002 -17"><span class='ocrx_word' id='word_1_537' title='bbox 2107 2689 2398 2753; x_wconf 86' lang='lat' dir='ltr'><strong>Turcicam</strong></span> <span class='ocrx_word' id='word_1_538' title='bbox 2433 2697 2867 2768; x_wconf 86' lang='lat' dir='ltr'><strong>appellationem</strong></span> <span class='ocrx_word' id='word_1_539' title='bbox 2903 2699 3134 2768; x_wconf 70' lang='lat' dir='ltr'><strong>Enguri.</strong></span> <span class='ocrx_word' id='word_1_540' title='bbox 3610 2686 3614 2689; x_wconf 17' lang='grc' dir='ltr'><strong>Δ</strong></span> 
     </span>
    </p>
   </div>
   <div class='ocr_carea' id='block_1_85' title="bbox 2107 2834 3709 2905">
    <p class='ocr_par' dir='ltr' id='par_1_85' title="bbox 2107 2834 3709 2905">
     <span class='ocr_line' id='line_1_85' title="bbox 2107 2834 3709 2905; baseline 0.003 -15"><span class='ocrx_word' id='word_1_541' title='bbox 2107 2834 2199 2892; x_wconf 55' lang='grc' dir='ltr'><strong>ϐξ.</strong></span> <span class='ocrx_word' id='word_1_542' title='bbox 2236 2836 2391 2891; x_wconf 82' lang='lat' dir='ltr'><strong>Bulci</strong></span> <span class='ocrx_word' id='word_1_543' title='bbox 2431 2835 2603 2904; x_wconf 75' lang='lat' dir='ltr'><strong>ﬁiius,</strong></span> <span class='ocrx_word' id='word_1_544' title='bbox 2660 2837 2954 2894; x_wconf 70' lang='lat' dir='ltr'><strong>Det-viator.</strong></span> <span class='ocrx_word' id='word_1_545' title='bbox 2995 2836 3296 2905; x_wconf 72' lang='lat' dir='ltr'><strong>Hustapbw</strong></span> <span class='ocrx_word' id='word_1_546' title='bbox 3347 2852 3512 2893; x_wconf 79' lang='lat' dir='ltr'><strong>mors.</strong></span> <span class='ocrx_word' id='word_1_547' title='bbox 3548 2835 3709 2895; x_wconf 69' lang='lat' dir='ltr'><strong>Grat-</strong></span> 
     </span>
    </p>
   </div>
   <div class='ocr_carea' id='block_1_86' title="bbox 2406 2906 3415 2977">
    <p class='ocr_par' dir='ltr' id='par_1_86' title="bbox 2406 2906 3415 2977">
     <span class='ocr_line' id='line_1_86' title="bbox 2406 2906 3415 2977; baseline 0.004 -17"><span class='ocrx_word' id='word_1_548' title='bbox 2406 2923 2589 2961; x_wconf 84' lang='lat' dir='ltr'><strong>corum</strong></span> <span class='ocrx_word' id='word_1_549' title='bbox 2626 2908 2688 2963; x_wconf 82' lang='lat' dir='ltr'><strong>de</strong></span> <span class='ocrx_word' id='word_1_550' title='bbox 2711 2906 2982 2977; x_wconf 78' lang='lat' dir='ltr'><strong>Bajuzitis</strong></span> <span class='ocrx_word' id='word_1_551' title='bbox 3011 2907 3142 2974; x_wconf 78' lang='lat' dir='ltr'><strong>ﬁliis</strong></span> <span class='ocrx_word' id='word_1_552' title='bbox 3188 2926 3415 2964; x_wconf 83' lang='lat' dir='ltr'><strong>errares.</strong></span> 
     </span>
    </p>
   </div>
   <div class='ocr_carea' id='block_1_87' title="bbox 2182 3023 3702 3092">
    <p class='ocr_par' dir='ltr' id='par_1_87' title="bbox 2182 3023 3702 3092">
     <span class='ocr_line' id='line_1_87' title="bbox 2182 3023 3702 3092; baseline 0.002 -15"><span class='ocrx_word' id='word_1_553' title='bbox 2182 3024 2257 3078; x_wconf 84' lang='lat' dir='ltr'><strong>De</strong></span> <span class='ocrx_word' id='word_1_554' title='bbox 2280 3023 2464 3080; x_wconf 83' lang='lat' dir='ltr'><strong>Bulcis</strong></span> <span class='ocrx_word' id='word_1_555' title='bbox 2489 3034 2544 3079; x_wconf 90' lang='lat' dir='ltr'><strong>et</strong></span> <span class='ocrx_word' id='word_1_556' title='bbox 2578 3023 2935 3080; x_wconf 84' lang='lat' dir='ltr'><strong>Bulcovitziis</strong></span> <span class='ocrx_word' id='word_1_557' title='bbox 2967 3025 3178 3092; x_wconf 78' lang='lat' dir='ltr'><strong>prolixe</strong></span> <span class='ocrx_word' id='word_1_558' title='bbox 3225 3026 3586 3082; x_wconf 74' lang='lat' dir='ltr'><strong>tractavimus</strong></span> <span class='ocrx_word' id='word_1_559' title='bbox 3633 3029 3702 3081; x_wconf 88' lang='lat' dir='ltr'><strong>ad</strong></span> 
     </span>
    </p>
   </div>
   <div class='ocr_carea' id='block_1_88' title="bbox 2111 3120 3706 3185">
    <p class='ocr_par' dir='ltr' id='par_1_88' title="bbox 2111 3120 3706 3185">
     <span class='ocr_line' id='line_1_88' title="bbox 2111 3120 3706 3185; baseline -0.004 -8"><span class='ocrx_word' id='word_1_560' title='bbox 2111 3129 2365 3177; x_wconf 86' lang='lat' dir='ltr'><strong>notarum</strong></span> <span class='ocrx_word' id='word_1_561' title='bbox 2395 3136 2655 3176; x_wconf 88' lang='lat' dir='ltr'><strong>numeros</strong></span> <span class='ocrx_word' id='word_1_562' title='bbox 2680 3120 2750 3174; x_wconf 76' lang='grc'><strong>46</strong></span> <span class='ocrx_word' id='word_1_563' title='bbox 2780 3136 2833 3176; x_wconf 87' lang='lat' dir='ltr'><strong>t-t</strong></span> <span class='ocrx_word' id='word_1_564' title='bbox 2853 3121 2943 3176; x_wconf 62' lang='lat'><strong>54.</strong></span> <span class='ocrx_word' id='word_1_565' title='bbox 2965 3120 3065 3175; x_wconf 84' lang='lat' dir='ltr'><strong>Hic</strong></span> <span class='ocrx_word' id='word_1_566' title='bbox 3113 3130 3325 3175; x_wconf 79' lang='lat' dir='ltr'><strong>tantum</strong></span> <span class='ocrx_word' id='word_1_567' title='bbox 3358 3137 3706 3185; x_wconf 56' lang='lat' dir='ltr'><strong>moneatnue,</strong></span> 
     </span>
    </p>
   </div>
   <div class='ocr_carea' id='block_1_89' title="bbox 2110 3213 3706 3287">
    <p class='ocr_par' dir='ltr' id='par_1_89' title="bbox 2110 3213 3706 3287">
     <span class='ocr_line' id='line_1_89' title="bbox 2110 3213 3706 3287; baseline -0.001 -16"><span class='ocrx_word' id='word_1_568' title='bbox 2110 3215 2277 3271; x_wconf 85' lang='lat' dir='ltr'><strong>istum</strong></span> <span class='ocrx_word' id='word_1_569' title='bbox 2297 3214 2451 3270; x_wconf 86' lang='lat' dir='ltr'><strong>Bnlci</strong></span> <span class='ocrx_word' id='word_1_570' title='bbox 2480 3214 2786 3285; x_wconf 84' lang='lat' dir='ltr'><strong>lilium(qui</strong></span> <span class='ocrx_word' id='word_1_571' title='bbox 2810 3214 3006 3271; x_wconf 87' lang='lat' dir='ltr'><strong>Turcis</strong></span> <span class='ocrx_word' id='word_1_572' title='bbox 3032 3224 3122 3270; x_wconf 85' lang='lat' dir='ltr'><strong>est</strong></span> <span class='ocrx_word' id='word_1_573' title='bbox 3154 3213 3423 3287; x_wconf 75' lang='lat' dir='ltr'><strong>Bulcogli)</strong></span> <span class='ocrx_word' id='word_1_574' title='bbox 3442 3228 3706 3284; x_wconf 82' lang='lat' dir='ltr'><strong>expresse</strong></span> 
     </span>
    </p>
   </div>
   <div class='ocr_carea' id='block_1_90' title="bbox 2111 3302 3706 3377">
    <p class='ocr_par' dir='ltr' id='par_1_90' title="bbox 2111 3302 3706 3377">
     <span class='ocr_line' id='line_1_90' title="bbox 2111 3302 3706 3377; baseline 0.002 -18"><span class='ocrx_word' id='word_1_575' title='bbox 2111 3304 2386 3360; x_wconf 88' lang='lat' dir='ltr'><strong>nominari</strong></span> <span class='ocrx_word' id='word_1_576' title='bbox 2423 3321 2452 3359; x_wconf 92' lang='lat' dir='ltr'><strong>a</strong></span> <span class='ocrx_word' id='word_1_577' title='bbox 2482 3304 2842 3376; x_wconf 75' lang='lat' dir='ltr'><strong>Spandugino</strong></span> <span class='ocrx_word' id='word_1_578' title='bbox 2867 3302 3186 3377; x_wconf 77' lang='lat' dir='ltr'><strong>Georgium,</strong></span> <span class='ocrx_word' id='word_1_579' title='bbox 3219 3306 3424 3362; x_wconf 68' lang='lat' dir='ltr'><strong>Serviat</strong></span> <span class='ocrx_word' id='word_1_580' title='bbox 3462 3308 3706 3377; x_wconf 63' lang='lat' dir='ltr'><strong>despolr.</strong></span> 
     </span>
    </p>
   </div>
   <div class='ocr_carea' id='block_1_91' title="bbox 2114 3400 3706 3470">
    <p class='ocr_par' dir='ltr' id='par_1_91' title="bbox 2114 3400 3706 3470">
     <span class='ocr_line' id='line_1_91' title="bbox 2114 3400 3706 3470; baseline -0.001 -15"><span class='ocrx_word' id='word_1_581' title='bbox 2114 3401 2286 3455; x_wconf 84' lang='lat' dir='ltr'><strong>filium</strong></span> <span class='ocrx_word' id='word_1_582' title='bbox 2318 3415 2333 3453; x_wconf 93' lang='lat'><strong>:</strong></span> <span class='ocrx_word' id='word_1_583' title='bbox 2368 3400 2530 3470; x_wconf 88' lang='lat' dir='ltr'><strong>cujus</strong></span> <span class='ocrx_word' id='word_1_584' title='bbox 2564 3401 2800 3468; x_wconf 74' lang='lat' dir='ltr'><strong>majores</strong></span> <span class='ocrx_word' id='word_1_585' title='bbox 2822 3410 2877 3455; x_wconf 91' lang='lat' dir='ltr'><strong>et</strong></span> <span class='ocrx_word' id='word_1_586' title='bbox 2908 3409 3161 3470; x_wconf 86' lang='lat' dir='ltr'><strong>posteros</strong></span> <span class='ocrx_word' id='word_1_587' title='bbox 3178 3402 3504 3456; x_wconf 86' lang='lat' dir='ltr'><strong>continuato</strong></span> <span class='ocrx_word' id='word_1_588' title='bbox 3540 3418 3706 3468; x_wconf 83' lang='lat' dir='ltr'><strong>supc-</strong></span> 
     </span>
    </p>
   </div>
   <div class='ocr_carea' id='block_1_92' title="bbox 2114 3490 3707 3563">
    <p class='ocr_par' dir='ltr' id='par_1_92' title="bbox 2114 3490 3707 3563">
     <span class='ocr_line' id='line_1_92' title="bbox 2114 3490 3707 3563; baseline 0.002 -20"><span class='ocrx_word' id='word_1_589' title='bbox 2114 3491 2231 3563; x_wconf 79' lang='lat' dir='ltr'><strong>rius</strong></span> <span class='ocrx_word' id='word_1_590' title='bbox 2260 3498 2556 3545; x_wconf 84' lang='lat' dir='ltr'><strong>stemmate</strong></span> <span class='ocrx_word' id='word_1_591' title='bbox 2587 3490 2859 3559; x_wconf 78' lang='lat' dir='ltr'><strong>complexi</strong></span> <span class='ocrx_word' id='word_1_592' title='bbox 2889 3505 3103 3547; x_wconf 86' lang='lat' dir='ltr'><strong>sumus.</strong></span> <span class='ocrx_word' id='word_1_593' title='bbox 3142 3491 3219 3545; x_wconf 77' lang='lat' dir='ltr'><strong>Ac</strong></span> <span class='ocrx_word' id='word_1_594' title='bbox 3253 3502 3562 3562; x_wconf 87' lang='lat' dir='ltr'><strong>temporum</strong></span> <span class='ocrx_word' id='word_1_595' title='bbox 3617 3508 3707 3546; x_wconf 79' lang='lat' dir='ltr'><strong>sa-</strong></span> 
     </span>
    </p>
   </div>
   <div class='ocr_carea' id='block_1_93' title="bbox 2111 3581 3702 3654">
    <p class='ocr_par' dir='ltr' id='par_1_93' title="bbox 2111 3581 3702 3654">
     <span class='ocr_line' id='line_1_93' title="bbox 2111 3581 3702 3654; baseline 0.001 -16"><span class='ocrx_word' id='word_1_596' title='bbox 2111 3599 2180 3639; x_wconf 88' lang='lat' dir='ltr'><strong>ne</strong></span> <span class='ocrx_word' id='word_1_597' title='bbox 2212 3584 2353 3639; x_wconf 85' lang='lat' dir='ltr'><strong>ratio</strong></span> <span class='ocrx_word' id='word_1_598' title='bbox 2380 3581 2722 3654; x_wconf 77' lang='lat' dir='ltr'><strong>Spandugini</strong></span> <span class='ocrx_word' id='word_1_599' title='bbox 2744 3585 3033 3640; x_wconf 73' lang='lat' dir='ltr'><strong>sententia:</strong></span> <span class='ocrx_word' id='word_1_600' title='bbox 3066 3597 3410 3653; x_wconf 66' lang='lat' dir='ltr'><strong>nequaquam</strong></span> <span class='ocrx_word' id='word_1_601' title='bbox 3439 3585 3702 3640; x_wconf 80' lang='lat' dir='ltr'><strong>adversa-</strong></span> 
     </span>
    </p>
   </div>
   <div class='ocr_carea' id='block_1_94' title="bbox 2111 3677 3703 3746">
    <p class='ocr_par' dir='ltr' id='par_1_94' title="bbox 2111 3677 3703 3746">
     <span class='ocr_line' id='line_1_94' title="bbox 2111 3677 3703 3746; baseline 0 -16"><span class='ocrx_word' id='word_1_602' title='bbox 2111 3686 2221 3731; x_wconf 87' lang='lat' dir='ltr'><strong>tur.</strong></span> <span class='ocrx_word' id='word_1_603' title='bbox 2250 3677 2479 3731; x_wconf 80' lang='lat' dir='ltr'><strong>Dcrvisii</strong></span> <span class='ocrx_word' id='word_1_604' title='bbox 2522 3692 2619 3732; x_wconf 86' lang='lat' dir='ltr'><strong>seu</strong></span> <span class='ocrx_word' id='word_1_605' title='bbox 2654 3677 2955 3733; x_wconf 85' lang='lat' dir='ltr'><strong>Dervislari</strong></span> <span class='ocrx_word' id='word_1_606' title='bbox 2983 3688 3115 3732; x_wconf 85' lang='lat' dir='ltr'><strong>sunt</strong></span> <span class='ocrx_word' id='word_1_607' title='bbox 3145 3677 3221 3731; x_wconf 90' lang='lat' dir='ltr'><strong>illi</strong></span> <span class='ocrx_word' id='word_1_608' title='bbox 3273 3678 3499 3746; x_wconf 84' lang='lat' dir='ltr'><strong>quidem</strong></span> <span class='ocrx_word' id='word_1_609' title='bbox 3556 3682 3703 3745; x_wconf 73' lang='lat' dir='ltr'><strong>apud</strong></span> 
     </span>
    </p>
   </div>
   <div class='ocr_carea' id='block_1_95' title="bbox 2111 3769 3705 3840">
    <p class='ocr_par' dir='ltr' id='par_1_95' title="bbox 2111 3769 3705 3840">
     <span class='ocr_line' id='line_1_95' title="bbox 2111 3769 3705 3840; baseline -0.001 -15"><span class='ocrx_word' id='word_1_610' title='bbox 2111 3771 2320 3825; x_wconf 87' lang='lat' dir='ltr'><strong>Turcos</strong></span> <span class='ocrx_word' id='word_1_611' title='bbox 2347 3772 2533 3838; x_wconf 86' lang='lat' dir='ltr'><strong>aliqua</strong></span> <span class='ocrx_word' id='word_1_612' title='bbox 2565 3786 2629 3826; x_wconf 88' lang='lat' dir='ltr'><strong>ex</strong></span> <span class='ocrx_word' id='word_1_613' title='bbox 2657 3780 2809 3839; x_wconf 86' lang='lat' dir='ltr'><strong>parte</strong></span> <span class='ocrx_word' id='word_1_614' title='bbox 2833 3769 3113 3840; x_wconf 57' lang='lat' dir='ltr'><strong>Calogeris</strong></span> <span class='ocrx_word' id='word_1_615' title='bbox 3133 3769 3365 3833; x_wconf 64' lang='lat' dir='ltr'><strong>Grecis,</strong></span> <span class='ocrx_word' id='word_1_616' title='bbox 3419 3773 3705 3826; x_wconf 69' lang='lat' dir='ltr'><strong>monachis</strong></span> 
     </span>
    </p>
   </div>
   <div class='ocr_carea' id='block_1_96' title="bbox 2111 3862 3704 3931">
    <p class='ocr_par' dir='ltr' id='par_1_96' title="bbox 2111 3862 3704 3931">
     <span class='ocr_line' id='line_1_96' title="bbox 2111 3862 3704 3931; baseline 0.001 -13"><span class='ocrx_word' id='word_1_617' title='bbox 2111 3865 2316 3919; x_wconf 88' lang='lat' dir='ltr'><strong>nostris</strong></span> <span class='ocrx_word' id='word_1_618' title='bbox 2344 3862 2554 3930; x_wconf 73' lang='lat' dir='ltr'><strong>amnes,</strong></span> <span class='ocrx_word' id='word_1_619' title='bbox 2588 3864 2666 3916; x_wconf 87' lang='lat' dir='ltr'><strong>uti</strong></span> <span class='ocrx_word' id='word_1_620' title='bbox 2698 3864 2953 3931; x_wconf 84' lang='lat' dir='ltr'><strong>superius</strong></span> <span class='ocrx_word' id='word_1_621' title='bbox 2982 3864 3312 3931; x_wconf 85' lang='lat' dir='ltr'><strong>indicatum;</strong></span> <span class='ocrx_word' id='word_1_622' title='bbox 3345 3866 3441 3919; x_wconf 88' lang='lat' dir='ltr'><strong>sed</strong></span> <span class='ocrx_word' id='word_1_623' title='bbox 3464 3864 3589 3920; x_wconf 85' lang='lat' dir='ltr'><strong>aliis</strong></span> <span class='ocrx_word' id='word_1_624' title='bbox 3619 3878 3704 3920; x_wconf 82' lang='lat' dir='ltr'><strong>ta-</strong></span> 
     </span>
    </p>
   </div>
   <div class='ocr_carea' id='block_1_97' title="bbox 2112 3956 3701 4027">
    <p class='ocr_par' dir='ltr' id='par_1_97' title="bbox 2112 3956 3701 4027">
     <span class='ocr_line' id='line_1_97' title="bbox 2112 3956 3701 4027; baseline -0.001 -14"><span class='ocrx_word' id='word_1_625' title='bbox 2112 3975 2236 4013; x_wconf 89' lang='lat' dir='ltr'><strong>men</strong></span> <span class='ocrx_word' id='word_1_626' title='bbox 2254 3959 2319 4013; x_wconf 90' lang='lat' dir='ltr'><strong>dc</strong></span> <span class='ocrx_word' id='word_1_627' title='bbox 2350 3960 2535 4014; x_wconf 81' lang='lat' dir='ltr'><strong>causis</strong></span> <span class='ocrx_word' id='word_1_628' title='bbox 2565 3958 2753 4027; x_wconf 88' lang='lat' dir='ltr'><strong>(modo</strong></span> <span class='ocrx_word' id='word_1_629' title='bbox 2785 3957 3011 4011; x_wconf 87' lang='lat' dir='ltr'><strong>Paulum</strong></span> <span class='ocrx_word' id='word_1_630' title='bbox 3044 3956 3433 4019; x_wconf 86' lang='lat' dir='ltr'><strong>Tumorreum,</strong></span> <span class='ocrx_word' id='word_1_631' title='bbox 3475 3957 3701 4012; x_wconf 73' lang='lat' dir='ltr'><strong>fratrem</strong></span> 
     </span>
    </p>
   </div>
   <div class='ocr_carea' id='block_1_98' title="bbox 2111 4044 3706 4118">
    <p class='ocr_par' dir='ltr' id='par_1_98' title="bbox 2111 4044 3706 4118">
     <span class='ocr_line' id='line_1_98' title="bbox 2111 4044 3706 4118; baseline 0 -14"><span class='ocrx_word' id='word_1_632' title='bbox 2111 4044 2407 4117; x_wconf 50' lang='lat' dir='ltr'><strong>Georgium</strong></span> <span class='ocrx_word' id='word_1_633' title='bbox 2438 4052 2692 4117; x_wconf 70' lang='lat' dir='ltr'><strong>Ungarim</strong></span> <span class='ocrx_word' id='word_1_634' title='bbox 2723 4052 3046 4118; x_wconf 85' lang='lat' dir='ltr'><strong>perniciem,</strong></span> <span class='ocrx_word' id='word_1_635' title='bbox 3086 4063 3137 4104; x_wconf 88' lang='lat' dir='ltr'><strong>et</strong></span> <span class='ocrx_word' id='word_1_636' title='bbox 3185 4051 3321 4105; x_wconf 88' lang='lat' dir='ltr'><strong>alios</strong></span> <span class='ocrx_word' id='word_1_637' title='bbox 3379 4052 3447 4104; x_wconf 80' lang='lat' dir='ltr'><strong>de</strong></span> <span class='ocrx_word' id='word_1_638' title='bbox 3501 4053 3706 4107; x_wconf 78' lang='lat' dir='ltr'><strong>nostris</strong></span> 
     </span>
    </p>
   </div>
   <div class='ocr_carea' id='block_1_99' title="bbox 2110 4143 3705 4214">
    <p class='ocr_par' dir='ltr' id='par_1_99' title="bbox 2110 4143 3705 4214">
     <span class='ocr_line' id='line_1_99' title="bbox 2110 4143 3705 4214; baseline 0.001 -16"><span class='ocrx_word' id='word_1_639' title='bbox 2110 4145 2377 4213; x_wconf 82' lang='lat' dir='ltr'><strong>excipias)</strong></span> <span class='ocrx_word' id='word_1_640' title='bbox 2400 4161 2463 4199; x_wconf 85' lang='lat' dir='ltr'><strong>ea</strong></span> <span class='ocrx_word' id='word_1_641' title='bbox 2486 4144 2853 4214; x_wconf 86' lang='lat' dir='ltr'><strong>comparatio,</strong></span> <span class='ocrx_word' id='word_1_642' title='bbox 2884 4143 3207 4212; x_wconf 83' lang='lat' dir='ltr'><strong>quodvulgo</strong></span> <span class='ocrx_word' id='word_1_643' title='bbox 3238 4143 3379 4198; x_wconf 85' lang='lat' dir='ltr'><strong>solet</strong></span> <span class='ocrx_word' id='word_1_644' title='bbox 3398 4144 3529 4206; x_wconf 86' lang='lat' dir='ltr'><strong>dici,</strong></span> <span class='ocrx_word' id='word_1_645' title='bbox 3553 4145 3705 4200; x_wconf 85' lang='lat' dir='ltr'><strong>clau—</strong></span> 
     </span>
    </p>
   </div>
   <div class='ocr_carea' id='block_1_100' title="bbox 2110 4236 3704 4308">
    <p class='ocr_par' dir='ltr' id='par_1_100' title="bbox 2110 4236 3704 4308">
     <span class='ocr_line' id='line_1_100' title="bbox 2110 4236 3704 4308; baseline -0.001 -15"><span class='ocrx_word' id='word_1_646' title='bbox 2110 4238 2277 4293; x_wconf 85' lang='lat' dir='ltr'><strong>dicat.</strong></span> <span class='ocrx_word' id='word_1_647' title='bbox 2312 4237 2525 4307; x_wconf 78' lang='lat' dir='ltr'><strong>Quippe</strong></span> <span class='ocrx_word' id='word_1_648' title='bbox 2561 4252 2686 4291; x_wconf 90' lang='lat' dir='ltr'><strong>cum</strong></span> <span class='ocrx_word' id='word_1_649' title='bbox 2722 4238 2981 4290; x_wconf 79' lang='lat' dir='ltr'><strong>universa</strong></span> <span class='ocrx_word' id='word_1_650' title='bbox 3017 4236 3103 4291; x_wconf 81' lang='lat' dir='ltr'><strong>lex</strong></span> <span class='ocrx_word' id='word_1_651' title='bbox 3139 4245 3193 4290; x_wconf 89' lang='lat' dir='ltr'><strong>et</strong></span> <span class='ocrx_word' id='word_1_652' title='bbox 3236 4237 3517 4308; x_wconf 67' lang='lat' dir='ltr'><strong>religionis</strong></span> <span class='ocrx_word' id='word_1_653' title='bbox 3576 4254 3704 4303; x_wconf 87' lang='lat' dir='ltr'><strong>pro-</strong></span> 
     </span>
    </p>
   </div>
   <div class='ocr_carea' id='block_1_101' title="bbox 2111 4331 3705 4401">
    <p class='ocr_par' dir='ltr' id='par_1_101' title="bbox 2111 4331 3705 4401">
     <span class='ocr_line' id='line_1_101' title="bbox 2111 4331 3705 4401; baseline -0.001 -14"><span class='ocrx_word' id='word_1_654' title='bbox 2111 4331 2280 4387; x_wconf 79' lang='lat' dir='ltr'><strong>fessio</strong></span> <span class='ocrx_word' id='word_1_655' title='bbox 2316 4331 2703 4386; x_wconf 77' lang='lat' dir='ltr'><strong>Mahumetana</strong></span> <span class='ocrx_word' id='word_1_656' title='bbox 2734 4331 3091 4401; x_wconf 72' lang='lat' dir='ltr'><strong>sanguinaria</strong></span> <span class='ocrx_word' id='word_1_657' title='bbox 3121 4331 3212 4392; x_wconf 87' lang='lat' dir='ltr'><strong>sit,</strong></span> <span class='ocrx_word' id='word_1_658' title='bbox 3240 4333 3479 4401; x_wconf 75' lang='lat' dir='ltr'><strong>speciem</strong></span> <span class='ocrx_word' id='word_1_659' title='bbox 3537 4331 3705 4388; x_wconf 82' lang='lat' dir='ltr'><strong>Tucci</strong></span> 
     </span>
    </p>
   </div>
   <div class='ocr_carea' id='block_1_102' title="bbox 2111 4422 3708 4494">
    <p class='ocr_par' dir='ltr' id='par_1_102' title="bbox 2111 4422 3708 4494">
     <span class='ocr_line' id='line_1_102' title="bbox 2111 4422 3708 4494; baseline 0.001 -15"><span class='ocrx_word' id='word_1_660' title='bbox 2111 4425 2335 4494; x_wconf 85' lang='lat' dir='ltr'><strong>quidem</strong></span> <span class='ocrx_word' id='word_1_661' title='bbox 2370 4424 2640 4494; x_wconf 71' lang='lat' dir='ltr'><strong>religiosa:</strong></span> <span class='ocrx_word' id='word_1_662' title='bbox 2676 4422 2896 4494; x_wconf 80' lang='lat' dir='ltr'><strong>pietatis</strong></span> <span class='ocrx_word' id='word_1_663' title='bbox 2928 4424 2982 4477; x_wconf 92' lang='lat' dir='ltr'><strong>in</strong></span> <span class='ocrx_word' id='word_1_664' title='bbox 3015 4423 3152 4490; x_wconf 66' lang='lat' dir='ltr'><strong>legis</strong></span> <span class='ocrx_word' id='word_1_665' title='bbox 3200 4425 3393 4493; x_wconf 78' lang='lat' dir='ltr'><strong>pet-itis</strong></span> <span class='ocrx_word' id='word_1_666' title='bbox 3449 4441 3512 4479; x_wconf 77' lang='lat' dir='ltr'><strong>at:</strong></span> <span class='ocrx_word' id='word_1_667' title='bbox 3576 4426 3708 4480; x_wconf 86' lang='lat' dir='ltr'><strong>Der-</strong></span> 
     </span>
    </p>
   </div>
   <div class='ocr_carea' id='block_1_103' title="bbox 2110 4519 3706 4591">
    <p class='ocr_par' dir='ltr' id='par_1_103' title="bbox 2110 4519 3706 4591">
     <span class='ocr_line' id='line_1_103' title="bbox 2110 4519 3706 4591; baseline 0.002 -17"><span class='ocrx_word' id='word_1_668' title='bbox 2110 4519 2268 4575; x_wconf 83' lang='lat' dir='ltr'><strong>visiis</strong></span> <span class='ocrx_word' id='word_1_669' title='bbox 2329 4519 2447 4575; x_wconf 84' lang='lat' dir='ltr'><strong>suis</strong></span> <span class='ocrx_word' id='word_1_670' title='bbox 2507 4519 2800 4587; x_wconf 85' lang='lat' dir='ltr'><strong>requirunt</strong></span> <span class='ocrx_word' id='word_1_671' title='bbox 2834 4538 2848 4573; x_wconf 91' lang='lat'><strong>:</strong></span> <span class='ocrx_word' id='word_1_672' title='bbox 2884 4527 2939 4572; x_wconf 93' lang='lat' dir='ltr'><strong>at</strong></span> <span class='ocrx_word' id='word_1_673' title='bbox 2978 4519 3198 4573; x_wconf 86' lang='lat' dir='ltr'><strong>interim</strong></span> <span class='ocrx_word' id='word_1_674' title='bbox 3224 4521 3292 4573; x_wconf 90' lang='lat' dir='ltr'><strong>ab</strong></span> <span class='ocrx_word' id='word_1_675' title='bbox 3338 4522 3566 4591; x_wconf 77' lang='lat' dir='ltr'><strong>agendis</strong></span> <span class='ocrx_word' id='word_1_676' title='bbox 3611 4537 3706 4577; x_wconf 85' lang='lat' dir='ltr'><strong>eos</strong></span> 
     </span>
    </p>
   </div>
   <div class='ocr_carea' id='block_1_104' title="bbox 2114 4610 3703 4679">
    <p class='ocr_par' dir='ltr' id='par_1_104' title="bbox 2114 4610 3703 4679">
     <span class='ocr_line' id='line_1_104' title="bbox 2114 4610 3703 4679; baseline 0.003 -16"><span class='ocrx_word' id='word_1_677' title='bbox 2114 4610 2303 4673; x_wconf 86' lang='lat' dir='ltr'><strong>rebus,</strong></span> <span class='ocrx_word' id='word_1_678' title='bbox 2329 4618 2441 4663; x_wconf 82' lang='lat' dir='ltr'><strong>tan:</strong></span> <span class='ocrx_word' id='word_1_679' title='bbox 2495 4624 2648 4679; x_wconf 87' lang='lat' dir='ltr'><strong>pace,</strong></span> <span class='ocrx_word' id='word_1_680' title='bbox 2694 4626 2859 4678; x_wconf 89' lang='lat' dir='ltr'><strong>quam</strong></span> <span class='ocrx_word' id='word_1_681' title='bbox 2919 4611 3087 4673; x_wconf 90' lang='lat' dir='ltr'><strong>bello,</strong></span> <span class='ocrx_word' id='word_1_682' title='bbox 3126 4615 3443 4679; x_wconf 63' lang='lat' dir='ltr'><strong>presertim</strong></span> <span class='ocrx_word' id='word_1_683' title='bbox 3509 4625 3703 4668; x_wconf 81' lang='lat' dir='ltr'><strong>contra</strong></span> 
     </span>
    </p>
   </div>
   <div class='ocr_carea' id='block_1_105' title="bbox 2040 4692 3704 4777">
    <p class='ocr_par' dir='ltr' id='par_1_105' title="bbox 2040 4692 3704 4777">
     <span class='ocr_line' id='line_1_105' title="bbox 2040 4692 3704 4777; baseline 0.005 -24"><span class='ocrx_word' id='word_1_684' title='bbox 2040 4692 2091 4753; x_wconf 84' lang='lat' dir='ltr'><strong>D</strong></span> <span class='ocrx_word' id='word_1_685' title='bbox 2117 4700 2464 4757; x_wconf 88' lang='lat' dir='ltr'><strong>Christianos</strong></span> <span class='ocrx_word' id='word_1_686' title='bbox 2512 4715 2566 4756; x_wconf 90' lang='lat' dir='ltr'><strong>et</strong></span> <span class='ocrx_word' id='word_1_687' title='bbox 2601 4703 2788 4756; x_wconf 86' lang='lat' dir='ltr'><strong>hostes</strong></span> <span class='ocrx_word' id='word_1_688' title='bbox 2823 4702 3138 4771; x_wconf 64' lang='lat' dir='ltr'><strong>reipublicae</strong></span> <span class='ocrx_word' id='word_1_689' title='bbox 3176 4720 3311 4767; x_wconf 69' lang='lat' dir='ltr'><strong>sum,</strong></span> <span class='ocrx_word' id='word_1_690' title='bbox 3358 4722 3704 4777; x_wconf 77' lang='lat' dir='ltr'><strong>nequaquam</strong></span> 
     </span>
    </p>
   </div>
   <div class='ocr_carea' id='block_1_106' title="bbox 2108 4795 3707 4865">
    <p class='ocr_par' dir='ltr' id='par_1_106' title="bbox 2108 4795 3707 4865">
     <span class='ocr_line' id='line_1_106' title="bbox 2108 4795 3707 4865; baseline 0.003 -17"><span class='ocrx_word' id='word_1_691' title='bbox 2108 4803 2324 4859; x_wconf 84' lang='lat' dir='ltr'><strong>arcent,</strong></span> <span class='ocrx_word' id='word_1_692' title='bbox 2352 4795 2446 4849; x_wconf 86' lang='lat' dir='ltr'><strong>sed</strong></span> <span class='ocrx_word' id='word_1_693' title='bbox 2480 4796 2656 4864; x_wconf 77' lang='lat' dir='ltr'><strong>magis</strong></span> <span class='ocrx_word' id='word_1_694' title='bbox 2717 4796 2905 4861; x_wconf 84' lang='lat' dir='ltr'><strong>etiam,</strong></span> <span class='ocrx_word' id='word_1_695' title='bbox 2937 4812 3101 4865; x_wconf 88' lang='lat' dir='ltr'><strong>quam</strong></span> <span class='ocrx_word' id='word_1_696' title='bbox 3156 4807 3404 4859; x_wconf 82' lang='lat' dir='ltr'><strong>caeteros.</strong></span> <span class='ocrx_word' id='word_1_697' title='bbox 3440 4798 3707 4855; x_wconf 82' lang='lat' dir='ltr'><strong>devovere</strong></span> 
     </span>
    </p>
   </div>
   <div class='ocr_carea' id='block_1_107' title="bbox 2114 4882 3707 4958">
    <p class='ocr_par' dir='ltr' id='par_1_107' title="bbox 2114 4882 3707 4958">
     <span class='ocr_line' id='line_1_107' title="bbox 2114 4882 3707 4958; baseline 0.006 -21"><span class='ocrx_word' id='word_1_698' title='bbox 2114 4885 2281 4939; x_wconf 82' lang='lat' dir='ltr'><strong>vitam</strong></span> <span class='ocrx_word' id='word_1_699' title='bbox 2316 4900 2474 4940; x_wconf 87' lang='lat' dir='ltr'><strong>suam</strong></span> <span class='ocrx_word' id='word_1_700' title='bbox 2508 4902 2607 4956; x_wconf 89' lang='lat' dir='ltr'><strong>pro</strong></span> <span class='ocrx_word' id='word_1_701' title='bbox 2650 4886 2933 4956; x_wconf 69' lang='lat' dir='ltr'><strong>religione,</strong></span> <span class='ocrx_word' id='word_1_702' title='bbox 2957 4903 3165 4957; x_wconf 88' lang='lat' dir='ltr'><strong>proque</strong></span> <span class='ocrx_word' id='word_1_703' title='bbox 3198 4889 3313 4957; x_wconf 80' lang='lat' dir='ltr'><strong>lege</strong></span> <span class='ocrx_word' id='word_1_704' title='bbox 3348 4882 3546 4958; x_wconf 83' lang='lat' dir='ltr'><strong>patria,</strong></span> <span class='ocrx_word' id='word_1_705' title='bbox 3572 4909 3707 4947; x_wconf 85' lang='lat' dir='ltr'><strong>suos</strong></span> 
     </span>
    </p>
   </div>
   <div class='ocr_carea' id='block_1_108' title="bbox 2114 4978 3708 5057">
    <p class='ocr_par' dir='ltr' id='par_1_108' title="bbox 2114 4978 3708 5057">
     <span class='ocr_line' id='line_1_108' title="bbox 2114 4978 3708 5057; baseline 0.006 -24"><span class='ocrx_word' id='word_1_706' title='bbox 2114 4978 2239 5033; x_wconf 90' lang='lat' dir='ltr'><strong>illos</strong></span> <span class='ocrx_word' id='word_1_707' title='bbox 2263 4980 2555 5049; x_wconf 75' lang='lat' dir='ltr'><strong>religiosos</strong></span> <span class='ocrx_word' id='word_1_708' title='bbox 2590 4981 2802 5034; x_wconf 70' lang='lat' dir='ltr'><strong>volunt.</strong></span> <span class='ocrx_word' id='word_1_709' title='bbox 2837 4980 2973 5034; x_wconf 81' lang='lat' dir='ltr'><strong>ilinc</strong></span> <span class='ocrx_word' id='word_1_710' title='bbox 3027 4984 3240 5052; x_wconf 84' lang='lat' dir='ltr'><strong>aliquot</strong></span> <span class='ocrx_word' id='word_1_711' title='bbox 3303 4984 3356 5037; x_wconf 90' lang='lat' dir='ltr'><strong>in</strong></span> <span class='ocrx_word' id='word_1_712' title='bbox 3418 4985 3708 5057; x_wconf 76' lang='lat' dir='ltr'><strong>Ungaricis</strong></span> 
     </span>
    </p>
   </div>
   <div class='ocr_carea' id='block_1_109' title="bbox 2116 5073 3705 5150">
    <p class='ocr_par' dir='ltr' id='par_1_109' title="bbox 2116 5073 3705 5150">
     <span class='ocr_line' id='line_1_109' title="bbox 2116 5073 3705 5150; baseline 0.005 -25"><span class='ocrx_word' id='word_1_713' title='bbox 2116 5073 2318 5127; x_wconf 76' lang='lat' dir='ltr'><strong>ﬁnibus</strong></span> <span class='ocrx_word' id='word_1_714' title='bbox 2352 5086 2543 5143; x_wconf 84' lang='lat' dir='ltr'><strong>captos</strong></span> <span class='ocrx_word' id='word_1_715' title='bbox 2573 5090 2600 5127; x_wconf 87' lang='lat' dir='ltr'><strong>a</strong></span> <span class='ocrx_word' id='word_1_716' title='bbox 2629 5077 2835 5130; x_wconf 80' lang='lat' dir='ltr'><strong>nostris</strong></span> <span class='ocrx_word' id='word_1_717' title='bbox 2868 5079 3152 5140; x_wconf 79' lang='lat' dir='ltr'><strong>recordor,</strong></span> <span class='ocrx_word' id='word_1_718' title='bbox 3189 5076 3337 5131; x_wconf 84' lang='lat' dir='ltr'><strong>viros</strong></span> <span class='ocrx_word' id='word_1_719' title='bbox 3368 5083 3705 5150; x_wconf 64' lang='lat' dir='ltr'><strong>caeteroqnin</strong></span> 
     </span>
    </p>
   </div>
   <div class='ocr_carea' id='block_1_110' title="bbox 2113 5166 3704 5241">
    <p class='ocr_par' dir='ltr' id='par_1_110' title="bbox 2113 5166 3704 5241">
     <span class='ocr_line' id='line_1_110' title="bbox 2113 5166 3704 5241; baseline 0.005 -20"><span class='ocrx_word' id='word_1_720' title='bbox 2113 5166 2354 5236; x_wconf 82' lang='lat' dir='ltr'><strong>alicujus</strong></span> <span class='ocrx_word' id='word_1_721' title='bbox 2377 5168 2732 5223; x_wconf 86' lang='lat' dir='ltr'><strong>auctoritatis</strong></span> <span class='ocrx_word' id='word_1_722' title='bbox 2784 5180 2837 5223; x_wconf 89' lang='lat' dir='ltr'><strong>et</strong></span> <span class='ocrx_word' id='word_1_723' title='bbox 2900 5171 3351 5235; x_wconf 73' lang='lat' dir='ltr'><strong>existimationis,</strong></span> <span class='ocrx_word' id='word_1_724' title='bbox 3386 5173 3481 5241; x_wconf 88' lang='lat' dir='ltr'><strong>qtti</strong></span> <span class='ocrx_word' id='word_1_725' title='bbox 3519 5172 3704 5228; x_wconf 82' lang='lat' dir='ltr'><strong>Dervi-</strong></span> 
     </span>
    </p>
   </div>
   <div class='ocr_carea' id='block_1_111' title="bbox 2113 5261 3705 5332">
    <p class='ocr_par' dir='ltr' id='par_1_111' title="bbox 2113 5261 3705 5332">
     <span class='ocr_line' id='line_1_111' title="bbox 2113 5261 3705 5332; baseline 0.006 -18"><span class='ocrx_word' id='word_1_726' title='bbox 2113 5261 2296 5315; x_wconf 82' lang='lat' dir='ltr'><strong>slaros</strong></span> <span class='ocrx_word' id='word_1_727' title='bbox 2327 5278 2386 5315; x_wconf 89' lang='lat' dir='ltr'><strong>sc</strong></span> <span class='ocrx_word' id='word_1_728' title='bbox 2420 5263 2824 5332; x_wconf 77' lang='lat' dir='ltr'><strong>proﬁtebantur</strong></span> <span class='ocrx_word' id='word_1_729' title='bbox 2854 5304 2867 5317; x_wconf 92' lang='lat'><strong>.</strong></span> <span class='ocrx_word' id='word_1_730' title='bbox 2916 5262 3057 5319; x_wconf 82' lang='lat' dir='ltr'><strong>Hinc</strong></span> <span class='ocrx_word' id='word_1_731' title='bbox 3090 5264 3143 5318; x_wconf 87' lang='lat' dir='ltr'><strong>in</strong></span> <span class='ocrx_word' id='word_1_732' title='bbox 3194 5265 3302 5319; x_wconf 84' lang='lat' dir='ltr'><strong>vita</strong></span> <span class='ocrx_word' id='word_1_733' title='bbox 3347 5266 3705 5325; x_wconf 77' lang='lat' dir='ltr'><strong>Murheinetis</strong></span> 
     </span>
    </p>
   </div>
   <div class='ocr_carea' id='block_1_112' title="bbox 2117 5353 3703 5428">
    <p class='ocr_par' dir='ltr' id='par_1_112' title="bbox 2117 5353 3703 5428">
     <span class='ocr_line' id='line_1_112' title="bbox 2117 5353 3703 5428; baseline 0.011 -28"><span class='ocrx_word' id='word_1_734' title='bbox 2117 5353 2278 5423; x_wconf 86' lang='lat' dir='ltr'><strong>primi</strong></span> <span class='ocrx_word' id='word_1_735' title='bbox 2321 5356 2651 5410; x_wconf 86' lang='lat' dir='ltr'><strong>seditionem</strong></span> <span class='ocrx_word' id='word_1_736' title='bbox 2684 5355 2936 5411; x_wconf 75' lang='lat' dir='ltr'><strong>Torlacis</strong></span> <span class='ocrx_word' id='word_1_737' title='bbox 2987 5359 3244 5413; x_wconf 73' lang='lat' dir='ltr'><strong>monachi</strong></span> <span class='ocrx_word' id='word_1_738' title='bbox 3281 5358 3526 5428; x_wconf 82' lang='lat' dir='ltr'><strong>Turciri,</strong></span> <span class='ocrx_word' id='word_1_739' title='bbox 3568 5373 3622 5416; x_wconf 85' lang='lat' dir='ltr'><strong>et</strong></span> <span class='ocrx_word' id='word_1_740' title='bbox 3648 5365 3703 5417; x_wconf 85' lang='lat' dir='ltr'><strong>in</strong></span> 
     </span>
    </p>
   </div>
   <div class='ocr_carea' id='block_1_113' title="bbox 2116 5445 3708 5516">
    <p class='ocr_par' dir='ltr' id='par_1_113' title="bbox 2116 5445 3708 5516">
     <span class='ocr_line' id='line_1_113' title="bbox 2116 5445 3708 5516; baseline 0.007 -17"><span class='ocrx_word' id='word_1_741' title='bbox 2116 5445 2226 5499; x_wconf 82' lang='lat' dir='ltr'><strong>vita</strong></span> <span class='ocrx_word' id='word_1_742' title='bbox 2261 5445 2522 5516; x_wconf 76' lang='lat' dir='ltr'><strong>Bajazitis</strong></span> <span class='ocrx_word' id='word_1_743' title='bbox 2576 5451 2825 5513; x_wconf 78' lang='lat' dir='ltr'><strong>secundi,</strong></span> <span class='ocrx_word' id='word_1_744' title='bbox 2878 5448 3239 5506; x_wconf 84' lang='lat' dir='ltr'><strong>Scacboculis</strong></span> <span class='ocrx_word' id='word_1_745' title='bbox 3269 5454 3515 5508; x_wconf 70' lang='lat' dir='ltr'><strong>cremitte</strong></span> <span class='ocrx_word' id='word_1_746' title='bbox 3576 5470 3708 5510; x_wconf 84' lang='lat' dir='ltr'><strong>san—</strong></span> 
     </span>
    </p>
   </div>
   <div class='ocr_carea' id='block_1_114' title="bbox 2114 5538 3696 5616">
    <p class='ocr_par' dir='ltr' id='par_1_114' title="bbox 2114 5538 3696 5616">
     <span class='ocr_line' id='line_1_114' title="bbox 2114 5538 3696 5616; baseline 0.009 -28"><span class='ocrx_word' id='word_1_747' title='bbox 2114 5538 2351 5607; x_wconf 67' lang='lat' dir='ltr'><strong>guinarii</strong></span> <span class='ocrx_word' id='word_1_748' title='bbox 2389 5556 2622 5610; x_wconf 76' lang='lat' dir='ltr'><strong>pugnas,</strong></span> <span class='ocrx_word' id='word_1_749' title='bbox 2659 5555 2707 5595; x_wconf 88' lang='lat' dir='ltr'><strong>ct</strong></span> <span class='ocrx_word' id='word_1_750' title='bbox 2746 5542 2948 5608; x_wconf 68' lang='lat' dir='ltr'><strong>credes,</strong></span> <span class='ocrx_word' id='word_1_751' title='bbox 2981 5553 3036 5597; x_wconf 89' lang='lat' dir='ltr'><strong>et</strong></span> <span class='ocrx_word' id='word_1_752' title='bbox 3063 5547 3439 5616; x_wconf 76' lang='lat' dir='ltr'><strong>grassatioues</strong></span> <span class='ocrx_word' id='word_1_753' title='bbox 3500 5547 3696 5602; x_wconf 88' lang='lat' dir='ltr'><strong>imma-</strong></span> 
     </span>
    </p>
   </div>
   <div class='ocr_carea' id='block_1_115' title="bbox 2116 5632 3703 5708">
    <p class='ocr_par' dir='ltr' id='par_1_115' title="bbox 2116 5632 3703 5708">
     <span class='ocr_line' id='line_1_115' title="bbox 2116 5632 3703 5708; baseline 0.009 -27"><span class='ocrx_word' id='word_1_754' title='bbox 2116 5647 2237 5694; x_wconf 85' lang='lat' dir='ltr'><strong>nes,</strong></span> <span class='ocrx_word' id='word_1_755' title='bbox 2271 5632 2473 5700; x_wconf 83' lang='lat' dir='ltr'><strong>quibus</strong></span> <span class='ocrx_word' id='word_1_756' title='bbox 2505 5634 2678 5688; x_wconf 89' lang='lat' dir='ltr'><strong>multa</strong></span> <span class='ocrx_word' id='word_1_757' title='bbox 2727 5635 2899 5688; x_wconf 90' lang='lat' dir='ltr'><strong>millia</strong></span> <span class='ocrx_word' id='word_1_758' title='bbox 2942 5636 3224 5690; x_wconf 86' lang='lat' dir='ltr'><strong>hominum</strong></span> <span class='ocrx_word' id='word_1_759' title='bbox 3260 5638 3549 5708; x_wconf 77' lang='lat' dir='ltr'><strong>absumpta</strong></span> <span class='ocrx_word' id='word_1_760' title='bbox 3579 5638 3703 5695; x_wconf 87' lang='lat' dir='ltr'><strong>fue-</strong></span> 
     </span>
    </p>
   </div>
   <div class='ocr_carea' id='block_1_116' title="bbox 2117 5724 3697 5796">
    <p class='ocr_par' dir='ltr' id='par_1_116' title="bbox 2117 5724 3697 5796">
     <span class='ocr_line' id='line_1_116' title="bbox 2117 5724 3697 5796; baseline 0.008 -24"><span class='ocrx_word' id='word_1_761' title='bbox 2117 5731 2280 5789; x_wconf 88' lang='lat' dir='ltr'><strong>runt;</strong></span> <span class='ocrx_word' id='word_1_762' title='bbox 2333 5735 2390 5777; x_wconf 81' lang='lat' dir='ltr'><strong>et</strong></span> <span class='ocrx_word' id='word_1_763' title='bbox 2426 5724 2480 5777; x_wconf 89' lang='lat' dir='ltr'><strong>in</strong></span> <span class='ocrx_word' id='word_1_764' title='bbox 2513 5726 2619 5779; x_wconf 88' lang='lat' dir='ltr'><strong>vita</strong></span> <span class='ocrx_word' id='word_1_765' title='bbox 2673 5726 2918 5796; x_wconf 78' lang='lat' dir='ltr'><strong>denique</strong></span> <span class='ocrx_word' id='word_1_766' title='bbox 2987 5727 3345 5795; x_wconf 87' lang='lat' dir='ltr'><strong>Soleimanis,</strong></span> <span class='ocrx_word' id='word_1_767' title='bbox 3384 5732 3452 5784; x_wconf 90' lang='lat' dir='ltr'><strong>ad</strong></span> <span class='ocrx_word' id='word_1_768' title='bbox 3488 5747 3697 5786; x_wconf 88' lang='lat' dir='ltr'><strong>annum</strong></span> 
     </span>
    </p>
   </div>
   <div class='ocr_carea' id='block_1_117' title="bbox 2111 5812 3704 5884">
    <p class='ocr_par' dir='ltr' id='par_1_117' title="bbox 2111 5812 3704 5884">
     <span class='ocr_line' id='line_1_117' title="bbox 2111 5812 3704 5884; baseline 0.008 -18"><span class='ocrx_word' id='word_1_769' title='bbox 2111 5812 2495 5871; x_wconf 82' lang='lat' dir='ltr'><strong>Christianum</strong></span> <span class='ocrx_word' id='word_1_770' title='bbox 2534 5818 2692 5884; x_wconf 69' lang='lat' dir='ltr'><strong>l5‘26,</strong></span> <span class='ocrx_word' id='word_1_771' title='bbox 2734 5818 3060 5875; x_wconf 80' lang='lat' dir='ltr'><strong>Calentleris</strong></span> <span class='ocrx_word' id='word_1_772' title='bbox 3103 5823 3317 5877; x_wconf 78' lang='lat' dir='ltr'><strong>Zelebis</strong></span> <span class='ocrx_word' id='word_1_773' title='bbox 3349 5832 3401 5878; x_wconf 84' lang='lat' dir='ltr'><strong>et</strong></span> <span class='ocrx_word' id='word_1_774' title='bbox 3432 5822 3704 5878; x_wconf 78' lang='lat' dir='ltr'><strong>Dervisla-</strong></span> 
     </span>
    </p>
   </div>
   <div class='ocr_carea' id='block_1_118' title="bbox 2116 5909 3706 5985">
    <p class='ocr_par' dir='ltr' id='par_1_118' title="bbox 2116 5909 3706 5985">
     <span class='ocr_line' id='line_1_118' title="bbox 2116 5909 3706 5985; baseline 0.008 -26"><span class='ocrx_word' id='word_1_775' title='bbox 2116 5909 2327 5962; x_wconf 88' lang='lat' dir='ltr'><strong>riorum</strong></span> <span class='ocrx_word' id='word_1_776' title='bbox 2386 5920 2571 5965; x_wconf 83' lang='lat' dir='ltr'><strong>mutus</strong></span> <span class='ocrx_word' id='word_1_777' title='bbox 2608 5928 2673 5966; x_wconf 83' lang='lat' dir='ltr'><strong>ac</strong></span> <span class='ocrx_word' id='word_1_778' title='bbox 2728 5913 2911 5982; x_wconf 70' lang='lat' dir='ltr'><strong>pra-lia</strong></span> <span class='ocrx_word' id='word_1_779' title='bbox 2988 5915 3239 5983; x_wconf 74' lang='lat' dir='ltr'><strong>legimus.</strong></span> <span class='ocrx_word' id='word_1_780' title='bbox 3281 5914 3393 5971; x_wconf 83' lang='lat' dir='ltr'><strong>Hac</strong></span> <span class='ocrx_word' id='word_1_781' title='bbox 3453 5932 3585 5985; x_wconf 77' lang='lat' dir='ltr'><strong>ergo</strong></span> <span class='ocrx_word' id='word_1_782' title='bbox 3638 5921 3706 5972; x_wconf 77' lang='lat' dir='ltr'><strong>de</strong></span> 
     </span>
    </p>
   </div>
   <div class='ocr_carea' id='block_1_119' title="bbox 2117 5999 3705 6077">
    <p class='ocr_par' dir='ltr' id='par_1_119' title="bbox 2117 5999 3705 6077">
     <span class='ocr_line' id='line_1_119' title="bbox 2117 5999 3705 6077; baseline 0.005 -21"><span class='ocrx_word' id='word_1_783' title='bbox 2117 6016 2289 6057; x_wconf 79' lang='lat' dir='ltr'><strong>causa</strong></span> <span class='ocrx_word' id='word_1_784' title='bbox 2341 5999 2638 6060; x_wconf 78' lang='lat' dir='ltr'><strong>Servianos</strong></span> <span class='ocrx_word' id='word_1_785' title='bbox 2728 6005 2853 6061; x_wconf 81' lang='lat' dir='ltr'><strong>illos</strong></span> <span class='ocrx_word' id='word_1_786' title='bbox 2918 6004 3218 6063; x_wconf 76' lang='lat' dir='ltr'><strong>fortissime</strong></span> <span class='ocrx_word' id='word_1_787' title='bbox 3296 6023 3394 6077; x_wconf 84' lang='lat' dir='ltr'><strong>pro</strong></span> <span class='ocrx_word' id='word_1_788' title='bbox 3466 6006 3705 6077; x_wconf 72' lang='lat' dir='ltr'><strong>Bujalitt:</strong></span> 
     </span>
    </p>
   </div>
  </div>
