4218 6308
478 387 585 453 733

1678 387 2010 450 JOANNIS
2053 385 2518 449 LEUNt‘ZLAVll

3648 386 3752 454 78.5

477 509 803 563 dimicantes
859 505 1007 560 Bulci
1061 506 1284 569 milites,
1332 505 1677 560 truculentos
1730 522 1791 556 ac
1854 506 2134 564 ferocesA
2175 508 2555 562 ttoltttnattlnt‘,
2621 511 2783 571 caput
2845 510 2925 557 est
2986 505 3117 558 urbs
3180 503 3519 566 Semercant,
3587 508 3752 561 hodie

490 602 769 656 fleri-isios
811 600 1121 671 appellabat
1153 594 1362 666 Tcmir,
1387 599 1480 668 qni
1507 614 1566 651 se
1599 599 1877 667 vitamque
1903 614 2060 652 suum

480 709 582 763 pro
610 694 787 748 salute
816 708 1045 747 suorum
1110 692 1355 745 animose
1411 690 1786 744 devovissent.
1830 686 2061 742 Germa-

476 805 611 843 num
641 804 769 842 vero
800 786 1068 856 Bajazitis
1106 786 1275 838 lilium
1332 781 1674 852 Mustapham
1733 784 1834 834 hoc.
1874 781 2063 850 prndio

477 882 712 950 periisse
738 882 976 935 diximus
1009 893 1073 931 ex
1122 878 1224 930 fide
1256 879 1451 931 horum
1503 875 1783 928 annalium
1831 874 2064 926 antehac

477 975 792 1044 aliquoties,
835 974 996 1039 idque
1033 971 1158 1024 licet
1212 971 1464 1024 sultanus
1528 965 1898 1022 Muchemetes
1952 967 2059 1033 pri-

479 1087 626 1134 mus,
683 1069 924 1137 itemque
953 1065 1195 1119 Murates
1237 1062 1515 1118 secundus
1551 1072 1675 1129 post
1701 1070 1932 1114 mortem
1969 1072 2061 1125 pa-

477 1163 578 1217 tris
613 1163 816 1230 stepius
843 1175 1029 1214 verum
1060 1173 1183 1214 esse
1215 1165 1654 1227 protestareutur
1684 1169 1698 1206 :
1733 1163 1914 1208 tamen
1970 1167 2060 1204 us-

475 1271 583 1324 que
635 1255 772 1306 adeo
818 1251 1022 1305 Graecis
1093 1252 1360 1318 impressa
1427 1248 1493 1301 de
1530 1248 1633 1299 hoc
1680 1245 1900 1300 diversa
1944 1255 2063 1297 erat

476 1349 685 1416 Opinio,
715 1345 1059 1413 Mustapham
1104 1355 1161 1396 ut
1197 1344 1389 1405 alium,
1431 1359 1528 1410 pro
1577 1339 1818 1409 legitimo
1850 1353 1906 1392 se
1930 1352 2059 1391 ven-

477 1440 763 1500 ditantem,
808 1439 984 1492 obviis
1016 1437 1158 1490 ulnis
1199 1436 1538 1501 exciperent,
1569 1442 1626 1486 et
1656 1433 1826 1485 armis
1863 1439 2053 1484 contra

477 1532 746 1586 Muratem
776 1543 972 1598 magna
1027 1545 1151 1581 cum
1217 1526 1587 1594 imprudentia
1660 1524 1913 1590 maloque
1957 1536 2058 1577 suo

476 1633 808 1681 tuerentur:
852 1621 1114 1677 offerente
1156 1619 1499 1689 amplissima
1557 1630 1790 1685 qumque
1824 1613 2053 1676 Muratc,

477 1719 638 1773 modo
677 1717 926 1771 neutrius
969 1732 995 1768 a
1034 1714 1283 1783 partibus
1313 1721 1543 1772 starent,
1601 1723 1667 1763 ac
1727 1710 1878 1777 ipsos
1910 1706 2056 1759 inter

477 1829 537 1865 se
587 1827 700 1865 rem
757 1810 926 1862 armis
974 1809 1273 1862 decernere
1329 1813 1669 1875 paterentur.
1734 1798 2055 1855 Consiinilis

2168 601 2432 650 mercium
2485 595 2794 650 Indicarum
2842 598 3092 665 emporio
3125 597 3485 652 Ct‘itflthl‘illlO
3515 608 3756 667 septem-

2169 689 2496 742 trionalibus
2556 689 2721 742 etiam
2788 697 2942 744 nota.
3006 688 3382 744 Sarmaranda
3421 691 3752 762 plerumque

2166 795 2412 847 vni-ator,
2434 782 2580 835 edito
2627 781 2868 835 Laoniro
2914 779 3752 853 Saiiirachaiita,]litteristrans-

2168 875 2385 943 positis,
2429 889 2527 941 pro
2557 873 2975 929 Samarchanta.
3008 874 3150 928 Sunt
3183 877 3275 943 qui
3313 877 3514 933 dii-tam
3553 890 3753 948 putant

2164 984 2192 1020 a
2245 965 2395 1030 Sem,
2461 965 2627 1020 Nolim:
2689 967 2820 1030 filio,
2882 981 3118 1037 quorum
3153 969 3397 1036 opinioni
3437 968 3750 1026 Turcorum

2164 1061 2546 1132 pronuntiatio
2598 1058 2924 1114 Semercant
2974 1063 3327 1132 astipulatur.
3365 1062 3747 1120 Maracandani

2165 1155 2457 1223 Sogdiaua:
2493 1153 2772 1208 veteribus
2814 1155 3139 1223 appellatam
3197 1156 3524 1210 existimant
3557 1157 3746 1224 aliqui.

2166 1249 2438 1304 Ceterum
2483 1247 2780 1314 Bajazitem
2807 1261 2870 1299 ex
2895 1246 3064 1301 animi
3091 1246 3415 1315 aegritudine
3447 1247 3752 1317 doloreque

2165 1345 2442 1388 mortuum
2511 1335 2738 1404 scripsit
2800 1335 3300 1407 (,‘balcocondylcs,
3354 1339 3441 1392 cui
3499 1337 3753 1394 Turcicm

2165 1425 2513 1478 narrationes
2566 1439 2674 1477 non
2735 1424 3155 1484 adversantur;
3215 1428 3312 1480 sed
3367 1426 3597 1490 addunt,
3647 1429 3752 1484 hoc

2164 1530 2401 1570 incerare
2432 1516 2583 1570 velut
2621 1515 2687 1569 ad
2721 1516 3167 1586 desperationem
3195 1518 3476 1583 adactum,
3515 1533 3748 1577 mortem

2161 1609 2382 1662 sibimet
2410 1608 2515 1678 ipsi
2549 1610 2912 1665 conscivisse.
2945 1609 3100 1676 Quod
3129 1611 3432 1668 dilucidius
3464 1629 3749 1684 exponens

2162 1697 2486 1758 Theodorus
2506 1702 2911 1774 Spandugiuus.
2940 1706 3016 1758 ait
3044 1704 3363 1775 Bajazitem,
3403 1722 3499 1777 spe
3531 1709 3749 1762 liberta—

2166 1792 2232 1845 tis
2280 1794 2510 1854 amissa,
2562 1796 2922 1850 constituisse
2971 1812 3097 1852 cum
3153 1799 3339 1852 animo
3371 1815 3471 1854 suo
3504 1801 3747 1870 seipsum

478 1905 607 1961 huic
636 1903 955 1958 Gl'atcorunt
989 1913 1073 1955 est
1106 1912 1262 1954 error
1297 1897 1366 1952 de
1404 1894 1666 1966 Bajazitis
1702 1893 1840 1955 filio,
1898 1906 2058 1962 quem
2093 1892 2134 1948 Β
2165 1885 2441 1938 Occulere.
2493 1885 2601 1939 Sed
2668 1903 2794 1942 cum
2864 1888 3075 1942 nullum
3137 1891 3260 1960 ejus
3301 1893 3623 1961 peragendae
3669 1895 3748 1947 ι·σί

479 2001 663 2052 fidium
695 1999 796 2068 (κιο
826 1998 974 2050 enim
1014 1995 1252 2049 chordas
1289 1993 1558 2061 interpres
1589 1988 1845 2056 reddidit)
1869 1987 2053 2055 opifex

478 2093 733 2148 Pulsa-us
793 2088 1124 2142 incolumem
1161 2084 1484 2156 Byzantium
1530 2083 1850 2152 perduxerit
1886 2101 1896 2134 :
1934 2095 2056 2134 cum

477 2199 658 2240 tamen
699 2183 841 2237 nulla
867 2182 956 2235 fiat
995 2181 1047 2233 in
1078 2177 1370 2233 annalibus
1389 2176 1505 2232 Alis
1533 2174 1861 2242 cuiuspiam.
1897 2169 2057 2240 Baja-

481 2278 603 2331 silis
636 2276 753 2336 ﬁlii,
795 2275 1040 2336 mentio;
1095 2287 1196 2326 nec
1245 2270 1314 2324 ab
1347 2271 1467 2338 ipso
1523 2265 1747 2336 quidem
1793 2261 2054 2328 Laonico,

477 2386 601 2423 cum
626 2369 752 2422 alibi
775 2364 1030 2433 Bajazitis
1057 2363 1195 2417 [ilios
1219 2373 1488 2416 recenset.
1513 2355 1826 2412 Notandum
1862 2354 2053 2423 magis,

477 2466 624 2529 quod
658 2460 822 2514 etiam
879 2457 1221 2510 Musulmane
1277 2459 1542 2522 regnante
1597 2459 1789 2504 narrat
1824 2463 1854 2502 a
1905 2446 2058 2502 Mosa

474 2550 718 2621 Jesuque
775 2550 1042 2604 fratribus
1077 2547 1415 2600 oecultatum
1464 2542 1636 2599 fuisse
1683 2540 1872 2596 Prusa:
1925 2555 2056 2610 pue-

477 2662 598 2700 rum
664 2643 1060 2698 Muchemeicm
1118 2637 1261 2706 apud
1321 2637 1475 2690 illum
1533 2635 1715 2704 ipsum
1802 2632 2053 2701 opiﬁcem

477 2737 862 2793 chordarum,
915 2748 943 2784 a
1003 2745 1111 2797 quo
1153 2728 1525 2782 Muchemctcs
1610 2731 1715 2780 hoc
1771 2725 2052 2794 oplllcium

476 2829 750 2885 didicerit.
832 2827 895 2879 Et
956 2825 1160 2879 factum
1213 2821 1266 2875 id
1327 2819 1544 2876 scilicet
1591 2834 1620 2872 a
1674 2818 1869 2881 Moss,
1941 2831 2056 2872 om-

476 2924 628 2976 nium
699 2918 1127 2982 crudelissimo,
1221 2914 1304 2967 vel
1359 2913 1478 2983 ipso
1541 2911 1779 2967 Lamiieo
1851 2921 1992 2966 teste
2037 2954 2051 2976 ,

477 3030 546 3069 ne
589 3014 658 3067 ab
693 3013 818 3066 aliis
852 3011 1057 3065 chartis
1094 3007 1196 3064 sibi
1249 3023 1384 3078 puer
1412 3005 1775 3060 occideretur.
1838 3003 2055 3058 llluche-

477 3119 676 3165 metem
740 3120 873 3158 Vero
941 3103 1052 3172 jam
1139 3100 1590 3168 grandiusculum
1683 3096 1807 3151 inde
1865 3094 2055 3166 profu«

2164 1977 2390 2031 modum
2425 1979 2698 2034 inveniret
2723 2019 2737 2044 ,
2773 1990 2881 2034 tam
2915 1983 3156 2049 denique
3183 1983 3279 2036 diu
3317 1997 3479 2053 caput
3509 1986 3748 2040 allis‘sse

2163 2069 2240 2123 illi
2279 2087 2460 2125 cavea:
2488 2072 2556 2127 de
2585 2072 2733 2128 ferro
2762 2072 2945 2138 factm,
2978 2090 3086 2144 qua
3119 2078 3410 2130 tenebatur
3473 2080 3746 2143 inclusus,

2162 2165 2338 2219 donec
2367 2180 2478 2233 prae
2509 2164 2696 2221 furore
2720 2164 2961 2221 fremens
2986 2181 3050 2222 ac
3075 2167 3334 2225 frendens
3356 2210 3372 2237 ,
3406 2172 3604 2228 misere
3639 2174 3743 2227 sibi

2162 2266 2394 2311 mortem
2418 2256 2656 2315 afferret.
2675 2259 3000 2330 tyrannique
3025 2261 3152 2325 vita,
3173 2264 3474 2319 secundum
3507 2277 3744 2336 poetam,

2163 2348 2445 2418 indignata
2498 2351 2600 2406 sub
2650 2351 2878 2407 umbras
2935 2353 3172 2424 fugeret.
3218 2356 3742 2428 lnlerpreslmonici

2161 2451 2462 2513 pugnatum
2497 2451 2650 2497 notat
2679 2445 2820 2498 inter
2852 2442 3157 2514 Bajazitem
3206 2458 3259 2504 et
3283 2448 3560 2505 Temirem
3595 2468 3745 2507 anno

2162 2538 2477 2593 Christiano
2513 2536 2671 2592 1397-.
2700 2537 2974 2592 Mortunm
3003 2540 3303 2610 Bajazitem
3341 2546 3530 2599 scribit
3571 2546 3741 2600 Fran-

2161 2630 2350 2687 ciscus
2377 2630 2721 2686 Sansovinus
2747 2646 2892 2685 anno
2917 2632 3053 2686 1598
3076 2675 3087 2694 ,
3111 2633 3394 2691 chfraaus
3419 2652 3565 2691 anno
3587 2637 3744 2697 1600.

2161 2737 2302 2793 quos
2339 2723 2591 2792 equidem
2641 2723 2755 2780 ialli
2787 2725 3015 2795 opinor.
3057 2725 3271 2797 Quippe
3317 2729 3618 2783 secundum
3653 2745 3745 2783 ιιι-

2165 2819 2344 2873 tiones
2401 2828 2691 2874 accuratas
2742 2822 3022 2874 annalium
3072 2820 3561 2889 deprehendimus,
3594 2837 3748 2874 com-

2160 2913 2392 2966 niissutn
2451 2909 2624 2966 fuisse
2683 2910 2930 2980 praelium
2976 2926 3124 2966 anno
3153 2912 3232 2965 vel
3262 2912 3420 2976 l'599,
3453 2912 3538 2968 vel
3573 2913 3738 2978 “00,

2161 3004 2518 3059 Gilderunem
2553 3021 2682 3058 vero
2712 3016 2989 3059 mortuum
3027 3021 3170 3059 anno
3203 3004 3365 3060 H03.
3401 3006 3665 3062 Similiter
3688 3009 3744 3064 in

2161 3098 2322 3150 annis
2375 3099 2526 3167 regni
2566 3098 2728 3165 huius
2771 3107 3015 3154 erratum
3050 3113 3079 3152 a
3114 3095 3388 3164 Laonico,
3424 3099 3519 3170 qui
3552 3101 3744 3169 viginti

476 3202 619 3270 gisse
673 3197 738 3249 ad
815 3195 1028 3248 Alurim
1083 3190 1451 3244 Caramanum
1482 3227 1497 3254 ,
1558 3202 1588 3242 a
1650 3201 1762 3257 quo
1805 3187 2050 3257 adjutus,
2080 3191 2124 3250 C
2158 3190 2400 3258 quinque
2432 3199 2703 3254 numerat,
2735 3207 2835 3261 pro
2868 3192 3000 3248 solis
3029 3192 3446 3261 quatuordecim
3485 3213 3494 3245 :
3531 3195 3598 3248 de
3629 3209 3743 3263 quo

476 3290 745 3347 servatori
799 3303 901 3342 suo
949 3285 1082 3340 Mosi
1142 3285 1344 3338 bellum
1413 3282 1660 3336 intulerit
1733 3299 1747 3338 :
1827 3279 1924 3335 sed
1977 3281 2064 3335 vi-

475 3394 622 3436 clunt
661 3379 821 3451 (‘27
852 3378 1167 3446 confugisse
1191 3378 1254 3430 ad
1275 3375 1418 3429 Alim
1455 3375 1702 3439 fratrem,
1726 3376 1969 3429 exsulem
2001 3390 2064 3430 ac

478 3479 722 3542 inopetu,
745 3484 798 3525 ct
821 3471 1036 3539 quidem
1060 3466 1595 3536 Constantinopolim
1629 3484 1639 3518 :
1669 3467 1758 3522 ubi
1807 3468 2062 3523 nonnihil

475 3565 849 3636 respiraverit,
899 3559 1252 3628 collectisque
1300 3559 1838 3628 suoruiiigreliquiis,
1883 3560 2065 3615 denuo

474 3672 682 3713 tentare
711 3657 834 3712 belli
874 3654 1147 3709 fortunam
1192 3654 1514 3707 decreverit.
1550 3652 1673 3707 llaec
1709 3653 1976 3710 Larnicus
1998 3654 2065 3709 de

473 3750 1031 3824 pueroMuchemcte,
1092 3746 1423 3800 chordarum
1483 3747 1697 3816 opificis
1757 3747 2054 3816 discipulo,

474 3863 610 3914 pene
636 3841 937 3914 pueriliter,
971 3853 1070 3893 nec
1095 3852 1223 3892 vero
1244 3838 1446 3890 multas
1471 3838 1541 3890 ob
1579 3851 1777 3892 causas
1827 3853 2061 3892 consen-

473 3952 651 3993 tanea.
688 3934 856 4002 Magis
882 3932 1061 3986 idonei
1104 3946 1285 3984 rerum
1316 3929 1675 3983 'l'urcicarnm
1735 3930 2057 3999 scriptores,

474 4030 576 4100 ipsi
607 4026 793 4088 Turci,
831 4023 1075 4085 trudunt,
1135 4022 1299 4076 rebus
1348 4020 1668 4075 Tcuiiriauo
1727 4023 1912 4090 prsrlio
1964 4023 2058 4077 de-

473 4121 732 4191 spcratis,
776 4118 967 4172 bassas
1022 4113 1320 4169 abduxisse
1373 4128 1585 4176 secum,
1647 4124 1864 4182 arrepta
1910 4116 2057 4182 fuga.

477 4213 771 4267 niaximum
797 4218 926 4261 natu
964 4205 1225 4275 Bajztzitis
1257 4206 1424 4258 lilium
1450 4205 1840 4270 Soleiinaneni,
1894 4206 2056 4258 veluti

478 4307 776 4374 legitimum
798 4304 969 4372 patris
992 4315 1046 4353 ιιι
1072 4299 1303 4368 imperio
1321 4311 1698 4354 successorem
1721 4315 1733 4351 :
1752 4307 1806 4352 et
1837 4298 2055 4352 illorum

475 4398 726 4465 exemplo
749 4394 1170 4457 Muchemetem,
1206 4407 1313 4444 non
1351 4406 1579 4460 puerum
1637 4394 1721 4458 (ut
1781 4389 2055 4445 Laonicus
2087 4431 2130 4486 υ

477 4491 727 4560 putavit),
765 4490 857 4542 sed
886 4487 1166 4554 copiarum
1195 4498 1261 4539 ex
1287 4484 1516 4552 imperio
1537 4493 1765 4552 paterno
1783 4499 2049 4552 quarunt-

474 4587 597 4638 dam
631 4584 846 4642 dilectu.
883 4583 998 4635 suis
1020 4581 1204 4632 itidem
1242 4579 1404 4631 rebus
1431 4580 1508 4629 uti
1532 4577 2052 4639 consuleret,Amao

471 4693 607 4731 stam
640 4690 764 4728 cum
798 4674 915 4727 suis
973 4688 1032 4726 se
1080 4670 1425 4724 contulisse:
1463 4681 1574 4737 quo
1622 4667 1747 4721 loco
1797 4668 2054 4737 deinceps

471 4767 834 4828 cumvixisse,
866 4763 1398 4818 nonsemelanuales
1433 4765 1693 4815 tradunt:
1731 4771 1786 4815 et
1813 4761 2053 4815 indidem

472 4876 596 4914 cum
622 4858 864 4913 exercitu
912 4864 1101 4909 contra
1123 4854 1330 4907 Musam
1365 4857 1590 4906 tratreui
1625 4856 1882 4917 movisse,
1914 4862 2055 4921 post-

471 4969 635 5023 quam
664 4952 952 5007 interfecto
984 4949 1321 5014 Soleimane,
1350 4948 1619 5004 vindicem
1671 4951 1822 5004 necis
1879 4951 2052 5019 ipsius

473 5063 532 5100 se
564 5043 849 5116 professus
873 5050 1039 5098 esset.
1077 5040 1206 5107 Quae
1231 5056 1339 5106 res,
1372 5054 1495 5095 meo
1535 5055 1670 5097 sane
1711 5041 1941 5108 judicio,
1968 5043 2052 5097 di-

473 5153 593 5208 gnae
616 5147 745 5192 sunt
805 5134 1092 5189 hominum
1148 5134 1391 5188 historim
1437 5133 1812 5190 studiosorum
1865 5138 2053 5191 obser-

477 5230 693 5282 vatione
731 5243 744 5278 :
784 5241 905 5281 cum
927 5227 980 5278 in
1016 5223 1308 5293 publicatis
1337 5225 1604 5281 hactenus
1635 5227 1856 5297 scriptis
1881 5229 2048 5283 histo-

473 5322 601 5376 ricis
629 5319 766 5375 nihil
797 5319 1109 5373 intricatius
1137 5319 1206 5377 de
1225 5316 1471 5373 Turcicis
1506 5319 1670 5374 rebus
1687 5322 2048 5388 reperiamus,

470 5428 635 5483 quam
670 5426 787 5480 quae
821 5409 888 5464 de
921 5410 1159 5478 hoeipso
1189 5419 1433 5478 tempore
1463 5427 1691 5467 summa:
1741 5411 2047 5468 Tun-orum

471 5502 810 5557 infelicitatis
841 5515 1121 5555 memoria:
1141 5504 1351 5572 prodita
1405 5502 1658 5572 legimus.

543 5631 635 5686 65.
677 5629 1001 5695 Semercant,
1030 5630 1290 5698 Bajasitis
1327 5648 1487 5695 mors,
1521 5650 1778 5687 annorum
1823 5636 1980 5689 ratio.

542 5766 800 5838 Regionis
834 5765 1166 5834 Zacatainte,
1214 5769 1371 5838 cujus
1429 5771 1623 5824 incola:
1676 5770 1728 5825 id
1785 5777 2048 5842 temporis

471 5862 699 5927 imperio
741 5860 973 5916 'l'emiris
1021 5870 1312 5931 parentes,
1363 5862 1602 5919 Luonico
1655 5863 2048 5922 Tzachataidcs

2167 3281 2291 3336 vide
2317 3297 2481 3352 supra
2512 3299 2745 3339 numero
2778 3285 2842 3338 47
2878 3295 3083 3342 notata.

2431 3376 2520 3432 66.
2545 3377 2874 3442 Castamoni,
2909 3378 3157 3450 Congeri,
3191 3380 3380 3452 Congi.

2231 3470 2607 3540 Claudiopolis
2629 3473 2822 3526 civitas
2844 3481 2927 3527 est
2948 3473 3298 3542 Honorindis,
3327 3477 3378 3528 in
3409 3476 3584 3531 Ponto
3618 3490 3743 3547 pro.

2166 3562 2366 3629 vincia,
2392 3581 2554 3634 quam
2582 3581 2709 3619 nov.
2735 3565 2933 3623 Leonis
2961 3568 3189 3638 Augusti
3227 3571 3569 3640 metropoliin
3592 3569 3741 3634 facit,

2164 3657 2326 3726 eique
2359 3667 2556 3726 praeter
2582 3659 2718 3713 alios
2758 3661 3128 3731 episcopatus,
3162 3661 3478 3718 Heracleam
3525 3679 3744 3733 quoque

2165 3747 2451 3804 Ponticam
2486 3753 2730 3821 solijicit.
2755 3751 2905 3808 lianc
2929 3752 3132 3810 Marius
3155 3754 3318 3824 Niger
3336 3759 3540 3811 recenti
3565 3760 3744 3813 nerui-

2164 3857 2232 3895 ne
2292 3843 2396 3895 dici
2461 3852 2618 3914 putat
2687 3842 3100 3910 Castamenam,
3161 3848 3277 3902 sive
3306 3848 3740 3914 Castamonam;

2163 3933 2257 3986 sed
2320 3932 2546 3999 fallitur,
2587 3949 2709 3988 Cum
2765 3937 2964 3991 rectius
3025 3938 3378 3994 Castromena
3443 3941 3514 3995 sit
3582 3942 3748 3998 Clau-

2160 4025 2416 4094 diopolis.
2461 4027 2793 4083 Castamona
2829 4046 2956 4086 vero
2985 4031 3089 4085 sita
3129 4033 3345 4106 longius
3374 4045 3495 4100 est,
3551 4051 3744 4091 versus

2165 4118 2404 4187 Sinopen
2469 4120 2728 4190 oppidum
2779 4120 3133 4189 llelcnoponti
3178 4138 3230 4180 ct
3289 4127 3740 4199 Paphlagoniam.

2162 4207 2296 4263 Tam
2358 4211 2618 4280 Sinpes,
2680 4230 2844 4282 quam
2902 4218 3249 4274 Castamona:
3312 4225 3559 4288 nomina,
3615 4241 3739 4279 eum

2161 4303 2296 4371 ipsis
2331 4305 2548 4372 oppidis
2577 4345 2590 4368 ,
2627 4319 2920 4375 supersunt
2959 4349 2974 4374 ,
3011 4313 3089 4364 uti
3149 4314 3333 4367 videre
3365 4327 3449 4370 est
3482 4319 3536 4371 in
3571 4332 3743 4373 anna-

2161 4395 2293 4447 lium
2335 4396 2723 4465 supplemento
2769 4410 2976 4466 nostro,
3005 4404 3072 4455 ad
3110 4420 3315 4459 annum
3363 4406 3740 4464 Christianum

2164 4485 2322 4546 1584.
2378 4484 2510 4543 Istic
2563 4491 2712 4544 enim
2763 4503 2894 4547 tunc
2928 4491 3135 4548 Osinan
3165 4499 3326 4551 bassa
3365 4501 3737 4556 vczirazemes

2159 4591 2348 4634 contra
2401 4580 2598 4637 Persas
2652 4585 2852 4652 iturus,
2887 4587 3112 4642 militem
3153 4591 3202 4642 in
3237 4591 3479 4646 hibernis
3524 4595 3735 4647 habuit.

2159 4673 2478 4730 Menavinus
2503 4676 2700 4730 alicubi
2730 4679 3078 4734 Castemolcn
3107 4681 3432 4735 nominavit.
3468 4682 3737 4738 Cedriuus

2159 4766 2211 4818 in
2243 4766 2505 4821 Michaele
2541 4770 2862 4824 Stratiotico
2902 4773 3018 4827 sive
3050 4771 3301 4835 militari,
3344 4773 3733 4828 Castauionem

2157 4860 2414 4924 appellat,
2452 4871 2501 4912 ct
2566 4861 2620 4914 in
2678 4859 3046 4928 Paphlagonia
3090 4861 3325 4918 collocat
3379 4866 3463 4922 his
3518 4869 3734 4923 verbis:

2154 4947 2541 5004 Castantoucm
2603 4953 2654 5003 in
2710 4949 3085 5023 Paphlagonia
3119 4954 3277 5008 sitam
3315 4959 3544 5011 veniunt
3569 4997 3584 5022 ,
3616 4974 3738 5028 quas

2156 5055 2285 5094 sane
2307 5042 2601 5096 Castamon
2624 5044 2960 5098 domicilium
2983 5055 3104 5099 erat
3120 5047 3364 5116 magistri
3385 5045 3734 5119 [ofﬁciorum]

2156 5132 2348 5186 lsaacii
2366 5131 2650 5188 Comneni.
2674 5133 2879 5188 Prmlor
2900 5135 3124 5191 Graeciae
3142 5149 3327 5191 noster
3347 5139 3732 5195 Castantonarn

2159 5237 2316 5279 vocat
2347 5227 2400 5279 in
2438 5227 2679 5280 Historia
2718 5244 2836 5290 sua,
2870 5228 2937 5283 de
2968 5229 3226 5285 Michaele
3257 5232 3580 5303 Palmologo,
3614 5248 3733 5304 post

2158 5319 2328 5372 victos
2362 5334 2389 5371 a
2435 5320 2652 5375 Tutoris
2687 5320 3036 5389 lconieuses,
3084 5327 3197 5375 hac
3247 5339 3682 5381 commemorans
3716 5345 3730 5380 :

2155 5410 2385 5465 Michael
2409 5410 2744 5474 Coninenus,
2771 5415 2872 5467 hoc
2898 5415 3068 5484 praelii
3087 5427 3306 5482 eventu,
3336 5433 3461 5471 cum
3493 5421 3732 5473 maximo

2153 5502 2499 5558 Persicorum
2541 5509 2878 5559 exercituum
2918 5506 3055 5567 duce
3083 5549 3098 5570 ,
3151 5523 3312 5576 quem
3346 5508 3727 5579 Peclarpaeeni

2155 5593 2336 5648 Persa:
2390 5597 2518 5664 (hoc
2564 5605 2670 5660 est,
2724 5593 3036 5651 lcouienses
3073 5595 3262 5667 Turci)
3299 5614 3496 5654 vocare
3530 5601 3730 5664 solent,

2153 5685 2207 5737 iu
2238 5684 2378 5737 viam
2415 5700 2536 5738 sese
2568 5684 2733 5738 dabat
2766 5703 2778 5739 :
2833 5686 3078 5750 adeoque
3115 5687 3364 5756 pluribus
3397 5706 3502 5744 una
3533 5689 3729 5746 diebus

2152 5777 2255 5830 iter
2298 5775 2595 5842 faciebant,
2629 5793 2756 5832 cum
2792 5779 3006 5836 hostem
3043 5781 3148 5835 sibi
3197 5797 3228 5835 a
3275 5788 3430 5852 tergo
3459 5783 3727 5839 iuhzeren-a

2152 5881 2258 5924 tem
2281 5869 2564 5938 haberent,
2592 5872 2856 5943 horisque
2883 5873 3114 5943 singulis
3140 5888 3264 5930 cum
3287 5888 3352 5932 eo
3377 5875 3725 5932 dimicarent.
