4218 6308
455 368 563 432 785

1607 374 2015 473 PANDECTE.
2044 377 2241 437 HlS’l‘.
2286 373 2589 436 TURCIC.

3596 363 3701 427 786

454 487 694 542 Tandem
748 486 1119 546 festinabundi
1193 490 1580 559 Castanwnatn
1665 468 2016 564 perveniunt,
2055 495 2099 551 Α
2131 510 2291 559 tuus,
2354 492 2630 549 Urebanis
2687 489 2833 546 ﬁlius
2873 461 3128 545 Osmanis
3157 487 3221 542 Ν.
3254 487 3702 557 Hadrianopolim

452 583 609 649 juxta
642 596 806 651 quam
845 582 1043 637 domus
1082 582 1305 639 indicati
1336 579 1687 653 Peclarpaeis
1715 599 1852 641 erat.
1890 583 2034 640 Hac-

464 686 623 729 tenus
661 686 883 743 praetor.
942 674 1075 742 Quae
1128 691 1261 731 vero
1297 677 1385 733 hic
1422 675 1659 746 Congcri
1688 680 2031 744 nominatur,

455 784 576 821 cam
596 768 769 837 ipsam
788 782 909 823 esse
930 778 1083 838 puto,
1105 785 1267 838 quam
1296 769 1348 823 in
1364 768 1628 825 Anatolia:
1644 770 1826 825 tabula
1855 769 2030 842 Congi

455 862 711 925 scriptam
730 860 983 930 legimus.
1000 861 1140 916 haud
1160 863 1347 933 procul
1370 878 1400 916 a
1418 861 1746 917 Castamona
1763 863 2029 918 dissitam.

510 953 597 1007 67.
652 951 878 1007 Crastini
913 951 1184 1023 Bojasitis
1215 956 1316 1024 ﬁlii
1338 956 1584 1009 secretio
1605 956 2002 1011 commentitiis.

527 1043 658 1109 Quae
710 1047 776 1097 de
820 1045 1081 1112 Bajazitis
1140 1045 1331 1101 liberis
1382 1048 1481 1102 hoc
1542 1045 1662 1101 loco
1701 1063 1806 1101 non
1844 1047 2032 1104 multis

458 1137 640 1190 verbis
700 1147 1087 1205 eaponuntur,
1139 1138 1384 1207 diligenti
1427 1139 1869 1193 consideratione
1917 1156 2031 1193 tne—

458 1227 744 1295 morisque
786 1227 958 1294 digna
999 1236 1161 1283 sunt.
1196 1227 1408 1298 Quippe
1455 1246 1578 1283 cum
1614 1229 1689 1283 illi
1721 1231 1787 1283 de
1818 1231 2030 1286 'l‘nrcoo

456 1335 579 1371 rem
631 1322 925 1383 sententia,
990 1337 1095 1375 non
1156 1322 1342 1387 plures
1411 1336 1665 1390 numero,
1715 1338 1879 1391 quam
1928 1339 2023 1378 ses

454 1410 683 1465 omnino
721 1411 926 1467 fuerint
954 1430 966 1467 :
993 1413 1123 1481 quid
1155 1414 1302 1468 aliud
1326 1423 1634 1470 statuamus
1658 1456 1673 1479 ,
1702 1430 1866 1483 quam
1901 1416 2028 1471 reii-

454 1517 593 1567 quos
628 1502 894 1559 hactenus
918 1505 1077 1559 nobis
1106 1503 1385 1567 obtrusos,
1416 1507 1567 1561 velut
1594 1508 1645 1560 in
1679 1507 1887 1579 judicio
1912 1517 2027 1563 sta-

454 1602 542 1648 tus
601 1596 671 1648 ab
717 1596 849 1664 ipsis
895 1596 1093 1652 Turcis
1154 1602 1572 1658 condemnatos.
1627 1616 1725 1669 pro
1772 1602 2028 1669 genuinis

452 1683 711 1755 deinceps
765 1689 988 1755 agnosci
1055 1706 1161 1745 non
1198 1691 1441 1746 debere?
1489 1690 1673 1762 Neque
1699 1691 1867 1764 ἤιε
1896 1708 2027 1749 vero

455 1776 538 1830 vel
569 1791 760 1844 unum,
789 1777 874 1832 vel
900 1780 1132 1835 alterum
1163 1780 1430 1838 duntaxat
1473 1783 1575 1837 hoc
1606 1783 1873 1853 judicium
1902 1794 2022 1839 tan-

2140 586 2377 655 cepisset
2430 605 2444 639 :
2480 582 2671 641 eodem
2729 593 2781 639 et
2841 581 2994 651 regni
3026 580 3186 638 sedes
3211 597 3277 636 ex
3313 579 3440 636 Asia
3476 582 3711 634 commi-

2094 690 2109 705 ⁸
2136 691 2325 744 grasse
2358 676 2569 729 videtur
2590 715 2605 738 ,
2636 674 2781 744 quod
2824 684 2969 729 recte
2997 687 3055 727 se
3087 672 3327 727 facturos
3366 669 3569 726 sultani
3602 667 3707 720 du-

2135 777 2341 830 cerent,
2398 768 2443 823 si
2480 768 2642 821 rebus
2697 766 2998 822 Anatolicis
3047 766 3161 834 jam
3208 762 3703 833 tranquillioribus,

2135 860 2466 929 praecipuum
2518 859 2726 914 militiar
2799 860 2967 915 robur
3035 858 3425 927 lladrianopoli
3472 858 3613 910 velut
3646 856 3701 910 in

2132 951 2384 1007 excubiis
2416 952 2723 1007 haberent:
2764 952 2927 1018 unde,
2964 951 3257 1006 momentis
3297 964 3476 1005 rerum
3510 964 3574 1001 ev
3601 964 3727 1001 usu

2133 1057 2237 1096 suo
2266 1044 2636 1113 gerendarum
2671 1043 3072 1099 animadversis
3098 1083 3113 1101 .
3147 1042 3403 1113 progredi
3441 1041 3704 1111 paulatim

2133 1132 2298 1190 latius
2335 1147 2389 1191 et
2440 1136 2493 1190 in
2531 1136 2763 1207 Europae
2784 1138 2994 1191 viscera
3029 1138 3265 1205 grassari
3293 1144 3536 1202 possent.
3569 1133 3703 1188 San-

2132 1228 2357 1283 sovinus
2388 1230 2690 1295 existimat,
2723 1232 2962 1301 primum
3004 1232 3249 1282 omnium
3283 1226 3702 1289 Mucltemetem,

2127 1318 2443 1375 Gilderunis
2484 1320 2653 1377 filium
2684 1362 2700 1386 ,
2748 1322 2859 1377 huc
2894 1321 3108 1391 imperii
3138 1321 3220 1375 sui
3245 1320 3430 1376 sedem
3465 1326 3701 1373 transtu-

2128 1408 2282 1473 lisse.
2318 1412 2464 1481 quod
2500 1412 2721 1467 urbium
2758 1412 3007 1468 Thraciae
3033 1412 3196 1467 facile
3224 1422 3390 1483 caput
3413 1420 3558 1467 esset
3592 1412 3703 1463 ila—

2126 1500 2479 1572 drianopolis.
2516 1504 2622 1561 Sed
2669 1512 2797 1561 ante
2845 1503 3205 1559 Muchcmetis
3238 1505 3399 1558 etiam
3453 1511 3700 1571 tempora

2125 1602 2337 1648 certum
2386 1595 2501 1651 sive
2550 1596 2731 1666 regiae,
2783 1598 2902 1653 sive
2949 1596 3125 1652 Porta:
3155 1595 3460 1652 Osmanicse
3491 1593 3695 1659 locum,

2126 1683 2376 1738 sultanos
2408 1684 2615 1753 priores
2649 1682 3041 1756 lladrianopoli
3075 1686 3464 1748 constituisse.
3513 1683 3696 1753 pluri-

2125 1773 2229 1827 bus
2265 1791 2327 1829 ex
2365 1775 2499 1831 locis
2548 1775 2770 1833 Laonici
2821 1779 3183 1834 manifestum
3232 1789 3339 1834 est.
3394 1776 3606 1845 Quippe
3634 1780 3702 1831 de

498 1829 503 1830 ,
578 1829 599 1831 η
748 1829 760 1844 ,
900 1829 1131 1835 ,μη---τ
1473 1829 1573 1837 ..η
1606 1829 1873 1853 ,.....-......
1903 1829 1992 1839 --η

451 1866 549 1935 ιιι,
603 1866 699 1921 sed
750 1867 1033 1939 rejiciendi
1068 1873 1295 1926 omnino
1351 1874 1576 1929 totidem
1615 1877 1862 1939 Venimtt,
1888 1888 2021 1946 quot

2125 1864 2471 1923 Mulsumane
2539 1871 2826 1940 eloquens,
2885 1871 3207 1935 Profectus.
3243 1871 3443 1939 inquit.
3474 1868 3703 1923 Hadria-

446 1968 602 2013 extra
632 1963 1062 2018 controversiam
1093 1964 1320 2034 legitimi
1361 1978 1656 2022 censentur
1683 1985 1698 2021 :
1754 1970 2019 2023 nimirum

450 2052 502 2105 hi
538 2067 655 2114 sex,
677 2051 1029 2120 Orthobules,
1054 2054 1849 2130 Mulsumanes,Cyriscelebis,
1883 2062 2019 2127 Alis,

446 2140 607 2199 Iesus
659 2145 884 2209 minor,
954 2146 1264 2216 Mttstaphas
1318 2163 1685 2219 cognomento
1736 2150 2015 2211 Dusmes:

445 2251 572 2293 cum
630 2238 789 2306 primi
846 2255 910 2293 es
967 2240 1053 2295 his
1105 2241 1427 2298 Orthobulis
1480 2243 1592 2299 lilio
1637 2243 1820 2311 Ziche,
1856 2264 2016 2317 quem

443 2330 624 2401 ipsum
648 2348 863 2402 quoque
883 2331 1049 2390 Turci
1078 2352 1176 2392 ceu
1206 2350 1416 2393 cretum
1442 2339 1865 2397 Osmanidarnm
1894 2359 2019 2398 sau-

441 2428 609 2492 guine
668 2440 779 2480 non
832 2439 1158 2497 agnoscunt.
1194 2431 1416 2487 Interim
1471 2448 1601 2488 Vero
1650 2451 1749 2505 pro
1805 2437 2020 2493 duobus

442 2517 705 2587 explosis,
727 2521 834 2575 duo
850 2521 1153 2578 succedunt
1172 2524 1440 2580 hactenus
1466 2528 1687 2593 quidem
1708 2528 1897 2593 ignoti,
1921 2529 2017 2585 sed

444 2626 473 2663 a
498 2606 691 2665 Turcis
715 2627 811 2682 pro
835 2614 1094 2683 legitimis
1117 2617 1280 2685 agniti
1305 2615 1622 2673 Gihlerunis
1651 2620 1743 2674 filii
1770 2636 1866 2689 pro
1883 2621 2018 2675 Dus-

444 2718 529 2757 tne
548 2705 851 2774 ﬂustapha.
878 2707 1195 2777 ﬂustaphas
1224 2707 1460 2776 Zetebis,
1487 2711 1724 2767 amissus
1748 2713 1801 2765 in
1836 2728 2016 2782 pugna

450 2806 636 2850 eontra
657 2795 950 2864 Temirem,
973 2816 1068 2867 pro
1084 2798 1210 2855 Jesu
1231 2801 1443 2857 minore
1471 2840 1488 2865 .
1508 2802 1747 2858 Casanes
1782 2802 2013 2861 Zelebis.

439 2882 532 2942 68.
559 2886 600 2940 Α
632 2904 732 2957 quo
756 2905 971 2962 necatus
994 2890 1288 2962 fueritlsa,
1323 2892 1732 2960 Constantinus,
1760 2912 1854 2962 pro
1895 2895 2015 2950 Ha-

788 2959 946 3014 nuele
974 2960 1276 3018 Gra'corttm
1309 2964 1643 3031 imperatore.

511 3048 749 3119 Scripsit
800 3050 1096 3116 Laoniczts,
1142 3053 1291 3109 inter
1350 3055 1747 3111 Mulsumanem
1796 3057 2015 3114 Jrsum-

2123 1961 2390 2028 nopolim,
2430 1964 2580 2027 rcgui
2635 1964 2818 2019 sedem
2870 1966 2997 2037 (hoc
3050 1980 3157 2035 cst,
3191 1983 3309 2036 quis
3348 1982 3499 2032 regnt
3540 1966 3698 2020 sedes

2121 2052 2261 2117 erat)
2288 2094 2303 2118 ,
2341 2071 2567 2124 regnum
2603 2057 2915 2114 ordinavit.
2955 2059 3020 2114 Et
3074 2059 3238 2130 paulo
3268 2071 3392 2114 ante
3421 2058 3489 2113 de
3528 2057 3696 2122 Mosc,

2122 2138 2591 2214 Hadrianopolim,
2621 2147 2719 2215 ait,
2747 2164 2868 2219 qua,-
2907 2151 3055 2220 regni
3080 2152 3237 2205 sedes
3260 2160 3365 2213 est.
3391 2148 3693 2219 profectus,

2122 2233 2321 2288 ibidem
2357 2252 2447 2291 res
2479 2238 2807 2297 declaratur.
2831 2240 3004 2307 Quam
3040 2256 3166 2297 vero
3197 2242 3261 2296 ad
3294 2241 3482 2297 urbem
3517 2250 3695 2296 trans-

2120 2324 2230 2381 lata
2281 2330 2499 2383 tertium
2542 2328 2705 2385 fuerit
2739 2331 2925 2399 Porta,
2957 2348 3121 2387 nemo
3149 2349 3257 2388 non
3293 2334 3467 2387 novit.

2380 2421 2469 2477 70.
2493 2423 2665 2489 Gerle,
2696 2424 2887 2493 Dolop,
2915 2424 3235 2481 Soleimanis
3261 2444 3453 2482 mores.

2195 2512 2270 2568 De
2302 2513 2679 2571 lsvendiarum
2705 2517 2914 2574 ditioue
2945 2521 3203 2587 superius
3231 2523 3557 2590 explicatum
3591 2538 3692 2575 nu-

2120 2619 2275 2659 mero
2302 2614 2556 2661 notarum
2588 2608 2678 2667 l3.
2701 2624 2807 2678 qua
2837 2617 2891 2664 et
2921 2608 3081 2665 Cerle
3117 2612 3694 2681 compreltendebatur

2118 2696 2398 2764 oppidum.
2432 2698 2489 2752 Id
2522 2709 2650 2754 nota
2682 2700 2750 2755 19
2785 2701 3026 2756 diximus
3055 2704 3107 2758 in
3135 2703 3338 2759 tabulis
3364 2706 3694 2776 geographi-

2118 2787 2200 2841 cis
2227 2799 2487 2856 corrupte
2521 2791 2789 2860 scriptum
2826 2793 3063 2848 inveniri
3095 2793 3307 2850 Gerede
3342 2811 3443 2866 pro
3475 2796 3691 2853 Gerele.

2120 2878 2357 2936 Narrant
2385 2898 2513 2939 vero
2537 2886 2765 2941 annales
2791 2927 2808 2951 ,
2838 2884 3209 2943 Soleimancm
3246 2901 3427 2945 castra
3468 2901 3693 2961 propter

2116 2970 2337 3037 Gerlen,
2365 2976 2432 3028 ad
2469 2976 2640 3043 ripam
2666 2976 2910 3035 ﬂuminis
2940 2979 3171 3037 locasse.
3206 2980 3321 3036 Non
3358 2985 3693 3050 exprimitur

2115 3063 2239 3130 ejus
2273 3063 2513 3120 ﬂuminis
2548 3065 2638 3121 ltic
2667 3083 2891 3129 nomen.
2934 3071 3029 3125 sed
3070 3069 3125 3126 iu
3163 3070 3427 3126 Anatolize
3479 3073 3689 3127 descri-

437 3155 545 3211 que
574 3141 833 3212 majorem
859 3156 1006 3211 gesta
1043 3143 1212 3201 fuisse
1231 3148 1298 3201 de
1330 3147 1560 3217 imperio
1592 3148 1754 3213 bella,
1778 3165 2010 3219 quorum
2039 3159 2083 3222 ο
2116 3155 2303 3223 ptione
2339 3157 2506 3225 Dolap
2550 3170 2795 3215 vocatur.
2820 3160 3149 3218 Soleimanis
3190 3163 3428 3221 indolem
3454 3164 3692 3222 Chalce-

439 3241 618 3287 tamen
643 3235 871 3290 annales
897 3235 950 3290 hi
982 3251 1089 3291 non
1116 3238 1440 3305 meminere,
1473 3240 1801 3311 tandemque
1822 3242 2008 3299 desum

437 3337 467 3378 a
500 3323 843 3383 Mulsumane
886 3339 1253 3398 peremptum.
1308 3328 1440 3399 Ejus
1504 3332 1780 3402 parricidii
1849 3336 2008 3404 culpa

436 3416 877 3487 Ifulsumanem‘,
910 3422 1013 3474 boc
1050 3431 1134 3476 est
1160 3464 1174 3488 ,
1213 3420 1577 3477 Soleitnanem
1630 3424 1873 3494 profecto
1908 3428 2008 3483 im-

437 3521 735 3563 tnerentem
796 3520 1010 3573 onerat.
1062 3512 1221 3584 cujus
1278 3525 1562 3571 auctorem
1602 3513 1765 3571 Turci
1798 3517 2007 3575 Musam

434 3598 675 3667 produnt
702 3639 718 3663 ,
756 3599 1089 3669 quibuscum
1134 3601 1250 3671 ipsa
1287 3618 1470 3657 rerum
1530 3616 1808 3672 gestarum
1836 3610 2007 3662 series

433 3691 728 3746 consentit.
775 3691 849 3747 De
898 3693 1117 3748 nomine
1170 3694 1560 3761 Constantini,
1621 3712 1731 3767 quo
1793 3698 2007 3755 Turcos

428 3782 747 3839 Gra‘corum
787 3784 1151 3854 imperatores
1184 3801 1380 3843 omnes
1408 3790 1738 3859 appellasse,
1769 3807 2002 3847 numero

431 3885 681 3931 notarum
740 3876 803 3932 5t
857 3876 1121 3941 diximus,
1157 3880 1467 3948 exemplum
1512 3881 1602 3935 hic
1634 3882 1782 3936 aliud
1813 3885 2001 3940 habes.

430 3962 482 4021 ls
511 3970 656 4023 enim
683 3966 908 4023 Grecus
956 3969 1276 4040 imptrator,
1302 3972 1370 4025 ad
1399 3988 1561 4040 quem
1584 3982 1838 4027 narratur
1864 3975 2006 4029 etnir

431 4051 771 4111 Soleimaues
822 4057 1079 4111 obsidum
1128 4058 1249 4114 loco
1283 4060 1501 4117 misisse
1533 4076 1778 4116 sororem
1820 4079 1997 4131 suam,

427 4152 768 4220 iratremque
789 4161 917 4206 natu
941 4152 1253 4218 minimum,
1285 4170 1392 4209 non
1421 4155 1768 4211 Constantini
1801 4174 1998 4216 nomen

428 4242 683 4309 habebat,
743 4243 836 4299 sed
896 4243 1183 4308 Manuelis,
1236 4260 1304 4301 ex
1351 4244 1717 4318 Palmologina
1767 4249 1998 4319 familia,

425 4332 586 4405 cujus
609 4344 664 4389 et
694 4334 946 4403 superius
977 4334 1116 4389 facta
1150 4336 1377 4390 mentio.

668 4447 761 4504 69.
794 4444 956 4503 Sedes
1004 4450 1210 4517 imperii
1242 4447 1452 4504 Turrici
1476 4452 1713 4507 litterate.

2113 3249 2372 3320 condyles
2398 3265 2619 3323 quoque
2672 3268 2771 3308 cett
2824 3253 3025 3309 bonam
3060 3257 3343 3325 praedicat,
3387 3261 3550 3327 eique
3574 3274 3689 3315 ma-

2092 3350 2248 3409 'gnas
2270 3343 2501 3399 virtutes
2563 3345 2787 3409 tribuit.
2853 3347 2948 3402 sed
3000 3349 3191 3403 eadem
3242 3365 3366 3404 cum
3400 3348 3597 3407 Turcis
3620 3354 3689 3408 de

2114 3435 2393 3502 perpetuis
2439 3438 2557 3506 ejus
2606 3440 2982 3507 potationibus
3007 3454 3061 3495 ct
3084 3442 3214 3497 luxu
3248 3454 3685 3501 commemorat:

2109 3540 2231 3593 qum
2268 3527 2477 3582 hotnini
2512 3530 2691 3584 minus
2730 3546 2912 3585 rerum
2961 3548 3185 3588 suarum
3236 3536 3461 3605 provido
3484 3537 3689 3591 sollicio

2110 3625 2273 3685 toque
2296 3621 2509 3673 tandem
2540 3623 2766 3677 exitium
2804 3624 3127 3681 attulerunt.

2112 3710 2201 3763 71.
2255 3708 2505 3790 Vaqultio
2546 3712 3010 3790 paropogdoniaL
3041 3716 3419 3790 Nemetsasst't'.
3478 3720 3675 3790 [μσςὴ.

2361 3780 2615 3848 Callida,
2665 3780 2916 3852 Vaiooda,
2954 3786 3164 3852 Hune,
3199 3780 3439 3859 Bogdnn.

2178 3894 2340 3951 Dacia
2382 3900 2656 3968 quondam
2701 3901 3084 3970 appellabatur
3130 3906 3467 3972 amplissima
3506 3911 3678 3977 regio,

2105 3999 2227 4054 quae
2250 3985 2733 4059 Transsylvaniam
2773 4006 2899 4046 cum
2962 4002 3193 4064 utraque
3222 3994 3475 4051 Valacbia
3503 4001 3681 4055 conti-

2105 4077 2286 4131 nebat.
2312 4076 2380 4132 Et
2403 4080 2629 4149 cingunt
2658 4082 2831 4136 amba:
2860 4080 3129 4140 Volat-him
3169 4084 3675 4157 Transsylvaniam,

2101 4186 2336 4241 quarum
2372 4188 2479 4225 una
2513 4173 2738 4241 majoris
2770 4190 2966 4229 nomen
2991 4176 3176 4242 habet,
3217 4177 3388 4233 altera
3425 4181 3673 4237 minoris.

2100 4260 2279 4331 Major
2313 4262 2381 4316 ad
2424 4262 2697 4318 Euxinum
2750 4281 2901 4321 mare
2951 4282 3013 4321 se
3068 4268 3323 4340 porrigit,
3372 4281 3426 4325 et
3472 4275 3675 4329 nostris

2099 4352 2391 4419 Moldavia,
2416 4355 2611 4412 Turcis
2637 4358 3072 4427 Carabogdania,
3097 4364 3253 4431 quasi
3277 4362 3428 4434 nigra
3464 4363 3676 4434 Bogda-

2100 4446 2212 4510 nia,
2246 4446 2361 4501 sive
2395 4447 2635 4517 Bogdani
2669 4450 2818 4519 regio
2844 4452 3049 4507 dtcitur
3080 4469 3093 4506 :
3124 4467 3153 4507 a
3188 4451 3465 4511 frumento
3491 4458 3671 4528 nigro,

490 4542 740 4611 quan.”
777 4546 1101 4600 εκτειιιοηίῃ
1131 4548 1331 4602 διιιιυηί
1365 4546 1584 4603 Τιηοίεί
1619 4564 1848 4617 regnum
1901 4567 1996 4605 an-
2028 4556 2075 4615 ο
2101 4538 2259 4607 CIIjIIS
2286 4550 2369 4596 εει
2400 4557 2525 4609 28οΓ
2567 4543 2659 4596 ille
2708 4542 3108 4600 ΐθηοίδείιηυε.
3138 4546 3408 4614 Gallicus,
3442 4559 3496 4606 οἱ
3527 4553 3668 4608 Ille?

423 4638 621 4707 spicari
642 4640 1020 4694 consueverint
1044 4680 1061 4706 ,
1082 4639 1390 4709 expositum
1426 4655 1455 4694 a
1491 4642 1647 4697 nobis
1676 4654 1760 4697 est
1789 4644 1997 4710 prolixe

420 4728 475 4781 in
512 4727 794 4782 annalium
829 4729 1235 4798 supplemento,
1268 4730 1429 4785 initio
1463 4734 1614 4803 regni
1648 4734 1869 4788 Selitnis
1907 4750 1996 4791 se-

421 4817 612 4885 cundi,
659 4821 803 4892 quod
851 4820 1042 4875 incidit
1090 4823 1143 4877 in
1180 4833 1390 4877 annum
1417 4822 1793 4881 Christianum
1828 4824 1990 4883 1566.

424 4914 647 4968 Solebat
697 4922 879 4968 autem
926 4914 1033 4969 hoc
1064 4916 1118 4969 in
1152 4932 1215 4970 ea
1248 4916 1363 4970 fleri
1396 4918 1635 4981 civitate,
1676 4934 1798 4988 qua:
1836 4925 1993 4976 Sedes

418 5016 564 5061 esset
598 5007 837 5074 imperii.
895 5005 1176 5075 Principio
1235 5008 1429 5064 Turcis
1459 5026 1521 5065 ea
1554 5012 1655 5065 fuit
1686 5010 1854 5065 Prusa
1907 5012 1993 5067 lti—

419 5098 641 5169 tbyniz,
696 5100 861 5168 paulo
909 5112 1037 5156 ante
1082 5109 1314 5156 mortem
1348 5101 1603 5158 Osntanis
1636 5107 1702 5158 ab
1738 5103 1992 5159 Uri-hane

419 5192 532 5245 filio
566 5201 726 5262 capta
758 5208 774 5245 :
832 5207 953 5261 qua:
1006 5194 1135 5248 licet
1166 5194 1431 5248 honorem
1468 5197 1609 5250 hunc
1638 5212 1746 5249 non
1778 5197 1871 5251 diu
1906 5214 1988 5251 re-

416 5285 599 5356 tinuit,
644 5301 709 5339 ex
753 5287 983 5355 pristina
1041 5297 1218 5342 tamen
1262 5289 1616 5357 praerogativa
1669 5289 1887 5355 meruit,
1927 5300 1988 5344 ttt

411 5375 717 5444 longissimi
742 5380 1001 5446 temporis
1019 5379 1194 5446 spatio
1226 5380 1425 5432 sultaui
1452 5380 1757 5434 'l‘urcorum
1783 5381 1985 5435 mortui

412 5470 657 5537 paternis
686 5477 740 5523 et
763 5471 923 5522 avitis
954 5469 1081 5523 istic
1111 5472 1507 5534 monumentis,
1540 5472 1704 5524 etiam
1735 5471 1824 5524 ditt
1852 5480 1977 5539 post

411 5568 625 5627 captant
653 5560 1209 5628 Constantinopolim,
1238 5562 1381 5615 sicut
1412 5562 1465 5615 in
1502 5564 1610 5616 vita
1641 5563 1842 5617 sultani
1878 5564 1981 5616 Se-

409 5651 555 5705 limis
608 5652 833 5706 secundi
876 5651 946 5707 de
1008 5654 1268 5708 Acltmete
1324 5654 1669 5724 Corcutoque
1726 5653 1985 5710 fratribus

411 5744 611 5798 ibidem
646 5747 877 5816 sepultis
901 5748 1085 5800 videre
1114 5746 1262 5813 licet,
1292 5748 1648 5801 inferrentur.
1687 5746 1979 5817 Postquam

414 5851 540 5891 vero
573 5839 901 5895 transvectis
941 5837 996 5893 itt
1035 5837 1308 5907 Europam
1357 5837 1551 5907 copiis,
1594 5834 1836 5892 llluratcs
1867 5837 1980 5905 pri-

2098 4632 2553 4702 Citaleoeondylis
2595 4636 2887 4704 interpres.
2942 4636 3225 4693 Podoliam
3256 4641 3554 4709 perinscite
3585 4643 3669 4700 fa-

2096 4723 2251 4778 ciunt
2271 4764 2284 4788 ,
2310 4727 2589 4795 regionem
2615 4726 2759 4795 juris
2789 4726 3059 4785 Polouici.
3090 4728 3267 4786 Minor
3296 4743 3521 4803 propter
3562 4735 3670 4791 Da-

2094 4816 2246 4871 nubii
2276 4818 2424 4885 ripas
2456 4820 2772 4873 extenditur
2792 4858 2810 4885 ,
2837 4830 2892 4874 et
2916 4821 3239 4891 plerumque
3263 4821 3624 4897 Transalpina
3652 4869 3667 4893 .

2095 4906 2347 4963 Bonﬁnio
2399 4911 2653 4965 Montana
2685 4928 2903 4982 quoque
2931 4915 3075 4970 sicut
3094 4925 3148 4969 et
3174 4916 3299 4971 aliis
3327 4921 3663 4975 nominatur.

2095 5000 2380 5057 Vlacltiatn
2411 5020 2675 5060 vocavere
2706 5005 2904 5073 Graeci,
2938 5016 2993 5063 et
3016 5009 3226 5063 incolas
3259 5008 3491 5067 Vlachos
3523 5032 3538 5068 :
3568 5029 3666 5082 pro

2092 5096 2296 5160 quibus
2351 5096 2680 5165 interpretes
2738 5095 2987 5158 Zonarze,
3055 5098 3276 5153 tiedrini
3332 5110 3386 5156 et
3429 5101 3663 5157 aliorum

2090 5187 2481 5242 historicorum
2534 5189 2822 5242 reddidere
2856 5189 3131 5245 Blacbiam
3158 5201 3210 5246 et
3239 5192 3487 5253 Blacltos.
3527 5210 3666 5250 con-

2092 5287 2173 5333 lra
2214 5279 2517 5332 molliorem
2552 5281 2944 5346 pronuntiandi
2980 5287 3249 5337 rationem
3291 5283 3607 5340 Graecorum
3646 5306 3659 5340 :

2089 5387 2228 5441 quos
2266 5371 2542 5425 imitantes
2587 5368 2782 5434 Turci,
2828 5388 2936 5427 non
2997 5373 3198 5441 lblacb,
3253 5376 3348 5429 sed
3386 5376 3546 5430 lllach
3582 5380 3660 5433 di-

2090 5474 2241 5519 cunt.
2279 5462 2483 5516 Nomen
2512 5461 2877 5517 Valachorum
2918 5482 3024 5518 non
3056 5482 3085 5520 a
3123 5465 3337 5522 Flaccis
3369 5469 3658 5533 Romanis.

2088 5557 2300 5625 origine
2330 5554 2598 5619 fabulosa,
2631 5556 2797 5627 429
2834 5572 2952 5626 qua:
3004 5559 3252 5625 plurthus
3308 5572 3492 5618 tamen
3546 5566 3659 5633 pla-

2088 5648 2220 5703 cuit.
2254 5648 2348 5702 Sed
2400 5664 2429 5701 a
2470 5649 2757 5702 Germanis
2810 5652 3013 5706 nostris
3064 5654 3366 5723 profectum
3397 5656 3654 5710 arbitror.

2090 5742 2411 5797 Habuerunt
2442 5742 2587 5795 cnim
2622 5742 2827 5798 vicinos
2849 5745 2977 5800 Daci
3003 5746 3327 5810 Germanos,
3358 5758 3485 5816 puta
3514 5745 3659 5814 Qua-

2086 5835 2186 5888 dos
2216 5874 2230 5901 ,
2257 5830 2497 5900 Gothos,
2537 5832 2807 5901 Gepidas,
2846 5836 2897 5889 in
2933 5853 3163 5905 quorum
3194 5851 3359 5903 agro,
3388 5839 3480 5908 qui
3514 5852 3660 5893 nunc
