4218 6308
576 295 680 359 797

1787 308 2110 373 JOANNIS
2146 315 2619 382 LEUNCLAVII

3747 320 3858 383 788

573 418 907 488 (lepisiensis
959 419 1180 485 dicitur,
1231 423 1421 477 incolae
1469 427 1771 494 praesertim
1820 425 2150 483 Casemarca
2183 430 2226 484 A
2292 434 2379 489 72.
2420 436 2818 508 Samobunugli,
2848 439 3014 506 Azupi
3045 438 3119 491 re!
3160 436 3352 508 Asepi;
3433 433 3643 490 Laouiei
3671 437 3819 491 locus

574 514 739 568 vicini
778 531 838 570 se
869 515 1277 574 Nemetsasslos
1313 520 1584 592 hodieque
1645 524 1933 578 nominant
1966 567 1979 586 ,
2021 539 2153 578 voce

572 610 640 662 de
689 605 935 666 Nemetis
989 611 1092 678 (sic
1149 613 1352 682 Ungari
1409 613 1712 672 Germanos
1762 618 2061 687 appellant,
2097 626 2157 671 ut

577 698 808 757 Veneriae
859 705 1110 760 nationes
1167 704 1470 775 Nemitzoa)
1505 723 1558 764 et
1589 708 1792 765 Sassiis
1825 712 2151 779 composita,

572 809 695 863 qua:
741 797 961 852 Sassios
1021 799 1136 852 sive
1190 800 1440 854 Saxones
1490 787 1794 858 Germanos
1854 803 2152 872 significat.

572 888 830 946 Germani
900 909 1033 949 vero
1085 899 1334 964 plerique
1395 906 1502 950 tam
1561 897 1727 953 italos
1756 913 1919 963 quam
1962 894 2153 952 Gallos

573 984 700 1053 (qui
741 985 1034 1046 Germanis
1081 1003 1212 1046 sunt
1262 991 1448 1055 Walli,
1511 991 1656 1044 sicut
1697 989 1928 1045 Gilimer
1953 1003 2152 1042 nomen

574 1079 870 1136 Cothicum
898 1097 985 1139 est
1017 1086 1270 1140 Wilmer.
1333 1087 1397 1140 Et
1431 1087 1483 1140 in
1517 1084 1709 1156 Anglia
1743 1099 1964 1153 quoque
1998 1080 2121 1135 Wal

576 1177 754 1228 lorum
811 1193 1012 1234 nomen
1073 1181 1272 1248 priscis
1336 1180 1531 1235 incolis
1583 1176 2032 1248 provincialibus,
2089 1175 2157 1226 ab

574 1269 1099 1338 A"illo-Saxonibus
1151 1275 1357 1328 nostris
1404 1271 1660 1333 inditum,
1709 1270 1918 1336 manet)
1956 1282 2156 1320 vocare

575 1364 754 1419 solent
779 1362 1040 1422 Walcltos
1067 1377 1122 1421 et
1148 1365 1462 1421 Walisebos
1497 1384 1509 1420 :
1542 1380 1774 1434 quorum
1802 1365 2002 1431 linguae.
2031 1376 2156 1428 pro-

577 1457 798 1515 \inciali
822 1474 948 1516 cum
979 1461 1164 1530 lingua
1200 1462 1399 1520 ﬂat-im.
1425 1477 1550 1529 qua:
1573 1462 1687 1528 ipsa
1717 1473 1937 1527 quoque
1954 1454 2155 1509 Roma-

573 1567 772 1605 norum
811 1553 1094 1622 provincia
1125 1555 1400 1625 quondam
1429 1553 1548 1621 fuit,
1579 1552 1756 1607 omnis
1786 1558 1932 1606 esset
1963 1568 1976 1603 :
2012 1547 2153 1600 idem

576 1663 604 1694 ιι
637 1643 844 1698 nostris
881 1642 1233 1701 Waleborum
1285 1661 1487 1699 nomen
1540 1659 1824 1712 accepere.
1866 1641 2015 1711 quod
2059 1640 2157 1692 de-

575 1740 918 1796 nuntiatione
946 1739 1181 1794 molliori
1202 1749 1468 1796 mutatum
1503 1739 1556 1792 in
1591 1735 1905 1791 Walacbos.
1937 1733 2155 1788 Sotira-

575 1840 735 1890 μιιιιιτ
771 1831 900 1888 huic
932 1831 1180 1901 opinioni
1217 1845 1350 1884 mes
1373 1837 1533 1883 vetus
1581 1828 1746 1882 etiam
1780 1824 2022 1882 Gallicize
2053 1845 2155 1882 no-

580 1937 726 1979 men.
773 1921 1035 1991 frequens
1076 1923 1129 1978 in
1162 1922 1409 1990 antiquis
1446 1920 1701 1991 Ungarim
1736 1936 1926 1988 regum
1957 1921 2156 1984 titulis.

578 2029 689 2078 quo
718 2011 977 2069 Valaehia
1025 2015 1463 2084 significabatur,
1515 2015 1710 2070 eadem
1740 2030 1863 2068 cum
1899 2013 2074 2070 Gallis
2108 2024 2162 2067 et

584 2105 732 2162 Italis
785 2118 946 2165 utens
1005 2110 1215 2178 lingua,
1280 2109 1423 2164 sicut
1454 2119 1503 2163 ct
1534 2124 1681 2163 nunc
1709 2108 2028 2162 afﬁnitatem
2057 2107 2160 2162 ali-

577 2219 743 2274 quam
781 2219 908 2258 cum
946 2219 1139 2259 eorum
1182 2205 1364 2274 lingua
1412 2203 1738 2273 provinciali
1765 2203 1986 2260 retinet.
2031 2200 2160 2257 Vai-

585 2301 731 2352 vodae
765 2311 892 2354 vero
923 2314 1120 2353 nomen
1167 2297 1496 2366 generaliter
1531 2296 1808 2366 signiﬁcat
1837 2298 2159 2366 praiectum

583 2390 841 2453 militum,
869 2403 1033 2459 quem
1067 2390 1416 2458 capitaneum
1438 2389 1601 2458 vulgo
1634 2399 1850 2442 vocant.
1880 2388 1983 2442 Sed
2019 2385 2160 2455 apud

585 2482 832 2552 llugaros
859 2492 913 2535 ut
938 2482 1090 2549 olim,
1127 2483 1208 2536 sic
1245 2484 1410 2538 etiam
1446 2482 1631 2545 hodie,
1661 2481 1784 2536 dum
1816 2491 1944 2534 sunt
1976 2482 2164 2547 appel-

580 2578 814 2633 lationes
849 2576 1395 2632 adtninistrationnm
1419 2575 1786 2630 maximarum
1821 2590 1835 2627 :
1863 2589 1971 2629 una
2003 2573 2157 2638 Bani,

581 2671 650 2727 de
679 2685 783 2740 qua
807 2687 909 2726 suo
940 2672 1082 2733 loco,
1120 2667 1384 2722 nimirum
1427 2668 1606 2736 capite
1637 2666 1762 2732 lu,
1801 2667 2016 2733 plenius
2068 2665 2157 2719 di-

576 2767 722 2820 cturi
755 2780 974 2825 sumus.
1000 2768 1170 2817 altera
1217 2760 1490 2818 Vaivodae.
1523 2761 1709 2815 Bauus
1739 2769 1821 2814 est
1848 2774 2047 2828 prmses
2078 2774 2164 2812 re-

583 2860 707 2926 gius
737 2858 792 2913 in
827 2859 1016 2928 aliquo
1061 2872 1126 2910 ex
1165 2858 1351 2926 regnis
1396 2854 1653 2925 lingariie
1709 2853 2003 2919 adjunctis.
2045 2851 2166 2904 Vai-

581 2953 718 3007 voda
772 2967 902 3006 vero
956 2967 1159 3021 praeses
1219 2951 1424 3004 dicitur
1463 2989 1479 3011 .
1538 2948 1661 3000 loco
1723 2946 1866 3014 regis
1928 2946 2166 2999 admini-

583 3047 906 3100 strationem
933 3044 1140 3097 habens
1169 3042 1222 3096 iu
1254 3043 1438 3111 aliqua
1473 3039 1920 3113 provincia,puta
1957 3036 2166 3090 Trans-

2673 507 3015 573 emendattts;
3045 513 3180 564 sutir
3213 507 3262 566 Η
3271 509 3407 566 alens
3421 547 3434 561 .

2326 619 2500 685 Quem
2534 617 2623 675 hic
2652 621 2894 679 Annales
2924 622 3323 694 Samobunogli
3355 623 3473 680 sive
3523 621 3696 678 tilium
3751 621 3854 677 Sa-

2261 715 2515 769 mobuna
2544 727 2765 776 vocant.
2798 716 2939 771 inira
2968 715 3168 774 Scheic
3187 717 3458 774 Bedredin
3516 718 3853 789 appellatur.

2259 807 2347 860 ubi
2383 807 2452 863 de
2470 809 2741 865 seditione
2759 825 2854 879 per
2876 813 3056 878 ipsum
3095 821 3235 868 mota
3268 812 3493 881 prolixae
3508 819 3638 867 sunt
3660 820 3860 863 ωιτη-⁷

2262 902 2456 956 tiones.
2497 900 2991 970 Stipendiariorum
3020 907 3247 962 nomine
3293 906 3605 976 intelligunt
3637 903 3856 974 Azapos

2260 993 2342 1046 vel
2361 995 2590 1064 Azepos.
2630 997 2904 1054 Laonicus
2927 998 3130 1054 alicubi
3154 998 3475 1068 peregrinos
3505 997 3663 1058 dixit.
3700 1011 3856 1048 more

2259 1086 2469 1150 Graeco.
2494 1087 2700 1156 quibus
2727 1086 2862 1144 Xeui
2921 1100 3214 1152 vocantur.
3274 1090 3327 1147 id
3387 1097 3491 1153 est,
3549 1085 3855 1158 peregrini,

2258 1179 2349 1248 qui
2383 1180 2671 1250 stipendiis
2693 1181 2954 1238 conducti
2989 1183 3251 1247 militant,
3284 1181 3389 1237 hoc
3418 1189 3524 1250 est,
3581 1180 3674 1248 qui
3726 1188 3857 1235 sunt

2259 1272 2650 1342 misthophori.
2711 1275 2854 1331 sicut
2890 1274 3056 1333 iidem
3092 1276 3388 1347 appellant.
3451 1271 3600 1330 Idem
3649 1271 3779 1328 alibi
3839 1289 3856 1324 :

2261 1365 2568 1421 'I'urcorum
2603 1367 2836 1435 pedites.
2864 1369 2966 1432 ait,
3025 1383 3170 1439 quos
3201 1365 3476 1437 Azapidas
3507 1372 3731 1420 vocant.
3787 1363 3858 1419 Et

2259 1461 2489 1514 omnino
2514 1459 2768 1514 militiam
2799 1461 2854 1516 hi
2885 1463 3193 1532 pedestrem
3221 1464 3453 1526 obeunt,
3481 1462 3604 1514 licet
3632 1458 3745 1514 alio
3788 1456 3856 1510 li-

2259 1549 2344 1602 bri
2381 1551 2558 1606 octavi
2592 1549 2718 1605 loco
2769 1551 3021 1620 legantur
3073 1553 3190 1608 haec
3244 1551 3408 1608 verba
3461 1551 3515 1606 in
3578 1550 3688 1603 vita
3739 1547 3857 1602 btu-

2259 1643 2524 1699 ehemotis
2553 1641 2598 1700 Il
2630 1656 2758 1699 tunc
2792 1642 3116 1717 Belgradum
3148 1643 3517 1714 oppugnantis
3549 1641 3857 1710 :Aaapides

2261 1736 2425 1802 (quos
2461 1732 2806 1793 liussarones
2832 1738 3003 1792 nostri
3037 1736 3253 1805 vocant)
3276 1731 3853 1807 diripueruntiorum.

2265 1825 2380 1881 Rex
2410 1827 2705 1897 clamabat,
2730 1839 2792 1883 ut
2826 1832 3134 1884 eximerent
3189 1843 3389 1882 eorum
3459 1827 3690 1896 puellas.
3743 1826 3849 1880 Hie

2264 1923 2502 1990 primum
2530 1922 2704 1978 lector
2729 1922 3005 1990 observet,
3033 1921 3338 1991 Azapidum
3370 1921 3590 1976 nomine
3639 1920 3858 1989 pedites

2267 2011 2612 2083 ngarorum
2639 2017 2708 2068 ah
2743 2023 2968 2071 auctore
2991 2014 3244 2086 intelligi,
3279 2016 3373 2086 qui
3401 2013 3546 2084 regis
3578 2014 3694 2068 sive
3735 2012 3856 2068 sui-

2267 2109 2376 2161 tani
2413 2109 2777 2163 Muchemctis
2809 2107 3014 2175 forum,
3049 2108 3263 2164 scilicet
3321 2120 3600 2163 castrense
3665 2121 3853 2162 rerum

2269 2202 2588 2256 inexercitu
2629 2202 2926 2268 venalium,
2959 2201 3315 2272 diripuerint.
3364 2199 3505 2270 Ergo
3532 2215 3656 2271 qua:
3685 2201 3855 2255 inter-

2262 2296 2404 2364 jccta
2439 2298 2601 2349 verba
2639 2303 2786 2361 sunt,
2810 2311 2950 2365 quos
3000 2296 3350 2350 iiussarones
3407 2295 3577 2350 noStri
3634 2305 3852 2360 vocant,

2267 2388 2536 2454 glossema
2580 2401 2702 2443 sunt
2756 2389 3070 2455 interpretis
3117 2389 3377 2459 imperiti,
3421 2388 3689 2457 Azapidas
3751 2403 3855 2455 pro

2270 2476 2679 2534 ilussaronibus
2723 2480 3066 2547 accipientis.
3111 2494 3236 2533 eum
3308 2479 3562 2548 Azapitbe
3645 2479 3855 2548 pedites

2268 2573 2399 2635 sint,
2435 2571 2778 2628 Hussarones
2807 2573 3042 2641 equites.
3102 2571 3310 2627 Deinde
3348 2571 3557 2641 puellas
3611 2571 3857 2648 eximere

2269 2667 2431 2729 dixit,
2460 2683 2582 2721 cum
2616 2665 2790 2721 Graeci
2831 2665 3054 2721 Laonici
3088 2665 3247 2721 verba
3273 2664 3609 2733 signiﬁcent,
3663 2663 3856 2719 oeulo-

2268 2778 2386 2816 rum
2422 2776 2582 2816 coras
2630 2759 2747 2814 sive
2788 2759 3025 2828 pupulas
3087 2768 3182 2812 aut
3235 2757 3468 2827 pupillas
3520 2768 3716 2812 eruere
3768 2759 3856 2811 vel

2268 2857 2528 2920 eHodere,
2563 2857 2708 2926 quod
2739 2856 2902 2926 paulo
2922 2855 3117 2912 melius
3148 2855 3374 2926 adjectis
3404 2854 3637 2923 margini
3671 2854 3855 2910 verbis

2271 2952 2567 3013 redditum,
2605 2951 2924 3005 uthostium
2961 2951 3154 3005 oculos
3181 2950 3593 3018 exsculperent.
3653 2949 3855 3004 Prterea

2269 3052 2392 3099 ctus
2417 3051 2603 3098 autem
2669 3042 3060 3112 signifer-orum
3103 3042 3301 3096 Turcis
3339 3050 3423 3095 est
3451 3041 3592 3094 emir
3636 3041 3852 3108 Ilaletn,

583 3141 856 3210 sylvania,
879 3136 1137 3191 Valncbia
1172 3135 1390 3203 majori,
1416 3133 1676 3188 Valaehia
1703 3132 1899 3186 minori
1933 3148 1946 3183 :
1980 3130 2073 3183 sed
2102 3145 2162 3181 ea
2194 3115 2237 3174 ε
2272 3139 2432 3210 cujus
2456 3153 2642 3206 supra,
2676 3151 2907 3190 numero
2936 3144 3190 3190 notarum
3219 3136 3304 3198 li,
3337 3135 3476 3189 facta
3498 3133 3600 3189 fuit
3626 3138 3851 3192 mentio.

582 3236 697 3303 lege
730 3244 938 3295 tamen,
994 3241 1052 3284 ut
1120 3230 1484 3297 gubernatore
1516 3229 1590 3280 sit
1622 3223 1873 3279 inferior.
1902 3222 2166 3277 Vaivoda:

583 3328 830 3388 Valat-lti.
863 3335 1147 3394 postquam
1175 3322 1243 3374 ab
1270 3318 1522 3390 Ungaritr
1552 3333 1736 3386 regum
1762 3315 2072 3371 obedientia
2104 3329 2163 3369 se

584 3409 1006 3477 sulnraxissetu,
1035 3429 1187 3469 m0re
1215 3414 1529 3469 Grtrcorum
1560 3411 1823 3476 despotae,
1846 3409 1914 3462 de.
1943 3424 2048 3476 qua
2081 3408 2167 3462 di-

585 3517 790 3585 gnitate
841 3514 1096 3582 superius
1146 3524 1376 3564 numero
1412 3514 1670 3560 notarum
1734 3503 1801 3557 54
1835 3504 2045 3572 prolixe
2080 3502 2168 3554 di-

583 3622 759 3674 rtum,
780 3624 876 3677 pro
909 3603 1165 3660 Vaivodis
1194 3602 1382 3659 audire
1408 3601 1740 3662 maluerunt,
1762 3597 1918 3666 quasi
1946 3596 1989 3651 si
2014 3595 2169 3665 ptin-

585 3704 738 3770 eipes
789 3709 978 3756 essent
1034 3695 1326 3752 absoluti:
1376 3707 1477 3748 nec
1527 3691 1748 3761 regibus
1782 3688 2035 3758 subjecti,
2073 3687 2166 3742 sed

587 3798 772 3865 potius
835 3794 1105 3864 dignitate.
1163 3788 1383 3857 regibus
1447 3784 1706 3856 proximi.
1772 3779 1977 3835 Verum
2038 3798 2169 3835 usu-

588 3892 735 3945 venit
763 3890 868 3951 eis,
904 3885 1050 3956 quod
1079 3883 1288 3939 Gra‘cis
1320 3879 1594 3935 accidisse
1626 3885 1863 3941 constat,
1913 3879 2005 3944 qui
2053 3891 2168 3929 ma~

588 3985 765 4038 simas
796 3981 862 4034 ad
894 3979 1175 4051 angustias
1199 3976 1421 4030 redacto
1441 3971 1692 4039 imperio,
1722 3971 1911 4025 titulos
1941 3971 2171 4038 amplio-

590 4094 678 4132 res
717 4074 1102 4142 excogitarunt
1146 4087 1161 4126 :
1224 4070 1304 4123 uti
1359 4082 1505 4121 nunc
1546 4066 1710 4119 etiam
1742 4065 1884 4134 apud
1918 4064 2172 4117 Ausones

593 4166 888 4224 nonnullos
925 4164 979 4216 in
1011 4164 1131 4232 ipso
1165 4157 1565 4229 propemodum
1600 4143 1915 4208 amittenda:
1946 4153 2171 4207 Iiberta-

591 4263 662 4316 tis
722 4258 956 4313 artieulo
1005 4251 1315 4309 consimilia
1371 4250 1620 4322 quaedam
1657 4246 1939 4311 affectare,
1975 4256 2172 4312 pra'ter

591 4369 797 4408 morem
836 4349 1128 4416 majorum.
1161 4346 1432 4400 videmus.
1465 4343 1824 4411 DespOIarum
1852 4350 2001 4394 certe
2025 4354 2173 4392 nunc

2271 3232 2414 3287 Sane
2437 3245 2692 3299 magnum
2733 3229 2895 3295 hujus
2915 3228 3148 3282 oﬂicium
3168 3237 3271 3295 est,
3297 3227 3733 3292 etfructuosum,
3768 3229 3852 3282 di-

2269 3325 2584 3394 gnitateque
2629 3323 2940 3392 proximum
2973 3322 3040 3376 ab
3065 3337 3163 3391 aga
3189 3323 3592 3392 genizarorttm.
3614 3321 3712 3376 Sed
3739 3321 3855 3374 oili-

2269 3416 2480 3470 eiormn
2511 3415 2707 3478 Portte,
2738 3425 2846 3472 tam
2881 3430 3070 3470 eorum
3094 3430 3214 3482 quze
3239 3414 3380 3468 intra
3399 3415 3662 3480 saraimn,
3690 3429 3853 3483 quam

2268 3524 2392 3576 qua!
2429 3506 2564 3563 {oris
2605 3507 2856 3563 ordinata
2894 3507 3337 3578 sunt,expositio
3361 3507 3539 3576 plena,
3564 3508 3743 3565 locum
3764 3524 3833 3578 po

2271 3601 2590 3655 seitalium.

2269 3697 2356 3749 75.
2392 3698 2558 3749 Musm
2591 3695 2700 3748 sive
2729 3695 2891 3766 Hosis
2915 3695 3206 3751 crudelitas
3242 3711 3262 3766 Ξ
3315 3695 3579 3760 Lazarus,
3610 3712 3705 3766 pro
3744 3695 3859 3750 Ste-

2534 3773 2708 3835 phano
2739 3764 2935 3820 Set-vim
2958 3767 3200 3836 despotn,
3231 3764 3425 3820 Lazart’
3451 3767 3586 3836 ﬁlio.

2346 3861 2420 3913 De
2468 3858 2659 3912 Vidina
2709 3859 2916 3914 dictum
2976 3875 3208 3915 numero
3291 3871 3546 3915 notarunt
3622 3860 3712 3924 i9,
3793 3865 3861 3915 de

2275 3955 2556 4009 llutuvada
2586 3963 2640 4008 et
2675 3954 2874 4008 Matera
2907 3955 3188 4024 deinceps,
3239 3954 3362 4009 loco
3421 3954 3594 4021 magis
3635 3954 3861 4019 idoneo,

2273 4050 2338 4101 ad
2383 4064 2585 4100 annum
2634 4047 3010 4101 Christianum
3045 4046 3184 4106 MM
3226 4045 3456 4101 dicetur.
3522 4045 3690 4099 Musa:
3741 4043 3859 4098 sive

2277 4138 2440 4192 Musis
2463 4138 2863 4203 crudelitatem,
2901 4124 3353 4203 etiraeuudiam,
3401 4152 3464 4192 ac
3509 4137 3856 4211 tyrannidem

2272 4234 2324 4286 in
2358 4249 2511 4292 suos.
2540 4232 2814 4286 Laonicus
2846 4232 3015 4286 etiam
3051 4241 3476 4293 commemorat,
3511 4231 3710 4300 partim
3772 4229 3858 4282 bis

2276 4329 2479 4390 verbis,
2510 4326 2674 4397 430
2703 4324 2881 4378 Moses
2913 4326 3008 4378 ine
3040 4325 3314 4394 imperare
3348 4339 3452 4377 non
3491 4331 3724 4391 poterat,
3761 4321 3857 4375 sed

589 4446 805 4500 illorum
821 4459 884 4497 ea
913 4444 1016 4496 sub
1045 4441 1276 4497 Turcica
1309 4437 1571 4492 servitute
1591 4434 1837 4489 conditio
1871 4440 1976 4494 est,
2011 4447 2165 4484 man-

2277 4437 2522 4491 prt‘eceps
2565 4422 2618 4473 in
2653 4434 2773 4474 eam
2808 4417 3106 4483 ferebatur,
3145 4417 3411 4486 quidquid
3446 4417 3533 4469 illa
3577 4416 3859 4482 dictasset,

585 4538 858 4607 cipiorutn
899 4548 957 4589 ut
987 4531 1214 4586 nomine
1241 4528 1445 4597 potius,
1475 4540 1641 4593 quant
1679 4524 2013 4592 principum,
2042 4537 2170 4575 cen—

586 4629 742 4685 sen-.li
779 4629 1021 4680 veniant.
1075 4623 1179 4677 Sed
1230 4619 1567 4690 pergendum
1623 4619 1686 4668 ad
1733 4615 1860 4669 alia.
1905 4613 2173 4669 Valacbo-

590 4738 710 4776 rum
752 4721 840 4774 ille,
904 4716 1166 4778 Vaivoda,
1225 4728 1388 4785 quem
1436 4709 1677 4764 Annales
1728 4707 1782 4760 bi
1826 4707 2046 4761 Murzen
2075 4722 2173 4758 vo—

588 4823 741 4877 rant,
783 4811 1024 4866 Laouico
1074 4806 1278 4860 Mirxes
1329 4803 1533 4858 dicitur
1558 4843 1571 4864 ,
1605 4799 1856 4853 Bootinio
1895 4797 2169 4864 Herches,

588 4915 694 4965 hoc
713 4920 820 4973 est,
841 4905 1076 4959 Marcus.
1107 4898 1394 4968 Reperitur
1413 4896 1554 4964 apud
1585 4893 1838 4949 eumdem
1870 4892 2170 4949 L‘tonicum

588 5015 643 5058 et
698 5001 905 5056 Mirdan
948 4995 1219 5049 Valacbire
1258 4989 1522 5061 principis
1554 5003 1776 5054 nomen,
1805 4988 2170 5056 compOsitum

587 5114 651 5150 ex
712 5097 814 5149 hoc
875 5093 991 5158 ipso
1046 5089 1181 5144 Μία
1217 5097 1269 5139 ει
1305 5085 1418 5138 Dan
1451 5084 1566 5138 sive
1597 5082 1781 5139 Gdau.
1809 5081 1942 5135 Nam
1976 5091 2032 5134 et
2055 5081 2171 5152 ipsa

588 5191 737 5259 regio
795 5184 1085 5256 ilogdania‘
1136 5197 1335 5236 nomen
1373 5186 1586 5245 ιιι-εσ-ρει
1653 5192 1680 5230 a
1749 5174 2021 5246 Bogdanis
2049 5179 2166 5229 sive

589 5281 931 5350 principibus
980 5281 1114 5341 suis,
1176 5276 1269 5344 qui
1308 5273 1575 5327 voeabqu
1616 5285 1750 5323 sane
1782 5270 1869 5338 pio
1904 5269 2166 5324 dicuntur

592 5371 851 5438 i‘utgdaui,
903 5380 1166 5436 tanquam
1203 5369 1307 5422 .Dci
1354 5380 1571 5419 tnttutts.
1614 5364 1695 5415 vel
1727 5360 2054 5421 Theodosii.
2083 5368 2167 5416 vel

588 5463 884 5525 Theodori,
917 5463 998 5513 vul
1033 5459 1311 5513 Dorotbei.
1337 5458 1579 5511 Meminit
1607 5458 1767 5525 hujus
1803 5457 1953 5510 vocis
1987 5467 2039 5509 et
2068 5457 2170 5509 (ie-

593 5557 788 5610 drinus
824 5557 876 5610 iu
902 5554 1100 5608 Basilio
1133 5554 1558 5624 Bulgaroctouo,
1602 5567 1726 5603 runt
1761 5550 1832 5603 ait
1862 5567 1875 5603 :
1912 5549 2169 5604 Occurrit

589 5651 753 5704 etiam
815 5647 1128 5716 imperatori
1182 5645 1490 5716 Bogdanus,
1529 5654 1837 5699 castrorum
1880 5643 2163 5698 interioris

591 5742 827 5817 regionis
861 5742 1119 5814 toparclta
1159 5741 1269 5796 sive
1305 5739 1545 5811 regulus.

2277 4516 2527 4580 iaciens;
2567 4514 2762 4584 partim
2810 4514 2920 4566 alio
2975 4513 3117 4577 loco,
3181 4512 3358 4566 verbis
3435 4509 3859 4565 consimilibus:

2280 4610 2529 4678 Optimus
2571 4608 2808 4676 quisque
2839 4604 3226 4673 indignabatur
3257 4604 3328 4659 ob
3360 4603 3525 4658 Mosis
3545 4601 3860 4656 violentiam

2279 4711 2334 4754 et
2358 4701 2723 4771 tyrannidem.
2756 4701 2992 4754 Causam
3026 4713 3179 4760 vero,
3212 4712 3312 4750 cur
3342 4696 3484 4749 bello
3513 4694 3717 4750 Servis:
3770 4694 3860 4750 de-

2280 4806 2491 4863 spotam
2527 4802 2974 4862 persequeretur,
3014 4790 3290 4846 Laouieus
3315 4791 3590 4859 exposuit,
3629 4793 3860 4844 cumre-

2279 4891 2435 4953 citat,
2473 4903 2599 4942 eum
2629 4904 2656 4940 a
2685 4888 2912 4956 despota
2955 4886 3242 4940 desertum
3303 4883 3497 4943 fuisse.
3544 4883 3860 4937 Grmcorum

2279 4982 2732 5051 persuasionibus
2767 4981 3026 5045 adducto,
3088 4980 3448 5036 liulsmnanis
3500 4988 3558 5032 ut
3615 4978 3862 5046 partibus

2281 5088 2456 5132 semet
2487 5087 2827 5145 aggregaret,
2851 5076 2996 5145 quod
3031 5073 3210 5129 Moses
3241 5073 3528 5142 mgertime
3550 5071 3754 5125 tulerit.
3800 5069 3862 5124 Et

2280 5173 2565 5242 despotam
2597 5172 2744 5224 hunc
2781 5170 3019 5222 Annales
3048 5179 3242 5222 vocant
3277 5165 3569 5229 Lazarum,
3600 5181 3724 5217 cum
3781 5175 3858 5217 ta-

2280 5283 2401 5322 men
2431 5283 2494 5320 ex
2523 5265 2758 5319 llistoria
2781 5272 3012 5322 constet.
3043 5262 3156 5316 haec
3179 5277 3208 5314 a
3243 5261 3523 5327 Stephano
3549 5271 3720 5328 gesta.
3753 5259 3862 5314 La-

2280 5360 2391 5412 zari
2428 5358 2560 5421 lilio,
2590 5357 2804 5427 Georgii
2837 5367 2988 5427 patre
3023 5372 3037 5407 :
3069 5370 3181 5424 quo
3207 5353 3273 5407 de
3323 5355 3581 5422 Superius
3631 5369 3862 5406 numero

2280 5453 2348 5507 iii
2380 5453 2757 5504 tractavimus.

2285 5547 2371 5600 7i.
2415 5544 2631 5606 Ccieise,
2652 5545 2866 5604 Cet-ise:
2888 5543 3132 5615 Libyssa,
3163 5543 3368 5598 Lebusa
3389 5562 3406 5610 ,-
3431 5543 3675 5604 Astutus,
3696 5541 3861 5595 Sinus

2826 5616 3140 5680 Astaccmts,
3181 5616 3359 5673 lutzu.

2353 5708 2570 5763 Grivisc
2611 5708 2928 5777 oppidulum
2977 5719 3063 5765 est
3105 5710 3390 5779 Bithyniae,
3421 5709 3582 5762 situm
3608 5709 3675 5758 ad
3700 5704 3856 5757 Nico-

2288 5803 2618 5856 tlluilt‘tlSt‘lll
2657 5802 2741 5857 vel
2797 5802 3131 5858 Ast-accitum
3165 5804 3344 5872 potius
3404 5798 3708 5870 antiquitus
3775 5799 3857 5850 dt-
