4218 6308
444 335 554 396 78‘.)

1607 341 2005 403 PANDECTE
2035 345 2228 405 HIST.
2275 346 2583 407 TURCIC.

3606 334 3714 399 790

445 454 594 503 etum
629 449 833 514 sinum,
871 445 924 501 in
955 446 1072 517 ipsa
1106 449 1188 504 via
1221 466 1325 520 qua
1372 451 1872 524 CoristantinOpnli,
1911 470 2032 522 quso
2065 458 2108 515 Α
2139 453 2342 512 Varsac
2371 467 2426 512 et
2456 458 2660 512 Versac
2720 453 3019 526 appellant,
3087 450 3142 506 in
3195 448 3461 503 Anatolize
3526 443 3716 503 tabula

447 541 573 592 hinc
607 540 801 592 itinere
829 539 977 596 bidui
1023 543 1195 606 abest,
1219 541 1588 599 Nicomediam
1622 547 1751 610 itur,
1785 545 1856 599 Ea
1898 561 2025 600 vero

447 633 677 686 ulterius
702 650 728 684 ξι
758 631 977 687 Geivise
996 636 1162 689 distat
1196 637 1357 691 unius
1394 637 1589 693 itinere
1617 640 1744 693 diei.
1780 637 2024 708 Geogra-

449 728 607 796 pliica
640 727 864 783 Natoliar.
889 730 1183 797 descriptio
1213 731 1508 786 A‘brahami
1571 732 1760 788 Ortelii
1791 728 2024 794 Ccieccn

449 820 630 882 habet,
662 834 795 873 voce
826 820 1073 874 nonnihil
1109 831 1315 875 mutata
1354 842 1365 875 :
1400 821 1740 893 Bushequius
1772 823 1825 877 in
1863 821 2026 877 Itine-

451 911 598 964 rario
636 910 867 965 Gebisen
902 913 1115 974 scnibit.
1149 913 1408 979 additque
1465 916 1666 980 putari,
1731 917 1872 970 hanc
1895 915 2026 969 olim

451 1003 623 1058 fuisse
643 1006 951 1071 Libyssam,
980 1004 1296 1062 llannibalis
1327 1009 1580 1076 sepulcro
1596 1007 1890 1064 celebrem.
1920 1006 2027 1077 Ego

452 1110 582 1164 pace
599 1096 733 1149 tanti
754 1097 852 1150 viri
889 1094 1139 1152 Geivisen
1186 1098 1346 1159 hanc.
1376 1097 1493 1154 sive
1523 1097 1787 1166 Gebisen,
1809 1117 1913 1156 non
1937 1101 2032 1155 Li-

454 1189 631 1258 byssa:
650 1188 904 1256 reliquias
916 1189 1176 1254 arbitror,
1191 1189 1285 1245 sed
1301 1189 1504 1244 Astaci.
1527 1189 1660 1245 Nam
1676 1188 1899 1261 Libyssa
1916 1192 2035 1245 lon-

453 1283 575 1351 gius
595 1297 619 1332 a
640 1282 760 1334 sint]
783 1291 987 1335 remota
1003 1293 1109 1342 est.
1125 1295 1316 1336 versus
1333 1279 1598 1352 Bithyni:
1617 1284 2031 1350 mediterranea,

2129 551 2490 620 geographica
2519 548 2800 620 Versageli
2838 547 3122 603 scribitur.
3194 543 3378 598 Coniie
3432 541 3715 610 princeps,

2129 643 2243 697 sive
2271 644 2442 711 begus
2472 641 2662 705 l'conii,
2696 638 3036 695 Caramania
3063 637 3314 707 princeps
3381 633 3603 694 dicitur,
3651 630 3719 684 ab

2131 739 2253 794 aula
2283 739 2399 792 sive
2431 736 2576 806 regia
2607 733 2908 789 lconiensi.
2941 732 3005 786 Et
3039 732 3180 787 bello
3245 727 3398 799 petiit
3428 725 3574 780 hunc
3606 722 3722 777 Mu-

2132 831 2406 886 chemetes
2464 838 2691 902 propter
2745 829 3068 883 societatem
3120 838 3244 878 cum
3307 821 3507 874 Musa:
3563 816 3724 884 cujus

2131 922 2425 994 adjuvandi
2448 936 2612 976 causa
2649 918 2878 973 Prusam
2896 908 3558 973 Caramanusobsederat,
3591 905 3723 960 dum

2135 1011 2506 1068 Muchemetes
2535 1012 2759 1077 absens,
2795 1011 2850 1064 in
2880 1008 3103 1077 Europa
3156 1020 3271 1060 rem
3288 1011 3479 1058 contra
3541 999 3723 1068 ipsum

2137 1104 2355 1161 Musam
2386 1102 2611 1158 fratrem
2642 1111 2875 1169 gereret.

2546 1190 2644 1246 78.-
2670 1188 2941 1245 Somsonis
2983 1187 3258 1258 oppidum.

2205 1281 2631 1353 ilujuseivitatis
2649 1281 2919 1336 Cedrinus
2934 1288 2990 1335 et
3005 1281 3096 1332 alii
3118 1276 3439 1338 meminere,
3463 1283 3727 1343 tanquam

455 1379 509 1421 et
533 1369 721 1424 urbem
768 1367 1042 1426 Nicaeam:
1089 1370 1362 1440 hodieque
1397 1371 1665 1426 vocabulo
1705 1373 1929 1444 propius
1965 1375 2035 1428 ad
2138 1376 2192 1432 in
2223 1374 2400 1431 Ponto
2431 1373 2714 1446 provincia
2742 1374 2886 1428 sitis.
2919 1371 3131 1426 Praetor
3153 1368 3385 1428 Gracia
3411 1377 3600 1422 noster
3626 1364 3723 1426 ait,

456 1458 745 1531 Libyssam
778 1463 1093 1525 accedente.
1126 1461 1341 1518 Lebusa
1363 1464 1582 1520 dicitur.
1617 1466 1880 1524 Astacum
1907 1479 2038 1522 vero
2141 1468 2195 1524 in
2218 1468 2308 1522 illa
2333 1465 2485 1539 regni
2516 1467 2599 1522 vel
2634 1465 2849 1535 imperii
2903 1463 3079 1520 εἶτωοί
3144 1461 3494 1525 confusione,
3518 1471 3642 1529 qua
3701 1473 3730 1509 ιι

459 1561 748 1622 propterea
779 1562 912 1624 puto
941 1570 1088 1612 nunc
1141 1569 1267 1610 esse
1300 1552 1581 1620 Geivisen.
1619 1559 1769 1628 quod
1833 1557 1923 1614 bic
1977 1557 2033 1612 in
2142 1559 2558 1630 Flandriscapta
2576 1556 3055 1625 Constantinopoli
3071 1555 3305 1621 exstitit,
3323 1551 3527 1609 Sabam
3547 1566 3734 1620 quem-

458 1646 895 1704 atnmnissimum
915 1648 1063 1705 illum
1084 1649 1252 1704 maris
1277 1648 1807 1720 sinum-prospectus
1830 1658 2036 1722 pateat,
2142 1651 2266 1705 dam
2295 1665 2394 1721 pro
2426 1664 2486 1705 se
2509 1651 2652 1705 banc
2678 1649 2870 1704 urbem
2944 1646 3235 1704 Samsonis
3281 1657 3583 1714 occupasse
3604 1656 3730 1694 cum

458 1754 621 1809 quem
660 1741 728 1795 ab
749 1741 966 1803 AallGO,
999 1744 1275 1813 quondam
1310 1743 1414 1798 hoc
1440 1744 1563 1800 loco
1635 1745 1762 1809 sita,
1826 1753 2036 1800 veteres
2071 1793 2111 1813 ﬂ
2144 1750 2257 1796 tota
2284 1741 2505 1808 vicinia,
2540 1743 2628 1797 cui
2674 1740 2829 1813 prius
2875 1738 3224 1807 imperatoris
3267 1735 3444 1794 Graeci
3511 1733 3735 1789 nomine

458 1835 869 1904 appellaverunt
888 1837 1220 1893 Astacenum
1254 1857 1268 1894 :
1297 1846 1358 1894 ut
1389 1840 1550 1909 paulo
1606 1839 1838 1895 ulterius
1869 1838 2038 1907 idem,

463 1937 672 1981 mutato
716 1929 956 1998 nomine,
1013 1929 1450 1987 Nicomediensis
1519 1932 1744 1987 dicitur.
1797 1934 2034 1988 Astacus

462 2019 749 2087 ipsa.cum
773 2021 1048 2078 Astaceno
1073 2021 1219 2088 sinu,
1256 2024 1338 2079 sic
1385 2024 1455 2078 ab
1516 2033 1824 2079 astacorum
1861 2024 2047 2094 copia,

462 2128 587 2180 qua:
615 2127 940 2170 cancrorum
994 2116 1335 2172 marinorum
1403 2119 1616 2186 species
1671 2129 1779 2181 est,
1827 2119 2050 2173 nomine

466 2208 627 2276 vulgo
650 2205 856 2262 Graecis
892 2208 1161 2279 homoque
1194 2209 1672 2280 Constantinopoli
1732 2220 1882 2277 noto,
1914 2211 2048 2267 mihi

466 2299 688 2366 quidem
725 2300 939 2355 videtur
973 2303 1264 2372 appellata.
1299 2302 1432 2369 Quae
1460 2304 1624 2373 paulo
1655 2313 1775 2372 post
1795 2307 2050 2360 nomina-

469 2401 558 2444 tur
596 2393 809 2455 lutzua,
839 2408 1011 2463 pagus
1037 2403 1134 2447 aut
1156 2395 1312 2448 vicus
1340 2404 1425 2448 est
1455 2394 1898 2465 iguobilis,baud
1927 2410 2052 2464 pro-

469 2483 554 2536 cul
594 2499 624 2538 a
655 2484 895 2540 ‘l‘zurulo
923 2486 1066 2542 situs
1097 2486 1150 2539 in
1194 2488 1412 2554 itinere,
1447 2503 1557 2558 quo
1576 2485 2052 2558 Constantinopoli

469 2572 776 2646 Selybriam
832 2586 887 2633 et
951 2578 1178 2633 ulterius
1234 2577 1679 2649 Hadrianopolim
1727 2582 1860 2636 itur.
1922 2579 2054 2652 Eius

471 2667 729 2738 deinceps
750 2682 973 2738 quoque
995 2670 1054 2723 lit
1081 2671 1284 2724 mentio
1304 2670 1358 2724 in
1378 2679 1628 2725 extremo
1656 2670 1860 2726 Selime
1886 2669 1928 2732 ι.
1961 2670 2054 2740 qui

472 2762 892 2832 correptusistic
903 2761 1173 2831 pestilenti
1194 2763 1388 2818 morbo
1409 2763 1530 2828 fuit,
1548 2779 1657 2834 quo
1674 2763 1853 2820 subito
1873 2763 2053 2835 periit.

934 2852 1026 2906 75.
1054 2851 1250 2906 Altertsi
1279 2854 1357 2905 vel
1389 2854 1628 2907 Aconsit'.

550 2944 684 3002 Sine
714 2944 985 3015 stipendio
1021 2945 1261 2999 militant
1295 2946 1438 3014 apud
1462 2944 1673 3000 Turcos
1708 2945 1940 3010 Akeuzi,
1966 2961 2060 3000 ru-

477 3040 672 3096 sticum
701 3053 874 3109 genus
899 3038 1208 3102 hominum,
1263 3039 1406 3094 sicut
1450 3039 1592 3108 apud
1641 3037 1886 3108 ngaros
1929 3039 2059 3093 ﬂaio

2148 1843 2383 1907 praeerat
2399 1875 2414 1899 ,
2437 1835 2735 1903 statimque
2764 1831 2988 1902 subiicit
3021 1832 3357 1887 mentionem
3378 1828 3736 1901 Cappadocia

2146 1928 2264 1983 sive
2293 1929 2448 1997 regni
2474 1921 2854 1996 Trapezuntii,
2882 1925 3033 1979 velut
3054 1924 3187 1980 huic
3234 1922 3425 1989 vicini,
3483 1920 3628 1993 quod
3681 1921 3738 1976 in

2147 2029 2416 2090 potestate
2449 2017 2669 2074 Davidis
2707 2017 2973 2074 Comneni
2997 2025 3127 2072 tunc
3159 2015 3345 2072 fuerit.

2221 2138 2312 2203 79.
2351 2137 2638 2206 Romanis,
2694 2134 2940 2198 Cunuaa.
2976 2135 3257 2201 σθησιν,
3313 2132 3670 2202 Totarbosar,

2807 2207 3079 2276 Totorgoi.

2218 2301 2548 2360 Cum’l‘atari
2579 2303 2842 2358 dicuntur
2879 2301 2933 2355 in
2964 2298 3292 2354 Romaniam
3328 2311 3394 2354 es
3416 2295 3578 2372 “1
3613 2297 3740 2353 Asia

2152 2396 2390 2469 migrare
2413 2393 2578 2466 iussi,
2605 2393 2890 2450 Romanis:
2911 2391 3138 2449 nomine
3164 2390 3459 2448 Thraciam
3482 2389 3743 2460 accipito,

2153 2488 2322 2558 cuius
2349 2487 2459 2544 hoc
2493 2484 2790 2543 Annalium
2819 2486 2944 2542 loco
2994 2499 3314 2555 expressum
3371 2493 3614 2539 casti-mn
3637 2480 3746 2538 Cn-

2156 2594 2319 2644 nuza,
2353 2594 2461 2636 non
2489 2577 2677 2650 procul
2701 2577 2857 2635 abest
2883 2577 2952 2632 ab
2980 2577 3116 2632 urbe
3142 2575 3529 2646 Philippopoli,
3556 2584 3610 2629 et
3635 2573 3745 2630 Co-

2158 2685 2327 2728 nozos
2356 2669 2566 2728 Graecis
2616 2669 2957 2724 nominatur.
3003 2666 3297 2723 Castaldus
3347 2667 3401 2720 in
3464 2664 3745 2721 hodierme

2157 2761 2383 2820 Graecia:
2411 2762 2596 2819 tabula
2629 2760 2992 2832 geographica
3011 2769 3169 2815 vocat
3190 2758 3533 2830 Cognuzam.
3557 2758 3744 2813 Italica

2157 2853 2458 2923 Gracaque
2496 2853 2968 2922 pronuntiatione.
2995 2849 3107 2910 Nos
3133 2852 3185 2906 in
3211 2853 3624 2907 itinere-nostro
3647 2865 3747 2922 per

2161 2949 2277 3003 haec
2305 2948 2423 3018 ipsa
2453 2945 2575 3002 loca
2596 2944 3108 3016 proﬁciscebantur,
3139 2952 3195 3000 et
3223 2945 3275 2998 in
3315 2944 3580 3014 oppidulo
3607 2958 3746 3012 quo-

2162 3039 2285 3095 dam
2311 3048 2725 3111 pernoctantes.
2759 3035 2965 3093 ibidem"
2988 3036 3534 3107 deprehendebamus
3564 3051 3630 3092 ex
3665 3036 3748 3105 ip-

477 3132 664 3188 ducbi.
688 3130 962 3200 Quidquid
988 3131 1250 3200 consequi
1282 3130 1478 3200 praedae
1504 3143 1764 3200 possunt,
1793 3132 2052 3187 siereti-
2083 3135 2129 3194 (ι
2160 3146 2224 3186 so
2244 3132 2469 3186 nomine
2491 3129 2618 3194 loci,
2642 3127 2814 3186 fuisse
2849 3127 3130 3200 regionem
3154 3127 3296 3183 hanc
3331 3127 3465 3184 olim
3497 3125 3736 3192 'l‘ataris,

477 3237 611 3281 nent
642 3241 656 3280 :
687 3239 798 3280 non
829 3232 1000 3278 totum
1034 3233 1245 3278 tamen.
1270 3223 1486 3293 Quippe
1513 3238 1620 3279 non
1655 3223 1892 3278 aliarum
1915 3225 2057 3279 dun~

479 3327 632 3373 taxat
669 3331 852 3372 rerum
885 3329 1133 3381 suarum,
1156 3331 1294 3383 quas
1319 3316 1624 3384 possident,
1665 3331 1854 3371 verum
1891 3319 2056 3372 etiam

478 3411 663 3466 omnis
693 3421 818 3465 turn.
847 3407 1066 3481 pra'dae,
1103 3419 1217 3462 tum
1261 3408 1423 3474 lucri,
1457 3409 1604 3477 quod
1645 3410 1698 3464 in
1727 3409 1887 3465 bellis
1931 3424 2060 3480 per-

480 3502 713 3572 cipiunt,
729 3501 990 3556 decumas
1013 3500 1230 3555 sultano
1256 3513 1356 3554 suo
1375 3499 1587 3554 solvere
1617 3508 1906 3568 coguntur.
1942 3498 2062 3554 Itali

481 3607 654 3664 genus
680 3594 786 3649 hoc
816 3591 1050 3646 militum
1075 3607 1173 3648 sua
1196 3591 1381 3661 lingua
1409 3590 1739 3649 Vcntureros
1762 3594 2059 3664 appellant,

484 3687 682 3757 priscis
713 3683 950 3740 Volones
970 3685 1101 3740 dicti
1131 3683 1304 3740 fuisse
1332 3684 1588 3740 videntur
1627 3702 1641 3739 :
1693 3687 1840 3741 unde
1897 3685 2065 3742 Calli-

487 3780 720 3835 machus
749 3776 1054 3848 Esperiens
1084 3791 1192 3830 non
1229 3777 1566 3848 ineleganter
1623 3789 1847 3836 nostros
1899 3794 2067 3838 cruce

487 3873 754 3944 signatos.
791 3869 1031 3926 Volones
1080 3869 1406 3925 inominavit.

947 3959 1035 4014 76.
1076 3958 1409 4030 Alichologli,
1438 3957 1622 4015 Tocat.

557 4056 742 4113 Prima
774 4052 1016 4109 nominis
1046 4051 1489 4118 Micbalinorum,
1540 4053 1658 4110 sive
1699 4052 2073 4123 Hichaloglio-

489 4165 633 4209 rum.
670 4146 786 4203 sive
821 4144 1175 4200 Michalidum
1208 4146 1434 4208 mentio,
1460 4145 1513 4200 in
1563 4145 1650 4202 his
1704 4147 1926 4218 quidem
1956 4149 2073 4203 An-

2161 3225 2268 3279 huc
2303 3223 2450 3279 velut
2476 3223 2529 3275 in
2568 3220 2842 3280 coloniam
2876 3221 3152 3282 deductis.
3200 3220 3267 3276 ad
3317 3219 3748 3275 inhabitandam

2159 3329 2508 3371 concessam.
2541 3312 2675 3368 Nam
2717 3312 2962 3384 oppiduli
3019 3327 3225 3368 nomen
3278 3311 3470 3367 incolae
3491 3310 3752 3366 dicebant

2160 3424 2284 3466 esse
2309 3408 2667 3474 'l‘atarbasar,
2717 3420 2841 3475 quae
2863 3419 2964 3461 vos
3027 3404 3337 3476 emporium
3385 3404 3504 3460 sive
3566 3402 3745 3458 forum

2163 3501 2489 3558 Tatarorum
2532 3500 2821 3571 significat.
2849 3497 2959 3555 Nec
2995 3498 3236 3570 longius,
3294 3511 3460 3568 quam
3513 3512 3608 3554 se:
3659 3505 3755 3552 aut

2164 3602 2372 3665 septem
2407 3594 2663 3649 horarum
2686 3593 2904 3656 itinere.
2930 3591 3100 3647 distat
3120 3590 3554 3661 aPhilippnpoli.
3585 3587 3754 3645 Poni—

2169 3699 2256 3743 tur
2278 3687 2480 3743 ibidem
2512 3701 2543 3741 a
2566 3684 2828 3742 Castaldo
2849 3683 3093 3755 Tartagi,
3124 3698 3352 3755 prorsus
3377 3685 3470 3740 ubi
3489 3682 3756 3739 Talai-ba-

2168 3793 2261 3834 sar
2284 3776 2590 3833 viatoribus
2619 3777 2688 3831 ab
2742 3776 3080 3847 Hmmijugis
3131 3776 3420 3834 altissimis
3478 3775 3534 3830 in
3592 3776 3755 3846 plana

2168 3868 2419 3925 Thraciae
2434 3868 2891 3924 descendentibus
2913 3871 3178 3933 occurrit,
3206 3869 3259 3923 in
3285 3882 3510 3939 a-quore
3540 3870 3754 3932 spatio-

2170 3962 2392 4018 sissimo
2444 3961 2715 4032 longeque
2774 3962 3146 4031 pulcherrimo
3191 3963 3296 4018 sita
3333 3979 3347 4016 :
3382 3962 3528 4032 quod
3555 3977 3756 4017 nomen

2173 4068 2204 4107 a
2229 4052 2445 4110 Tataris
2462 4053 2648 4109 itidem
2681 4054 2900 4109 videtur
2923 4054 3254 4110 derivatum.
3289 4053 3526 4112 fortasse
3549 4053 3749 4111 Tatar~

2173 4147 2655 4216 goiscribendum,
2711 4147 2857 4215 quod
2917 4146 3244 4202 Tatarorum
3309 4155 3395 4204 est
3454 4161 3650 4217 pagus,
3703 4159 3759 4205 et

491 4237 706 4294 nalibus
740 4235 982 4292 bocloco
1012 4235 1307 4304 reperitur.
1337 4235 1413 4290 De
1470 4236 1557 4292 his
1603 4237 1816 4293 dictum
1843 4255 1874 4293 a
1915 4239 2077 4297 nobis
2178 4237 2318 4292 idem
2338 4236 2550 4294 scilicet
2578 4254 2704 4293 cum
2733 4236 3087 4296 Tatarbasar.

490 4341 649 4385 antea
708 4343 939 4384 numero
977 4335 1232 4381 notarum
1271 4325 1364 4381 27.
1403 4325 1543 4382 Urbs
1596 4327 1790 4392 Tocat,
1847 4345 1959 4400 quo
1991 4347 2076 4386 re-

490 4425 700 4496 legatus
758 4421 926 4478 fuisse
983 4421 1184 4476 dicitur
1237 4419 1599 4476 Hechemetes
1663 4419 2072 4491 Micbuloglius.

2647 4332 2741 4387 80.
2777 4331 3047 4398 uanissa,
3082 4331 3294 4388 Torlac.

2255 4423 2420 4480 Tui-ci
2483 4425 2779 4480 Manissam
2839 4436 3035 4479 \orant
3066 4426 3256 4481 urbem
3295 4427 3760 4497 Asiaticam,qu:e

488 4518 836 4573 existimatur
867 4530 901 4570 a
921 4513 1219 4584 plerisque,
1242 4529 1380 4584 quos
1415 4517 1558 4570 inter
1579 4527 1635 4570 et
1673 4516 1878 4572 Ilarius
1905 4518 2072 4588 Niger
2105 4502 2148 4559 Ι)
2174 4515 2383 4572 Gracia
2404 4527 2486 4571 est
2520 4516 2806 4587 Magnisia,
2870 4515 3081 4573 Latinis
3140 4515 3456 4589 Magnesia.
3499 4517 3764 4576 Sansovi-

489 4623 593 4675 ρει,
634 4609 967 4680 respondere
999 4609 1167 4662 veteri
1201 4605 1581 4676 Neocaesariie,
1648 4625 1814 4679 quam
1850 4613 1902 4665 in
1931 4610 2074 4682 Cap-

491 4702 718 4773 padocia
753 4700 1046 4762 collocant,
1074 4699 1247 4767 ipsam
1284 4713 1508 4768 quoque
1569 4703 1908 4768 provinciam
1928 4702 2074 4774 Cap-

492 4792 735 4862 padocire
756 4789 1056 4845 Toccatum
1084 4790 1393 4858 appellante
1424 4791 1621 4846 Pineto
1660 4810 1673 4844 :
1704 4807 1828 4847 cum
1871 4792 2074 4848 Leonis

493 4882 724 4954 Augusti
774 4880 1001 4939 Novella
1053 4881 1121 4936 de
1178 4880 1415 4944 thronis,
1485 4879 1885 4937 Neocaesariam
1943 4882 2075 4939 facit

495 4975 838 5048 metropolim
880 4974 1038 5030 Ponti
1072 4972 1468 5030 Polemoniaci.
1505 4972 1770 5029 Tocatam
1799 4974 1939 5030 banc
1971 4991 2074 5030 no-

495 5080 665 5125 stram
691 5066 970 5122 Laonicus
1022 5063 1321 5120 Tochatam
1398 5065 1640 5134 scripsit,
1696 5082 1797 5122 nec
1853 5068 2078 5130 desunt.

493 5161 588 5231 qui
613 5159 805 5214 malint
829 5173 948 5215 eam
981 5156 1186 5212 referre
1202 5159 1270 5212 ad
1290 5156 1626 5213 Armeniam.
1657 5158 1902 5214 Bellonio
1930 5170 2080 5215 certe

496 5253 657 5308 Nisar
689 5262 772 5307 est
794 5250 1396 5314 Ncoczesariamomine
1413 5250 1892 5321 recentiori,quud
1917 5255 2081 5321 paulo

496 5349 722 5418 propius
761 5345 829 5400 ad
868 5344 1108 5414 priscum
1153 5342 1287 5397 illud
1315 5343 1530 5398 videtur
1550 5348 1835 5400 accedere.
1864 5345 2082 5403 Pedites

497 5457 733 5510 quorum
752 5441 863 5494 dux
897 5438 951 5492 in
986 5435 1303 5492 Valaebiam
1335 5437 1645 5505 profugisse
1667 5438 1887 5505 dicitur,
1919 5442 2083 5508 paulo

499 5543 629 5587 ante
662 5532 796 5586 dicti
832 5530 987 5584 fuere
1018 5526 1388 5598 stipendiarii,
1423 5527 1620 5584 Turcis
1650 5529 1839 5602 Azepi,
1867 5532 1932 5588 de
1963 5532 2084 5603 qui-

501 5628 604 5683 bus
633 5640 863 5681 numero
894 5624 986 5677 72.

711 5717 799 5771 77.
841 5716 1043 5772 Vat-sae
1073 5718 1183 5771 sive
1218 5717 1410 5773 Versae
1439 5736 1455 5784 ;
1486 5720 1668 5774 Garrire
1695 5721 1869 5792 begins.

575 5806 846 5886 Oppidum
873 5810 1211 5868 Caramaniu:
1250 5812 1364 5870 sive
1403 5813 1630 5881 Ciliciae,
1651 5814 1791 5885 quod
1851 5817 2088 5876 Annales

2181 4627 2287 4667 nus
2314 4619 2369 4664 ct
2388 4610 2480 4664 alii
2509 4624 2618 4667 non
2643 4619 2792 4665 recte
2825 4610 3195 4680 Mangresiam.
3240 4621 3434 4680 putant
3461 4613 3627 4670 hodie
3656 4629 3760 4668 no-

2183 4702 2406 4760 minari.
2438 4699 2576 4757 Sunt
2602 4715 2784 4758 autem
2814 4703 2867 4757 in
2902 4704 3027 4759 Asia
3079 4703 3276 4758 minori
3326 4706 3577 4762 civitates
3601 4707 3762 4779 hujus

2184 4796 2428 4851 nominis
2481 4796 2642 4862 dum,
2707 4811 2942 4865 quarum
3005 4811 3114 4850 una
3165 4796 3367 4851 dicitur
3434 4798 3500 4854 ad
3543 4814 3761 4857 amnem

2183 4886 2514 4944 Mzandrum
2537 4888 2638 4943 sita
2668 4886 2968 4958 Magnesia;
3003 4890 3141 4943 hanc
3166 4889 3452 4959 Ephesium
3477 4895 3762 4964 metropoli

2181 4977 2405 5036 Novella
2467 4979 2663 5035 Leonis
2738 4979 2968 5049 Augusti
3038 4981 3306 5052 subjicit;
3397 4983 3625 5039 alteram
3697 4989 3764 5042 ad

2184 5075 2570 5145 Smyrneusem
2606 5077 2949 5147 metropolim
2985 5075 3170 5142 refert,
3195 5078 3574 5136 autmnissimo
3603 5081 3761 5137 sitam

2183 5181 2378 5223 versus
2406 5167 2651 5239 dignum
2687 5184 2837 5223 mare
2871 5171 3010 5225 loco.
3074 5170 3337 5240 Superest
3397 5173 3562 5226 etiam
3623 5190 3765 5230 nunc

2185 5269 2436 5332 utraque,
2476 5263 2569 5316 sed
2601 5263 2957 5332 posteriorem
2986 5263 3133 5318 illam
3170 5272 3320 5333 puta,
3353 5280 3520 5333 quam
3566 5270 3764 5322 sultani

2189 5349 2406 5408 Tui-cici
2442 5352 2567 5408 ﬁliis
2599 5355 2713 5409 suis
2745 5353 3153 5408 inhabitandam
3179 5354 3462 5420 assignare
3481 5356 3660 5411 solent
3685 5359 3772 5412 in-

2191 5454 2430 5500 veterata
2461 5446 2856 5501 censuetudine
2882 5464 2895 5498 :
2919 5449 3062 5501 sicut
3086 5447 3287 5502 ibidem
3311 5448 3554 5505 diximus
3577 5465 3771 5520 supra,

2191 5535 2343 5606 jussu
2371 5548 2599 5606 paterno
2656 5538 2770 5608 jam
2817 5537 3237 5602 Muchemetem.
3287 5541 3509 5596 unicum
3563 5542 3769 5599 sultani

2190 5629 2512 5687 Muratislll
2565 5632 2758 5695 illium,
2794 5632 3013 5702 degere.
3039 5631 3236 5688 Torlac
3260 5647 3456 5688 nomen
3489 5645 3573 5690 est
3625 5637 3771 5705 apud

2196 5722 2405 5778 Tuscos
2435 5723 2568 5779 certi
2593 5724 2809 5794 generis
2838 5724 3238 5794 religiosorum,
3263 5723 3479 5780 diversa
3521 5727 3772 5798 quedam

2190 5834 2221 5872 a
2251 5817 2612 5874 Calenderum
2640 5828 2691 5875 ct
2722 5816 3089 5875 Dervisiorum
3145 5817 3493 5888 professione
3531 5813 3771 5891 sequen-
