4218 6308
543 310 637 372 791

1769 317 2098 378 ΣΟΑΝΝΙΞ
2137 322 2602 385 LEUNfLAVll

3711 327 3824 391 792

545 431 614 481 Iis
651 428 893 482 instituta
933 446 946 482 :
979 429 1045 482 de
1068 430 1270 499 quibus
1313 429 1568 483 omniluts
1608 447 1706 484 suo
1739 433 2028 486 dicendum
2055 435 2131 485 lo-
2159 439 2202 496 Α
2237 438 2438 492 nalinm
2479 441 2677 506 verbis,
2716 459 2743 494 ε
2774 443 2958 508 lingua
3026 444 3352 497 σειηηιοιιίρει
3405 440 3596 495 Latine
3641 441 3823 494 reddi-

547 535 630 571 ru.
667 517 840 576 Etliie
887 520 976 572 ille
1028 520 1285 575 ΤυπΙειρυε
1327 523 1631 578 monachus
1677 526 1792 580 sive
1839 526 2126 595 religiosus

543 626 644 675 est,
687 615 844 682 cuius
869 617 1045 668 obiter
1080 617 1412 669 mentionem
1470 632 1634 688 supra
1686 619 1917 672 lucinius
1937 635 2126 672 nume-

547 727 605 756 iu
642 718 893 759 notatum
937 707 1022 761 6-5.
1060 708 1131 761 De
1175 709 1354 762 Scriis
1411 721 1565 763 antea
1619 710 1824 764 dictum
1895 727 2128 766 numero

549 797 970 854 l3.Salonicam
1010 803 1172 870 vulgo
1221 811 1404 855 notum
1459 804 1655 870 priscis
1704 802 1906 858 dictam
1959 804 2127 862 fuisse

546 891 1018 946 Thessalonicam.

545 1007 634 1062 8L
674 1005 945 1071 Scheic/te,
985 1009 1170 1073 Saphi,
1201 1012 1371 1077 primo
1404 1009 1858 1079 iSopItilart'arum
1909 1012 2121 1068 seditio.

631 1097 767 1151 Sunt
801 1100 914 1153 haec
950 1115 1168 1169 quoque
1207 1103 1425 1156 nomina
1463 1104 1577 1157 sive
1611 1105 1986 1167 sacerdotum,
2012 1106 2127 1158 sive

548 1190 847 1254 peritorum
882 1191 1277 1253 Mabumetana:
1309 1196 1463 1263 legis,
1499 1207 1553 1249 et
1578 1197 1822 1265 ejusdem
1852 1198 2127 1265 interpr-eo

548 1285 1008 1341 tmn.St-lieiclics
1037 1289 1181 1354 apud
1215 1285 1428 1343 Turcos
1490 1304 1625 1358 pene
1671 1304 1767 1358 pro
1827 1289 1957 1342 viris
2003 1304 2131 1342 sau-

544 1376 649 1429 ctis
685 1377 976 1443 habentur,
1005 1381 1167 1434 veluti
1207 1383 1300 1450 qui
1331 1383 1636 1435 animarum
1666 1396 1852 1435 curam
1909 1391 2124 1450 gerant.

547 1471 624 1523 lix
666 1469 858 1523 horum
895 1487 1125 1530 numero
1148 1473 1434 1541 quemdam
1467 1474 1566 1528 sibi
1601 1473 1788 1539 deligit
1811 1473 1977 1527 etiam
2013 1475 2128 1540 ipse

547 1563 853 1617 'l‘urcorum
896 1565 1167 1626 sultanus,
1238 1580 1400 1633 quem
1462 1565 1513 1618 iu
1572 1567 1855 1626 omnibus,
1908 1581 2031 1634 qua:
2056 1563 2123 1617 ad

544 1657 773 1710 salutem
806 1657 1001 1711 auimte
1026 1673 1138 1712 sum
1185 1661 1456 1727 pertinere
1475 1669 1649 1726 putat,
1690 1658 1945 1712 consulit.
2001 1660 2124 1711 (Ite-

546 1760 719 1802 terum
741 1751 841 1803 hoc
867 1753 984 1804 loco
1007 1753 1178 1819 prima
1205 1753 1441 1808 notanda
1470 1752 1903 1817 Supiiilarioruiu
1940 1753 1991 1806 in
2015 1756 2125 1805 An-

545 1841 760 1896 nalibus
788 1842 935 1896 ltisce
968 1843 1195 1904 mentio,
1226 1843 1292 1896 de
1313 1844 1518 1909 quibus
1582 1843 1720 1894 intra
1771 1857 1869 1896 suo
1925 1842 2126 1897 dicturi

542 1935 665 1988 ioco
695 1935 1126 1989 sumus.Eorum
1160 1951 1358 1988 nomen
1390 1952 1496 1989 non
1559 1950 1588 1987 a
1647 1935 1837 1988 Gl'th'O
1891 1934 2125 2000 Solibus,

541 2024 686 2094 quod
716 2026 1017 2094 sapientem
1046 2024 1343 2095 signiﬁcat,
1379 2024 1473 2077 sed
1535 2040 1562 2079 a
1591 2025 1778 2091 Sopbi,
1833 2040 1962 2078 voce
1991 2029 2128 2080 Ara-

543 2115 1134 2185 bicaderivatum,qua
1192 2116 1486 2171 denotatur
1534 2115 1679 2169 lana.
1714 2113 1844 2166 Nam
1883 2115 1933 2166 bi
1959 2115 2125 2180 Sopbi

544 2208 866 2273 proﬁtentur
931 2210 1253 2280 religionem
1284 2209 1496 2268 caeteris
1551 2208 1955 2274 Mahutuetauis
2031 2227 2127 2262 nu-

543 2317 691 2369 vam,
725 2317 848 2371 quze
880 2292 1130 2373 praecipit
1161 2304 1300 2357 inter
1333 2303 1457 2368 alia,
1499 2318 1566 2356 ne
1609 2311 1774 2369 caput
1806 2302 1946 2355 fastu
1992 2317 2046 2371 qu
2070 2317 2125 2356 o-

543 2397 665 2450 dam
695 2396 853 2449 lineis
888 2396 1050 2464 Spiiis
1094 2394 1422 2460 involvantur,
1479 2396 1624 2465 quod
1675 2393 1843 2455 Turpi
1877 2396 2128 2449 factitare

542 2487 739 2553 solent,
761 2489 853 2541 scd
878 2490 952 2541 uti
977 2468 1214 2558 capi-tum
1235 2497 1542 2558 tegumenta
1563 2486 1828 2542 dnutaxat
1847 2488 2125 2542 humilita-

544 2593 613 2633 tis
642 2581 1030 2648 inmlestiarquc
1090 2581 1431 2638 declaranda
1469 2595 1634 2637 causa
1663 2580 1730 2633 de
1759 2583 1878 2633 lana
1899 2579 2123 2633 contici-

540 2683 722 2727 antur.
763 2671 922 2728 l’lura
969 2673 1036 2728 de
1094 2675 1201 2739 bis,
1258 2672 1347 2728 ubi
1374 2672 1634 2741 dcinCeps
1658 2676 1723 2725 ad
1754 2672 2122 2740 Suphiuorum

542 2765 873 2819 mentionem
932 2773 1248 2834 perventum
1329 2764 1511 2825 luerit,
1579 2767 1878 2833 imposituri
1946 2764 2123 2832 capite

543 2857 643 2912 l88
677 2874 896 2914 sumus.

681 2952 771 3006 εἳ.
803 2952 941 3006 Auni
969 2953 1323 3020 .Zlucltemett's,
1363 2953 1538 3024 lautyr
1577 2957 1631 3006 in
1668 2953 1941 3011 Anatolio.

609 3043 940 3115 Redcgiuius
977 3063 1162 3114 supra,
1197 3061 1428 3101 numero
1461 3056 1718 3100 notarum
1753 3045 1843 3108 47,
1869 3049 2111 3103 sultauo-

2159 1800 2206 1861 Β

2236 530 2324 590 tis,
2350 546 2705 599 exponemus.
2753 534 2942 597 'Anno,
2971 533 3252 602 inquiunt,
3293 533 3428 587 1548
3496 531 3823 600 Rodolplius

2236 620 2488 678 Saxouia:
2520 627 2625 678 dux
2665 641 2852 677 secum
2882 629 2997 693 ipse
3020 625 3374 695 dispiciebat,
3395 641 3503 694 qua
3529 626 3609 678 via
3636 625 3824 680 Ludo-

2234 711 2413 764 iicum
2455 710 2743 780 Bavaruin,
2784 715 3044 770 Ludovici
3097 717 3325 786 Augusti
3383 718 3574 772 Baiari
3622 718 3821 782 tilium,

2235 806 2542 872 principatu
2593 808 3064 884 Braudeburgensi
3343 811 3544 877 pellere
3589 821 3817 881 posset,

2232 900 2376 963 quod
2411 899 2631 967 quidem
2667 917 2858 968 parum
2899 903 3100 966 abfuit,
3132 907 3263 971 quin
3292 904 3593 972 perﬁcoret.
3629 905 3820 957 Divul-

2231 991 2393 1058 gabat
2417 991 2584 1054 enim,
2619 997 3004 1049 marcbionem
3046 995 3438 1050 Voldemarum
3473 997 3822 1052 llrandebur-

2231 1099 2475 1153 geuscui,
2506 1087 2600 1156 qui
2637 1097 2762 1142 ante
2787 1089 3008 1159 triginta
3070 1103 3122 1146 et
3151 1107 3320 1146 unum
3349 1107 3525 1146 annos
3556 1093 3821 1156 amissus,

2232 1179 2699 1245 peregrinationes
2734 1183 2910 1238 varias
2947 1185 3142 1252 privati
3203 1186 3444 1239 hominis
3481 1185 3666 1240 habitu
3697 1201 3826 1240 suso

2231 1281 2416 1338 ceptas
2446 1272 2728 1334 obirisset,
2777 1292 2921 1329 nunc
2960 1278 3176 1332 tandem
3229 1279 3510 1333 inventum
3535 1295 3671 1334 esse.
3706 1279 3824 1335 lloc

2234 1372 2393 1418 modo
2458 1371 2780 1435 productum
2807 1369 2859 1421 in
2890 1386 3110 1424 scenam
3171 1373 3477 1427 molitorem
3503 1373 3822 1442 quemdam,

2232 1475 2418 1514 verum
2443 1463 2722 1515 asserebat
2774 1477 2896 1517 esse
2962 1460 3374 1528 Voldeniarum,
3441 1467 3818 1521 marcliionem

2232 1553 2759 1625 Brandehurgicnm.
2788 1557 2879 1610 Illo-
2914 1574 3042 1611 vero
3077 1558 3300 1612 molitor
3354 1560 3408 1612 in
3460 1557 3697 1613 Saxonia
3727 1576 3822 1613 sc-

2229 1656 2380 1702 creto
2409 1648 2656 1716 pluribus
2685 1651 2846 1703 annis
2875 1652 3115 1714 habitus,
3151 1667 3214 1705 ea
3253 1652 3408 1721 signa
3459 1653 3825 1722 corporisque

2232 1749 2409 1803 notas,
2445 1740 2870 1811 quibuscunque
2907 1744 3021 1797 fieri
3072 1752 3325 1812 patuerat
3355 1745 3565 1799 artibus
3596 1754 3824 1810 etastu,

2234 1843 2557 1902 acceperat,
2600 1844 2660 1890 ut
2723 1836 3066 1892 confidenter
3125 1838 3497 1904 profiteretur,
3544 1840 3711 1894 certis
3763 1856 3826 1893 se

2235 1927 2586 1996 probaturum
2615 1927 2985 1993 documentis,
3017 1946 3144 1983 vere
3189 1945 3248 1984 se
3282 1931 3655 1986 marchioncm
3697 1930 3823 1984 Vol-

2233 2017 2514 2072 deiuarum
2541 2034 2682 2074 esse.
2711 2017 2831 2074 Mox
2856 2033 2988 2087 ergo
3020 2022 3220 2089 reperti
3282 2023 3460 2075 denuo
3529 2019 3824 2075 Voldcma-

2233 2111 2278 2164 ri
2307 2111 2657 2174 marcbiouis,
2689 2119 2769 2166 tot
2806 2112 2875 2166 ab
2896 2114 3060 2168 annis
3105 2115 3320 2173 amissi.
3348 2115 3491 2167 fama
3518 2129 3612 2183 per
3628 2130 3825 2170 omm-s

2234 2205 2481 2272 regiones
2508 2203 2677 2259 didita
2709 2205 2834 2270 fuit;
2855 2222 3030 2277 eoque
3053 2223 3274 2262 rumore
3312 2208 3578 2277 permotis
3613 2208 3819 2261 inulto-

2233 2312 2354 2350 l'tlm
2389 2300 2612 2363 animis,
2649 2300 2930 2369 complura
2960 2301 3206 2364 castella,
3243 2316 3369 2354 cum
3415 2302 3733 2356 civitatibus
3763 2312 3819 2355 et

2230 2392 2470 2460 oppidis,
2506 2391 2744 2448 molituri
2780 2392 3112 2448 deditionem
3135 2393 3435 2448 faciebant.
3471 2392 3528 2446 Si
3558 2393 3654 2461 qui
3681 2409 3816 2446 vero

2229 2485 2428 2540 dedere
2447 2499 2506 2538 ae
2533 2485 2762 2544 nollent.
2796 2469 2906 2538 tam
2942 2485 3303 2542 auxiliaribus
3320 2485 3511 2540 Karnli
3543 2484 3816 2540 Bobemie

2231 2577 2396 2646 regis,
2433 2588 2484 2631 et
2507 2577 2852 2646 imperatoris
2882 2579 3272 2648 septemvirum
3305 2578 3673 2650 quorumdam
3696 2577 3817 2633 suf-

2229 2668 2418 2740 fragiis
2447 2672 2627 2732 electi,
2648 2673 2740 2741 qui
2771 2672 2982 2726 Bavaro
3010 2671 3246 2728 infestus
3276 2683 3415 2737 erat,
3438 2687 3606 2741 quam
3633 2671 3815 2726 Saxo-

2231 2764 2314 2816 nis
2350 2762 2624 2834 lludolplii
2656 2765 2853 2834 copiis,
2889 2768 2955 2816 ad
2974 2765 3361 2834 accipit-udum
3401 2763 3676 2818 molitoris
3709 2762 3813 2816 iiu-

2230 2857 2462 2921 perinm,
2534 2858 2948 2926 adigebantur:
3014 2860 3152 2914 adeo
3210 2859 3454 2929 quidem,
3518 2859 3698 2913 minor
3753 2870 3816 2913 ut

2228 2947 2650 3019 Brandelmrgici
2688 2952 3029 3020 principatus
3088 2967 3217 3022 pars
3271 2953 3324 3005 in
3385 2961 3657 3022 potestate
3703 2950 3811 3005 Ba-

2228 3046 2338 3100 vari
2367 3055 2634 3098 maneret.
2671 3044 2914 3104 Tandem
2945 3045 3306 3110 intellectum,
3340 3045 3645 3100 molitorem
3681 3058 3810 3100 esse

541 3152 659 3193 rum
694 3151 890 3202 annos,
920 3137 1119 3207 quibus
1149 3145 1466 3208 regnarunt,
1491 3141 1560 3191 ad
1591 3148 1773 3193 certos
1833 3152 2111 3193 numeros.
2145 3143 2192 3205 ε
2222 3138 2315 3204 qui
2373 3151 2433 3193 se
2495 3151 2592 3205 pro
2647 3138 2968 3193 marcbione
3030 3137 3357 3193 Voldemaro
3412 3144 3650 3207 gereret.
3686 3137 3808 3204 Qua

538 3230 612 3284 ibi
637 3229 899 3286 traditum
928 3233 1068 3286 inter
1109 3230 1234 3294 alia,
1309 3231 1703 3291 Mucbemetem
1727 3233 1961 3300 primum
1993 3243 2118 3286 octo

535 3325 801 3380 duntaxat
864 3326 1023 3379 annis
1074 3327 1394 3398 imperasse.
1446 3324 1598 3379 Licet
1658 3327 1760 3379 hoc
1856 3325 2119 3392 colligere

536 3419 604 3472 de
643 3415 896 3475 Tureicis
923 3418 1251 3485 Annalibus,
1285 3417 1376 3487 qui
1411 3418 1740 3488 principium
1803 3418 1953 3487 regni
2005 3417 2116 3473 Mu-

535 3513 805 3567 chemetis
846 3512 910 3568 ad
937 3527 1140 3568 annum
1185 3512 1636 3566 Mabumetauum
1701 3511 1805 3566 Siti
1848 3511 2117 3576 referunt,

536 3620 683 3659 anno
747 3604 1062 3660 Christiano
1110 3605 1245 3658 ΜΗ
1303 3604 1775 3674 respOndentem:
1840 3614 2117 3660 mortuum

539 3712 666 3751 vero
697 3707 890 3751 notant
916 3698 1168 3751 eumdem
1230 3695 1621 3750 Muchemetem
1676 3710 1822 3750 anno
1863 3710 1962 3751 suo
1989 3696 2114 3759 82$,

533 3793 625 3860 qui
660 3804 846 3848 ocater
875 3802 962 3848 est
1000 3793 1160 3846 1422.
1199 3791 1341 3862 Ergo
1371 3792 1637 3846 duntaxat
1671 3792 1829 3845 anuis
1884 3802 2007 3846 octo
2037 3807 2121 3845 re—

536 3889 638 3944 bus
669 3886 905 3958 praefuit.
943 3884 1638 3957 llocideosignilicaudum
1702 3885 1909 3954 putavi,
1970 3885 2115 3956 quod

536 3981 655 4036 loco
682 3979 838 4050 prius
871 3979 1113 4034 indicato
1145 3979 1458 4048 scripserim
1503 3993 1568 4033 ex
1628 3977 1963 4039 Sansovino,
2035 3990 2118 4031 re-

533 4088 728 4142 gnasse
760 4071 1156 4128 Mocbeinetem
1188 4074 1348 4128 annis
1383 4072 1468 4136 l7,
1526 4086 1624 4141 pro
1676 4071 1874 4139 quibus
1927 4071 1992 4124 l‘z
2016 4086 2114 4123 an-

535 4180 635 4222 rtos
664 4165 1135 4236 Chalcocondyles
1162 4165 1348 4234 posuit
1378 4180 1390 4218 :
1417 4178 1544 4219 cum
1569 4163 1882 4217 accuratior
1911 4161 1982 4217 sit
2003 4167 2114 4215 An-

533 4258 734 4313 nalium
779 4256 1140 4315 Turcicorum
1188 4257 1543 4327 computatio.
1599 4253 1806 4310 Civitas
1846 4255 2024 4328 lsmyr
2081 4271 2110 4310 a

532 4351 968 4414 't‘urcisdicitur,
1007 4366 1127 4419 qua:
1174 4351 1380 4405 Gron-is
1439 4359 1524 4406 est
1589 4349 1642 4402 in
1680 4347 1823 4404 Asia:
1887 4349 2115 4402 minoris

531 4443 678 4497 Ionia
729 4443 926 4497 nobilis
955 4444 1041 4497 illa
1067 4444 1322 4513 Smyrna.

529 4561 617 4620 83.
657 4558 966 4629 Muataphas
989 4561 1191 4613 alienus
1217 4561 1269 4612 in
1309 4560 1721 4612 Oatnauidarunt
1752 4575 1830 4629 ach
1851 4559 2115 4627 famih'am

600 4628 842 4700 ingerit;
881 4630 1190 4698 [Exemplum
1253 4631 1376 4684 huic
1444 4631 1614 4683 simile
1670 4630 1732 4682 de
1798 4628 2112 4684 Voldemaro
2162 4636 2170 4642 “

600 4700 1054 4771 Braudeburgica.

603 4813 680 4867 Ne
736 4804 936 4871 mirum
972 4814 1247 4882 aliquibus
1290 4815 1557 4878 videatur,
1600 4814 1845 4882 potuisse
1875 4811 2112 4866 Dusmeu

533 4906 905 4976 Mustaphaut,
958 4921 1055 4975 pro
1086 4905 1370 4974 Mustaplta
1407 4903 1611 4967 Zelehi,
1658 4905 1866 4959 dudum
1911 4905 2116 4960 amisso

532 4997 790 5066 Bai-uitis
843 4996 986 5058 lilio,
1057 5011 1115 5049 se
1162 5005 1319 5049 tanto
1366 4995 1649 5048 venditare
1728 4993 1988 5055 artiﬁcio,
2055 4999 2115 5046 ut

531 5092 650 5158 ejus
728 5089 1097 5157 patrocinium
1165 5104 1274 5142 non
1329 5086 1556 5142 Grmcus
1630 5087 1899 5140 duntaxat
1941 5086 2114 5154 impe-

532 5194 700 5244 rator,
733 5185 828 5235 sed
859 5182 1022 5237 etiam
1052 5183 1231 5250 magni
1262 5182 1568 5237 Turcurum
1598 5181 1898 5249 principes,
1922 5180 2110 5248 Smyr-

530 5294 681 5332 uteus
741 5277 830 5330 ille
868 5277 1175 5334 Cltuseittes
1233 5277 1428 5344 bepus,
1474 5275 1808 5338 Aidiuensis,
1876 5275 2111 5328 Sarclta-

531 5370 763 5432 mensis,
817 5368 1204 5432 Meutesianus,
1259 5369 1664 5432 Clietnideusis,
1720 5369 2106 5436 susciperem:

532 5462 659 5514 libet
729 5461 815 5513 hic
863 5476 928 5515 ex
979 5461 1280 5518 Annalibus
1336 5461 1726 5529 manuscriptis
1790 5462 2098 5528 exemplum

528 5548 798 5618 subjicere
854 5549 1193 5604 simillimum
1269 5554 1334 5604 de
1389 5552 1661 5620 quodam,
1717 5553 1807 5622 qui
1863 5553 1934 5607 60
1982 5555 2108 5622 plus

529 5639 711 5694 minus
768 5653 895 5696 ante
959 5643 1059 5698 hos
1123 5644 1340 5699 Dnsmis
1396 5643 1696 5714 Mustaplm
1777 5658 1957 5701 [notus
2007 5662 2108 5700 au-

529 5734 637 5798 nis,
691 5749 748 5789 se
799 5736 1100 5806 principem
1156 5737 1682 5806 Braudeburgicum,
1741 5738 1950 5806 imperii
2000 5737 2106 5791 Ro-

533 5824 678 5880 mani
714 5825 1120 5898 septemvirum,
1152 5832 1407 5885 mentitus
1459 5832 1578 5884 luit.
1618 5828 1681 5883 Et
1713 5831 1838 5897 ipsis
1866 5829 2105 5884 haeeAn-

2145 4517 2197 4577 Ῐ)
2227 4531 2417 4592 evasit,
2450 4542 2758 4598 captusque
2812 4545 3006 4599 magna
3053 4546 3178 4584 cum

2226 3230 2293 3284 de
2326 3244 2488 3285 causa
2529 3229 2710 3283 Daniae
2734 3245 2852 3293 rex,
2885 3240 2940 3284 et
2973 3228 3286 3285 Ludovicus
3332 3227 3642 3296 Romanus,
3671 3230 3810 3286 alter

2225 3325 2579 3393 imperatoris
2607 3322 2866 3380 Ludovici
2904 3323 3097 3379 Bavarl
3133 3324 3301 3386 filius,
3341 3322 3603 3379 Ludovici
3638 3323 3804 3378 Bran-

2222 3416 2503 3485 dcborgici
2541 3416 2730 3481 frater,
2782 3419 3022 3489 itemque
3073 3417 3355 3474 Cracoviie
3416 3431 3532 3482 rex,
3602 3425 3656 3471 ct
3687 3414 3807 3470 Ste-

2223 3509 2518 3562 tiueusium
2547 3510 2679 3572 dux,
2717 3525 2781 3564 ac
2815 3510 2998 3578 plures
3059 3508 3301 3565 Polouia:
3323 3507 3644 3577 Silesiteque
3673 3517 3808 3562 tunc

2224 3604 2290 3656 ad
2321 3601 2562 3657 Pulonite
2587 3603 2711 3672 jura
2732 3604 3032 3672 spectantis
3070 3617 3348 3673 proceres,
3367 3617 3493 3658 cum
3519 3603 3724 3657 [lavare
3743 3618 3807 3659 se

2222 3695 2629 3764 conj-lugebant
2661 3709 2934 3764 :quorum
2984 3695 3206 3749 auxiliis
3225 3694 3471 3765 adjutus,
3493 3695 3676 3749 varias
3714 3709 3807 3748 re-

2222 3805 2344 3843 rum
2363 3788 2708 3844 dillicultates
2731 3800 3011 3858 utcunque
3032 3791 3348 3858 superabat.
3374 3788 3810 3844 Committebau-

2223 3891 2310 3935 tur
2327 3891 2380 3935 et
2402 3881 2614 3936 diversa
2638 3883 2848 3951 pratia,
2872 3896 3272 3950 nonnunquam
3317 3881 3662 3937 vincentibus
3685 3895 3807 3936 meo

2219 3974 2391 4030 litoris
2412 3976 2554 4030 illius
2576 3975 2770 4044 copiis,
2801 3975 3303 4043 qui,iuarcliionem
3325 3991 3384 4032 se
3419 3975 3802 4030 Voidcuvarum

2220 4069 2498 4124 aSSerebat
2529 4084 2542 4120 :
2596 4083 2660 4122 ac
2683 4069 2928 4123 vicissim
2951 4067 3144 4122 Bavari
3189 4067 3458 4124 militibus
3503 4069 3805 4138 aliquando

2218 4176 2316 4215 sua
2368 4174 2590 4229 quoque
2618 4170 2817 4228 tropaea
2845 4160 3238 4216 statuentibus.
3259 4159 3375 4215 Una
3402 4171 3584 4216 tamen
3621 4162 3673 4214 in
3701 4177 3802 4230 pu-

2217 4268 2319 4325 gna
2343 4253 2579 4321 quadam
2600 4251 2923 4305 dimicatum
2947 4269 2976 4305 a
3001 4253 3197 4306 Bavari
3225 4253 3468 4323 partibus
3491 4269 3623 4308 sane
3637 4269 3804 4323 quant

2219 4343 2530 4409 infeliciter,
2581 4343 2843 4401 Ludovici
2895 4343 3168 4410 Boruaui,
3221 4347 3313 4413 qui
3388 4345 3577 4402 Bavari
3632 4347 3806 4402 frater

2219 4453 2358 4502 erat,
2402 4437 2667 4507 auspiciis
2697 4452 2891 4508 parum
2926 4438 3247 4507 auspicatis.
3273 4438 3407 4494 Nam
3436 4440 3480 4493 is
3507 4438 3598 4493 vix
3617 4442 3806 4494 salvus

3247 4530 3426 4585 ftclitii
3491 4529 3749 4586 Voldetna
3761 4535 3802 4586 ri

2220 4622 2392 4691 gloria
2428 4623 2527 4676 fuit.
2562 4637 2627 4676 ea
2657 4624 2907 4690 partibus
2944 4622 3158 4688 Bavari,
3185 4624 3293 4677 dna
3328 4622 3654 4690 Rudolpluus
3699 4625 3797 4676 Pa-

2219 4714 2424 4766 latinus
2473 4713 2778 4767 Rbeuensis
2800 4731 2924 4767 cum
2960 4713 3027 4768 79
3054 4715 3328 4774 robiltbus
3355 4718 3582 4785 gaieatis
3619 4735 3632 4770 :
3667 4733 3803 4786 quos

2219 4807 2359 4860 inter
2380 4805 2448 4861 40
2472 4806 2662 4860 Poloui
2714 4808 3163 4868 numerabantur,
3219 4817 3274 4864 ct
3329 4810 3383 4864 in
3438 4810 3525 4863 bis
3583 4811 3647 4863 M
3687 4821 3800 4864 tum

2218 4897 2437 4963 fratres,
2470 4910 2583 4953 tum
2633 4901 2840 4970 agnati,
2867 4902 2958 4969 qui
2983 4902 3204 4954 easdem
3224 4903 3722 4972 gestabantgaleas,
3748 4912 3804 4957 et

2216 5003 2376 5064 gente
2397 4993 2618 5048 ietlizia
2639 4996 2751 5048 nati
2775 5005 2956 5047 erant.
2978 4992 3053 5047 Ea
3078 4995 3262 5050 clades
3287 5004 3499 5048 tantum
3520 4995 3587 5049 de
3610 4997 3802 5049 Βεντιτί

2217 5087 2482 5155 opinione
2515 5086 2808 5151 deminuit,
2843 5095 2905 5139 ut
2928 5086 3136 5157 aliquot
3161 5087 3230 5141 ab
3255 5104 3322 5142 eo
3341 5089 3589 5143 civitates
3608 5089 3802 5143 delice-

2217 5193 2358 5240 rent,
2392 5195 2512 5248 qut:
2533 5179 2688 5248 prius
2725 5181 2795 5234 ab
2831 5180 2951 5248 ipso
2985 5191 3278 5236 steterant.
3343 5181 3457 5236 Hoc
3508 5182 3672 5237 modo
3719 5193 3803 5236 to-

2216 5282 2330 5326 tum
2388 5273 2682 5327 triennium
2741 5275 2977 5328 durante
3012 5274 3172 5340 bello,
3228 5273 3529 5343 tranquillo
3599 5273 3806 5344 princi-

2218 5376 2380 5434 patus
2467 5366 2895 5434 Brandeburgici
2947 5368 3299 5434 possessione
3349 5365 3593 5421 ltavarus
3638 5368 3797 5437 potiri

2220 5475 2326 5512 non
2363 5460 2540 5527 potuit
2576 5499 2590 5520 ,
2622 5459 2797 5513 doncc
2834 5459 3050 5512 tandem
3081 5462 3334 5515 redactos
3370 5462 3421 5512 in
3477 5468 3799 5529 potestatem

2220 5553 2443 5606 molitor
2478 5552 2591 5615 ille,
2655 5551 3073 5606 rommentitius
3127 5551 3382 5621 ptiuceps
3438 5561 3494 5605 et
3541 5551 3608 5604 ad
3661 5551 3804 5619 ignis

2215 5645 2542 5714 supplicium
2570 5646 2866 5700 damnatus
2911 5655 3250 5697 exoreretur.
3313 5642 3431 5697 Non
3481 5660 3645 5698 ovum
3698 5658 3804 5699 ovo

2220 5739 2394 5804 magis
2421 5737 2617 5798 simile,
2653 5750 2814 5805 quam
2844 5737 2930 5790 hic
2963 5735 3271 5793 Voldcmari
3293 5735 3564 5790 molitoris
3592 5745 3801 5802 mutus,

2219 5831 2293 5884 illi
2322 5829 2616 5900 Musmplim
2677 5829 3009 5899 supposititii
3035 5830 3255 5885 conatui
3312 5829 3510 5886 similis
3538 5836 3679 5884 crat.
3705 5839 3786 5888 ac
