4204 6300
401 320 506 381 ’743

1568 329 1983 393 PANDECTE
2029 336 2233 396 IIIST.
2273 338 2578 399 TUIlCllI.

3580 342 3684 405 794

405 450 475 489 ne
498 438 620 505 quis
651 436 974 509 inarqtialeiii
1008 439 1198 497 Dusmi
1229 440 1399 496 fuisse
1437 441 1845 507 \‘oldemarum.
1897 462 1987 502 ra-
2020 461 2057 516 Α
2092 453 2400 511 deminutas
2436 454 2625 509 [lavari
2666 454 2805 511 vires
2833 456 3067 511 Karnlus
3101 457 3391 525 imperator
3413 457 3683 512 Occiden-

400 534 550 592 tione
585 534 873 600 potestatis
892 544 947 588 et
979 534 1219 604 imperii,
1254 536 1398 605 quod
1435 536 1748 603 allectabat,
1807 543 1993 610 suspi-

405 636 604 681 cetur:
638 635 697 681 ut
728 626 862 680 nihil
894 626 962 682 de
1005 627 1348 683 labefactatis
1387 631 1810 685 Osmanidarum
1864 634 1989 687 viri-

405 722 509 775 bus
534 727 656 791 post
708 720 1074 775 calamitatem
1136 720 1399 791 Bajazitis
1428 723 1629 787 dicam,
1676 726 1854 779 saltim
1910 727 1991 778 vi-

406 815 637 869 deamus
669 828 731 867 ex
764 814 897 883 ipsis
925 813 1159 868 aliorum
1198 814 1495 870 Annalium
1547 833 1712 871 manu
1746 828 1995 871 exarato-

405 922 526 963 rum
554 905 767 962 Latinis
798 906 1000 968 verbis.
1028 924 1194 977 quam
1239 913 1448 979 petenti
1486 911 1717 982 principi
1775 911 1995 967 molitor

406 1004 497 1059 ille
527 1002 823 1057 succedere
854 1003 1113 1056 voluerit.
1150 1004 1329 1069 Anno,
1363 1004 1641 1074 inquiunt,
1676 1004 1818 1059 1310
1870 1004 1996 1059 Vol-

406 1096 663 1150 demarus
710 1094 1216 1165 Brandeburgensis
1283 1096 1556 1161 marchio,
1596 1096 1828 1154 mortuis
1882 1097 1994 1153 fra-

406 1188 677 1244 truelibus
699 1197 750 1241 et
800 1188 1031 1256 patruis,
1055 1188 1295 1245 divisum
1330 1190 1383 1244 in
1439 1192 1638 1245 multas
1674 1197 1859 1259 partes
1911 1202 1995 1246 to-

408 1294 523 1335 tum
560 1281 715 1336 solus
760 1280 907 1336 illius
974 1280 1121 1336 tituli
1185 1281 1427 1336 obtinuit
1484 1280 1898 1351 principatum:
1942 1289 1998 1337 et

413 1375 658 1447 glorians
714 1374 771 1429 in
825 1374 1143 1430 fortitudine
1201 1390 1265 1430 ac
1318 1377 1694 1445 magninuline
1743 1377 1999 1447 potentia:

410 1484 548 1535 sum,
584 1467 796 1522 curiam
824 1468 1095 1523 celebrem
1127 1477 1182 1523 et
1216 1468 1485 1524 famosam
1538 1470 1736 1524 indixit
1780 1470 1998 1537 regibus

409 1568 463 1615 et
492 1559 830 1631 principibus
883 1575 1049 1631 prope
1090 1561 1364 1632 longeque
1405 1563 1632 1632 positis:
1678 1563 1997 1618 habiturum

410 1666 469 1707 se
493 1652 715 1723 nuptias
735 1667 859 1707 cum
880 1653 986 1708 illia
1012 1652 1190 1722 patrui
1223 1653 1306 1710 sui
1341 1654 1683 1718 significans,
1720 1664 1777 1709 et
1800 1666 1998 1709 omnes

331 1738 335 1742 ’
411 1745 920 1802 missisveredariis
968 1746 1034 1801 ad
1094 1746 1257 1815 hujus
1343 1747 1711 1802 solemnitatis
1738 1747 1999 1817 gaudium

2104 547 2175 600 tis
2200 548 2425 611 electus,
2451 546 2595 618 quod
2620 547 2775 603 illum
2828 548 2972 605 velut
3000 549 3285 613 aemulum,
3316 551 3408 619 qui
3468 560 3680 619 patrem

2104 641 2387 696 habuisset
2420 641 2829 710 imperatorem,
2864 660 2969 697 non
3006 643 3104 699 abs
3130 660 3188 699 re
3212 644 3318 699 sibi
3343 645 3567 710 suisque
3591 661 3679 699 re-

2105 736 2208 790 bus
2243 734 2642 790 formidabilem
2678 746 2891 805 putaret
2918 756 2931 792 :
2962 738 3443 793 volebateumdem
3477 738 3683 792 ditione

2102 826 2547 897 Brandebnrgica
2603 830 2821 898 pulsum
2890 830 3216 901 Rndolpbtts
3277 830 3444 889 Saxo.
3508 832 3683 902 stirpe

2104 920 2527 975 Anbaltinorum
2554 938 2616 975 ex
2655 922 2857 977 Alberti
2891 920 3019 978 Urs.
3080 924 3323 992 posteris
3359 923 3562 985 editus,
3625 935 3684 978 ut

2105 1015 2286 1085 aliqua
2320 1016 2531 1070 ratione
2583 1016 2947 1086 principatum
2990 1016 3141 1071 illum
3173 1017 3279 1074 sibi
3306 1018 3537 1085 suisque
3598 1032 3681 1070 re-

2103 1117 2289 1180 peti-re.
2313 1110 2529 1164 tandem
2567 1108 2864 1180 aliquando
2900 1120 3106 1181 posset,
3140 1127 3305 1181 quem
3362 1111 3491 1180 jure
3545 1127 3681 1182 pro-

2106 1203 2489 1272 pinquitatatis
2542 1213 2596 1258 et
2653 1205 2965 1276 agnatioais
3012 1221 3137 1261 cum
3216 1205 3685 1276 Brandeburgicis

2105 1296 2449 1364 principibus
2482 1298 2806 1362 exstinctis,
2867 1301 2932 1353 ad
2988 1316 3046 1355 se
3099 1301 3379 1369 pertinere
3436 1302 3683 1370 putabat.

2107 1385 2370 1442 Triennio
2405 1398 2519 1444 toto
2568 1390 2810 1446 Murates
2840 1390 3071 1458 imperio
3121 1394 3277 1459 potiri
3335 1393 3526 1460 quieto
3577 1407 3686 1447 non

2108 1482 2306 1550 potuit,
2342 1482 2672 1538 defendente
2706 1499 2765 1537 se
2788 1484 2910 1538 istic
2970 1484 3275 1554 Mustapha,
3305 1500 3501 1555 resque
3569 1494 3686 1541 tur-

2110 1575 2273 1629 bante
2307 1575 2570 1631 Turcicas
2602 1594 2615 1630 :
2652 1577 2741 1631 hic
2782 1578 3021 1633 triennio
3049 1595 3149 1633 nec
3188 1578 3433 1635 Bavarus
3466 1581 3542 1635 uti
3573 1581 3682 1635 frui

2112 1665 2556 1739 Brandeburgica
2589 1671 2836 1737 regione,
2861 1686 2963 1725 nec
3002 1672 3145 1724 vinci
3178 1674 3360 1741 potuit
3391 1673 3685 1729 Voldema-

2110 1778 2227 1817 rus.
2266 1760 2569 1831 Mustaphar
2590 1764 2761 1819 tristis
2797 1764 3029 1818 fnitillic
3058 1765 3261 1824 exitus.
3294 1768 3383 1820 hic
3419 1766 3689 1822 infelicior

415 1838 680 1894 imi‘m-
725 1837 859 1893 εεηι
889 1838 1144 1893 ιειιιιίιίη
1198 1838 1422 1895 civitate
1467 1839 1737 1893 maritima
1793 1836 1994 1892 303W
2030 1832 2068 1885 Β
2105 1856 2379 1912 malueris
2412 1855 2751 1913 Voldemari.
2808 1857 3151 1927 Hustapham
3190 1860 3307 1913 neci
3338 1860 3487 1914 dedit
3565 1861 3690 1915 istic

410 1933 560 1995 chio,
588 1933 692 1987 sita
729 1931 897 1987 maris
924 1934 990 1986 ad
1012 1940 1255 2001 portum,
1288 1933 1430 1987 unde
1487 1948 1680 1988 versus
1748 1930 2000 1992 naniam,

413 2029 698 2091 Sueciam,
725 2025 1081 2097 Norvegiam,
1105 2032 1160 2081 et
1191 2026 1257 2080 ad
1282 2036 1465 2095 partes
1508 2029 1643 2079 alias
1679 2026 1964 2095 navigatur
1988 2042 2001 2077 :

415 2122 471 2173 iu
513 2134 675 2188 quem
750 2120 917 2173 etiam
964 2120 1182 2189 navigia
1234 2120 1500 2173 mercium
1555 2118 1897 2171 diversarum
1936 2116 2003 2171 de

414 2209 650 2265 diversis
693 2217 750 2264 et
801 2210 1029 2263 remotis
1072 2207 1391 2276 regionibus
1428 2207 1727 2275 appellunt.
1761 2206 1836 2274 χιιι
1903 2207 2005 2260 hac

415 2303 569 2357 curia
599 2300 702 2355 fuit
740 2317 832 2356 res
873 2301 1078 2364 Daniae.
1134 2316 1260 2356 cum
1297 2300 1515 2355 duobus
1576 2298 1828 2361 duribus,
1893 2295 2005 2351 fra-

416 2395 595 2450 tribus
626 2395 765 2459 suis,
796 2404 852 2450 et
891 2396 1157 2449 immensa
1200 2396 1553 2461 multitudine
1596 2394 1784 2461 populi
1842 2402 2001 2447 terra:

414 2500 562 2542 sua:
595 2485 786 2551 duces,
826 2485 1077 2548 comites,
1123 2484 1279 2539 liberi
1317 2484 1562 2540 barones
1628 2482 2003 2537 innumerabi-

419 2579 501 2635 les
529 2578 597 2634 de
649 2577 928 2643 Sasonia;
974 2577 1322 2632 marchiones
1350 2586 1408 2631 et
1466 2587 1748 2647 magnates
1786 2586 1898 2633 tam
1931 2579 1998 2632 de

421 2674 532 2729 illis
564 2674 827 2743 quamde
854 2672 1063 2728 exteris
1123 2672 1396 2741 partibus,
1456 2687 1689 2742 quorum
1743 2686 2007 2728 numerus

419 2774 509 2821 vis
542 2774 757 2837 peierat
792 2766 1079 2822 astimari.
1133 2760 1383 2819 Marchio
1429 2765 1683 2819 manibus
1712 2764 1855 2832 regis
1900 2764 2007 2819 Da-

421 2861 520 2914 nix
555 2858 715 2915 miles
741 2873 866 2914 cum
896 2872 1095 2926 magno
1119 2860 1318 2912 decore
1362 2856 1677 2927 insignitur.
1732 2855 1875 2912 Iille
1915 2872 2001 2912 se-

424 2951 691 3025 ptingenti
730 2950 959 3013 nobiles.
996 2952 1049 3005 in
1106 2950 1213 3005 hoc
1264 2950 1518 3005 tirocinio
1542 2991 1558 3015 ,
1590 2963 1747 3005 novre
1801 2950 2006 3005 militia:

419 3044 641 3116 cingulo
676 3058 774 3115 per
803 3044 1176 3099 marchionem
1216 3056 1341 3098 cum
1376 3058 1571 3112 pompa
1602 3044 1842 3097 maxima
1901 3044 2001 3097 de-

423 3145 702 3195 corantur.
730 3136 806 3193 lbi
828 3136 1180 3194 dominarum
1213 3137 1280 3192 de
1312 3138 1554 3193 diversis
1593 3137 1842 3207 partibus
1894 3139 2006 3189 for-

424 3243 734 3291 mosarum.
787 3231 931 3286 sicut
965 3239 1023 3286 et
1064 3230 1326 3297 militum,
1356 3229 1779 3286 innumerabilis
1832 3230 2005 3284 exsti-

425 3326 495 3380 tit
524 3330 706 3393 copta.
736 3324 995 3381 Tentoria
1064 3339 1162 3394 per
1219 3338 1446 3393 campos
1488 3334 1699 3383 erecta,
1768 3322 2006 3376 scarlaio

428 3416 788 3478 circumdata,
843 3431 967 3471 rum
1001 3415 1381 3487 operimentis,
1411 3413 1687 3471 subselliis
1720 3422 1775 3467 et
1806 3422 2008 3466 strato-

426 3510 542 3566 riis.
572 3511 721 3566 velut
748 3524 941 3564 aurum
979 3509 1239 3564 micantia
1276 3507 1622 3561 videbantur.
1663 3504 1819 3559 Pntei
1862 3504 2006 3575 pleni

427 3607 579 3669 vino,
610 3603 871 3659 cerevisia
906 3610 959 3657 et
988 3600 1239 3665 modone,
1291 3601 1357 3653 ad
1410 3598 1751 3669 potandum;
1812 3612 2011 3666 specus

429 3698 645 3766 repleta
695 3698 979 3756 carnibus.
1035 3696 1285 3765 piscibus
1343 3700 1398 3748 et
1460 3691 1807 3758 frumentot.
1845 3705 2011 3746 naves

428 3800 641 3846 onustm
669 3790 959 3860 speciebus
981 3788 1325 3849 aromaticis,
1356 3786 1423 3839 ad
1450 3784 1764 3853 corporales
1787 3783 2014 3852 explen-

428 3882 528 3938 das
557 3882 807 3946 delicias,
844 3881 1207 3938 habebantur.
1240 3881 1321 3945 Qu
1336 3896 1379 3933 a-
1406 3878 1629 3950 quidem
1680 3875 1854 3946 gloria
1889 3883 2011 3943 post

431 3975 548 4033 hac
580 3973 632 4025 in
666 3970 901 4025 favillam
932 3971 1022 4024 brc
1041 3970 1081 4023 vi
1120 3980 1204 4023 est
1235 3968 1484 4030 redacta,
1544 3974 1767 4035 propter
1793 3961 2011 4029 nuptias

431 4067 673 4128 illicitas,
710 4078 763 4117 et
806 4064 1006 4120 fastum
1063 4063 1249 4134 gloriae
1306 4060 1650 4130 temporalis.
1704 4056 1839 4111 Nam
1892 4056 2011 4123 ipse

434 4156 1069 4215 Voldemarusmarchio
1097 4158 1219 4209 sine
1256 4154 1472 4209 baerede
1524 4151 1782 4213 decessit,
1838 4157 1891 4203 et
1942 4147 2010 4200 ad

435 4252 726 4324 imperium
762 4260 908 4305 totus
940 4250 1031 4303 ille
1052 4247 1394 4318 principatus
1448 4241 1822 4312 amplissimus
1854 4238 2015 4293 devo—

433 4348 585 4411 lotus
612 4344 733 4399 fuit.
766 4341 1047 4400 Hactenus
1076 4338 1365 4393 Annalium
1392 4335 1580 4399 verba,
1640 4347 1873 4400 quorum
1936 4330 2016 4383 le-

439 4441 676 4500 ctionem
721 4436 1006 4507 Magiiillco
1039 4432 1270 4486 Domino
1298 4429 1633 4498 Hieronymo
1665 4423 1804 4478 Beck
1825 4438 1852 4476 a
1882 4420 2022 4475 Leo-

2103 1950 2359 2019 laqueus,
2394 1949 2485 2004 hic
2525 1946 2907 2004 Voldemarum
2964 1966 3132 2019 rogus
3190 1953 3518 2020 absumpsit.
3575 1953 3691 2006 lloe

2102 2042 2272 2097 modo
2305 2057 2529 2109 causas,
2561 2043 2817 2103 consilia.
2840 2059 3202 2109 personarum
3239 2045 3573 2105 rationes,et
3600 2062 3689 2099 re-

2103 2150 2225 2188 rum
2265 2142 2460 2187 eventa
2494 2132 2665 2187 fuisse
2684 2134 3018 2196 consimilia,
3042 2135 3502 2204 respondentibus
3518 2136 3687 2188 etiam

2104 2226 2450 2293 temporibus
2483 2224 2640 2291 ipsis,
2662 2223 2913 2279 videmus
2939 2224 3208 2293 :ideoque
3235 2233 3345 2280 tam
3384 2226 3490 2281 sibi
3528 2227 3691 2281 rebus

2103 2315 2361 2369 omnibus
2388 2317 2631 2385 gemina,
2673 2324 2786 2369 tam
2839 2316 3078 2372 illustria
3109 2315 3220 2370 duo
3269 2319 3456 2372 saeculi
3522 2321 3689 2373 unius

2104 2407 2376 2475 exempla,
2424 2404 2669 2472 jucunda
2746 2406 2915 2472 lectu,
3000 2405 3449 2460 consideratione
3501 2406 3691 2476 digna,

2105 2499 2339 2553 libenter
2369 2501 2457 2553 hic
2495 2499 2567 2554 ob
2598 2500 2791 2556 oculos
2819 2514 3026 2570 ponere
3052 2500 3314 2556 studiosis
3339 2499 3692 2555 historiarum

2106 2592 2409 2647 voluimus.

2108 2705 2196 2760 84.
2248 2703 2573 2760 Vardarium
2609 2710 2876 2778 oppidum,
2911 2708 3200 2778 Vordnrius
3251 2709 3446 2773 amitis,
3487 2705 3697 2759 Varda-

2535 2780 2705 2841 riotar,
2754 2778 3017 2842 Vardari,
3059 2777 3304 2832 Venturi.

2179 2867 2335 2936 Quod
2387 2868 2584 2937 legitur
2639 2869 2693 2922 in
2743 2866 3049 2923 Annalibus
3076 2868 3424 2929 Vardarium,
3458 2866 3697 2921 Thessa-

2107 2962 2193 3015 lia.
2245 2963 2505 3032 oppidum
2570 2970 2674 3026 est,
2726 2962 2793 3014 ad
2862 2961 3187 3015 Vardarium
3240 2958 3483 3023 ﬂumen,
3548 2960 3695 3029 quod

2107 3054 2305 3107 Axium
2347 3053 2557 3123 priscos
2592 3052 2840 3115 dixisse,
2899 3059 3098 3119 praetor
3143 3060 3333 3105 noster
3377 3062 3432 3104 et
3469 3050 3561 3105 alii
3595 3065 3697 3104 no-

2110 3154 2260 3205 tant.
2312 3146 2378 3200 ad
2402 3146 2693 3214 septimum
2732 3161 2759 3197 a
2792 3142 3180 3199 Thessalonica
3222 3144 3452 3212 lapidem
3473 3143 3637 3196 silum
3681 3160 3696 3195 :

2110 3239 2238 3294 licet
2279 3237 2440 3294 fossae
2485 3236 2763 3293 Vardarire
2799 3236 2900 3292 l00
2934 3237 3261 3292 milliaribus
3283 3237 3486 3292 Graecis
3516 3235 3702 3290 absint

2109 3347 2141 3386 a
2183 3330 2599 3395 Thessalonica,
2641 3330 2709 3385 de
2755 3331 2957 3399 quibus
2998 3330 3146 3383 alibi.
3181 3329 3427 3383 Meminit
3459 3327 3568 3382 Leo
3602 3328 3705 3382 Sa-

2110 3424 2263 3493 piens
2313 3425 2591 3489 Augustus
2636 3423 2689 3476 in
2741 3422 2965 3477 Novella
2997 3423 3068 3477 de
3111 3422 3325 3477 thronis
3352 3422 3704 3490 episcopatus

2113 3512 2593 3575 Vardariotarum,
2657 3526 2819 3581 quem
2875 3512 3164 3579 metropoli
3218 3508 3702 3566 Tliessalonicensi

2112 3605 2359 3676 subiicit.
2399 3605 2464 3659 Et
2494 3607 2661 3661 hosce
2695 3604 3053 3660 Vardariotas
3082 3605 3243 3659 etiam
3287 3603 3495 3657 Turcos
3530 3599 3707 3655 norni-

2114 3706 2240 3761 nal,
2275 3702 2570 3753 translatos
2609 3696 2834 3751 aliunde
2884 3697 3097 3751 scilicet
3125 3697 3233 3750 huc
3264 3694 3329 3749 ad
3381 3691 3705 3747 Vardarium

2114 3791 2360 3847 fluvium.
2387 3791 2693 3845 Scribimus
2712 3800 2896 3844 autem
2927 3788 3276 3852 Vardarium,
3304 3801 3455 3841 more
3478 3785 3705 3840 Graeco:

2116 3899 2239 3939 cum
2282 3884 2373 3937 alii
2429 3883 2751 3937 Bardarium
2802 3882 3022 3944 malint,
3077 3891 3267 3935 contra
3303 3878 3709 3949 pronuntiatio-

2119 3992 2239 4031 nem
2274 3976 2575 4032 incolarum
2599 4015 2614 4037 ,
2641 3976 2841 4044 quibus
2871 3985 2951 4030 est
2987 3973 3215 4027 Vardari
3242 3982 3300 4027 et
3334 3972 3581 4026 Verdari.

2400 4072 2493 4127 85.
2531 4072 2757 4125 Chuseiu
2791 4072 2901 4140 beg,
2942 4068 3145 4121 Gra'cis
3182 4067 3459 4120 Zunaim.

2190 4163 2363 4231 Quem
2385 4163 2602 4219 Turcici
2623 4162 2863 4216 Annales
2900 4161 3231 4215 Chuseinem
3259 4162 3474 4228 begum,
3496 4158 3667 4229 lsmyr
3685 4175 3713 4213 r

2121 4254 2446 4326 principem,
2487 4254 2776 4308 nominant
2802 4294 2816 4315 ,
2855 4251 3130 4306 Laonicus
3182 4249 3472 4303 Zunaitcm
3516 4260 3709 4313 vorat,

2123 4347 2467 4419 Smyrnaeum
2503 4345 2802 4416 principem
2837 4363 2851 4398 :
2899 4345 2992 4414 qui
3028 4360 3151 4396 cum
3191 4341 3393 4397 Dnsme
3427 4340 3713 4409 Mustapba

2122 4443 2371 4513 captivus
2416 4455 2447 4495 a
2493 4440 2702 4495 Graecis
2751 4438 3057 4492 custoditus
3110 4434 3277 4490 fuerit
3333 4436 3388 4486 in
3453 4433 3712 4502 Epidauri

438 4530 729 4604 poldstorf,
760 4541 813 4583 ut
842 4527 952 4585 alia
1007 4528 1182 4597 plura,
1217 4525 1505 4578 debemus.
1562 4519 1638 4574 Es
1702 4518 1792 4572 bis
1836 4523 2009 4570 autem

2126 4549 2271 4595 arce,
2319 4548 2466 4588 nunc
2487 4532 2855 4586 Moneinuasia
2880 4531 2995 4583 sive
3030 4526 3308 4587 Malvasia,
3343 4537 3395 4578 et
3449 4528 3501 4578 in
3532 4525 3715 4579 Imbro

439 4626 650 4696 liquido
680 4631 857 4695 paret,
880 4636 990 4675 nun
1030 4618 1259 4671 minoris
1292 4615 1463 4670 fuisse
1493 4611 1757 4668 momenti
1823 4607 2020 4662 Volde-

441 4723 748 4777 mariaoum
783 4721 887 4772 hoc
913 4714 1216 4783 negotium,
1241 4726 1405 4781 quam
1433 4709 1565 4764 illud
1598 4705 2018 4772 Mustapbasum.

444 4817 852 4871 Reeenseamus
877 4818 930 4862 et
955 4806 1083 4869 alia,
1112 4817 1231 4874 quae
1267 4803 1321 4856 in
1350 4799 1820 4870 comparationem
1849 4796 2028 4847 utrin-

440 4922 548 4977 que
587 4905 774 4960 venire
808 4910 1059 4972 possunt.
1088 4898 1132 4951 Α
1190 4894 1474 4963 Ilustapha
1507 4891 1686 4946 stabat
1728 4890 2029 4955 imperator

442 5000 670 5055 Grzccus
702 4997 846 5063 istic,
880 5009 910 5049 a
942 4991 1270 5048 Voldemaro
1296 4989 1475 5043 stabat
1497 4986 1809 5041 Germanus
1857 4984 2030 5047 impe-

445 5105 597 5150 rator
628 5092 717 5146 hic
748 5100 839 5144 :et
867 5096 1018 5142 tanto
1040 5084 1263 5153 quidem
1325 5077 1619 5147 potentior,
1650 5082 1858 5145 quanto
1884 5070 2032 5125 Grie-

446 5202 571 5242 cum
594 5186 883 5255 imperium
914 5181 963 5234 id
984 5179 1246 5247 temporis
1273 5172 1601 5229 Germanico
1624 5167 1860 5222 debilius
1886 5172 2027 5215 erat.

446 5254 1110 5344 Pristeriimpcratorem
1197 5284 1323 5323 cum
1407 5264 1696 5334 Mustapba
1747 5254 2028 5326 conjuncti

448 5372 723 5446 principes
751 5370 881 5436 illic,
916 5366 1076 5439 533
1110 5365 1200 5421 hic
1221 5361 1607 5417 Voldemarum
1638 5350 2033 5446 quoque-prin-

450 5441 1034 5537 cipespra~potenies
1093 5457 1371 5513 fovebant.
1439 5448 1785 5506 Debilitatem
1851 5441 2035 5494 Mura-

460 5560 530 5614 tis
557 5558 857 5628 potentiam
893 5552 1116 5608 Gra'cus
1170 5550 1466 5618 imperator
1492 5554 1548 5599 et
1595 5539 1813 5596 'l‘urcici
1874 5537 2029 5589 voic-

451 5648 583 5705 bant
608 5646 903 5717 principes.
943 5644 1086 5713 quod
1119 5656 1148 5695 a
1178 5639 1391 5693 blurate
1417 5635 1521 5689 sibi
1550 5639 1878 5688 metuerent.
1906 5644 2034 5682 sua-

453 5738 728 5810 quetueii
777 5738 1008 5805 patitor,
1031 5744 1085 5788 et
1113 5732 1265 5803 prius
1307 5731 1376 5783 ab
1406 5726 1720 5783 Osinauidis
1773 5722 1876 5777 sibi
1938 5738 2033 5788 per

455 5830 768 5902 siluerepta
798 5838 1124 5898 recuperare
1150 5825 1495 5879 niterentur:
1550 5818 1739 5873 itidem
1811 5815 2031 5871 volebat

2131 4628 2450 4696 Lemnoque
2501 4626 2703 4681 insulis
2725 4665 2738 4687 ,
2790 4622 3033 4694 quandin
3068 4622 3316 4675 sultauus
3347 4618 3717 4675 biucbemetcs

2130 4718 2349 4781 vixerit,
2403 4716 2486 4773 cui
2538 4717 2756 4787 quidem
2802 4717 2904 4768 hac
2948 4718 2999 4766 in
3040 4729 3098 4768 re
3151 4712 3438 4785 gratiﬁcati
3479 4711 3612 4764 sint.
3650 4712 3715 4765 At

2131 4813 2471 4868 Muchemctc
2524 4822 2764 4872 mortuo,
2798 4808 3113 4877 Musmplias
3141 4821 3265 4861 cum
3302 4806 3402 4859 hoc
3429 4803 3715 4867 liberatus,

2130 4916 2186 4961 et
2238 4907 2431 4961 Murali
2488 4904 2843 4960 Muchemetis
2898 4902 3010 4956 filio
3064 4901 3172 4957 fuit
3216 4901 3525 4971 oppositus,
3580 4915 3717 4967 pra:-

2132 5006 2270 5058 seuti
2320 5017 2445 5056 cum
2477 5015 2658 5055 rerum
2690 4997 3002 5054 Graecarum
3038 4995 3375 5056 discrimine,
3406 4993 3549 5047 sicut
3576 4993 3716 5044 idem

2134 5097 2338 5166 prolixe
2392 5098 2805 5149 commemorat.
2859 5091 3046 5144 Obiter
3097 5088 3201 5142 hoc
3244 5088 3408 5141 etiam
3446 5084 3719 5153 adjicitur,

2133 5191 2415 5245 Zuanitem
2448 5189 2589 5241 hunc
2614 5187 2715 5239 dici
2750 5184 3080 5247 Sansovino,
3115 5197 3221 5235 non
3249 5178 3533 5235 Zuuaitem
3562 5194 3585 5231 ~:
3625 5190 3722 5246 per

2134 5282 2482 5338 oscitantiam
2514 5282 2821 5347 scriptoris,
2859 5290 2912 5331 ut
2945 5287 3097 5346 puto.

2231 5376 2326 5433 86.
2368 5374 2585 5436 Vlulmt,
2638 5372 2955 5440 Lopmlium,
2998 5368 3229 5438 Lupua’i,
3280 5363 3623 5436 Rhyndacus,

2777 5442 3075 5497 Michalt’zi.

2206 5540 2520 5595 Monuimns
2570 5551 2756 5608 supra,
2821 5548 3050 5589 numero
3112 5543 3366 5587 notarum
3426 5529 3517 5591 16,
3571 5525 3716 5595 quod

2137 5638 2333 5691 Turcis
2355 5634 2612 5705 oppidum
2650 5630 2880 5686 minoris
2912 5629 3055 5683 Asiae
3085 5627 3305 5682 dicatur
3335 5623 3550 5683 Vlubat,
3578 5620 3719 5675 Lao-

2139 5737 2259 5788 nico
2314 5730 2614 5799 Lopadium
2662 5741 2804 5789 esse,
2861 5739 3005 5778 nunc
3050 5723 3211 5792 vulgo
3269 5721 3476 5792 Lupadi
3524 5731 3722 5772 nomon

2139 5828 2360 5885 habete.
2410 5823 2686 5881 Melicnsis
2734 5819 3026 5889 Antonius,
3076 5817 3286 5875 Podota
3329 5825 3533 5885 noster,
3563 5815 3723 5885 cujus
