4218 6308
595 290 699 352 795

1789 297 2028 358 JOANN
2045 298 2113 355 lS
2142 298 2483 359 LEUNCLA
2497 303 2537 358 γ
2553 300 2607 358 li

3741 314 3870 379 796.

586 414 751 463 δίψη
795 398 1143 455 meminTmus
1199 416 1428 456 numero
1472 412 1721 458 notarum
1759 406 1850 470 24,
1898 408 2160 476 Lupithttn
2194 421 2235 470 Α
2270 407 2359 461 ille
2435 410 2825 475 subduxisset,
2883 427 3247 471 mercatorum
3275 420 3565 488 impositas
3611 429 3851 499 navigii;

584 506 798 558 quoque
823 491 928 545 dici
963 492 1191 548 volebat.
1229 493 1331 546 Sed
1357 495 1443 547 hic
1476 496 1811 559 addendum,
1844 513 1951 552 non
2000 500 2156 568 oppi-

584 586 709 635 dum
757 585 1022 638 dunt-nat
1065 600 1187 640 esse
1234 585 1554 656 [.opadium,
1606 589 1699 642 sed
1751 590 1913 644 etiam
1978 592 2155 646 lacum

585 672 881 740 Lopadium
913 687 963 729 et
998 677 1356 745 profluentem
1387 696 1414 732 e
1435 681 1550 734 lacu
1583 680 1881 751 Lopadium
1909 700 2148 751 amnem,

579 768 768 821 eodem
803 770 1044 837 Conspici
1080 771 1218 834 loco,
1241 782 1294 824 et
1327 772 1515 825 iisdem
1537 777 1793 843 appellari
1817 779 2149 835 numinibus.

584 859 733 912 Licet
790 862 890 914 hoc
952 867 1114 915 etiam
1167 864 1456 935 perspicue
1507 866 1573 919 de
1605 865 1823 922 Laonici
1861 873 2039 926 verbis
2072 874 2151 927 in-

582 952 841 1021 telligere,
885 938 1138 1010 cum-res
1189 959 1411 1012 easdem
1460 960 1726 1024 referens,
1753 963 1827 1017 ait
1862 981 1874 1016 :
1912 962 1987 1019 Eo
2017 975 2153 1019 tem-

580 1059 710 1110 pore
736 1058 913 1100 castra
959 1049 1199 1105 Μητιιωί
1260 1056 1601 1109 metabantur
1643 1072 1807 1125 prope
1850 1060 2148 1127 Lopadium

579 1139 781 1203 lacum,
815 1150 871 1196 et
894 1146 1171 1211 regionem
1193 1143 1485 1201 Hiehalicii
1513 1152 1798 1205 vastabant
1832 1167 1844 1203 :
1876 1154 1966 1208 ubi
1996 1155 2148 1210 lacus

576 1232 1125 1302 multisiatnbagibus
1173 1250 1270 1305 per
1317 1240 1596 1306 angustias
1650 1240 1705 1294 in
1763 1258 1911 1297 mare
1974 1255 2148 1299 semet

573 1321 818 1388 effundit,
854 1334 909 1378 et
947 1326 1149 1381 ibidem
1184 1343 1322 1397 pons
1356 1340 1462 1385 est.
1492 1330 1809 1403 Musutphas
1840 1346 2021 1393 autem
2054 1354 2145 1393 ac-

573 1417 791 1483 cedens,
839 1430 1016 1473 castra
1075 1422 1272 1478 locavit
1311 1424 1463 1489 juxta
1520 1428 1720 1481 ostium
1748 1428 1923 1491 fluvii,
1959 1433 2140 1499 quiex

571 1509 690 1562 lacu
744 1521 1049 1579 promanat.
1101 1514 1310 1581 Quibus
1358 1518 1413 1571 in
1458 1519 1637 1573 verbis
1676 1536 1797 1589 qua:
1851 1522 2139 1579 Michalieil

570 1602 721 1672 negio
762 1613 1009 1671 vocatur,
1062 1623 1207 1661 nunc
1261 1607 1555 1675 Hichulizi,
1599 1620 1711 1665 tam
1745 1615 1813 1667 ab
1846 1614 2008 1682 hujus
2040 1632 2141 1671 no-

569 1694 733 1747 minis
784 1694 970 1763 fluvio,
1028 1714 1194 1765 quam
1253 1701 1320 1755 ab
1347 1703 1547 1771 oppido
1607 1704 1858 1759 dicitur:
1913 1708 2055 1775 quod
2106 1723 2137 1764 ι

2262 498 2452 568 cupias
2484 517 2609 557 suas
2644 513 2794 558 trans
2840 503 3246 575 Hellespontum
3273 514 3391 567 vehi
3428 530 3674 574 curasse.
3709 520 3845 587 Qui-

2261 589 2364 645 bus
2417 593 2467 644 in
2514 595 2722 659 verbis,
2754 598 2975 665 quinam
3009 600 3081 653 illi
3112 616 3450 661 mercatores
3482 607 3703 675 fuerint,
3732 629 3841 669 non

2260 684 2604 749 exprimitur.
2641 686 2744 740 Sed
2777 688 3073 753 Laonicus.
3102 710 3217 748 rem
3241 695 3503 755 disertius
3528 716 3836 771 exponens,

2256 771 2630 843 Praevenerat,
2650 781 2844 850 inquit,
2861 784 3169 839 Amuratem
3188 786 3837 865 Hustaphasﬁallipolim

2257 868 2687 926 transfretandi).
2725 875 3027 932 Amurates
3070 893 3219 946 vero,
3250 892 3439 939 nactus
3469 882 3836 946 Jannensium

2258 959 2435 1013 navim
2469 964 2787 1031 maximam,
2812 982 2932 1037 qua:
2964 968 3103 1025 forte
3129 974 3432 1043 appulerat,
3466 994 3591 1033 cum
3632 982 3837 1052 guber-

2254 1062 2441 1108 natore
2465 1057 2784 1125 paciscitur,
2818 1074 2875 1115 ut
2914 1079 2973 1118 sc
3002 1079 3126 1118 cum
3153 1071 3454 1137 peregrinis
3484 1084 3537 1128 et
3570 1075 3837 1130 militibus

2250 1142 2437 1200 ianua:
2460 1147 2870 1217 (stipendiarios
2892 1164 2941 1208 et
2962 1154 3136 1211 Porta
3181 1160 3378 1218 milites
3403 1176 3613 1222 vertere
3644 1168 3837 1226 debuit

2252 1234 2565 1309 interpres),
2611 1244 2944 1316 reliquisque
2964 1250 3161 1317 copiis,
3195 1251 3251 1307 in
3289 1254 3563 1326 Europam
3585 1270 3835 1320 transve-

2249 1327 2421 1385 heret.
2439 1330 2739 1389 Mercedem
2763 1339 3115 1404 gubernatori
3138 1344 3304 1399 solvit
3318 1347 3632 1417 maximam,
3649 1367 3830 1423 quan.

2247 1429 2355 1474 tam
2377 1424 2653 1488 pollicitus
2674 1429 2960 1493 pecuniam
2987 1432 3184 1501 fuerat,
3209 1437 3437 1508 impigre
3456 1446 3825 1501 numerando.

2245 1510 2382 1567 Hinc
2418 1529 2551 1585 ergo
2584 1519 2697 1587 jam
2724 1525 3103 1590 cognoscitur,
3137 1539 3470 1586 mercatores
3494 1533 3616 1591 illos
3652 1534 3829 1594 fuisse

2242 1602 2579 1676 Genuenses,
2628 1613 2832 1682 quibus
2871 1616 2962 1670 alii
3011 1616 3276 1675 Muratem
3311 1624 3365 1678 in
3397 1627 3612 1699 singula
3643 1641 3828 1687 trans.

2242 1698 2613 1756 vehendorum
2658 1704 2836 1772 capita
2899 1706 3131 1766 ducatos
3183 1715 3459 1783 singulos,
3500 1698 3609 1775 alii
3666 1724 3826 1782 binos

570 1783 770 1853 Lapido
815 1788 928 1843 sive
974 1790 1213 1858 Lopadio
1249 1793 1573 1849 militaribus
1612 1794 1814 1850 Graecis
1855 1797 1917 1850 l0
1947 1799 2133 1854 distat.
2174 1789 2211 1840 Β

2174 1789 2211 1840 lt
2242 1790 2472 1845 solvisse
2500 1806 2830 1851 memorant.
2855 1796 2922 1853 Et
2955 1804 3229 1859 notandus
3255 1807 3343 1862 hic
3375 1808 3527 1866 locus
3547 1822 3653 1867 tam
3680 1815 3825 1872 Lao—

565 1875 886 1931 Addendum
930 1890 984 1934 et
1034 1883 1156 1943 hor,
1208 1899 1423 1938 amnem
1474 1884 1774 1953 Lopadium
1827 1890 2022 1957 priscis
2049 1890 2135 1945 di-

564 1976 710 2022 ctum
738 1972 909 2028 fuisse
939 1973 1321 2045 Hltyndacum.

562 2128 647 2183 87.
681 2126 844 2183 Falso
866 2148 1073 2185 rumore
1093 2134 1283 2203 didita,
1306 2152 1384 2191 res
1405 2141 1581 2208 magni
1603 2141 2131 2209 momenticonfecta.

630 2262 831 2320 Praeter
859 2266 988 2321 illud
1033 2279 1383 2339 strategema,
1430 2290 1539 2343 quo
1567 2273 1928 2334 Hecbemetes
1962 2281 2132 2351 hegus

561 2359 938 2429 Michaloglius
987 2364 1351 2435 Mnstaphmos
1412 2385 1666 2438 proceres
1718 2387 1783 2425 ac
1844 2372 2045 2428 milites
2073 2374 2126 2427 in

558 2464 740 2513 partes
770 2454 994 2511 Muratis
1018 2461 1244 2513 attraxit
1266 2501 1280 2524 ,
1315 2463 1457 2517 aliud
1488 2464 1649 2517 etiam
1682 2478 1711 2517 a
1748 2464 1988 2521 Laonico
2015 2481 2129 2520 me-

556 2546 743 2600 morire
783 2551 1055 2617 proditum
1102 2565 1201 2620 est,
1227 2571 1335 2623 quo
1366 2558 1664 2626 singularis
1703 2560 1943 2614 vnfritiei
1978 2576 2127 2616 com-

554 2646 735 2693 mento
792 2655 880 2694 res
943 2643 1145 2709 pariter
1197 2660 1261 2701 ac
1288 2663 1413 2717 spes
1442 2666 1633 2705 omnes
1668 2652 1967 2719 Mustaphe
2001 2650 2127 2706 fun-

550 2729 697 2784 ditus
726 2745 932 2786 eversa!
955 2748 1302 2791 corruerunt.
1337 2740 1423 2793 Ait
1462 2744 1632 2806 enim,
1659 2744 1837 2799 missis
1873 2746 1940 2799 ad
1976 2744 2125 2798 Gne-

548 2837 735 2876 rorum
792 2825 1178 2893 imperatorem
1230 2845 1296 2883 ae
1355 2848 1629 2899 proceres,
1686 2843 1851 2890 tama
1888 2837 2121 2904 Mur-ate,

546 2930 707 2980 quam
746 2916 1025 2986 Mustapha
1076 2922 1285 2990 legatis,
1325 2923 1544 2979 Grmcos
1586 2928 1802 2980 tandem
1826 2943 1884 2983 re
1911 2930 2121 2986 delibe-

547 3018 663 3061 rata
713 3007 1064 3077 Mustaphais
1106 3028 1385 3079 assensus,
1421 3016 1798 3074 Murataaorum
1845 3025 2117 3090 postulata

2242 1884 2370 1946 uici,
2390 1901 2553 1953 quam
2583 1892 2889 1950 annalium.
2918 1906 3139 1963 propter
3174 1912 3485 1957 nostrorum
3516 1907 3822 1963 hallucina-

2239 1978 2436 2044 tiones,
2483 1996 2722 2049 quorum
2762 1986 2853 2039 alii
2900 1999 3153 2043 navatam
3202 1992 3345 2048 hanc
3380 1993 3574 2051 Turcis
3604 1999 3756 2055 aiunt
3789 2018 3822 2056 a

2236 2067 2618 2129 Gennensibus
2681 2092 2902 2145 cperam
2956 2089 3204 2150 tempore
3264 2089 3451 2153 prium
3505 2089 3817 2148 Turcorum

2236 2164 2643 2229 transjeetinnis
2690 2170 2743 2223 in
2794 2170 3093 2242 EurOpam,
3138 2178 3189 2229 iu
3222 2181 3426 2246 quibus
3455 2194 3541 2239 est
3579 2183 3822 2241 Nicolai-

2234 2253 2350 2318 des,
2396 2256 2464 2311 de
2512 2275 2623 2327 quo
2669 2277 2833 2331 supra
2886 2265 3091 2321 dictum
3136 2286 3366 2325 numero
3416 2284 3669 2331 notarum
3696 2279 3815 2332 24:

2231 2347 2321 2400 alii
2380 2349 2626 2406 referunt
2674 2356 2741 2409 ad
2790 2357 2842 2412 id
2891 2366 3128 2430 tempus,
3170 2378 3279 2433 quo
3307 2367 3553 2423 rescissis
3575 2374 3818 2427 auctori-

2230 2528 2481 2602 Ungaria:
2527 2550 2621 2590 rex
2683 2552 2806 2594 eum
2864 2540 3079 2599 Murate
3133 2558 3325 2615 pactus
3380 2549 3582 2616 fuerat,
3636 2554 3818 2626 Euge-

2228 2621 2353 2679 nius
2394 2623 2458 2678 ιν
2498 2629 2761 2698 pontifex,
2814 2644 2870 2688 et
2914 2632 3079 2691 Italia:
3111 2638 3404 2709 principes,
3437 2640 3655 2715 Ungaro
3684 2621 3814 2716 pro-

2227 2715 2514 2781 miserunt,
2553 2735 2612 2775 se
2647 2722 2970 2781 triremibus
2994 2730 3324 2787 obsessuros
3353 2715 3760 2805 Hellespontum
3789 2760 3807 2798 :

2223 2822 2334 2875 quo
2392 2809 2575 2867 minus
2620 2828 2686 2866 ex
2730 2816 2857 2871 Asia
2908 2818 3169 2887 Mnrates,
3226 2826 3314 2879 ubi
3363 2828 3564 2883 bellum
3613 2845 3807 2888 contra

2220 2894 2580 2955 Caramanum
2628 2904 2879 2974 gerebat,
2939 2912 2991 2963 in
3051 2912 3322 2981 Europam
3386 2924 3805 2986 transmittere.

2218 3001 2559 3062 conatusque
2602 2994 2859 3055 Vladislai
2933 3005 3111 3074 regis,
3156 3006 3368 3080 Europa
3425 3011 3635 3071 Turcos
3688 3018 3804 3085 eje-

544 3100 820 3169 rejrcisse.
880 3102 1019 3157 Tum
1074 3121 1203 3158 vero
1253 3108 1537 3164 Moram-os
1578 3126 1798 3166 auorum
1827 3114 1881 3168 in
1932 3125 2113 3171 castra
2140 3143 2185 3207 ο
2218 3090 2927 3207 οξῗῗξξῆπξίῖξδξξῗξ
2973 3096 3094 3207 Suo
3124 3115 3270 3203 ,⁸³ηθ
3304 3113 3569 3207 ίθτηρθξξθν
3602 3109 3797 3207 5'9"“

544 3197 779 3251 maxima
824 3211 947 3253 cum
988 3197 1335 3254 festinatione
1387 3219 1678 3271 reversos,
1738 3224 1861 3260 mox
1916 3206 2113 3262 falsum

539 3291 806 3363 sparsisse
853 3306 1161 3355 rumorem,
1209 3308 1317 3360 quo
1362 3294 1582 3351 Cnet-os
1622 3299 1961 3354 atlirmabant
1994 3300 2114 3354 Mu-

540 3382 672 3437 ratis
713 3394 895 3451 partes
930 3386 1230 3453 amplexos.
1267 3386 1338 3440 Ea
1370 3404 1427 3442 re
1465 3404 1559 3456 per
1585 3390 1916 3462 transfugas,
1953 3405 2008 3448 ut
2031 3396 2109 3460 fit,

537 3475 590 3527 in
643 3476 880 3529 hostium
922 3492 1141 3547 quoque
1182 3480 1379 3534 castris
1399 3482 1587 3546 didita,
1620 3499 1961 3555 summopere
1991 3500 2110 3555 per-

536 3568 782 3621 turbatos
810 3568 1194 3640 llustapltaros,
1219 3587 1451 3641 quorum
1486 3574 1641 3641 legati
1679 3592 1803 3631 eum
1830 3587 2112 3646 peroptato

531 3656 844 3714 Grtccorum
895 3676 1157 3732 responso
1208 3666 1441 3719 necdum
1487 3669 1832 3735 appulerant.
1881 3671 2109 3741 abiectis

531 3750 729 3806 animis
762 3755 840 3806 vel
871 3753 1098 3810 Huratis
1129 3771 1185 3810 se
1207 3758 1394 3827 gratia
1413 3772 1476 3812 ac
1500 3759 1622 3814 fidei
1658 3763 1996 3831 permisisse,
2024 3769 2107 3823 vel

531 3843 656 3912 fuga
711 3845 872 3899 saluti
925 3846 1272 3904 consuluisse
1301 3866 1313 3901 :
1361 3848 1525 3921 434
1555 3852 1699 3921 quod
1727 3852 1795 3906 ab
1828 3854 1946 3921 ipso
1972 3870 2109 3924 quo-

529 3950 636 4003 que
659 3935 935 4006 lustapha
974 3938 1203 4002 factum,
1256 3938 1490 3996 Zunaite
1528 3944 1784 4009 patritum
1811 3947 1876 3999 ad
1900 3947 2105 4015 princi~

528 4036 712 4097 patum
753 4044 811 4084 se
857 4030 1176 4099 recipiente.
1219 4031 1573 4089 Icmorabile
1622 4037 1870 4105 profecto
1916 4054 2102 4094 exem-

528 4121 701 4189 plum,
737 4137 844 4191 quo
876 4132 1033 4193 pacto
1062 4140 1459 4196 nonnunquam
1492 4129 1543 4182 in
1570 4128 1725 4184 bellis
1752 4147 1839 4186 res
1864 4134 2103 4189 maxime

527 4215 836 4270 rumoribus
879 4218 960 4271 vel
1010 4220 1303 4288 prosperis.
1344 4221 1423 4274 vel
1480 4222 1748 4287 adversis,
1794 4241 1919 4279 cum
1965 4227 2099 4283 dex-

524 4304 739 4361 teritate
768 4308 997 4375 sparsis,
1034 4309 1410 4377 perﬁciantur.

901 4420 990 4477 88.
1019 4420 1186 4494 Baga,
1223 4422 1396 4491 Guba,
1429 4442 1525 4495 pro
1557 4425 1728 4499 Baga.

588 4533 707 4600 Quo
756 4535 873 4591 loco
925 4537 1025 4592 sita
1076 4540 1147 4593 sit
1187 4538 1356 4611 Buga,
1410 4544 1547 4599 satis
1575 4544 1801 4612 intelligi
1828 4552 2004 4615 potest
2030 4546 2098 4602 de

518 4626 721 4679 notatis
772 4630 1027 4697 superius
1066 4631 1131 4684 ad
1178 4647 1465 4686 numerum
1498 4634 1589 4689 2L
1625 4636 1665 4687 A
1693 4626 1964 4705 Leopad'io
1989 4656 2093 4692 non

516 4716 674 4785 longe
727 4718 911 4785 distat,
968 4723 1238 4793 habetque
1295 4724 1497 4787 lacum,
1548 4741 1611 4779 ex
1667 4744 1777 4795 quo
1806 4741 2096 4796 promanat

516 4809 692 4863 amnis
760 4812 926 4880 Buga,
980 4814 1184 4868 civitati
1246 4818 1618 4885 ceguominis.
1678 4817 2092 4878 Heceutiorihus

514 4900 650 4955 Juba
698 4905 775 4957 vel
828 4903 980 4960 Guha
1008 4907 1293 4969 scribitur,
1327 4908 1525 4961 litteris
1560 4912 1931 4980 trauspositis.
1962 4918 2091 4967 Aln-

517 4995 597 5048 nis
632 4993 797 5061 Buga,
844 5012 1004 5065 quem
1056 4997 1317 5059 diximus,
1361 4997 1606 5069 Lopadiu
1643 5004 1852 5057 ﬂumini
1891 5007 2089 5061 misce-

515 5100 621 5152 tur,
658 5089 799 5157 quod
848 5091 1030 5143 itidem
1070 5090 1289 5145 Graecos
1339 5092 1467 5146 olim
1509 5095 1863 5167 lihyndacum
1905 5102 2089 5170 appel-

513 5180 654 5232 lasse.
682 5179 842 5246 paulo
874 5188 997 5232 ante
1028 5182 1355 5237 notavimus.

507 5294 577 5347 89
624 5293 915 5379 σξηαφερ
940 5298 1153 5379 quidam
1177 5300 1229 5351 in
1261 5297 1526 5370 Europam
1550 5302 1779 5359 Horati:
1813 5308 1869 5362 11
1900 5313 2079 5379 copias

579 5375 729 5417 trima
785 5364 1199 5433 lfetleSponlum,
1277 5364 1491 5436 accepta
1542 5380 1773 5429 inerte/le
1824 5364 2075 5447 maxime,

576 5443 962 5503 trattspartam.

573 5545 835 5602 Heferunt
888 5548 1088 5615 Turci,
1148 5550 1434 5619 Muratem,
1487 5568 1543 5610 ut
1604 5558 1946 5631 lllustapbam
1991 5566 2073 5619 fn-

500 5641 737 5707 gicntem
791 5643 1149 5710 Opprimerot,
1180 5660 1301 5699 cum
1334 5664 1525 5703 omnes
1553 5650 1619 5704 ad
1664 5650 2068 5725 Hellespontum

501 5744 718 5802 propter
756 5733 1227 5807 Calliopolitantnn
1268 5744 1551 5811 trajectum
1589 5762 1756 5803 naves
1785 5751 1835 5804 in
1868 5762 2066 5807 terram

2218 3188 2452 3231 nuenses
2496 3187 2931 3251 transportandis
2973 3187 3168 3247 Turcis
3207 3211 3429 3266 operam
3480 3198 3673 3256 Murali
3710 3220 3802 3260 na.

2217 3278 2476 3336 vassent,
2534 3286 2632 3328 ceu
2686 3276 2928 3343 pessime
2996 3282 3063 3337 de
3109 3294 3219 3339 tota
3283 3292 3466 3345 meriti
3519 3296 3799 3363 republica

2214 3352 2527 3415 Christiana
2575 3364 2712 3419 diris
2761 3371 3008 3426 omnium
3051 3373 3231 3430 devoti
3276 3376 3530 3437 fuissent.
3560 3352 3667 3440 éed
3693 3386 3800 3445 hoc

2215 3447 2432 3514 quidem
2486 3466 2579 3507 eos
2621 3453 2893 3515 Laonicus
2932 3471 2986 3515 et
3016 3464 3260 3523 Annales
3306 3469 3360 3524 hi
3394 3472 3625 3531 crimine
3657 3476 3793 3534 libe-

2213 3544 2366 3601 rant,
2419 3556 2541 3597 cum
2595 3546 2815 3603 interim
2853 3555 3040 3623 negari
3082 3571 3341 3629 nequeat,
3370 3565 3512 3622 banc
3541 3567 3796 3629 Genuen-

2212 3627 2350 3682 sium
2374 3668 2390 3693 ,
2420 3634 2759 3701 privatorum
2790 3651 2976 3700 tamen,
3005 3646 3297 3707 hominum
3323 3671 3565 3725 operam,
3602 3662 3656 3716 in
3688 3664 3795 3719 hoc

2212 3728 2454 3790 tempore
2482 3738 2667 3783 contra
2706 3730 3052 3805 Mustapham
3087 3741 3282 3799 Murati
3318 3752 3639 3821 praestitam,
3678 3772 3789 3813 non

2210 3810 2326 3868 leve
2352 3814 2665 3876 Grecorum
2690 3824 2851 3883 rebus
2878 3831 3134 3889 attulisse
3156 3810 3441 3905 damnum,
3467 3858 3531 3898 ac
3557 3810 3791 3915 proinde

2208 3910 2421 3963 caeteris
2466 3912 2631 3967 etiam
2691 3919 2860 3975 totius
2918 3921 3148 3994 Europae
3197 3932 3415 3999 populis
3458 3910 3795 3998 Christianis

2207 3998 2378 4055 fuisse
2422 4007 2661 4062 noxiam.
2697 4007 2928 4069 Bulairis
2961 4028 3017 4070 et
3067 4018 3221 4077 Ezete
3263 4027 3504 4093 planitiei
3544 4031 3661 4087 loca
3694 4050 3788 4089 su-

2205 4094 2391 4159 perius
2412 4100 2658 4166 exposita
2686 4113 2815 4157 sunt
2850 4122 3081 4165 numero
3106 4110 3196 4166 25.
3219 4113 3455 4175 Tantum
3480 4119 3568 4177 hic
3593 4125 3785 4180 obser-

2204 4187 2469 4255 vandum,
2518 4194 2738 4249 nomine
2772 4196 2944 4253 Boleri
2977 4203 3091 4258 sive
3133 4204 3388 4275 Bolairis,
3415 4214 3579 4269 etiam
3620 4222 3784 4288 oppi-

2202 4278 2331 4331 dum
2381 4281 2468 4335 hic
2498 4284 2662 4338 situm
2697 4289 2943 4362 intelligi.
2980 4294 3169 4353 Mortis
3207 4314 3402 4370 genus,
3442 4321 3555 4375 quo
3582 4278 3791 4365 Mus-tan

2202 4369 2365 4437 pham
2403 4374 2642 4432 Murates
2669 4380 2807 4436 amci
2846 4384 3109 4455 jusserit,
3144 4369 3406 4449 nimirum
3434 4369 3488 4453 ut
3518 4400 3584 4454 de
3611 4402 3787 4471 pinna.

2200 4463 2440 4531 quadam
2475 4484 2755 4527 murorum
2787 4477 2939 4532 urbis
2972 4478 3505 4555 Hadrianopolitame
3541 4463 3777 4563 suspen-

2201 4553 2458 4623 deretur,
2505 4576 2534 4614 a
2575 4561 3014 4641 Chalcocondyle
3063 4553 3289 4632 silentio
3333 4553 3690 4654 prateritutn,
3745 4604 3775 4645 a

2199 4643 2393 4705 Turcis
2428 4656 2706 4710 memoriae
2742 4664 3006 4728 proditur.

2388 4746 2476 4802 90.
2521 4746 2717 4805 Lazan’
2746 4756 2869 4822 duo,
2912 4759 3109 4815 Servio:
3138 4765 3365 4828 despota:
3391 4770 3571 4827 simul.

2267 4833 2363 4889 His
2412 4843 2570 4895 annis
2619 4842 2898 4903 Bontlnius
2929 4865 3053 4906 cum
3104 4872 3209 4913 uno
3251 4861 3512 4934 Georgio,
3546 4868 3773 4939 despota

2194 4926 2560 4988 Roxianorum
2610 4936 2725 4992 sive
2770 4939 3161 5011 Razianorum,
3203 4955 3297 5020 qui
3331 4963 3384 5008 et
3418 4954 3616 5024 Servii,
3655 4962 3774 5017 Mue

2191 5031 2360 5075 ratem
2398 5025 2531 5080 bella
2558 5029 2792 5097 gessisse
2833 5034 3080 5103 scripsit.
3114 5041 3357 5098 Annales
3394 5063 3525 5103 vero
3548 5049 3766 5109 Turcici

2189 5114 2411 5168 tradunt
2433 5156 2448 5177 ,
2484 5132 2629 5173 anno
2662 5120 2980 5177 ChriStiano
3016 5127 3149 5182 “27
3183 5130 3454 5189 Lazarum
3485 5139 3769 5211 despotam

2185 5220 2368 5259 senem
2423 5209 2627 5265 ditione
2662 5230 2759 5269 sua
2793 5230 3019 5281 prorsus
3048 5233 3302 5291 exutum,
3357 5229 3635 5301 nihiloque
3666 5240 3771 5290 Ini-

2185 5315 2287 5352 nus
2356 5317 2500 5357 anno
2541 5312 2792 5375 sequenti
2837 5314 3088 5380 proximo
3132 5318 3434 5387 Muratem,
3463 5326 3767 5384 instaurate

2182 5392 2352 5458 bello,
2396 5396 2587 5451 [.azari
2622 5401 2896 5470 regionem
2922 5407 3233 5465 universam
3266 5417 3581 5484 populatum
3614 5434 3760 5477 esse.

2177 5484 2385 5551 Quibus
2420 5506 2485 5543 ex
2538 5494 2715 5549 verbis
2750 5498 2999 5564 equidem
3048 5505 3265 5572 colligo,
3318 5512 3537 5565 nomine
3566 5512 3760 5570 [Λυκίη-ἱ

2174 5579 2321 5631 senis
2376 5581 2600 5652 intelligi
2660 5585 3023 5657 Stephanum,
3068 5593 3261 5649 Lazari
3317 5600 3475 5667 primi
3546 5604 3754 5673 filium,

2173 5683 2331 5737 quem
2379 5672 2613 5730 Murates
2646 5695 2811 5749 regno
2852 5684 3080 5753 ejeecrit
3124 5706 3136 5742 :
3163 5690 3258 5745 sed
3284 5691 3351 5745 ab
3381 5694 3501 5763 ejus
3533 5696 3643 5752 filio
3670 5714 3751 5753 re-

2172 5772 2379 5829 ceptam
2429 5782 2549 5822 mox
2599 5771 2879 5840 ditionem,
2942 5792 2969 5831 a
3032 5778 3235 5837 Muratc
3284 5786 3553 5854 direptam
3599 5804 3745 5852 anno
