  <div class='ocr_page' id='page_1' title='image "/cluster/home/n/w/nwhite01/storage/ocr_20150623/159/mdp.39015015350443/406.png"; bbox 0 0 4204 6300; ppageno 0'>
   <div class='ocr_carea' id='block_1_1' title="bbox 453 329 564 396">
    <p class='ocr_par' dir='ltr' id='par_1_1' title="bbox 453 329 564 396">
     <span class='ocr_line' id='line_1_1' title="bbox 453 329 564 396; baseline -0.045 0"><span class='ocrx_word' id='word_1_1' title='bbox 453 329 564 396; x_wconf 75' lang='grc'><strong>’197</strong></span> 
     </span>
    </p>
   </div>
   <div class='ocr_carea' id='block_1_2' title="bbox 1620 336 2624 399">
    <p class='ocr_par' dir='ltr' id='par_1_2' title="bbox 1620 336 2624 399">
     <span class='ocr_line' id='line_1_2' title="bbox 1620 336 2624 399; baseline -0.001 -2"><span class='ocrx_word' id='word_1_2' title='bbox 1620 336 2023 397; x_wconf 72' lang='lat' dir='ltr'><strong>PANDECTE</strong></span> <span class='ocrx_word' id='word_1_3' title='bbox 2061 339 2266 398; x_wconf 54' lang='lat' dir='ltr'><strong>l&#39;llS&#39;l&#39;.</strong></span> <span class='ocrx_word' id='word_1_4' title='bbox 2311 338 2624 399; x_wconf 78' lang='lat' dir='ltr'><strong>TURCIC.</strong></span> 
     </span>
    </p>
   </div>
   <div class='ocr_carea' id='block_1_3' title="bbox 3627 342 3737 425">
    <p class='ocr_par' dir='ltr' id='par_1_3' title="bbox 3627 342 3737 425">
     <span class='ocr_line' id='line_1_3' title="bbox 3627 342 3737 425; baseline 0.027 -23"><span class='ocrx_word' id='word_1_5' title='bbox 3627 342 3737 425; x_wconf 77' lang='lat'><strong>793</strong></span> 
     </span>
    </p>
   </div>
   <div class='ocr_carea' id='block_1_4' title="bbox 454 448 3734 527">
    <p class='ocr_par' dir='ltr' id='par_1_4' title="bbox 454 448 3734 527">
     <span class='ocr_line' id='line_1_4' title="bbox 454 448 3734 527; baseline 0.002 -25"><span class='ocrx_word' id='word_1_6' title='bbox 454 449 706 520; x_wconf 74' lang='lat' dir='ltr'><strong>proximo</strong></span> <span class='ocrx_word' id='word_1_7' title='bbox 749 450 917 505; x_wconf 90' lang='lat' dir='ltr'><strong>luisse</strong></span> <span class='ocrx_word' id='word_1_8' title='bbox 952 467 965 503; x_wconf 90' lang='lat'><strong>:</strong></span> <span class='ocrx_word' id='word_1_9' title='bbox 1024 448 1295 504; x_wconf 73' lang='lat' dir='ltr'><strong>Lazarum</strong></span> <span class='ocrx_word' id='word_1_10' title='bbox 1347 464 1480 505; x_wconf 90' lang='lat' dir='ltr'><strong>vero</strong></span> <span class='ocrx_word' id='word_1_11' title='bbox 1521 452 1798 522; x_wconf 85' lang='lat' dir='ltr'><strong>juniorem</strong></span> <span class='ocrx_word' id='word_1_12' title='bbox 1857 453 2027 515; x_wconf 89' lang='lat' dir='ltr'><strong>hunc,</strong></span> <span class='ocrx_word' id='word_1_13' title='bbox 2061 457 2110 514; x_wconf 78' lang='grc' dir='ltr'><strong>Α</strong></span> <span class='ocrx_word' id='word_1_14' title='bbox 2140 455 2423 524; x_wconf 87' lang='lat' dir='ltr'><strong>interjecto</strong></span> <span class='ocrx_word' id='word_1_15' title='bbox 2454 454 2724 510; x_wconf 73' lang='lat' dir='ltr'><strong>Romanis</strong></span> <span class='ocrx_word' id='word_1_16' title='bbox 2758 471 2784 509; x_wconf 87' lang='lat' dir='ltr'><strong>a</strong></span> <span class='ocrx_word' id='word_1_17' title='bbox 2807 457 2983 527; x_wconf 84' lang='lat' dir='ltr'><strong>copiis</strong></span> <span class='ocrx_word' id='word_1_18' title='bbox 3009 465 3334 526; x_wconf 68' lang='lat' dir='ltr'><strong>occlqmtum</strong></span> <span class='ocrx_word' id='word_1_19' title='bbox 3364 455 3492 511; x_wconf 80' lang='lat' dir='ltr'><strong>fuit.</strong></span> <span class='ocrx_word' id='word_1_20' title='bbox 3515 454 3734 521; x_wconf 81' lang='lat' dir='ltr'><strong>Quibus</strong></span> 
     </span>
    </p>
   </div>
   <div class='ocr_carea' id='block_1_5' title="bbox 453 543 2032 616">
    <p class='ocr_par' dir='ltr' id='par_1_5' title="bbox 453 543 2032 616">
     <span class='ocr_line' id='line_1_5' title="bbox 453 543 2032 616; baseline 0.001 -17"><span class='ocrx_word' id='word_1_21' title='bbox 453 543 670 616; x_wconf 77' lang='lat' dir='ltr'><strong>Georgii</strong></span> <span class='ocrx_word' id='word_1_22' title='bbox 719 560 914 598; x_wconf 73' lang='lat' dir='ltr'><strong>nomen</strong></span> <span class='ocrx_word' id='word_1_23' title='bbox 956 544 1216 599; x_wconf 71' lang='lat' dir='ltr'><strong>habuisse</strong></span> <span class='ocrx_word' id='word_1_24' title='bbox 1259 544 1521 615; x_wconf 88' lang='lat' dir='ltr'><strong>perspicit</strong></span> <span class='ocrx_word' id='word_1_25' title='bbox 1569 560 1636 600; x_wconf 78' lang='lat' dir='ltr'><strong>ex</strong></span> <span class='ocrx_word' id='word_1_26' title='bbox 1698 546 1893 601; x_wconf 88' lang='lat' dir='ltr'><strong>horum</strong></span> <span class='ocrx_word' id='word_1_27' title='bbox 1934 545 2032 600; x_wconf 85' lang='lat' dir='ltr'><strong>de-</strong></span> 
     </span>
    </p>
   </div>
   <div class='ocr_carea' id='block_1_6' title="bbox 453 637 2033 712">
    <p class='ocr_par' dir='ltr' id='par_1_6' title="bbox 453 637 2033 712">
     <span class='ocr_line' id='line_1_6' title="bbox 453 637 2033 712; baseline 0.001 -23"><span class='ocrx_word' id='word_1_28' title='bbox 453 648 732 706; x_wconf 81' lang='lat' dir='ltr'><strong>spotarum</strong></span> <span class='ocrx_word' id='word_1_29' title='bbox 761 647 1053 694; x_wconf 86' lang='lat' dir='ltr'><strong>stemmate</strong></span> <span class='ocrx_word' id='word_1_30' title='bbox 1101 639 1299 704; x_wconf 90' lang='lat' dir='ltr'><strong>lector,</strong></span> <span class='ocrx_word' id='word_1_31' title='bbox 1349 637 1498 708; x_wconf 87' lang='lat' dir='ltr'><strong>quod</strong></span> <span class='ocrx_word' id='word_1_32' title='bbox 1555 653 1757 712; x_wconf 83' lang='lat' dir='ltr'><strong>supra,</strong></span> <span class='ocrx_word' id='word_1_33' title='bbox 1803 652 2033 694; x_wconf 86' lang='lat' dir='ltr'><strong>numero</strong></span> 
     </span>
    </p>
   </div>
   <div class='ocr_carea' id='block_1_7' title="bbox 455 733 1135 794">
    <p class='ocr_par' dir='ltr' id='par_1_7' title="bbox 455 733 1135 794">
     <span class='ocr_line' id='line_1_7' title="bbox 455 733 1135 794; baseline 0.001 -7"><span class='ocrx_word' id='word_1_34' title='bbox 455 743 705 789; x_wconf 85' lang='lat' dir='ltr'><strong>notarqu</strong></span> <span class='ocrx_word' id='word_1_35' title='bbox 733 733 823 794; x_wconf 68' lang='grc' dir='ltr'><strong>ει.</strong></span> <span class='ocrx_word' id='word_1_36' title='bbox 864 733 1135 788; x_wconf 78' lang='lat' dir='ltr'><strong>dedimus.</strong></span> 
     </span>
    </p>
   </div>
   <div class='ocr_carea' id='block_1_8' title="bbox 735 826 1821 896">
    <p class='ocr_par' dir='ltr' id='par_1_8' title="bbox 735 826 1821 896">
     <span class='ocr_line' id='line_1_8' title="bbox 735 826 1821 896; baseline -0.004 -12"><span class='ocrx_word' id='word_1_37' title='bbox 735 828 824 884; x_wconf 82' lang='lat' dir='ltr'><strong>9i.</strong></span> <span class='ocrx_word' id='word_1_38' title='bbox 847 827 1113 885; x_wconf 56' lang='lat' dir='ltr'><strong>Iuratust.</strong></span> <span class='ocrx_word' id='word_1_39' title='bbox 1146 827 1381 883; x_wconf 77' lang='lat' dir='ltr'><strong>Prainm</strong></span> <span class='ocrx_word' id='word_1_40' title='bbox 1424 837 1474 883; x_wconf 81' lang='lat' dir='ltr'><strong>et</strong></span> <span class='ocrx_word' id='word_1_41' title='bbox 1512 826 1821 896; x_wconf 62' lang='grc' dir='ltr'><strong>κρυ-αἰωρεῖ.</strong></span> 
     </span>
    </p>
   </div>
   <div class='ocr_carea' id='block_1_9' title="bbox 521 919 2038 990">
    <p class='ocr_par' dir='ltr' id='par_1_9' title="bbox 521 919 2038 990">
     <span class='ocr_line' id='line_1_9' title="bbox 521 919 2038 990; baseline 0 -17"><span class='ocrx_word' id='word_1_42' title='bbox 521 924 626 990; x_wconf 77' lang='lat' dir='ltr'><strong>Qui</strong></span> <span class='ocrx_word' id='word_1_43' title='bbox 671 920 870 977; x_wconf 77' lang='lat' dir='ltr'><strong>Turcis</strong></span> <span class='ocrx_word' id='word_1_44' title='bbox 913 919 1153 976; x_wconf 85' lang='lat' dir='ltr'><strong>lbrabim</strong></span> <span class='ocrx_word' id='word_1_45' title='bbox 1185 921 1346 979; x_wconf 82' lang='lat' dir='ltr'><strong>bassa</strong></span> <span class='ocrx_word' id='word_1_46' title='bbox 1366 964 1380 986; x_wconf 89' lang='lat'><strong>,</strong></span> <span class='ocrx_word' id='word_1_47' title='bbox 1407 921 1639 978; x_wconf 80' lang='lat' dir='ltr'><strong>Chelilis</strong></span> <span class='ocrx_word' id='word_1_48' title='bbox 1668 921 1846 976; x_wconf 74' lang='lat' dir='ltr'><strong>bassae</strong></span> <span class='ocrx_word' id='word_1_49' title='bbox 1884 927 2038 986; x_wconf 88' lang='lat' dir='ltr'><strong>pater</strong></span> 
     </span>
    </p>
   </div>
   <div class='ocr_carea' id='block_1_10' title="bbox 456 1011 2040 1082">
    <p class='ocr_par' dir='ltr' id='par_1_10' title="bbox 456 1011 2040 1082">
     <span class='ocr_line' id='line_1_10' title="bbox 456 1011 2040 1082; baseline -0.004 -12"><span class='ocrx_word' id='word_1_50' title='bbox 456 1015 676 1076; x_wconf 86' lang='lat' dir='ltr'><strong>dicitur.</strong></span> <span class='ocrx_word' id='word_1_51' title='bbox 717 1014 960 1070; x_wconf 65' lang='grc' dir='ltr'><strong>ΙΑοηὶίο</strong></span> <span class='ocrx_word' id='word_1_52' title='bbox 989 1012 1233 1070; x_wconf 78' lang='lat' dir='ltr'><strong>Praimes</strong></span> <span class='ocrx_word' id='word_1_53' title='bbox 1262 1024 1367 1082; x_wconf 84' lang='lat' dir='ltr'><strong>est,</strong></span> <span class='ocrx_word' id='word_1_54' title='bbox 1398 1015 1511 1070; x_wconf 86' lang='lat' dir='ltr'><strong>Alis</strong></span> <span class='ocrx_word' id='word_1_55' title='bbox 1542 1014 1690 1072; x_wconf 75' lang='lat' dir='ltr'><strong>ﬁlius</strong></span> <span class='ocrx_word' id='word_1_56' title='bbox 1723 1030 1736 1064; x_wconf 89' lang='lat'>:</span> <span class='ocrx_word' id='word_1_57' title='bbox 1773 1026 1884 1082; x_wconf 92' lang='lat' dir='ltr'><strong>quo</strong></span> <span class='ocrx_word' id='word_1_58' title='bbox 1917 1011 2040 1064; x_wconf 74' lang='lat' dir='ltr'><strong>loco</strong></span> 
     </span>
    </p>
   </div>
   <div class='ocr_carea' id='block_1_11' title="bbox 459 1107 2042 1178">
    <p class='ocr_par' dir='ltr' id='par_1_11' title="bbox 459 1107 2042 1178">
     <span class='ocr_line' id='line_1_11' title="bbox 459 1107 2042 1178; baseline -0.004 -15"><span class='ocrx_word' id='word_1_59' title='bbox 459 1110 662 1165; x_wconf 81' lang='lat' dir='ltr'><strong>notavit</strong></span> <span class='ocrx_word' id='word_1_60' title='bbox 711 1109 780 1164; x_wconf 88' lang='lat' dir='ltr'><strong>ad</strong></span> <span class='ocrx_word' id='word_1_61' title='bbox 809 1107 934 1163; x_wconf 91' lang='lat' dir='ltr'><strong>libri</strong></span> <span class='ocrx_word' id='word_1_62' title='bbox 991 1107 1297 1178; x_wconf 61' lang='lat' dir='ltr'><strong>marginem</strong></span> <span class='ocrx_word' id='word_1_63' title='bbox 1343 1111 1639 1175; x_wconf 87' lang='lat' dir='ltr'><strong>interpres.</strong></span> <span class='ocrx_word' id='word_1_64' title='bbox 1693 1109 1842 1161; x_wconf 86' lang='lat' dir='ltr'><strong>hunc</strong></span> <span class='ocrx_word' id='word_1_65' title='bbox 1883 1117 2042 1159; x_wconf 84' lang='lat' dir='ltr'><strong>eum-</strong></span> 
     </span>
    </p>
   </div>
   <div class='ocr_carea' id='block_1_12' title="bbox 456 1198 2039 1270">
    <p class='ocr_par' dir='ltr' id='par_1_12' title="bbox 456 1198 2039 1270">
     <span class='ocr_line' id='line_1_12' title="bbox 456 1198 2039 1270; baseline -0.003 -15"><span class='ocrx_word' id='word_1_66' title='bbox 456 1205 582 1258; x_wconf 84' lang='lat' dir='ltr'><strong>dem</strong></span> <span class='ocrx_word' id='word_1_67' title='bbox 636 1217 762 1259; x_wconf 82' lang='lat' dir='ltr'><strong>esse</strong></span> <span class='ocrx_word' id='word_1_68' title='bbox 799 1217 924 1258; x_wconf 83' lang='lat' dir='ltr'><strong>cum</strong></span> <span class='ocrx_word' id='word_1_69' title='bbox 972 1201 1373 1270; x_wconf 63' lang='lat' dir='ltr'><strong>Cbaiambego,</strong></span> <span class='ocrx_word' id='word_1_70' title='bbox 1401 1201 1458 1256; x_wconf 89' lang='lat' dir='ltr'><strong>in</strong></span> <span class='ocrx_word' id='word_1_71' title='bbox 1499 1215 1610 1270; x_wconf 85' lang='lat' dir='ltr'><strong>quo</strong></span> <span class='ocrx_word' id='word_1_72' title='bbox 1648 1215 1780 1254; x_wconf 86' lang='lat' dir='ltr'><strong>sane</strong></span> <span class='ocrx_word' id='word_1_73' title='bbox 1806 1198 2039 1254; x_wconf 77' lang='lat' dir='ltr'><strong>fallitur.</strong></span> 
     </span>
    </p>
   </div>
   <div class='ocr_carea' id='block_1_13' title="bbox 459 1289 2045 1364">
    <p class='ocr_par' dir='ltr' id='par_1_13' title="bbox 459 1289 2045 1364">
     <span class='ocr_line' id='line_1_13' title="bbox 459 1289 2045 1364; baseline -0.005 -16"><span class='ocrx_word' id='word_1_74' title='bbox 459 1295 598 1350; x_wconf 83' lang='lat' dir='ltr'><strong>Nam</strong></span> <span class='ocrx_word' id='word_1_75' title='bbox 643 1295 730 1350; x_wconf 78' lang='lat' dir='ltr'><strong>hic</strong></span> <span class='ocrx_word' id='word_1_76' title='bbox 774 1293 1176 1364; x_wconf 72' lang='lat' dir='ltr'><strong>Chaiambegus</strong></span> <span class='ocrx_word' id='word_1_77' title='bbox 1221 1294 1560 1362; x_wconf 87' lang='lat' dir='ltr'><strong>interpretis.</strong></span> <span class='ocrx_word' id='word_1_78' title='bbox 1603 1289 1845 1347; x_wconf 82' lang='lat' dir='ltr'><strong>Laonlco</strong></span> <span class='ocrx_word' id='word_1_79' title='bbox 1900 1289 2045 1346; x_wconf 85' lang='lat' dir='ltr'><strong>libro</strong></span> 
     </span>
    </p>
   </div>
   <div class='ocr_carea' id='block_1_14' title="bbox 460 1381 2046 1450">
    <p class='ocr_par' dir='ltr' id='par_1_14' title="bbox 460 1381 2046 1450">
     <span class='ocr_line' id='line_1_14' title="bbox 460 1381 2046 1450; baseline -0.004 -5"><span class='ocrx_word' id='word_1_80' title='bbox 460 1395 618 1445; x_wconf 76' lang='lat' dir='ltr'><strong>sexto</strong></span> <span class='ocrx_word' id='word_1_81' title='bbox 657 1387 956 1442; x_wconf 82' lang='lat' dir='ltr'><strong>Carambes</strong></span> <span class='ocrx_word' id='word_1_82' title='bbox 984 1387 1206 1450; x_wconf 81' lang='lat' dir='ltr'><strong>dicitur,</strong></span> <span class='ocrx_word' id='word_1_83' title='bbox 1241 1385 1445 1441; x_wconf 80' lang='lat' dir='ltr'><strong>Priami</strong></span> <span class='ocrx_word' id='word_1_84' title='bbox 1474 1383 1640 1450; x_wconf 76' lang='lat' dir='ltr'><strong>illius,</strong></span> <span class='ocrx_word' id='word_1_85' title='bbox 1672 1381 1901 1442; x_wconf 83' lang='lat' dir='ltr'><strong>Cbelilis</strong></span> <span class='ocrx_word' id='word_1_86' title='bbox 1933 1382 2046 1438; x_wconf 54' lang='lat' dir='ltr'><strong>ira-</strong></span> 
     </span>
    </p>
   </div>
   <div class='ocr_carea' id='block_1_15' title="bbox 460 1479 2046 1548">
    <p class='ocr_par' dir='ltr' id='par_1_15' title="bbox 460 1479 2046 1548">
     <span class='ocr_line' id='line_1_15' title="bbox 460 1479 2046 1548; baseline -0.004 -13"><span class='ocrx_word' id='word_1_87' title='bbox 460 1495 563 1540; x_wconf 80' lang='lat' dir='ltr'><strong>ter.</strong></span> <span class='ocrx_word' id='word_1_88' title='bbox 616 1481 719 1537; x_wconf 81' lang='lat' dir='ltr'><strong>tibi</strong></span> <span class='ocrx_word' id='word_1_89' title='bbox 752 1490 903 1548; x_wconf 87' lang='lat' dir='ltr'><strong>uota,</strong></span> <span class='ocrx_word' id='word_1_90' title='bbox 953 1481 1232 1538; x_wconf 79' lang='lat' dir='ltr'><strong>Priamum</strong></span> <span class='ocrx_word' id='word_1_91' title='bbox 1283 1479 1462 1535; x_wconf 81' lang='lat' dir='ltr'><strong>vocari</strong></span> <span class='ocrx_word' id='word_1_92' title='bbox 1506 1480 1730 1533; x_wconf 81' lang='lat' dir='ltr'><strong>nomine</strong></span> <span class='ocrx_word' id='word_1_93' title='bbox 1761 1484 2046 1542; x_wconf 85' lang='lat' dir='ltr'><strong>corrupto,</strong></span> 
     </span>
    </p>
   </div>
   <div class='ocr_carea' id='block_1_16' title="bbox 462 1565 2046 1645">
    <p class='ocr_par' dir='ltr' id='par_1_16' title="bbox 462 1565 2046 1645">
     <span class='ocr_line' id='line_1_16' title="bbox 462 1565 2046 1645; baseline -0.005 -15"><span class='ocrx_word' id='word_1_94' title='bbox 462 1576 587 1632; x_wconf 84' lang='lat' dir='ltr'><strong>loco</strong></span> <span class='ocrx_word' id='word_1_95' title='bbox 615 1576 872 1635; x_wconf 84' lang='lat' dir='ltr'><strong>Praimis.</strong></span> <span class='ocrx_word' id='word_1_96' title='bbox 907 1591 1070 1645; x_wconf 91' lang='lat' dir='ltr'><strong>quem</strong></span> <span class='ocrx_word' id='word_1_97' title='bbox 1104 1573 1284 1632; x_wconf 69' lang='grc' dir='ltr'><strong>αι’ιοί</strong></span> <span class='ocrx_word' id='word_1_98' title='bbox 1322 1572 1638 1643; x_wconf 70' lang='grc' dir='ltr'><strong>Μρηίωοιη</strong></span> <span class='ocrx_word' id='word_1_99' title='bbox 1667 1569 1940 1629; x_wconf 81' lang='lat' dir='ltr'><strong>scribunt.</strong></span> <span class='ocrx_word' id='word_1_100' title='bbox 1975 1565 2046 1622; x_wconf 88' lang='lat' dir='ltr'><strong>ob</strong></span> 
     </span>
    </p>
   </div>
   <div class='ocr_carea' id='block_1_17' title="bbox 462 1658 2045 1738">
    <p class='ocr_par' dir='ltr' id='par_1_17' title="bbox 462 1658 2045 1738">
     <span class='ocr_line' id='line_1_17' title="bbox 462 1658 2045 1738; baseline -0.004 -14"><span class='ocrx_word' id='word_1_101' title='bbox 462 1668 737 1724; x_wconf 73' lang='lat' dir='ltr'><strong>difﬁcilem</strong></span> <span class='ocrx_word' id='word_1_102' title='bbox 782 1669 918 1737; x_wconf 81' lang='lat' dir='ltr'><strong>ipsis</strong></span> <span class='ocrx_word' id='word_1_103' title='bbox 954 1667 1462 1738; x_wconf 79' lang='lat' dir='ltr'><strong>pronuntiationem</strong></span> <span class='ocrx_word' id='word_1_104' title='bbox 1513 1664 1708 1720; x_wconf 67' lang='lat' dir='ltr'><strong>litterae</strong></span> <span class='ocrx_word' id='word_1_105' title='bbox 1740 1673 1946 1716; x_wconf 74' lang='lat' dir='ltr'><strong>nostra:</strong></span> <span class='ocrx_word' id='word_1_106' title='bbox 1983 1658 2045 1719; x_wconf 86' lang='grc' dir='ltr'><strong>Β.</strong></span> 
     </span>
    </p>
   </div>
   <div class='ocr_carea' id='block_1_18' title="bbox 464 1755 2044 1834">
    <p class='ocr_par' dir='ltr' id='par_1_18' title="bbox 464 1755 2044 1834">
     <span class='ocr_line' id='line_1_18' title="bbox 464 1755 2044 1834; baseline -0.007 -17"><span class='ocrx_word' id='word_1_107' title='bbox 464 1777 565 1828; x_wconf 85' lang='lat' dir='ltr'><strong>pro</strong></span> <span class='ocrx_word' id='word_1_108' title='bbox 598 1779 704 1834; x_wconf 87' lang='lat' dir='ltr'><strong>qua</strong></span> <span class='ocrx_word' id='word_1_109' title='bbox 735 1759 828 1816; x_wconf 71' lang='grc' dir='ltr'><strong>ΜΡ</strong></span> <span class='ocrx_word' id='word_1_110' title='bbox 857 1771 1069 1832; x_wconf 69' lang='lat' dir='ltr'><strong>poliunt</strong></span> <span class='ocrx_word' id='word_1_111' title='bbox 1101 1777 1116 1817; x_wconf 89' lang='lat'><strong>:</strong></span> <span class='ocrx_word' id='word_1_112' title='bbox 1160 1771 1219 1815; x_wconf 91' lang='lat' dir='ltr'><strong>ut</strong></span> <span class='ocrx_word' id='word_1_113' title='bbox 1249 1759 1582 1828; x_wconf 60' lang='lat' dir='ltr'><strong>Ilpajasires.</strong></span> <span class='ocrx_word' id='word_1_114' title='bbox 1619 1773 1719 1825; x_wconf 83' lang='lat' dir='ltr'><strong>pro</strong></span> <span class='ocrx_word' id='word_1_115' title='bbox 1742 1755 2044 1824; x_wconf 68' lang='lat' dir='ltr'><strong>Bajaz‘tes;</strong></span> 
     </span>
    </p>
   </div>
   <div class='ocr_carea' id='block_1_19' title="bbox 461 1825 2117 1926">
    <p class='ocr_par' dir='ltr' id='par_1_19' title="bbox 461 1825 2117 1926">
     <span class='ocr_line' id='line_1_19' title="bbox 461 1825 2117 1926; baseline -0.004 -18"><span class='ocrx_word' id='word_1_116' title='bbox 461 1825 818 1926; x_wconf 43' lang='lat' dir='ltr'><strong>temperans,</strong></span> <span class='ocrx_word' id='word_1_117' title='bbox 859 1825 962 1925; x_wconf 70' lang='lat' dir='ltr'><strong>pro</strong></span> <span class='ocrx_word' id='word_1_118' title='bbox 1013 1825 1326 1911; x_wconf 57' lang='grc' dir='ltr'><strong>Βοῢρινωεξ</strong></span> <span class='ocrx_word' id='word_1_119' title='bbox 1366 1851 1684 1922; x_wconf 73' lang='lat' dir='ltr'><strong>Mpiperlus,</strong></span> <span class='ocrx_word' id='word_1_120' title='bbox 1734 1864 1836 1920; x_wconf 89' lang='lat' dir='ltr'><strong>pro</strong></span> <span class='ocrx_word' id='word_1_121' title='bbox 1882 1847 2044 1902; x_wconf 55' lang='lat' dir='ltr'><strong>Bibe.</strong></span> <span class='ocrx_word' id='word_1_122' title='bbox 2071 1825 2117 1881; x_wconf 63' lang='grc' dir='ltr'><strong><em>Β</em></strong></span> 
     </span>
    </p>
   </div>
   <div class='ocr_carea' id='block_1_20' title="bbox 465 1938 2043 2017">
    <p class='ocr_par' dir='ltr' id='par_1_20' title="bbox 465 1938 2043 2017">
     <span class='ocr_line' id='line_1_20' title="bbox 465 1938 2043 2017; baseline -0.007 -16"><span class='ocrx_word' id='word_1_123' title='bbox 465 1945 603 2012; x_wconf 79' lang='lat' dir='ltr'><strong>rius,</strong></span> <span class='ocrx_word' id='word_1_124' title='bbox 659 1945 986 2017; x_wconf 67' lang='lat' dir='ltr'><strong>cognomine</strong></span> <span class='ocrx_word' id='word_1_125' title='bbox 1023 1944 1229 2000; x_wconf 81' lang='lat' dir='ltr'><strong>Tiberii</strong></span> <span class='ocrx_word' id='word_1_126' title='bbox 1270 1961 1286 2008; x_wconf 84' lang='lat'><strong>;</strong></span> <span class='ocrx_word' id='word_1_127' title='bbox 1322 1942 1610 2013; x_wconf 85' lang='lat' dir='ltr'><strong>Ilpajulus,</strong></span> <span class='ocrx_word' id='word_1_128' title='bbox 1661 1954 1762 2010; x_wconf 89' lang='lat' dir='ltr'><strong>pro</strong></span> <span class='ocrx_word' id='word_1_129' title='bbox 1807 1938 2043 2010; x_wconf 74' lang='lat' dir='ltr'><strong>Bajulo:</strong></span> 
     </span>
    </p>
   </div>
   <div class='ocr_carea' id='block_1_21' title="bbox 463 2031 2043 2115">
    <p class='ocr_par' dir='ltr' id='par_1_21' title="bbox 463 2031 2043 2115">
     <span class='ocr_line' id='line_1_21' title="bbox 463 2031 2043 2115; baseline -0.009 -17"><span class='ocrx_word' id='word_1_130' title='bbox 463 2057 587 2113; x_wconf 64' lang='lat' dir='ltr'><strong>qua</strong></span> <span class='ocrx_word' id='word_1_131' title='bbox 629 2040 938 2115; x_wconf 80' lang='lat' dir='ltr'><strong>posteriora</strong></span> <span class='ocrx_word' id='word_1_132' title='bbox 1001 2039 1113 2098; x_wconf 86' lang='lat' dir='ltr'><strong>duo</strong></span> <span class='ocrx_word' id='word_1_133' title='bbox 1141 2037 1496 2109; x_wconf 82' lang='lat' dir='ltr'><strong>reperiuntur</strong></span> <span class='ocrx_word' id='word_1_134' title='bbox 1543 2033 1690 2105; x_wconf 82' lang='lat' dir='ltr'><strong>apud</strong></span> <span class='ocrx_word' id='word_1_135' title='bbox 1744 2031 2043 2089; x_wconf 82' lang='lat' dir='ltr'><strong>Cedrinum</strong></span> 
     </span>
    </p>
   </div>
   <div class='ocr_carea' id='block_1_22' title="bbox 466 2125 2044 2208">
    <p class='ocr_par' dir='ltr' id='par_1_22' title="bbox 466 2125 2044 2208">
     <span class='ocr_line' id='line_1_22' title="bbox 466 2125 2044 2208; baseline -0.007 -18"><span class='ocrx_word' id='word_1_136' title='bbox 466 2135 866 2208; x_wconf 72' lang='lat' dir='ltr'><strong>ctGregoram.</strong></span> <span class='ocrx_word' id='word_1_137' title='bbox 921 2131 1195 2190; x_wconf 84' lang='lat' dir='ltr'><strong>Laouicus</strong></span> <span class='ocrx_word' id='word_1_138' title='bbox 1242 2133 1385 2186; x_wconf 88' lang='lat' dir='ltr'><strong>libro</strong></span> <span class='ocrx_word' id='word_1_139' title='bbox 1428 2127 1626 2184; x_wconf 81' lang='lat' dir='ltr'><strong>deinde</strong></span> <span class='ocrx_word' id='word_1_140' title='bbox 1649 2135 1852 2184; x_wconf 82' lang='lat' dir='ltr'><strong>octavo</strong></span> <span class='ocrx_word' id='word_1_141' title='bbox 1878 2125 2044 2179; x_wconf 69' lang='lat' dir='ltr'><strong>etiam</strong></span> 
     </span>
    </p>
   </div>
   <div class='ocr_carea' id='block_1_23' title="bbox 467 2217 2048 2299">
    <p class='ocr_par' dir='ltr' id='par_1_23' title="bbox 467 2217 2048 2299">
     <span class='ocr_line' id='line_1_23' title="bbox 467 2217 2048 2299; baseline -0.009 -13"><span class='ocrx_word' id='word_1_142' title='bbox 467 2231 758 2295; x_wconf 69' lang='lat' dir='ltr'><strong>l‘reimem,</strong></span> <span class='ocrx_word' id='word_1_143' title='bbox 815 2229 931 2285; x_wconf 85' lang='lat' dir='ltr'><strong>sive</strong></span> <span class='ocrx_word' id='word_1_144' title='bbox 980 2226 1184 2284; x_wconf 83' lang='lat' dir='ltr'><strong>rectius</strong></span> <span class='ocrx_word' id='word_1_145' title='bbox 1235 2225 1549 2299; x_wconf 71' lang='lat' dir='ltr'><strong>lpreimem</strong></span> <span class='ocrx_word' id='word_1_146' title='bbox 1601 2220 1762 2278; x_wconf 78' lang='lat' dir='ltr'><strong>dixit.</strong></span> <span class='ocrx_word' id='word_1_147' title='bbox 1803 2217 2048 2276; x_wconf 42' lang='lat' dir='ltr'><strong>EtGm‘</strong></span> 
     </span>
    </p>
   </div>
   <div class='ocr_carea' id='block_1_24' title="bbox 465 2309 2044 2388">
    <p class='ocr_par' dir='ltr' id='par_1_24' title="bbox 465 2309 2044 2388">
     <span class='ocr_line' id='line_1_24' title="bbox 465 2309 2044 2388; baseline -0.009 -9"><span class='ocrx_word' id='word_1_148' title='bbox 465 2342 590 2380; x_wconf 87' lang='lat' dir='ltr'><strong>cum</strong></span> <span class='ocrx_word' id='word_1_149' title='bbox 642 2324 906 2388; x_wconf 84' lang='lat' dir='ltr'><strong>Praimes,</strong></span> <span class='ocrx_word' id='word_1_150' title='bbox 967 2321 1085 2378; x_wconf 82' lang='lat' dir='ltr'><strong>sive</strong></span> <span class='ocrx_word' id='word_1_151' title='bbox 1137 2318 1403 2385; x_wconf 78' lang='lat' dir='ltr'><strong>Prei-ues,</strong></span> <span class='ocrx_word' id='word_1_152' title='bbox 1456 2309 2044 2378; x_wconf 78' lang='lat' dir='ltr'><strong>Tureicumlbrahim,</strong></span> 
     </span>
    </p>
   </div>
   <div class='ocr_carea' id='block_1_25' title="bbox 468 2411 1455 2476">
    <p class='ocr_par' dir='ltr' id='par_1_25' title="bbox 468 2411 1455 2476">
     <span class='ocr_line' id='line_1_25' title="bbox 468 2411 1455 2476; baseline -0.008 -2"><span class='ocrx_word' id='word_1_153' title='bbox 468 2419 610 2476; x_wconf 73' lang='lat' dir='ltr'><strong>facta</strong></span> <span class='ocrx_word' id='word_1_154' title='bbox 637 2425 766 2474; x_wconf 87' lang='lat' dir='ltr'><strong>sunt</strong></span> <span class='ocrx_word' id='word_1_155' title='bbox 802 2431 867 2472; x_wconf 75' lang='lat' dir='ltr'><strong>ex</strong></span> <span class='ocrx_word' id='word_1_156' title='bbox 901 2415 1128 2472; x_wconf 67' lang='lat' dir='ltr'><strong>Hebraeo</strong></span> <span class='ocrx_word' id='word_1_157' title='bbox 1157 2411 1455 2469; x_wconf 76' lang='lat' dir='ltr'><strong>Abraham.</strong></span> 
     </span>
    </p>
   </div>
   <div class='ocr_carea' id='block_1_26' title="bbox 634 2503 1860 2583">
    <p class='ocr_par' dir='ltr' id='par_1_26' title="bbox 634 2503 1860 2583">
     <span class='ocr_line' id='line_1_26' title="bbox 634 2503 1860 2583; baseline -0.011 -16"><span class='ocrx_word' id='word_1_158' title='bbox 634 2508 796 2583; x_wconf 65' lang='grc' dir='ltr'><strong>ωε</strong></span> <span class='ocrx_word' id='word_1_159' title='bbox 829 2508 921 2564; x_wconf 69' lang='lat'><strong>92.</strong></span> <span class='ocrx_word' id='word_1_160' title='bbox 962 2505 1194 2564; x_wconf 63' lang='lat' dir='ltr'><strong>Iuram</strong></span> <span class='ocrx_word' id='word_1_161' title='bbox 1234 2503 1548 2562; x_wconf 70' lang='lat' dir='ltr'><strong>Saloninus</strong></span> <span class='ocrx_word' id='word_1_162' title='bbox 1570 2505 1860 2571; x_wconf 68' lang='lat' dir='ltr'><strong>expugnet.</strong></span> 
     </span>
    </p>
   </div>
   <div class='ocr_carea' id='block_1_27' title="bbox 542 2611 2050 2695">
    <p class='ocr_par' dir='ltr' id='par_1_27' title="bbox 542 2611 2050 2695">
     <span class='ocr_line' id='line_1_27' title="bbox 542 2611 2050 2695; baseline -0.009 -14"><span class='ocrx_word' id='word_1_163' title='bbox 542 2626 784 2681; x_wconf 83' lang='lat' dir='ltr'><strong>Annales</strong></span> <span class='ocrx_word' id='word_1_164' title='bbox 817 2623 868 2678; x_wconf 86' lang='lat' dir='ltr'><strong>bi</strong></span> <span class='ocrx_word' id='word_1_165' title='bbox 898 2621 1120 2695; x_wconf 85' lang='lat' dir='ltr'><strong>quidem</strong></span> <span class='ocrx_word' id='word_1_166' title='bbox 1154 2636 1262 2677; x_wconf 84' lang='lat' dir='ltr'><strong>non</strong></span> <span class='ocrx_word' id='word_1_167' title='bbox 1284 2619 1552 2684; x_wconf 87' lang='lat' dir='ltr'><strong>indicant,</strong></span> <span class='ocrx_word' id='word_1_168' title='bbox 1595 2616 1817 2672; x_wconf 86' lang='lat' dir='ltr'><strong>cuinam</strong></span> <span class='ocrx_word' id='word_1_169' title='bbox 1873 2611 2050 2668; x_wconf 70' lang='lat' dir='ltr'><strong>Itura-</strong></span> 
     </span>
    </p>
   </div>
   <div class='ocr_carea' id='block_1_28' title="bbox 471 2706 2050 2776">
    <p class='ocr_par' dir='ltr' id='par_1_28' title="bbox 471 2706 2050 2776">
     <span class='ocr_line' id='line_1_28' title="bbox 471 2706 2050 2776; baseline -0.006 -3"><span class='ocrx_word' id='word_1_170' title='bbox 471 2729 553 2776; x_wconf 80' lang='lat' dir='ltr'><strong>tes</strong></span> <span class='ocrx_word' id='word_1_171' title='bbox 604 2716 915 2774; x_wconf 84' lang='lat' dir='ltr'><strong>Salonicam</strong></span> <span class='ocrx_word' id='word_1_172' title='bbox 960 2716 1078 2772; x_wconf 82' lang='lat' dir='ltr'><strong>sive</strong></span> <span class='ocrx_word' id='word_1_173' title='bbox 1121 2713 1570 2771; x_wconf 68' lang='lat' dir='ltr'><strong>Thessalonicam</strong></span> <span class='ocrx_word' id='word_1_174' title='bbox 1607 2707 1917 2767; x_wconf 83' lang='lat' dir='ltr'><strong>ademerit:</strong></span> <span class='ocrx_word' id='word_1_175' title='bbox 1951 2706 2050 2763; x_wconf 82' lang='lat' dir='ltr'><strong>sed</strong></span> 
     </span>
    </p>
   </div>
   <div class='ocr_carea' id='block_1_29' title="bbox 471 2801 2052 2870">
    <p class='ocr_par' dir='ltr' id='par_1_29' title="bbox 471 2801 2052 2870">
     <span class='ocr_line' id='line_1_29' title="bbox 471 2801 2052 2870; baseline -0.008 -4"><span class='ocrx_word' id='word_1_176' title='bbox 471 2830 558 2870; x_wconf 80' lang='lat' dir='ltr'><strong>res</strong></span> <span class='ocrx_word' id='word_1_177' title='bbox 583 2814 664 2870; x_wconf 92' lang='lat' dir='ltr'><strong>sic</strong></span> <span class='ocrx_word' id='word_1_178' title='bbox 692 2813 877 2868; x_wconf 80' lang='lat' dir='ltr'><strong>habet.</strong></span> <span class='ocrx_word' id='word_1_179' title='bbox 909 2812 1062 2866; x_wconf 82' lang='lat' dir='ltr'><strong>Anno</strong></span> <span class='ocrx_word' id='word_1_180' title='bbox 1088 2807 1406 2865; x_wconf 82' lang='lat' dir='ltr'><strong>Christiano</strong></span> <span class='ocrx_word' id='word_1_181' title='bbox 1445 2805 1588 2864; x_wconf 64' lang='grc'><strong>1435</strong></span> <span class='ocrx_word' id='word_1_182' title='bbox 1638 2801 1938 2862; x_wconf 64' lang='lat' dir='ltr'><strong>Thessalia</strong></span> <span class='ocrx_word' id='word_1_183' title='bbox 1967 2801 2052 2857; x_wconf 58' lang='lat' dir='ltr'><strong>civ</strong></span> 
     </span>
    </p>
   </div>
   <div class='ocr_carea' id='block_1_30' title="bbox 469 2891 2054 2978">
    <p class='ocr_par' dir='ltr' id='par_1_30' title="bbox 469 2891 2054 2978">
     <span class='ocr_line' id='line_1_30' title="bbox 469 2891 2054 2978; baseline -0.007 -19"><span class='ocrx_word' id='word_1_184' title='bbox 469 2918 612 2965; x_wconf 68' lang='lat' dir='ltr'><strong>mtas</strong></span> <span class='ocrx_word' id='word_1_185' title='bbox 642 2904 1034 2961; x_wconf 74' lang='lat' dir='ltr'><strong>Thessalonica</strong></span> <span class='ocrx_word' id='word_1_186' title='bbox 1059 2901 1282 2958; x_wconf 85' lang='lat' dir='ltr'><strong>vendita</strong></span> <span class='ocrx_word' id='word_1_187' title='bbox 1330 2899 1648 2978; x_wconf 58' lang='lat' dir='ltr'><strong>reipublic:</strong></span> <span class='ocrx_word' id='word_1_188' title='bbox 1677 2893 1899 2952; x_wconf 64' lang='lat' dir='ltr'><strong>Veneta</strong></span> <span class='ocrx_word' id='word_1_189' title='bbox 1947 2891 2054 2948; x_wconf 89' lang='lat' dir='ltr'><strong>l‘uit</strong></span> 
     </span>
    </p>
   </div>
   <div class='ocr_carea' id='block_1_31' title="bbox 469 2988 2054 3065">
    <p class='ocr_par' dir='ltr' id='par_1_31' title="bbox 469 2988 2054 3065">
     <span class='ocr_line' id='line_1_31' title="bbox 469 2988 2054 3065; baseline -0.009 -10"><span class='ocrx_word' id='word_1_190' title='bbox 469 3003 539 3057; x_wconf 83' lang='lat' dir='ltr'><strong>ab</strong></span> <span class='ocrx_word' id='word_1_191' title='bbox 585 3001 904 3054; x_wconf 78' lang='lat' dir='ltr'><strong>Andronico</strong></span> <span class='ocrx_word' id='word_1_192' title='bbox 980 2995 1310 3065; x_wconf 65' lang='lat' dir='ltr'><strong>Palmologo,</strong></span> <span class='ocrx_word' id='word_1_193' title='bbox 1384 2991 1656 3048; x_wconf 80' lang='lat' dir='ltr'><strong>Manuelis</strong></span> <span class='ocrx_word' id='word_1_194' title='bbox 1706 2988 2054 3059; x_wconf 77' lang='lat' dir='ltr'><strong>imperatoris</strong></span> 
     </span>
    </p>
   </div>
   <div class='ocr_carea' id='block_1_32' title="bbox 469 3080 2051 3162">
    <p class='ocr_par' dir='ltr' id='par_1_32' title="bbox 469 3080 2051 3162">
     <span class='ocr_line' id='line_1_32' title="bbox 469 3080 2051 3162; baseline -0.015 -8"><span class='ocrx_word' id='word_1_195' title='bbox 469 3095 787 3154; x_wconf 70' lang='lat' dir='ltr'><strong>Graecorum</strong></span> <span class='ocrx_word' id='word_1_196' title='bbox 834 3090 1252 3162; x_wconf 85' lang='lat' dir='ltr'><strong>antepenultimi</strong></span> <span class='ocrx_word' id='word_1_197' title='bbox 1289 3087 1424 3154; x_wconf 87' lang='lat' dir='ltr'><strong>tilio,</strong></span> <span class='ocrx_word' id='word_1_198' title='bbox 1473 3082 1764 3158; x_wconf 86' lang='lat' dir='ltr'><strong>penultimi</strong></span> <span class='ocrx_word' id='word_1_199' title='bbox 1797 3080 2051 3146; x_wconf 77' lang='lat' dir='ltr'><strong>Joannis,</strong></span> 
     </span>
    </p>
   </div>
   <div class='ocr_carea' id='block_1_33' title="bbox 470 3169 2124 3249">
    <p class='ocr_par' dir='ltr' id='par_1_33' title="bbox 470 3169 2124 3249">
     <span class='ocr_line' id='line_1_33' title="bbox 470 3169 2124 3249; baseline -0.009 -5"><span class='ocrx_word' id='word_1_200' title='bbox 470 3197 525 3244; x_wconf 88' lang='lat' dir='ltr'><strong>et</strong></span> <span class='ocrx_word' id='word_1_201' title='bbox 555 3188 730 3244; x_wconf 88' lang='lat' dir='ltr'><strong>ultimi</strong></span> <span class='ocrx_word' id='word_1_202' title='bbox 785 3185 1145 3242; x_wconf 79' lang='lat' dir='ltr'><strong>Constantini</strong></span> <span class='ocrx_word' id='word_1_203' title='bbox 1177 3182 1357 3239; x_wconf 75' lang='lat' dir='ltr'><strong>fratre</strong></span> <span class='ocrx_word' id='word_1_204' title='bbox 1413 3197 1429 3237; x_wconf 89' lang='lat'><strong>:</strong></span> <span class='ocrx_word' id='word_1_205' title='bbox 1461 3179 1555 3237; x_wconf 88' lang='lat' dir='ltr'><strong>cui</strong></span> <span class='ocrx_word' id='word_1_206' title='bbox 1610 3180 1731 3249; x_wconf 72' lang='lat' dir='ltr'><strong>lege</strong></span> <span class='ocrx_word' id='word_1_207' title='bbox 1766 3183 2049 3249; x_wconf 86' lang='lat' dir='ltr'><strong>permuta-</strong></span> <span class='ocrx_word' id='word_1_208' title='bbox 2075 3169 2124 3229; x_wconf 76' lang='grc' dir='ltr'><strong>ο</strong></span> 
     </span>
    </p>
   </div>
   <div class='ocr_carea' id='block_1_34' title="bbox 477 3272 2057 3349">
    <p class='ocr_par' dir='ltr' id='par_1_34' title="bbox 477 3272 2057 3349">
     <span class='ocr_line' id='line_1_34' title="bbox 477 3272 2057 3349; baseline -0.01 -13"><span class='ocrx_word' id='word_1_209' title='bbox 477 3282 666 3349; x_wconf 74' lang='lat' dir='ltr'><strong>tionis,</strong></span> <span class='ocrx_word' id='word_1_210' title='bbox 700 3279 869 3338; x_wconf 87' lang='lat' dir='ltr'><strong>annui</strong></span> <span class='ocrx_word' id='word_1_211' title='bbox 903 3278 1112 3335; x_wconf 88' lang='lat' dir='ltr'><strong>reditus</strong></span> <span class='ocrx_word' id='word_1_212' title='bbox 1147 3275 1387 3333; x_wconf 82' lang='lat' dir='ltr'><strong>civitatis</strong></span> <span class='ocrx_word' id='word_1_213' title='bbox 1415 3272 1723 3330; x_wconf 79' lang='lat' dir='ltr'><strong>Tarvisina:</strong></span> <span class='ocrx_word' id='word_1_214' title='bbox 1742 3276 2057 3327; x_wconf 78' lang='lat' dir='ltr'><strong>cesserunt.</strong></span> 
     </span>
    </p>
   </div>
   <div class='ocr_carea' id='block_1_35' title="bbox 474 3355 2058 3431">
    <p class='ocr_par' dir='ltr' id='par_1_35' title="bbox 474 3355 2058 3431">
     <span class='ocr_line' id='line_1_35' title="bbox 474 3355 2058 3431; baseline -0.013 0"><span class='ocrx_word' id='word_1_215' title='bbox 474 3373 580 3431; x_wconf 77' lang='lat' dir='ltr'><strong>Sed</strong></span> <span class='ocrx_word' id='word_1_216' title='bbox 618 3385 873 3430; x_wconf 86' lang='lat' dir='ltr'><strong>mortuus</strong></span> <span class='ocrx_word' id='word_1_217' title='bbox 905 3370 1010 3426; x_wconf 80' lang='lat' dir='ltr'><strong>fuit</strong></span> <span class='ocrx_word' id='word_1_218' title='bbox 1040 3367 1394 3424; x_wconf 77' lang='lat' dir='ltr'><strong>Andronicus</strong></span> <span class='ocrx_word' id='word_1_219' title='bbox 1443 3365 1499 3420; x_wconf 88' lang='lat' dir='ltr'><strong>in</strong></span> <span class='ocrx_word' id='word_1_220' title='bbox 1535 3363 1751 3422; x_wconf 87' lang='lat' dir='ltr'><strong>itinere,</strong></span> <span class='ocrx_word' id='word_1_221' title='bbox 1792 3361 1923 3416; x_wconf 89' lang='lat' dir='ltr'><strong>dum</strong></span> <span class='ocrx_word' id='word_1_222' title='bbox 1953 3355 2058 3412; x_wconf 77' lang='lat' dir='ltr'><strong>Ve-</strong></span> 
     </span>
    </p>
   </div>
   <div class='ocr_carea' id='block_1_36' title="bbox 477 3451 2061 3537">
    <p class='ocr_par' dir='ltr' id='par_1_36' title="bbox 477 3451 2061 3537">
     <span class='ocr_line' id='line_1_36' title="bbox 477 3451 2061 3537; baseline -0.011 -12"><span class='ocrx_word' id='word_1_223' title='bbox 477 3469 657 3527; x_wconf 87' lang='lat' dir='ltr'><strong>netias</strong></span> <span class='ocrx_word' id='word_1_224' title='bbox 684 3461 986 3537; x_wconf 74' lang='lat' dir='ltr'><strong>u&#39;avigaret.</strong></span> <span class='ocrx_word' id='word_1_225' title='bbox 1023 3454 1219 3520; x_wconf 50' lang='lat' dir='ltr'><strong>Nihilo‘</strong></span> <span class='ocrx_word' id='word_1_226' title='bbox 1257 3461 1440 3516; x_wconf 86' lang='lat' dir='ltr'><strong>minus</strong></span> <span class='ocrx_word' id='word_1_227' title='bbox 1467 3457 1606 3514; x_wconf 87' lang='lat' dir='ltr'><strong>urbe</strong></span> <span class='ocrx_word' id='word_1_228' title='bbox 1642 3457 1798 3526; x_wconf 87' lang='lat' dir='ltr'><strong>potiti</strong></span> <span class='ocrx_word' id='word_1_229' title='bbox 1843 3451 2061 3518; x_wconf 73' lang='lat' dir='ltr'><strong>Veneti,</strong></span> 
     </span>
    </p>
   </div>
   <div class='ocr_carea' id='block_1_37' title="bbox 476 3544 2062 3627">
    <p class='ocr_par' dir='ltr' id='par_1_37' title="bbox 476 3544 2062 3627">
     <span class='ocr_line' id='line_1_37' title="bbox 476 3544 2062 3627; baseline -0.013 -7"><span class='ocrx_word' id='word_1_230' title='bbox 476 3579 608 3621; x_wconf 84' lang='lat' dir='ltr'><strong>suos</strong></span> <span class='ocrx_word' id='word_1_231' title='bbox 636 3576 705 3618; x_wconf 91' lang='lat' dir='ltr'><strong>eo</strong></span> <span class='ocrx_word' id='word_1_232' title='bbox 730 3569 978 3616; x_wconf 82' lang='lat' dir='ltr'><strong>rectores</strong></span> <span class='ocrx_word' id='word_1_233' title='bbox 1006 3558 1207 3614; x_wconf 83' lang='lat' dir='ltr'><strong>misere</strong></span> <span class='ocrx_word' id='word_1_234' title='bbox 1239 3574 1253 3610; x_wconf 91' lang='lat'><strong>:</strong></span> <span class='ocrx_word' id='word_1_235' title='bbox 1291 3567 1528 3627; x_wconf 85' lang='lat' dir='ltr'><strong>quorum</strong></span> <span class='ocrx_word' id='word_1_236' title='bbox 1563 3549 1780 3622; x_wconf 84' lang='lat' dir='ltr'><strong>primus</strong></span> <span class='ocrx_word' id='word_1_237' title='bbox 1815 3547 1918 3603; x_wconf 83' lang='lat' dir='ltr'><strong>luit</strong></span> <span class='ocrx_word' id='word_1_238' title='bbox 1949 3544 2062 3601; x_wconf 74' lang='lat' dir='ltr'><strong>Ma-</strong></span> 
     </span>
    </p>
   </div>
   <div class='ocr_carea' id='block_1_38' title="bbox 478 3639 2066 3717">
    <p class='ocr_par' dir='ltr' id='par_1_38' title="bbox 478 3639 2066 3717">
     <span class='ocr_line' id='line_1_38' title="bbox 478 3639 2066 3717; baseline -0.011 -4"><span class='ocrx_word' id='word_1_239' title='bbox 478 3661 633 3716; x_wconf 83' lang='lat' dir='ltr'><strong>rinus</strong></span> <span class='ocrx_word' id='word_1_240' title='bbox 666 3653 1085 3717; x_wconf 82' lang='lat' dir='ltr'><strong>Bondomerius,</strong></span> <span class='ocrx_word' id='word_1_241' title='bbox 1148 3663 1275 3707; x_wconf 89' lang='lat' dir='ltr'><strong>cum</strong></span> <span class='ocrx_word' id='word_1_242' title='bbox 1301 3646 1464 3704; x_wconf 87' lang='lat' dir='ltr'><strong>titulo</strong></span> <span class='ocrx_word' id='word_1_243' title='bbox 1494 3644 1714 3703; x_wconf 86' lang='lat' dir='ltr'><strong>comitis</strong></span> <span class='ocrx_word' id='word_1_244' title='bbox 1771 3639 2066 3716; x_wconf 59' lang='lat' dir='ltr'><strong>Thessalo.</strong></span> 
     </span>
    </p>
   </div>
   <div class='ocr_carea' id='block_1_39' title="bbox 478 3731 2064 3817">
    <p class='ocr_par' dir='ltr' id='par_1_39' title="bbox 478 3731 2064 3817">
     <span class='ocr_line' id='line_1_39' title="bbox 478 3731 2064 3817; baseline -0.014 -10"><span class='ocrx_word' id='word_1_245' title='bbox 478 3753 636 3808; x_wconf 82' lang='lat' dir='ltr'><strong>uicae.</strong></span> <span class='ocrx_word' id='word_1_246' title='bbox 669 3747 927 3806; x_wconf 86' lang='lat' dir='ltr'><strong>Venditio</strong></span> <span class='ocrx_word' id='word_1_247' title='bbox 965 3753 1260 3817; x_wconf 82' lang='lat' dir='ltr'><strong>propterea</strong></span> <span class='ocrx_word' id='word_1_248' title='bbox 1309 3738 1454 3796; x_wconf 81' lang='lat' dir='ltr'><strong>facta</strong></span> <span class='ocrx_word' id='word_1_249' title='bbox 1518 3738 1646 3804; x_wconf 76' lang='lat' dir='ltr'><strong>fuit,</strong></span> <span class='ocrx_word' id='word_1_250' title='bbox 1683 3735 1832 3807; x_wconf 89' lang='lat' dir='ltr'><strong>quod</strong></span> <span class='ocrx_word' id='word_1_251' title='bbox 1887 3731 2064 3789; x_wconf 69' lang='lat' dir='ltr'><strong>Graeci</strong></span> 
     </span>
    </p>
   </div>
   <div class='ocr_carea' id='block_1_40' title="bbox 478 3826 2065 3901">
    <p class='ocr_par' dir='ltr' id='par_1_40' title="bbox 478 3826 2065 3901">
     <span class='ocr_line' id='line_1_40' title="bbox 478 3826 2065 3901; baseline -0.014 0"><span class='ocrx_word' id='word_1_252' title='bbox 478 3843 639 3901; x_wconf 92' lang='lat' dir='ltr'><strong>nullo</strong></span> <span class='ocrx_word' id='word_1_253' title='bbox 663 3855 722 3899; x_wconf 81' lang='lat' dir='ltr'><strong>se</strong></span> <span class='ocrx_word' id='word_1_254' title='bbox 771 3838 936 3896; x_wconf 91' lang='lat' dir='ltr'><strong>modo</strong></span> <span class='ocrx_word' id='word_1_255' title='bbox 963 3833 1415 3892; x_wconf 80' lang='lat' dir='ltr'><strong>Thessalonicam</strong></span> <span class='ocrx_word' id='word_1_256' title='bbox 1448 3831 1719 3887; x_wconf 84' lang='lat' dir='ltr'><strong>adversus</strong></span> <span class='ocrx_word' id='word_1_257' title='bbox 1755 3826 2065 3882; x_wconf 85' lang='lat' dir='ltr'><strong>Turcurum</strong></span> 
     </span>
    </p>
   </div>
   <div class='ocr_carea' id='block_1_41' title="bbox 479 3919 2068 4007">
    <p class='ocr_par' dir='ltr' id='par_1_41' title="bbox 479 3919 2068 4007">
     <span class='ocr_line' id='line_1_41' title="bbox 479 3919 2068 4007; baseline -0.011 -15"><span class='ocrx_word' id='word_1_258' title='bbox 479 3936 593 3993; x_wconf 77' lang='lat' dir='ltr'><strong>vim</strong></span> <span class='ocrx_word' id='word_1_259' title='bbox 635 3948 800 4007; x_wconf 77' lang='lat' dir='ltr'><strong>pos~e</strong></span> <span class='ocrx_word' id='word_1_260' title='bbox 850 3930 993 3988; x_wconf 83' lang='lat' dir='ltr'><strong>tueri</strong></span> <span class='ocrx_word' id='word_1_261' title='bbox 1025 3928 1299 3991; x_wconf 76' lang='lat' dir='ltr'><strong>viderent,</strong></span> <span class='ocrx_word' id='word_1_262' title='bbox 1327 3925 1457 3981; x_wconf 87' lang='lat' dir='ltr'><strong>licet</strong></span> <span class='ocrx_word' id='word_1_263' title='bbox 1482 3924 1614 3980; x_wconf 85' lang='lat' dir='ltr'><strong>urbs</strong></span> <span class='ocrx_word' id='word_1_264' title='bbox 1649 3924 1763 3993; x_wconf 86' lang='lat' dir='ltr'><strong>ipsa</strong></span> <span class='ocrx_word' id='word_1_265' title='bbox 1791 3919 2068 3990; x_wconf 74' lang='lat' dir='ltr'><strong>magnitu-</strong></span> 
     </span>
    </p>
   </div>
   <div class='ocr_carea' id='block_1_42' title="bbox 478 4017 2065 4100">
    <p class='ocr_par' dir='ltr' id='par_1_42' title="bbox 478 4017 2065 4100">
     <span class='ocr_line' id='line_1_42' title="bbox 478 4017 2065 4100; baseline -0.014 -12"><span class='ocrx_word' id='word_1_266' title='bbox 478 4032 609 4088; x_wconf 86' lang='lat' dir='ltr'><strong>dine</strong></span> <span class='ocrx_word' id='word_1_267' title='bbox 631 4027 881 4100; x_wconf 76' lang='lat' dir='ltr'><strong>insiguis,</strong></span> <span class='ocrx_word' id='word_1_268' title='bbox 903 4025 1079 4098; x_wconf 84' lang='lat' dir='ltr'><strong>copiis</strong></span> <span class='ocrx_word' id='word_1_269' title='bbox 1107 4021 1371 4093; x_wconf 85' lang='lat' dir='ltr'><strong>locuples,</strong></span> <span class='ocrx_word' id='word_1_270' title='bbox 1395 4018 1707 4076; x_wconf 82' lang='lat' dir='ltr'><strong>Tbermaici</strong></span> <span class='ocrx_word' id='word_1_271' title='bbox 1741 4017 1898 4073; x_wconf 85' lang='lat' dir='ltr'><strong>sinus</strong></span> <span class='ocrx_word' id='word_1_272' title='bbox 1933 4026 2065 4084; x_wconf 89' lang='lat' dir='ltr'><strong>por-</strong></span> 
     </span>
    </p>
   </div>
   <div class='ocr_carea' id='block_1_43' title="bbox 481 4105 2070 4184">
    <p class='ocr_par' dir='ltr' id='par_1_43' title="bbox 481 4105 2070 4184">
     <span class='ocr_line' id='line_1_43' title="bbox 481 4105 2070 4184; baseline -0.008 -11"><span class='ocrx_word' id='word_1_273' title='bbox 481 4133 539 4176; x_wconf 88' lang='lat' dir='ltr'><strong>ttt</strong></span> <span class='ocrx_word' id='word_1_274' title='bbox 603 4119 832 4184; x_wconf 88' lang='lat' dir='ltr'><strong>nobilis,</strong></span> <span class='ocrx_word' id='word_1_275' title='bbox 886 4131 989 4175; x_wconf 91' lang='lat' dir='ltr'><strong>nec</strong></span> <span class='ocrx_word' id='word_1_276' title='bbox 1048 4115 1142 4170; x_wconf 92' lang='lat' dir='ltr'><strong>ulli</strong></span> <span class='ocrx_word' id='word_1_277' title='bbox 1199 4113 1515 4170; x_wconf 56' lang='lat' dir='ltr'><strong>Graecarum</strong></span> <span class='ocrx_word' id='word_1_278' title='bbox 1540 4109 1826 4166; x_wconf 78' lang='lat' dir='ltr'><strong>civitatum</strong></span> <span class='ocrx_word' id='word_1_279' title='bbox 1851 4105 2070 4161; x_wconf 60' lang='lat' dir='ltr'><strong>ceteris</strong></span> 
     </span>
    </p>
   </div>
   <div class='ocr_carea' id='block_1_44' title="bbox 482 4196 2066 4269">
    <p class='ocr_par' dir='ltr' id='par_1_44' title="bbox 482 4196 2066 4269">
     <span class='ocr_line' id='line_1_44' title="bbox 482 4196 2066 4269; baseline -0.009 -3"><span class='ocrx_word' id='word_1_280' title='bbox 482 4212 828 4269; x_wconf 78' lang='lat' dir='ltr'><strong>ornamentis</strong></span> <span class='ocrx_word' id='word_1_281' title='bbox 855 4207 1090 4263; x_wconf 75' lang='lat' dir='ltr'><strong>interior</strong></span> <span class='ocrx_word' id='word_1_282' title='bbox 1117 4214 1286 4261; x_wconf 85' lang='lat' dir='ltr'><strong>esset.</strong></span> <span class='ocrx_word' id='word_1_283' title='bbox 1311 4204 1478 4260; x_wconf 82' lang='lat' dir='ltr'><strong>Anno</strong></span> <span class='ocrx_word' id='word_1_284' title='bbox 1524 4201 1728 4257; x_wconf 87' lang='lat' dir='ltr'><strong>deinde</strong></span> <span class='ocrx_word' id='word_1_285' title='bbox 1760 4198 1892 4254; x_wconf 67' lang='lat' dir='ltr'><strong>“3t</strong></span> <span class='ocrx_word' id='word_1_286' title='bbox 1949 4196 2066 4252; x_wconf 79' lang='lat' dir='ltr'><strong>sul-</strong></span> 
     </span>
    </p>
   </div>
   <div class='ocr_carea' id='block_1_45' title="bbox 484 4295 2072 4367">
    <p class='ocr_par' dir='ltr' id='par_1_45' title="bbox 484 4295 2072 4367">
     <span class='ocr_line' id='line_1_45' title="bbox 484 4295 2072 4367; baseline -0.014 -1"><span class='ocrx_word' id='word_1_287' title='bbox 484 4317 648 4367; x_wconf 86' lang='lat' dir='ltr'><strong>tanns</strong></span> <span class='ocrx_word' id='word_1_288' title='bbox 681 4305 920 4360; x_wconf 76' lang='lat' dir='ltr'><strong>Murates</strong></span> <span class='ocrx_word' id='word_1_289' title='bbox 943 4315 1065 4358; x_wconf 87' lang='lat' dir='ltr'><strong>eam</strong></span> <span class='ocrx_word' id='word_1_290' title='bbox 1100 4298 1337 4364; x_wconf 87' lang='lat' dir='ltr'><strong>obsedit,</strong></span> <span class='ocrx_word' id='word_1_291' title='bbox 1372 4311 1438 4352; x_wconf 89' lang='lat' dir='ltr'><strong>ac</strong></span> <span class='ocrx_word' id='word_1_292' title='bbox 1471 4295 1752 4351; x_wconf 87' lang='lat' dir='ltr'><strong>multoties</strong></span> <span class='ocrx_word' id='word_1_293' title='bbox 1789 4306 2072 4361; x_wconf 69' lang='lat' dir='ltr'><strong>oppugna-</strong></span> 
     </span>
    </p>
   </div>
   <div class='ocr_carea' id='block_1_46' title="bbox 485 4384 2070 4463">
    <p class='ocr_par' dir='ltr' id='par_1_46' title="bbox 485 4384 2070 4463">
     <span class='ocr_line' id='line_1_46' title="bbox 485 4384 2070 4463; baseline -0.013 -8"><span class='ocrx_word' id='word_1_294' title='bbox 485 4411 620 4463; x_wconf 82' lang='lat' dir='ltr'><strong>tam,</strong></span> <span class='ocrx_word' id='word_1_295' title='bbox 684 4395 904 4453; x_wconf 82' lang='lat' dir='ltr'><strong>Venetia</strong></span> <span class='ocrx_word' id='word_1_296' title='bbox 927 4395 1145 4450; x_wconf 83' lang='lat' dir='ltr'><strong>tandem</strong></span> <span class='ocrx_word' id='word_1_297' title='bbox 1183 4392 1382 4460; x_wconf 88' lang='lat' dir='ltr'><strong>eripuit</strong></span> <span class='ocrx_word' id='word_1_298' title='bbox 1412 4408 1426 4444; x_wconf 90' lang='lat'>:</span> <span class='ocrx_word' id='word_1_299' title='bbox 1471 4387 1632 4444; x_wconf 63' lang='lat' dir='ltr'><strong>casis</strong></span> <span class='ocrx_word' id='word_1_300' title='bbox 1661 4384 2070 4446; x_wconf 76' lang='lat' dir='ltr'><strong>defensoribus,</strong></span> 
     </span>
    </p>
   </div>
   <div class='ocr_carea' id='block_1_47' title="bbox 2136 546 3730 620">
    <p class='ocr_par' dir='ltr' id='par_1_47' title="bbox 2136 546 3730 620">
     <span class='ocr_line' id='line_1_47' title="bbox 2136 546 3730 620; baseline -0.001 -19"><span class='ocrx_word' id='word_1_301' title='bbox 2136 562 2165 601; x_wconf 89' lang='lat' dir='ltr'><strong>e</strong></span> <span class='ocrx_word' id='word_1_302' title='bbox 2195 547 2374 601; x_wconf 76' lang='lat' dir='ltr'><strong>verbis</strong></span> <span class='ocrx_word' id='word_1_303' title='bbox 2402 548 2746 620; x_wconf 77' lang='lat' dir='ltr'><strong>intelligitur,</strong></span> <span class='ocrx_word' id='word_1_304' title='bbox 2771 549 3016 604; x_wconf 62' lang='lat' dir='ltr'><strong>Thracia</strong></span> <span class='ocrx_word' id='word_1_305' title='bbox 3035 561 3274 602; x_wconf 86' lang='lat' dir='ltr'><strong>momem</strong></span> <span class='ocrx_word' id='word_1_306' title='bbox 3299 563 3419 602; x_wconf 84' lang='lat' dir='ltr'><strong>esse</strong></span> <span class='ocrx_word' id='word_1_307' title='bbox 3444 546 3730 618; x_wconf 76' lang='lat' dir='ltr'><strong>Tnganum</strong></span> 
     </span>
    </p>
   </div>
   <div class='ocr_carea' id='block_1_48' title="bbox 2137 639 3736 715">
    <p class='ocr_par' dir='ltr' id='par_1_48' title="bbox 2137 639 3736 715">
     <span class='ocr_line' id='line_1_48' title="bbox 2137 639 3736 715; baseline 0.003 -23"><span class='ocrx_word' id='word_1_308' title='bbox 2137 640 2220 692; x_wconf 83' lang='lat' dir='ltr'><strong>vel</strong></span> <span class='ocrx_word' id='word_1_309' title='bbox 2246 639 2552 715; x_wconf 65' lang='lat' dir='ltr'><strong>&#39;I‘ogauum,</strong></span> <span class='ocrx_word' id='word_1_310' title='bbox 2575 640 2814 696; x_wconf 84' lang='lat' dir='ltr'><strong>vicinum</strong></span> <span class='ocrx_word' id='word_1_311' title='bbox 2848 639 3112 705; x_wconf 86' lang='lat' dir='ltr'><strong>Tzurulo,</strong></span> <span class='ocrx_word' id='word_1_312' title='bbox 3149 641 3216 694; x_wconf 84' lang='lat' dir='ltr'><strong>de</strong></span> <span class='ocrx_word' id='word_1_313' title='bbox 3243 657 3347 709; x_wconf 86' lang='lat' dir='ltr'><strong>qua</strong></span> <span class='ocrx_word' id='word_1_314' title='bbox 3367 640 3623 708; x_wconf 83' lang='lat' dir='ltr'><strong>superius</strong></span> <span class='ocrx_word' id='word_1_315' title='bbox 3651 641 3736 696; x_wconf 49' lang='lat' dir='ltr'><strong>di.</strong></span> 
     </span>
    </p>
   </div>
   <div class='ocr_carea' id='block_1_49' title="bbox 2147 733 3736 804">
    <p class='ocr_par' dir='ltr' id='par_1_49' title="bbox 2147 733 3736 804">
     <span class='ocr_line' id='line_1_49' title="bbox 2147 733 3736 804; baseline 0 -18"><span class='ocrx_word' id='word_1_316' title='bbox 2147 743 2318 796; x_wconf 87' lang='lat' dir='ltr'><strong>ctum,</strong></span> <span class='ocrx_word' id='word_1_317' title='bbox 2342 749 2570 788; x_wconf 88' lang='lat' dir='ltr'><strong>numero</strong></span> <span class='ocrx_word' id='word_1_318' title='bbox 2608 746 2860 790; x_wconf 84' lang='lat' dir='ltr'><strong>notarum</strong></span> <span class='ocrx_word' id='word_1_319' title='bbox 2874 733 3114 804; x_wconf 71' lang='lat' dir='ltr'><strong>26.&#39;I.oga</strong></span> <span class='ocrx_word' id='word_1_320' title='bbox 3136 734 3736 795; x_wconf 73' lang='lat' dir='ltr'><strong>vero&#39;furcicuni,eam</strong></span> 
     </span>
    </p>
   </div>
   <div class='ocr_carea' id='block_1_50' title="bbox 2138 824 3703 898">
    <p class='ocr_par' dir='ltr' id='par_1_50' title="bbox 2138 824 3703 898">
     <span class='ocr_line' id='line_1_50' title="bbox 2138 824 3703 898; baseline 0.001 -19"><span class='ocrx_word' id='word_1_321' title='bbox 2138 824 2205 879; x_wconf 85' lang='lat' dir='ltr'><strong>ad</strong></span> <span class='ocrx_word' id='word_1_322' title='bbox 2259 825 2541 892; x_wconf 67' lang='lat' dir='ltr'><strong>Toganum</strong></span> <span class='ocrx_word' id='word_1_323' title='bbox 2601 828 2869 880; x_wconf 86' lang='lat' dir='ltr'><strong>rationem</strong></span> <span class='ocrx_word' id='word_1_324' title='bbox 2911 826 3091 889; x_wconf 87' lang='lat' dir='ltr'><strong>habet,</strong></span> <span class='ocrx_word' id='word_1_325' title='bbox 3123 827 3271 898; x_wconf 85' lang='lat' dir='ltr'><strong>quod</strong></span> <span class='ocrx_word' id='word_1_326' title='bbox 3324 825 3703 896; x_wconf 75' lang='lat' dir='ltr'><strong>pronuntiatio</strong></span> 
     </span>
    </p>
   </div>
   <div class='ocr_carea' id='block_1_51' title="bbox 2140 914 3734 984">
    <p class='ocr_par' dir='ltr' id='par_1_51' title="bbox 2140 914 3734 984">
     <span class='ocr_line' id='line_1_51' title="bbox 2140 914 3734 984; baseline -0.002 -16"><span class='ocrx_word' id='word_1_327' title='bbox 2140 926 2265 971; x_wconf 85' lang='lat' dir='ltr'><strong>nem</strong></span> <span class='ocrx_word' id='word_1_328' title='bbox 2307 917 2527 978; x_wconf 85' lang='lat' dir='ltr'><strong>attinet,</strong></span> <span class='ocrx_word' id='word_1_329' title='bbox 2560 932 2724 984; x_wconf 89' lang='lat' dir='ltr'><strong>quam</strong></span> <span class='ocrx_word' id='word_1_330' title='bbox 2760 915 2967 971; x_wconf 82' lang='lat' dir='ltr'><strong>Ozman</strong></span> <span class='ocrx_word' id='word_1_331' title='bbox 3013 919 3096 972; x_wconf 87' lang='lat' dir='ltr'><strong>vel</strong></span> <span class='ocrx_word' id='word_1_332' title='bbox 3119 914 3349 978; x_wconf 86' lang='lat' dir='ltr'><strong>Osman,</strong></span> <span class='ocrx_word' id='word_1_333' title='bbox 3377 917 3442 968; x_wconf 87' lang='lat' dir='ltr'><strong>ad</strong></span> <span class='ocrx_word' id='word_1_334' title='bbox 3471 918 3734 968; x_wconf 76' lang='lat' dir='ltr'><strong>ttthmau.</strong></span> 
     </span>
    </p>
   </div>
   <div class='ocr_carea' id='block_1_52' title="bbox 2420 1009 3464 1073">
    <p class='ocr_par' dir='ltr' id='par_1_52' title="bbox 2420 1009 3464 1073">
     <span class='ocr_line' id='line_1_52' title="bbox 2420 1009 3464 1073; baseline -0.001 -9"><span class='ocrx_word' id='word_1_335' title='bbox 2420 1010 2512 1064; x_wconf 66' lang='lat' dir='ltr'><strong>9L</strong></span> <span class='ocrx_word' id='word_1_336' title='bbox 2545 1010 2804 1073; x_wconf 75' lang='lat' dir='ltr'><strong>Arburtt&#39;a,</strong></span> <span class='ocrx_word' id='word_1_337' title='bbox 2826 1011 3108 1073; x_wconf 75' lang='lat' dir='ltr'><strong>Albanum,</strong></span> <span class='ocrx_word' id='word_1_338' title='bbox 3149 1009 3464 1064; x_wconf 75' lang='lat' dir='ltr'><strong>Aruautlar.</strong></span> 
     </span>
    </p>
   </div>
   <div class='ocr_carea' id='block_1_53' title="bbox 2212 1097 3735 1169">
    <p class='ocr_par' dir='ltr' id='par_1_53' title="bbox 2212 1097 3735 1169">
     <span class='ocr_line' id='line_1_53' title="bbox 2212 1097 3735 1169; baseline -0.002 -17"><span class='ocrx_word' id='word_1_339' title='bbox 2212 1097 2386 1166; x_wconf 86' lang='lat' dir='ltr'><strong>Quam</strong></span> <span class='ocrx_word' id='word_1_340' title='bbox 2423 1098 2596 1156; x_wconf 68' lang='lat' dir='ltr'><strong>Graeci</strong></span> <span class='ocrx_word' id='word_1_341' title='bbox 2630 1111 2840 1156; x_wconf 79' lang='lat' dir='ltr'><strong>veteres</strong></span> <span class='ocrx_word' id='word_1_342' title='bbox 2870 1100 3092 1169; x_wconf 82' lang='lat' dir='ltr'><strong>Epirum</strong></span> <span class='ocrx_word' id='word_1_343' title='bbox 3122 1102 3336 1164; x_wconf 77' lang='lat' dir='ltr'><strong>dixere,</strong></span> <span class='ocrx_word' id='word_1_344' title='bbox 3371 1113 3522 1155; x_wconf 89' lang='lat' dir='ltr'><strong>nunc</strong></span> <span class='ocrx_word' id='word_1_345' title='bbox 3555 1101 3735 1154; x_wconf 76' lang='lat' dir='ltr'><strong>Arba-</strong></span> 
     </span>
    </p>
   </div>
   <div class='ocr_carea' id='block_1_54' title="bbox 2145 1192 3740 1261">
    <p class='ocr_par' dir='ltr' id='par_1_54' title="bbox 2145 1192 3740 1261">
     <span class='ocr_line' id='line_1_54' title="bbox 2145 1192 3740 1261; baseline -0.003 -12"><span class='ocrx_word' id='word_1_346' title='bbox 2145 1195 2293 1249; x_wconf 86' lang='lat' dir='ltr'><strong>niam</strong></span> <span class='ocrx_word' id='word_1_347' title='bbox 2353 1204 2549 1249; x_wconf 74' lang='lat' dir='ltr'><strong>vocant</strong></span> <span class='ocrx_word' id='word_1_348' title='bbox 2578 1203 2633 1250; x_wconf 88' lang='lat' dir='ltr'><strong>et</strong></span> <span class='ocrx_word' id='word_1_349' title='bbox 2663 1195 2974 1250; x_wconf 82' lang='lat' dir='ltr'><strong>Albaniam.</strong></span> <span class='ocrx_word' id='word_1_350' title='bbox 3001 1194 3215 1250; x_wconf 78' lang='lat' dir='ltr'><strong>Nomen</strong></span> <span class='ocrx_word' id='word_1_351' title='bbox 3242 1193 3502 1250; x_wconf 68' lang='lat' dir='ltr'><strong>Arbaniae</strong></span> <span class='ocrx_word' id='word_1_352' title='bbox 3531 1192 3740 1261; x_wconf 86' lang='lat' dir='ltr'><strong>reperi-</strong></span> 
     </span>
    </p>
   </div>
   <div class='ocr_carea' id='block_1_55' title="bbox 2144 1285 3743 1359">
    <p class='ocr_par' dir='ltr' id='par_1_55' title="bbox 2144 1285 3743 1359">
     <span class='ocr_line' id='line_1_55' title="bbox 2144 1285 3743 1359; baseline -0.003 -15"><span class='ocrx_word' id='word_1_353' title='bbox 2144 1286 2310 1344; x_wconf 88' lang='lat' dir='ltr'><strong>torin</strong></span> <span class='ocrx_word' id='word_1_354' title='bbox 2346 1286 2489 1342; x_wconf 90' lang='lat' dir='ltr'><strong>libro</strong></span> <span class='ocrx_word' id='word_1_355' title='bbox 2518 1285 2706 1343; x_wconf 64' lang='lat' dir='ltr'><strong>Greca</strong></span> <span class='ocrx_word' id='word_1_356' title='bbox 2747 1289 2928 1358; x_wconf 78' lang='lat' dir='ltr'><strong>lingua</strong></span> <span class='ocrx_word' id='word_1_357' title='bbox 2979 1287 3187 1359; x_wconf 68' lang='lat' dir='ltr'><strong>vulgari</strong></span> <span class='ocrx_word' id='word_1_358' title='bbox 3224 1288 3460 1357; x_wconf 85' lang='lat' dir='ltr'><strong>scripto,</strong></span> <span class='ocrx_word' id='word_1_359' title='bbox 3508 1285 3596 1341; x_wconf 90' lang='lat' dir='ltr'><strong>cui</strong></span> <span class='ocrx_word' id='word_1_360' title='bbox 3642 1301 3743 1340; x_wconf 89' lang='lat' dir='ltr'><strong>no-</strong></span> 
     </span>
    </p>
   </div>
   <div class='ocr_carea' id='block_1_56' title="bbox 2148 1374 3742 1448">
    <p class='ocr_par' dir='ltr' id='par_1_56' title="bbox 2148 1374 3742 1448">
     <span class='ocr_line' id='line_1_56' title="bbox 2148 1374 3742 1448; baseline -0.001 -18"><span class='ocrx_word' id='word_1_361' title='bbox 2148 1389 2269 1432; x_wconf 82' lang='lat' dir='ltr'><strong>men</strong></span> <span class='ocrx_word' id='word_1_362' title='bbox 2308 1374 2661 1432; x_wconf 82' lang='lat' dir='ltr'><strong>l’ortolauus.</strong></span> <span class='ocrx_word' id='word_1_363' title='bbox 2691 1379 2966 1434; x_wconf 83' lang='lat' dir='ltr'><strong>Albanum</strong></span> <span class='ocrx_word' id='word_1_364' title='bbox 3017 1383 3219 1448; x_wconf 67' lang='lat' dir='ltr'><strong>praetor</strong></span> <span class='ocrx_word' id='word_1_365' title='bbox 3273 1377 3500 1433; x_wconf 70' lang='lat' dir='ltr'><strong>Graeciae</strong></span> <span class='ocrx_word' id='word_1_366' title='bbox 3552 1385 3742 1433; x_wconf 82' lang='lat' dir='ltr'><strong>noster</strong></span> 
     </span>
    </p>
   </div>
   <div class='ocr_carea' id='block_1_57' title="bbox 2149 1467 3745 1541">
    <p class='ocr_par' dir='ltr' id='par_1_57' title="bbox 2149 1467 3745 1541">
     <span class='ocr_line' id='line_1_57' title="bbox 2149 1467 3745 1541; baseline -0.001 -18"><span class='ocrx_word' id='word_1_367' title='bbox 2149 1469 2294 1525; x_wconf 81' lang='lat' dir='ltr'><strong>hanc</strong></span> <span class='ocrx_word' id='word_1_368' title='bbox 2356 1469 2634 1541; x_wconf 75' lang='lat' dir='ltr'><strong>regionem</strong></span> <span class='ocrx_word' id='word_1_369' title='bbox 2695 1471 2972 1541; x_wconf 63' lang='lat' dir='ltr'><strong>indigitat.</strong></span> <span class='ocrx_word' id='word_1_370' title='bbox 3041 1470 3237 1526; x_wconf 66' lang='lat' dir='ltr'><strong>lncolm</strong></span> <span class='ocrx_word' id='word_1_371' title='bbox 3282 1469 3480 1524; x_wconf 78' lang='lat' dir='ltr'><strong>Turcis</strong></span> <span class='ocrx_word' id='word_1_372' title='bbox 3526 1467 3745 1522; x_wconf 68' lang='lat' dir='ltr'><strong>Arnau—</strong></span> 
     </span>
    </p>
   </div>
   <div class='ocr_carea' id='block_1_58' title="bbox 2147 1561 3743 1633">
    <p class='ocr_par' dir='ltr' id='par_1_58' title="bbox 2147 1561 3743 1633">
     <span class='ocr_line' id='line_1_58' title="bbox 2147 1561 3743 1633; baseline -0.003 -15"><span class='ocrx_word' id='word_1_373' title='bbox 2147 1564 2272 1618; x_wconf 90' lang='lat' dir='ltr'><strong>tlari</strong></span> <span class='ocrx_word' id='word_1_374' title='bbox 2313 1563 2687 1627; x_wconf 84' lang='lat' dir='ltr'><strong>nominantur,</strong></span> <span class='ocrx_word' id='word_1_375' title='bbox 2739 1578 2767 1615; x_wconf 82' lang='lat' dir='ltr'><strong>a</strong></span> <span class='ocrx_word' id='word_1_376' title='bbox 2821 1563 3028 1631; x_wconf 84' lang='lat' dir='ltr'><strong>quibus</strong></span> <span class='ocrx_word' id='word_1_377' title='bbox 3072 1565 3186 1633; x_wconf 80' lang='lat' dir='ltr'><strong>jam</strong></span> <span class='ocrx_word' id='word_1_378' title='bbox 3225 1561 3418 1627; x_wconf 80' lang='lat' dir='ltr'><strong>majori</strong></span> <span class='ocrx_word' id='word_1_379' title='bbox 3473 1577 3538 1612; x_wconf 77' lang='lat' dir='ltr'><strong>es</strong></span> <span class='ocrx_word' id='word_1_380' title='bbox 3589 1567 3743 1629; x_wconf 87' lang='lat' dir='ltr'><strong>parte</strong></span> 
     </span>
    </p>
   </div>
   <div class='ocr_carea' id='block_1_59' title="bbox 2151 1650 3630 1725">
    <p class='ocr_par' dir='ltr' id='par_1_59' title="bbox 2151 1650 3630 1725">
     <span class='ocr_line' id='line_1_59' title="bbox 2151 1650 3630 1725; baseline -0.003 -15"><span class='ocrx_word' id='word_1_381' title='bbox 2151 1655 2331 1710; x_wconf 67' lang='lat' dir='ltr'><strong>ﬂorea</strong></span> <span class='ocrx_word' id='word_1_382' title='bbox 2365 1671 2608 1725; x_wconf 84' lang='lat' dir='ltr'><strong>quoque.</strong></span> <span class='ocrx_word' id='word_1_383' title='bbox 2644 1657 2763 1710; x_wconf 83' lang='lat' dir='ltr'><strong>sive</strong></span> <span class='ocrx_word' id='word_1_384' title='bbox 2794 1650 3231 1725; x_wconf 77' lang='lat' dir='ltr'><strong>PelOponnesus,</strong></span> <span class='ocrx_word' id='word_1_385' title='bbox 3269 1653 3630 1709; x_wconf 83' lang='lat' dir='ltr'><strong>inhabitatur.</strong></span> 
     </span>
    </p>
   </div>
   <div class='ocr_carea' id='block_1_60' title="bbox 2151 1743 3743 1818">
    <p class='ocr_par' dir='ltr' id='par_1_60' title="bbox 2151 1743 3743 1818">
     <span class='ocr_line' id='line_1_60' title="bbox 2151 1743 3743 1818; baseline -0.005 -11"><span class='ocrx_word' id='word_1_386' title='bbox 2151 1750 2247 1807; x_wconf 70' lang='lat'><strong>95.</strong></span> <span class='ocrx_word' id='word_1_387' title='bbox 2291 1749 2509 1814; x_wconf 74' lang='lat' dir='ltr'><strong>Hence,</strong></span> <span class='ocrx_word' id='word_1_388' title='bbox 2553 1747 2915 1818; x_wconf 75' lang='lat' dir='ltr'><strong>Herzrgeeiua</strong></span> <span class='ocrx_word' id='word_1_389' title='bbox 2944 1766 2962 1802; x_wconf 87' lang='lat'><strong><em>:</em></strong></span> <span class='ocrx_word' id='word_1_390' title='bbox 2997 1749 3194 1818; x_wconf 72' lang='lat' dir='ltr'><strong>Boairm</strong></span> <span class='ocrx_word' id='word_1_391' title='bbox 3238 1748 3448 1810; x_wconf 61' lang='lat' dir='ltr'><strong>duplex,</strong></span> <span class='ocrx_word' id='word_1_392' title='bbox 3487 1743 3743 1801; x_wconf 78' lang='lat' dir='ltr'><strong>Saudnlis</strong></span> 
     </span>
    </p>
   </div>
   <div class='ocr_carea' id='block_1_61' title="bbox 2586 1817 3302 1892">
    <p class='ocr_par' dir='ltr' id='par_1_61' title="bbox 2586 1817 3302 1892">
     <span class='ocr_line' id='line_1_61' title="bbox 2586 1817 3302 1892; baseline -0.003 -19"><span class='ocrx_word' id='word_1_393' title='bbox 2586 1817 2750 1892; x_wconf 73' lang='lat' dir='ltr'><strong>regio,</strong></span> <span class='ocrx_word' id='word_1_394' title='bbox 2773 1824 2884 1876; x_wconf 67' lang='lat' dir='ltr'><strong>dux</strong></span> <span class='ocrx_word' id='word_1_395' title='bbox 2909 1819 3096 1876; x_wconf 75' lang='lat' dir='ltr'><strong>Sancti</strong></span> <span class='ocrx_word' id='word_1_396' title='bbox 3123 1817 3302 1874; x_wconf 63' lang='lat' dir='ltr'><strong>Saba}.</strong></span> 
     </span>
    </p>
   </div>
   <div class='ocr_carea' id='block_1_62' title="bbox 2222 1910 3738 1988">
    <p class='ocr_par' dir='ltr' id='par_1_62' title="bbox 2222 1910 3738 1988">
     <span class='ocr_line' id='line_1_62' title="bbox 2222 1910 3738 1988; baseline -0.005 -16"><span class='ocrx_word' id='word_1_397' title='bbox 2222 1916 2389 1988; x_wconf 73' lang='lat' dir='ltr'><strong>Regia</strong></span> <span class='ocrx_word' id='word_1_398' title='bbox 2415 1914 2634 1972; x_wconf 75' lang='lat' dir='ltr'><strong>Bozinae</strong></span> <span class='ocrx_word' id='word_1_399' title='bbox 2653 1913 2980 1982; x_wconf 79' lang='lat' dir='ltr'><strong>superioris,</strong></span> <span class='ocrx_word' id='word_1_400' title='bbox 3002 1928 3197 1970; x_wconf 84' lang='lat' dir='ltr'><strong>versus</strong></span> <span class='ocrx_word' id='word_1_401' title='bbox 3220 1911 3440 1969; x_wconf 83' lang='lat' dir='ltr'><strong>Jadratn</strong></span> <span class='ocrx_word' id='word_1_402' title='bbox 3474 1912 3590 1966; x_wconf 89' lang='lat' dir='ltr'><strong>sive</strong></span> <span class='ocrx_word' id='word_1_403' title='bbox 3631 1910 3738 1966; x_wconf 82' lang='lat' dir='ltr'><strong>Za-</strong></span> 
     </span>
    </p>
   </div>
   <div class='ocr_carea' id='block_1_63' title="bbox 2146 2004 3740 2077">
    <p class='ocr_par' dir='ltr' id='par_1_63' title="bbox 2146 2004 3740 2077">
     <span class='ocr_line' id='line_1_63' title="bbox 2146 2004 3740 2077; baseline -0.004 -13"><span class='ocrx_word' id='word_1_404' title='bbox 2146 2024 2267 2065; x_wconf 84' lang='lat' dir='ltr'><strong>ram</strong></span> <span class='ocrx_word' id='word_1_405' title='bbox 2306 2017 2364 2062; x_wconf 89' lang='lat' dir='ltr'><strong>et</strong></span> <span class='ocrx_word' id='word_1_406' title='bbox 2415 2007 2775 2077; x_wconf 77' lang='lat' dir='ltr'><strong>Epidaurum,</strong></span> <span class='ocrx_word' id='word_1_407' title='bbox 2805 2020 2951 2062; x_wconf 86' lang='lat' dir='ltr'><strong>nunc</strong></span> <span class='ocrx_word' id='word_1_408' title='bbox 2975 2006 3244 2077; x_wconf 64' lang='lat' dir='ltr'><strong>ﬂagtium</strong></span> <span class='ocrx_word' id='word_1_409' title='bbox 3273 2020 3333 2062; x_wconf 82' lang='lat' dir='ltr'><strong>se</strong></span> <span class='ocrx_word' id='word_1_410' title='bbox 3385 2004 3740 2075; x_wconf 77' lang='lat' dir='ltr'><strong>porrigentis,</strong></span> 
     </span>
    </p>
   </div>
   <div class='ocr_carea' id='block_1_64' title="bbox 2147 2095 3738 2166">
    <p class='ocr_par' dir='ltr' id='par_1_64' title="bbox 2147 2095 3738 2166">
     <span class='ocr_line' id='line_1_64' title="bbox 2147 2095 3738 2166; baseline -0.004 -11"><span class='ocrx_word' id='word_1_411' title='bbox 2147 2099 2386 2156; x_wconf 75' lang='lat' dir='ltr'><strong>Herzeca</strong></span> <span class='ocrx_word' id='word_1_412' title='bbox 2419 2113 2446 2151; x_wconf 85' lang='lat' dir='ltr'><strong>a</strong></span> <span class='ocrx_word' id='word_1_413' title='bbox 2471 2097 2667 2152; x_wconf 80' lang='lat' dir='ltr'><strong>Turcis</strong></span> <span class='ocrx_word' id='word_1_414' title='bbox 2688 2097 3037 2166; x_wconf 86' lang='lat' dir='ltr'><strong>&#39;appellatur.</strong></span> <span class='ocrx_word' id='word_1_415' title='bbox 3072 2112 3101 2150; x_wconf 86' lang='lat' dir='ltr'><strong>a</strong></span> <span class='ocrx_word' id='word_1_416' title='bbox 3129 2095 3417 2162; x_wconf 84' lang='lat' dir='ltr'><strong>Castaldo,</strong></span> <span class='ocrx_word' id='word_1_417' title='bbox 3465 2097 3738 2158; x_wconf 66' lang='lat' dir='ltr'><strong>Chenec;</strong></span> 
     </span>
    </p>
   </div>
   <div class='ocr_carea' id='block_1_65' title="bbox 2147 2188 3738 2262">
    <p class='ocr_par' dir='ltr' id='par_1_65' title="bbox 2147 2188 3738 2262">
     <span class='ocr_line' id='line_1_65' title="bbox 2147 2188 3738 2262; baseline -0.006 -15"><span class='ocrx_word' id='word_1_418' title='bbox 2147 2194 2219 2248; x_wconf 87' lang='lat' dir='ltr'><strong>ab</strong></span> <span class='ocrx_word' id='word_1_419' title='bbox 2241 2193 2362 2247; x_wconf 88' lang='lat' dir='ltr'><strong>aliis</strong></span> <span class='ocrx_word' id='word_1_420' title='bbox 2381 2190 2611 2262; x_wconf 69' lang='lat' dir='ltr'><strong>Orzega,</strong></span> <span class='ocrx_word' id='word_1_421' title='bbox 2635 2207 2664 2246; x_wconf 89' lang='lat' dir='ltr'><strong>a</strong></span> <span class='ocrx_word' id='word_1_422' title='bbox 2693 2190 2982 2246; x_wconf 81' lang='lat' dir='ltr'><strong>Bosinacis</strong></span> <span class='ocrx_word' id='word_1_423' title='bbox 3012 2188 3300 2246; x_wconf 81' lang='lat' dir='ltr'><strong>etCruatis</strong></span> <span class='ocrx_word' id='word_1_424' title='bbox 3328 2188 3738 2250; x_wconf 66' lang='lat' dir='ltr'><strong>Herzegovina:</strong></span> 
     </span>
    </p>
   </div>
   <div class='ocr_carea' id='block_1_66' title="bbox 2149 2278 3748 2358">
    <p class='ocr_par' dir='ltr' id='par_1_66' title="bbox 2149 2278 3748 2358">
     <span class='ocr_line' id='line_1_66' title="bbox 2149 2278 3748 2358; baseline -0.006 -16"><span class='ocrx_word' id='word_1_425' title='bbox 2149 2285 2296 2358; x_wconf 87' lang='lat' dir='ltr'><strong>quod</strong></span> <span class='ocrx_word' id='word_1_426' title='bbox 2327 2283 2484 2341; x_wconf 87' lang='lat' dir='ltr'><strong>ducis</strong></span> <span class='ocrx_word' id='word_1_427' title='bbox 2510 2287 2633 2340; x_wconf 86' lang='lat' dir='ltr'><strong>sive</strong></span> <span class='ocrx_word' id='word_1_428' title='bbox 2659 2283 2924 2354; x_wconf 83' lang='lat' dir='ltr'><strong>principis</strong></span> <span class='ocrx_word' id='word_1_429' title='bbox 2956 2283 3114 2340; x_wconf 87' lang='lat' dir='ltr'><strong>sedes</strong></span> <span class='ocrx_word' id='word_1_430' title='bbox 3132 2292 3298 2349; x_wconf 83' lang='lat' dir='ltr'><strong>esset,</strong></span> <span class='ocrx_word' id='word_1_431' title='bbox 3327 2297 3487 2351; x_wconf 79' lang='lat' dir='ltr'><strong>quem</strong></span> <span class='ocrx_word' id='word_1_432' title='bbox 3517 2278 3748 2336; x_wconf 70' lang='lat' dir='ltr'><strong>{locine-</strong></span> 
     </span>
    </p>
   </div>
   <div class='ocr_carea' id='block_1_67' title="bbox 2150 2373 3743 2448">
    <p class='ocr_par' dir='ltr' id='par_1_67' title="bbox 2150 2373 3743 2448">
     <span class='ocr_line' id='line_1_67' title="bbox 2150 2373 3743 2448; baseline -0.006 -13"><span class='ocrx_word' id='word_1_433' title='bbox 2150 2378 2201 2435; x_wconf 85' lang='lat' dir='ltr'><strong>ci</strong></span> <span class='ocrx_word' id='word_1_434' title='bbox 2233 2374 2688 2448; x_wconf 83' lang='lat' dir='ltr'><strong>Croatique,cum</strong></span> <span class='ocrx_word' id='word_1_435' title='bbox 2713 2375 2972 2446; x_wconf 70' lang='lat' dir='ltr'><strong>Utigaris,</strong></span> <span class='ocrx_word' id='word_1_436' title='bbox 3002 2374 3330 2430; x_wconf 83' lang='lat' dir='ltr'><strong>Germanico</strong></span> <span class='ocrx_word' id='word_1_437' title='bbox 3354 2373 3621 2430; x_wconf 85' lang='lat' dir='ltr'><strong>vocabqu</strong></span> <span class='ocrx_word' id='word_1_438' title='bbox 3641 2386 3743 2426; x_wconf 88' lang='lat' dir='ltr'><strong>no-</strong></span> 
     </span>
    </p>
   </div>
   <div class='ocr_carea' id='block_1_68' title="bbox 2151 2465 3836 2543">
    <p class='ocr_par' dir='ltr' id='par_1_68' title="bbox 2151 2465 3836 2543">
     <span class='ocr_line' id='line_1_68' title="bbox 2151 2465 3836 2543; baseline -0.006 -16"><span class='ocrx_word' id='word_1_439' title='bbox 2151 2474 2364 2528; x_wconf 84' lang='lat' dir='ltr'><strong>minant</strong></span> <span class='ocrx_word' id='word_1_440' title='bbox 2403 2469 2634 2543; x_wconf 66' lang='lat' dir='ltr'><strong>Herzog.</strong></span> <span class='ocrx_word' id='word_1_441' title='bbox 2689 2468 2903 2539; x_wconf 80' lang='lat' dir='ltr'><strong>Quippe</strong></span> <span class='ocrx_word' id='word_1_442' title='bbox 2933 2469 3136 2538; x_wconf 78' lang='lat' dir='ltr'><strong>duplex</strong></span> <span class='ocrx_word' id='word_1_443' title='bbox 3185 2478 3304 2523; x_wconf 87' lang='lat' dir='ltr'><strong>erat</strong></span> <span class='ocrx_word' id='word_1_444' title='bbox 3349 2467 3477 2521; x_wconf 88' lang='lat' dir='ltr'><strong>olim</strong></span> <span class='ocrx_word' id='word_1_445' title='bbox 3515 2465 3743 2527; x_wconf 80' lang='lat' dir='ltr'><strong>Bosiua,</strong></span> <span class='ocrx_word' id='word_1_446' title='bbox 3834 2467 3836 2470; x_wconf 78' lang='grc'><em>’</em></span> 
     </span>
    </p>
   </div>
   <div class='ocr_carea' id='block_1_69' title="bbox 2151 2554 3745 2634">
    <p class='ocr_par' dir='ltr' id='par_1_69' title="bbox 2151 2554 3745 2634">
     <span class='ocr_line' id='line_1_69' title="bbox 2151 2554 3745 2634; baseline -0.008 -14"><span class='ocrx_word' id='word_1_447' title='bbox 2151 2563 2400 2634; x_wconf 77' lang='lat' dir='ltr'><strong>superior</strong></span> <span class='ocrx_word' id='word_1_448' title='bbox 2431 2572 2487 2619; x_wconf 87' lang='lat' dir='ltr'><strong>ct</strong></span> <span class='ocrx_word' id='word_1_449' title='bbox 2519 2562 2742 2618; x_wconf 82' lang='lat' dir='ltr'><strong>interior</strong></span> <span class='ocrx_word' id='word_1_450' title='bbox 2772 2579 2787 2618; x_wconf 88' lang='lat'><strong>:</strong></span> <span class='ocrx_word' id='word_1_451' title='bbox 2818 2576 3053 2634; x_wconf 86' lang='lat' dir='ltr'><strong>quarum</strong></span> <span class='ocrx_word' id='word_1_452' title='bbox 3092 2563 3207 2616; x_wconf 70' lang='lat' dir='ltr'><strong>haec</strong></span> <span class='ocrx_word' id='word_1_453' title='bbox 3256 2573 3440 2629; x_wconf 74' lang='lat' dir='ltr'><strong>regem</strong></span> <span class='ocrx_word' id='word_1_454' title='bbox 3487 2554 3745 2617; x_wconf 73' lang='lat' dir='ltr'><strong>trahebat,</strong></span> 
     </span>
    </p>
   </div>
   <div class='ocr_carea' id='block_1_70' title="bbox 2151 2648 3745 2731">
    <p class='ocr_par' dir='ltr' id='par_1_70' title="bbox 2151 2648 3745 2731">
     <span class='ocr_line' id='line_1_70' title="bbox 2151 2648 3745 2731; baseline -0.009 -15"><span class='ocrx_word' id='word_1_455' title='bbox 2151 2673 2314 2730; x_wconf 83' lang='lat' dir='ltr'><strong>quem</strong></span> <span class='ocrx_word' id='word_1_456' title='bbox 2355 2658 2698 2731; x_wconf 79' lang='lat' dir='ltr'><strong>Illyricorum</strong></span> <span class='ocrx_word' id='word_1_457' title='bbox 2728 2671 2908 2726; x_wconf 73' lang='lat' dir='ltr'><strong>regem</strong></span> <span class='ocrx_word' id='word_1_458' title='bbox 2929 2663 3212 2726; x_wconf 82' lang='lat' dir='ltr'><strong>nuncupat</strong></span> <span class='ocrx_word' id='word_1_459' title='bbox 3241 2648 3745 2720; x_wconf 67' lang='lat' dir='ltr'><strong>Cnalcocondyles:</strong></span> 
     </span>
    </p>
   </div>
   <div class='ocr_carea' id='block_1_71' title="bbox 2153 2732 3752 2820">
    <p class='ocr_par' dir='ltr' id='par_1_71' title="bbox 2153 2732 3752 2820">
     <span class='ocr_line' id='line_1_71' title="bbox 2153 2732 3752 2820; baseline -0.006 -17"><span class='ocrx_word' id='word_1_460' title='bbox 2153 2740 2245 2806; x_wconf 69' lang='lat' dir='ltr'><strong>illa</strong></span> <span class='ocrx_word' id='word_1_461' title='bbox 2265 2751 2575 2820; x_wconf 51' lang='lat' dir='ltr'><strong>principem</strong></span> <span class='ocrx_word' id='word_1_462' title='bbox 2602 2751 2719 2805; x_wconf 83' lang='lat' dir='ltr'><strong>sive</strong></span> <span class='ocrx_word' id='word_1_463' title='bbox 2748 2732 2967 2811; x_wconf 83' lang='lat' dir='ltr'><strong>ducem,</strong></span> <span class='ocrx_word' id='word_1_464' title='bbox 2992 2761 3154 2817; x_wconf 84' lang='lat' dir='ltr'><strong>quem</strong></span> <span class='ocrx_word' id='word_1_465' title='bbox 3187 2746 3351 2800; x_wconf 86' lang='lat' dir='ltr'><strong>etiam</strong></span> <span class='ocrx_word' id='word_1_466' title='bbox 3373 2742 3559 2799; x_wconf 84' lang='lat' dir='ltr'><strong>Sancti</strong></span> <span class='ocrx_word' id='word_1_467' title='bbox 3592 2739 3752 2794; x_wconf 74' lang='lat' dir='ltr'><strong>Saba:</strong></span> 
     </span>
    </p>
   </div>
   <div class='ocr_carea' id='block_1_72' title="bbox 2153 2834 3747 2905">
    <p class='ocr_par' dir='ltr' id='par_1_72' title="bbox 2153 2834 3747 2905">
     <span class='ocr_line' id='line_1_72' title="bbox 2153 2834 3747 2905; baseline -0.01 -6"><span class='ocrx_word' id='word_1_468' title='bbox 2153 2843 2349 2899; x_wconf 84' lang='lat' dir='ltr'><strong>ducem</strong></span> <span class='ocrx_word' id='word_1_469' title='bbox 2381 2843 2675 2899; x_wconf 84' lang='lat' dir='ltr'><strong>vocabant.</strong></span> <span class='ocrx_word' id='word_1_470' title='bbox 2711 2840 2953 2895; x_wconf 84' lang='lat' dir='ltr'><strong>Laouico</strong></span> <span class='ocrx_word' id='word_1_471' title='bbox 3007 2838 3262 2894; x_wconf 85' lang='lat' dir='ltr'><strong>Sandalis</strong></span> <span class='ocrx_word' id='word_1_472' title='bbox 3318 2836 3471 2905; x_wconf 74' lang='lat' dir='ltr'><strong>regio</strong></span> <span class='ocrx_word' id='word_1_473' title='bbox 3517 2834 3747 2898; x_wconf 79' lang='lat' dir='ltr'><strong>dicitur,</strong></span> 
     </span>
    </p>
   </div>
   <div class='ocr_carea' id='block_1_73' title="bbox 2153 2929 3749 3004">
    <p class='ocr_par' dir='ltr' id='par_1_73' title="bbox 2153 2929 3749 3004">
     <span class='ocr_line' id='line_1_73' title="bbox 2153 2929 3749 3004; baseline -0.008 -10"><span class='ocrx_word' id='word_1_474' title='bbox 2153 2946 2211 2994; x_wconf 84' lang='lat' dir='ltr'><strong>et</strong></span> <span class='ocrx_word' id='word_1_475' title='bbox 2239 2936 2429 2992; x_wconf 63' lang='lat' dir='ltr'><strong>incolae</strong></span> <span class='ocrx_word' id='word_1_476' title='bbox 2477 2935 2747 3002; x_wconf 68' lang='lat' dir='ltr'><strong>Cuclvcrgi</strong></span> <span class='ocrx_word' id='word_1_477' title='bbox 2805 2936 2875 2988; x_wconf 87' lang='lat' dir='ltr'><strong>ab</strong></span> <span class='ocrx_word' id='word_1_478' title='bbox 2915 2932 3104 2990; x_wconf 88' lang='lat' dir='ltr'><strong>eodem</strong></span> <span class='ocrx_word' id='word_1_479' title='bbox 3164 2932 3532 3004; x_wconf 87' lang='lat' dir='ltr'><strong>appellantur,</strong></span> <span class='ocrx_word' id='word_1_480' title='bbox 3597 2929 3749 2982; x_wconf 84' lang='lat' dir='ltr'><strong>haud</strong></span> 
     </span>
    </p>
   </div>
   <div class='ocr_carea' id='block_1_74' title="bbox 2156 3021 3750 3098">
    <p class='ocr_par' dir='ltr' id='par_1_74' title="bbox 2156 3021 3750 3098">
     <span class='ocr_line' id='line_1_74' title="bbox 2156 3021 3750 3098; baseline -0.008 -11"><span class='ocrx_word' id='word_1_481' title='bbox 2156 3030 2296 3094; x_wconf 83' lang='lat' dir='ltr'><strong>scio,</strong></span> <span class='ocrx_word' id='word_1_482' title='bbox 2330 3045 2399 3085; x_wconf 83' lang='lat' dir='ltr'><strong>an</strong></span> <span class='ocrx_word' id='word_1_483' title='bbox 2436 3044 2546 3085; x_wconf 88' lang='lat' dir='ltr'><strong>non</strong></span> <span class='ocrx_word' id='word_1_484' title='bbox 2585 3027 2861 3098; x_wconf 84' lang='lat' dir='ltr'><strong>corruptis</strong></span> <span class='ocrx_word' id='word_1_485' title='bbox 2890 3027 3205 3092; x_wconf 81' lang='lat' dir='ltr'><strong>vocabulis,</strong></span> <span class='ocrx_word' id='word_1_486' title='bbox 3244 3041 3355 3080; x_wconf 85' lang='lat' dir='ltr'><strong>uno</strong></span> <span class='ocrx_word' id='word_1_487' title='bbox 3387 3040 3452 3079; x_wconf 78' lang='lat' dir='ltr'><strong>ex</strong></span> <span class='ocrx_word' id='word_1_488' title='bbox 3480 3021 3750 3083; x_wconf 80' lang='lat' dir='ltr'><strong>Sansaba,</strong></span> 
     </span>
    </p>
   </div>
   <div class='ocr_carea' id='block_1_75' title="bbox 2157 3110 3751 3191">
    <p class='ocr_par' dir='ltr' id='par_1_75' title="bbox 2157 3110 3751 3191">
     <span class='ocr_line' id='line_1_75' title="bbox 2157 3110 3751 3191; baseline -0.007 -13"><span class='ocrx_word' id='word_1_489' title='bbox 2157 3124 2298 3178; x_wconf 89' lang='lat' dir='ltr'><strong>sicut</strong></span> <span class='ocrx_word' id='word_1_490' title='bbox 2325 3122 2443 3177; x_wconf 85' lang='lat' dir='ltr'><strong>Itali</strong></span> <span class='ocrx_word' id='word_1_491' title='bbox 2479 3120 2856 3191; x_wconf 84' lang='lat' dir='ltr'><strong>pronuntiant,</strong></span> <span class='ocrx_word' id='word_1_492' title='bbox 2927 3119 3102 3174; x_wconf 65' lang='lat' dir='ltr'><strong>altero</strong></span> <span class='ocrx_word' id='word_1_493' title='bbox 3150 3133 3216 3172; x_wconf 80' lang='lat' dir='ltr'><strong>ex</strong></span> <span class='ocrx_word' id='word_1_494' title='bbox 3275 3114 3591 3172; x_wconf 72' lang='lat' dir='ltr'><strong>Heraecovi.</strong></span> <span class='ocrx_word' id='word_1_495' title='bbox 3641 3110 3751 3168; x_wconf 88' lang='lat' dir='ltr'><strong>Sed</strong></span> 
     </span>
    </p>
   </div>
   <div class='ocr_carea' id='block_1_76' title="bbox 2164 3206 3755 3286">
    <p class='ocr_par' dir='ltr' id='par_1_76' title="bbox 2164 3206 3755 3286">
     <span class='ocr_line' id='line_1_76' title="bbox 2164 3206 3755 3286; baseline -0.003 -20"><span class='ocrx_word' id='word_1_496' title='bbox 2164 3214 2321 3286; x_wconf 81' lang='lat' dir='ltr'><strong>plura</strong></span> <span class='ocrx_word' id='word_1_497' title='bbox 2362 3219 2429 3270; x_wconf 88' lang='lat' dir='ltr'><strong>de</strong></span> <span class='ocrx_word' id='word_1_498' title='bbox 2477 3213 2568 3270; x_wconf 87' lang='lat' dir='ltr'><strong>his</strong></span> <span class='ocrx_word' id='word_1_499' title='bbox 2627 3213 2793 3276; x_wconf 82' lang='lat' dir='ltr'><strong>infra.</strong></span> <span class='ocrx_word' id='word_1_500' title='bbox 2834 3227 2956 3267; x_wconf 90' lang='lat' dir='ltr'><strong>cum</strong></span> <span class='ocrx_word' id='word_1_501' title='bbox 2988 3213 3042 3267; x_wconf 93' lang='lat' dir='ltr'><strong>in</strong></span> <span class='ocrx_word' id='word_1_502' title='bbox 3106 3210 3367 3280; x_wconf 77' lang='lat' dir='ltr'><strong>Bajazitis</strong></span> <span class='ocrx_word' id='word_1_503' title='bbox 3433 3207 3474 3264; x_wconf 90' lang='lat' dir='ltr'><strong>ll</strong></span> <span class='ocrx_word' id='word_1_504' title='bbox 3529 3207 3637 3262; x_wconf 86' lang='lat' dir='ltr'><strong>vita</strong></span> <span class='ocrx_word' id='word_1_505' title='bbox 3686 3206 3755 3262; x_wconf 90' lang='lat' dir='ltr'><strong>de</strong></span> 
     </span>
    </p>
   </div>
   <div class='ocr_carea' id='block_1_77' title="bbox 2161 3297 3754 3373">
    <p class='ocr_par' dir='ltr' id='par_1_77' title="bbox 2161 3297 3754 3373">
     <span class='ocr_line' id='line_1_77' title="bbox 2161 3297 3754 3373; baseline -0.006 -15"><span class='ocrx_word' id='word_1_506' title='bbox 2161 3301 2426 3358; x_wconf 82' lang='lat' dir='ltr'><strong>Acbmete</strong></span> <span class='ocrx_word' id='word_1_507' title='bbox 2479 3301 2640 3356; x_wconf 87' lang='lat' dir='ltr'><strong>bassa</strong></span> <span class='ocrx_word' id='word_1_508' title='bbox 2682 3300 3010 3373; x_wconf 67' lang='lat' dir='ltr'><strong>Cbersengli</strong></span> <span class='ocrx_word' id='word_1_509' title='bbox 3088 3302 3203 3356; x_wconf 83' lang='lat' dir='ltr'><strong>sive</strong></span> <span class='ocrx_word' id='word_1_510' title='bbox 3242 3297 3590 3369; x_wconf 76' lang='lat' dir='ltr'><strong>Chersecogli</strong></span> <span class='ocrx_word' id='word_1_511' title='bbox 3641 3307 3754 3350; x_wconf 90' lang='lat' dir='ltr'><strong>tra-</strong></span> 
     </span>
    </p>
   </div>
   <div class='ocr_carea' id='block_1_78' title="bbox 2163 3389 3753 3464">
    <p class='ocr_par' dir='ltr' id='par_1_78' title="bbox 2163 3389 3753 3464">
     <span class='ocr_line' id='line_1_78' title="bbox 2163 3389 3753 3464; baseline -0.004 -14"><span class='ocrx_word' id='word_1_512' title='bbox 2163 3395 2457 3459; x_wconf 83' lang='lat' dir='ltr'><strong>ctabimus,</strong></span> <span class='ocrx_word' id='word_1_513' title='bbox 2497 3403 2752 3448; x_wconf 89' lang='lat' dir='ltr'><strong>notarum</strong></span> <span class='ocrx_word' id='word_1_514' title='bbox 2787 3393 2890 3449; x_wconf 69' lang='lat' dir='ltr'><strong>tﬁl</strong></span> <span class='ocrx_word' id='word_1_515' title='bbox 2924 3405 2980 3449; x_wconf 87' lang='lat' dir='ltr'><strong>et</strong></span> <span class='ocrx_word' id='word_1_516' title='bbox 3007 3391 3113 3448; x_wconf 68' lang='grc' dir='ltr'><strong>ιδε</strong></span> <span class='ocrx_word' id='word_1_517' title='bbox 3139 3392 3432 3464; x_wconf 85' lang='lat' dir='ltr'><strong>capitibus.</strong></span> <span class='ocrx_word' id='word_1_518' title='bbox 3470 3391 3528 3446; x_wconf 93' lang='lat' dir='ltr'><strong>lu</strong></span> <span class='ocrx_word' id='word_1_519' title='bbox 3546 3389 3753 3444; x_wconf 82' lang='lat' dir='ltr'><strong>tabulis</strong></span> 
     </span>
    </p>
   </div>
   <div class='ocr_carea' id='block_1_79' title="bbox 2164 3483 3749 3558">
    <p class='ocr_par' dir='ltr' id='par_1_79' title="bbox 2164 3483 3749 3558">
     <span class='ocr_line' id='line_1_79' title="bbox 2164 3483 3749 3558; baseline -0.003 -16"><span class='ocrx_word' id='word_1_520' title='bbox 2164 3487 2615 3557; x_wconf 79' lang='lat' dir='ltr'><strong>chorngrapbicis</strong></span> <span class='ocrx_word' id='word_1_521' title='bbox 2648 3501 2748 3557; x_wconf 91' lang='lat' dir='ltr'><strong>pro</strong></span> <span class='ocrx_word' id='word_1_522' title='bbox 2789 3484 3036 3558; x_wconf 69' lang='lat' dir='ltr'><strong>Hercego</strong></span> <span class='ocrx_word' id='word_1_523' title='bbox 3059 3487 3284 3542; x_wconf 87' lang='lat' dir='ltr'><strong>civitate</strong></span> <span class='ocrx_word' id='word_1_524' title='bbox 3313 3485 3560 3556; x_wconf 86' lang='lat' dir='ltr'><strong>reperias</strong></span> <span class='ocrx_word' id='word_1_525' title='bbox 3577 3483 3749 3539; x_wconf 85' lang='lat' dir='ltr'><strong>alicu-</strong></span> 
     </span>
    </p>
   </div>
   <div class='ocr_carea' id='block_1_80' title="bbox 2165 3576 3272 3651">
    <p class='ocr_par' dir='ltr' id='par_1_80' title="bbox 2165 3576 3272 3651">
     <span class='ocr_line' id='line_1_80' title="bbox 2165 3576 3272 3651; baseline -0.004 -15"><span class='ocrx_word' id='word_1_526' title='bbox 2165 3578 2221 3636; x_wconf 83' lang='lat' dir='ltr'><strong>bi</strong></span> <span class='ocrx_word' id='word_1_527' title='bbox 2256 3581 2546 3651; x_wconf 87' lang='lat' dir='ltr'><strong>scriptum,</strong></span> <span class='ocrx_word' id='word_1_528' title='bbox 2575 3578 2826 3648; x_wconf 83' lang='lat' dir='ltr'><strong>Sercico,</strong></span> <span class='ocrx_word' id='word_1_529' title='bbox 2861 3581 2955 3636; x_wconf 87' lang='lat' dir='ltr'><strong>sed</strong></span> <span class='ocrx_word' id='word_1_530' title='bbox 2995 3576 3272 3649; x_wconf 84' lang='lat' dir='ltr'><strong>eorrupte.</strong></span> 
     </span>
    </p>
   </div>
   <div class='ocr_carea' id='block_1_81' title="bbox 2469 3670 3363 3742">
    <p class='ocr_par' dir='ltr' id='par_1_81' title="bbox 2469 3670 3363 3742">
     <span class='ocr_line' id='line_1_81' title="bbox 2469 3670 3363 3742; baseline -0.002 -14"><span class='ocrx_word' id='word_1_531' title='bbox 2469 3670 2564 3728; x_wconf 80' lang='lat'><strong>96.</strong></span> <span class='ocrx_word' id='word_1_532' title='bbox 2611 3670 2764 3727; x_wconf 72' lang='grc' dir='ltr'><strong>Βιαιεὲ</strong></span> <span class='ocrx_word' id='word_1_533' title='bbox 2794 3671 2915 3742; x_wconf 74' lang='lat' dir='ltr'><strong>ﬁlia</strong></span> <span class='ocrx_word' id='word_1_534' title='bbox 2942 3671 3146 3726; x_wconf 60' lang='lat' dir='ltr'><strong>Murali</strong></span> <span class='ocrx_word' id='word_1_535' title='bbox 3178 3680 3363 3741; x_wconf 78' lang='lat' dir='ltr'><strong>nupta.</strong></span> 
     </span>
    </p>
   </div>
   <div class='ocr_carea' id='block_1_82' title="bbox 2239 3761 3754 3836">
    <p class='ocr_par' dir='ltr' id='par_1_82' title="bbox 2239 3761 3754 3836">
     <span class='ocr_line' id='line_1_82' title="bbox 2239 3761 3754 3836; baseline -0.003 -18"><span class='ocrx_word' id='word_1_536' title='bbox 2239 3762 2476 3820; x_wconf 82' lang='lat' dir='ltr'><strong>Nomine</strong></span> <span class='ocrx_word' id='word_1_537' title='bbox 2536 3764 2688 3819; x_wconf 81' lang='lat' dir='ltr'><strong>Bulei</strong></span> <span class='ocrx_word' id='word_1_538' title='bbox 2721 3766 2909 3836; x_wconf 88' lang='lat' dir='ltr'><strong>accipe</strong></span> <span class='ocrx_word' id='word_1_539' title='bbox 2959 3763 3255 3835; x_wconf 73' lang='lat' dir='ltr'><strong>Georgium</strong></span> <span class='ocrx_word' id='word_1_540' title='bbox 3327 3761 3754 3826; x_wconf 84' lang='lat' dir='ltr'><strong>Bulcovltzium,</strong></span> 
     </span>
    </p>
   </div>
   <div class='ocr_carea' id='block_1_83' title="bbox 2169 3855 3758 3928">
    <p class='ocr_par' dir='ltr' id='par_1_83' title="bbox 2169 3855 3758 3928">
     <span class='ocr_line' id='line_1_83' title="bbox 2169 3855 3758 3928; baseline -0.002 -15"><span class='ocrx_word' id='word_1_541' title='bbox 2169 3857 2376 3914; x_wconf 59' lang='lat' dir='ltr'><strong>Servi:</strong></span> <span class='ocrx_word' id='word_1_542' title='bbox 2413 3858 2719 3928; x_wconf 88' lang='lat' dir='ltr'><strong>despotam,</strong></span> <span class='ocrx_word' id='word_1_543' title='bbox 2750 3867 2806 3913; x_wconf 91' lang='lat' dir='ltr'><strong>et</strong></span> <span class='ocrx_word' id='word_1_544' title='bbox 2844 3857 2969 3913; x_wconf 88' lang='lat' dir='ltr'><strong>vide</strong></span> <span class='ocrx_word' id='word_1_545' title='bbox 3013 3865 3198 3912; x_wconf 86' lang='lat' dir='ltr'><strong>notata</strong></span> <span class='ocrx_word' id='word_1_546' title='bbox 3233 3858 3521 3928; x_wconf 84' lang='lat' dir='ltr'><strong>superius;</strong></span> <span class='ocrx_word' id='word_1_547' title='bbox 3557 3855 3628 3912; x_wconf 88' lang='lat' dir='ltr'><strong>ad</strong></span> <span class='ocrx_word' id='word_1_548' title='bbox 3656 3871 3758 3910; x_wconf 85' lang='lat' dir='ltr'><strong>nu-</strong></span> 
     </span>
    </p>
   </div>
   <div class='ocr_carea' id='block_1_84' title="bbox 2170 3948 3760 4021">
    <p class='ocr_par' dir='ltr' id='par_1_84' title="bbox 2170 3948 3760 4021">
     <span class='ocr_line' id='line_1_84' title="bbox 2170 3948 3760 4021; baseline -0.001 -17"><span class='ocrx_word' id='word_1_549' title='bbox 2170 3966 2356 4008; x_wconf 89' lang='lat' dir='ltr'><strong>meros</strong></span> <span class='ocrx_word' id='word_1_550' title='bbox 2394 3959 2648 4006; x_wconf 88' lang='lat' dir='ltr'><strong>notarum</strong></span> <span class='ocrx_word' id='word_1_551' title='bbox 2675 3950 2748 4005; x_wconf 73' lang='grc' dir='ltr'><strong>ιθ</strong></span> <span class='ocrx_word' id='word_1_552' title='bbox 2778 3960 2835 4006; x_wconf 90' lang='lat' dir='ltr'><strong>et</strong></span> <span class='ocrx_word' id='word_1_553' title='bbox 2856 3951 2948 4006; x_wconf 69' lang='grc' dir='ltr'><strong>ει.</strong></span> <span class='ocrx_word' id='word_1_554' title='bbox 2972 3949 3164 4007; x_wconf 78' lang='lat' dir='ltr'><strong>Filiam</strong></span> <span class='ocrx_word' id='word_1_555' title='bbox 3201 3950 3368 4021; x_wconf 85' lang='lat' dir='ltr'><strong>hujus</strong></span> <span class='ocrx_word' id='word_1_556' title='bbox 3395 3948 3601 4005; x_wconf 78' lang='lat' dir='ltr'><strong>Murati</strong></span> <span class='ocrx_word' id='word_1_557' title='bbox 3658 3963 3760 4002; x_wconf 87' lang='lat' dir='ltr'><strong>nu-</strong></span> 
     </span>
    </p>
   </div>
   <div class='ocr_carea' id='block_1_85' title="bbox 2172 4037 3762 4111">
    <p class='ocr_par' dir='ltr' id='par_1_85' title="bbox 2172 4037 3762 4111">
     <span class='ocr_line' id='line_1_85' title="bbox 2172 4037 3762 4111; baseline -0.004 -15"><span class='ocrx_word' id='word_1_558' title='bbox 2172 4049 2349 4111; x_wconf 86' lang='lat' dir='ltr'><strong>ptam,</strong></span> <span class='ocrx_word' id='word_1_559' title='bbox 2406 4039 2654 4111; x_wconf 89' lang='lat' dir='ltr'><strong>plerique</strong></span> <span class='ocrx_word' id='word_1_560' title='bbox 2685 4049 2881 4095; x_wconf 87' lang='lat' dir='ltr'><strong>vocant</strong></span> <span class='ocrx_word' id='word_1_561' title='bbox 2911 4037 3124 4104; x_wconf 84' lang='lat' dir='ltr'><strong>lrenen,</strong></span> <span class='ocrx_word' id='word_1_562' title='bbox 3156 4048 3519 4110; x_wconf 73' lang='lat' dir='ltr'><strong>cognomento</strong></span> <span class='ocrx_word' id='word_1_563' title='bbox 3562 4037 3762 4092; x_wconf 85' lang='lat' dir='ltr'><strong>Canta—</strong></span> 
     </span>
    </p>
   </div>
   <div class='ocr_carea' id='block_1_86' title="bbox 2172 4126 3762 4199">
    <p class='ocr_par' dir='ltr' id='par_1_86' title="bbox 2172 4126 3762 4199">
     <span class='ocr_line' id='line_1_86' title="bbox 2172 4126 3762 4199; baseline -0.004 -11"><span class='ocrx_word' id='word_1_564' title='bbox 2172 4145 2464 4195; x_wconf 78' lang='lat' dir='ltr'><strong>cuzenam,</strong></span> <span class='ocrx_word' id='word_1_565' title='bbox 2499 4130 2553 4185; x_wconf 91' lang='lat' dir='ltr'><strong>in</strong></span> <span class='ocrx_word' id='word_1_566' title='bbox 2594 4129 2795 4198; x_wconf 85' lang='lat' dir='ltr'><strong>quibus</strong></span> <span class='ocrx_word' id='word_1_567' title='bbox 2831 4139 2918 4184; x_wconf 86' lang='lat' dir='ltr'><strong>est</strong></span> <span class='ocrx_word' id='word_1_568' title='bbox 2961 4126 3268 4193; x_wconf 60' lang='lat' dir='ltr'><strong>Geul‘raaus,</strong></span> <span class='ocrx_word' id='word_1_569' title='bbox 3304 4143 3466 4199; x_wconf 88' lang='lat' dir='ltr'><strong>quem</strong></span> <span class='ocrx_word' id='word_1_570' title='bbox 3530 4126 3762 4182; x_wconf 77' lang='lat' dir='ltr'><strong>Reiuec—</strong></span> 
     </span>
    </p>
   </div>
   <div class='ocr_carea' id='block_1_87' title="bbox 2173 4219 3764 4295">
    <p class='ocr_par' dir='ltr' id='par_1_87' title="bbox 2173 4219 3764 4295">
     <span class='ocr_line' id='line_1_87' title="bbox 2173 4219 3764 4295; baseline -0.002 -18"><span class='ocrx_word' id='word_1_571' title='bbox 2173 4227 2294 4283; x_wconf 78' lang='lat' dir='ltr'><strong>eius</strong></span> <span class='ocrx_word' id='word_1_572' title='bbox 2323 4221 2731 4295; x_wconf 81' lang='lat' dir='ltr'><strong>sequitur.-Sed</strong></span> <span class='ocrx_word' id='word_1_573' title='bbox 2778 4223 2832 4277; x_wconf 84' lang='lat' dir='ltr'><strong>hi</strong></span> <span class='ocrx_word' id='word_1_574' title='bbox 2867 4220 3085 4290; x_wconf 85' lang='lat' dir='ltr'><strong>quidem</strong></span> <span class='ocrx_word' id='word_1_575' title='bbox 3151 4227 3364 4275; x_wconf 86' lang='lat' dir='ltr'><strong>errant.</strong></span> <span class='ocrx_word' id='word_1_576' title='bbox 3416 4219 3549 4276; x_wconf 83' lang='lat' dir='ltr'><strong>Nam</strong></span> <span class='ocrx_word' id='word_1_577' title='bbox 3611 4226 3764 4276; x_wconf 88' lang='lat' dir='ltr'><strong>recte</strong></span> 
     </span>
    </p>
   </div>
   <div class='ocr_carea' id='block_1_88' title="bbox 2174 4307 3760 4387">
    <p class='ocr_par' dir='ltr' id='par_1_88' title="bbox 2174 4307 3760 4387">
     <span class='ocr_line' id='line_1_88' title="bbox 2174 4307 3760 4387; baseline -0.004 -16"><span class='ocrx_word' id='word_1_578' title='bbox 2174 4315 2396 4387; x_wconf 81' lang='lat' dir='ltr'><strong>scripsit</strong></span> <span class='ocrx_word' id='word_1_579' title='bbox 2424 4311 2820 4382; x_wconf 72' lang='lat' dir='ltr'><strong>Spnnduginus</strong></span> <span class='ocrx_word' id='word_1_580' title='bbox 2855 4311 3000 4364; x_wconf 86' lang='lat' dir='ltr'><strong>hanc</strong></span> <span class='ocrx_word' id='word_1_581' title='bbox 3054 4307 3281 4363; x_wconf 79' lang='lat' dir='ltr'><strong>Mariam</strong></span> <span class='ocrx_word' id='word_1_582' title='bbox 3321 4308 3494 4366; x_wconf 77' lang='lat' dir='ltr'><strong>fuisse</strong></span> <span class='ocrx_word' id='word_1_583' title='bbox 3535 4311 3760 4376; x_wconf 85' lang='lat' dir='ltr'><strong>dictam,</strong></span> 
     </span>
    </p>
   </div>
   <div class='ocr_carea' id='block_1_89' title="bbox 2176 4398 3757 4477">
    <p class='ocr_par' dir='ltr' id='par_1_89' title="bbox 2176 4398 3757 4477">
     <span class='ocr_line' id='line_1_89' title="bbox 2176 4398 3757 4477; baseline -0.005 -14"><span class='ocrx_word' id='word_1_584' title='bbox 2176 4423 2297 4477; x_wconf 70' lang='lat' dir='ltr'><strong>qua:</strong></span> <span class='ocrx_word' id='word_1_585' title='bbox 2329 4417 2454 4461; x_wconf 86' lang='lat' dir='ltr'><strong>nata</strong></span> <span class='ocrx_word' id='word_1_586' title='bbox 2487 4404 2649 4459; x_wconf 82' lang='lat' dir='ltr'><strong>t‘uerit</strong></span> <span class='ocrx_word' id='word_1_587' title='bbox 2689 4418 2796 4458; x_wconf 91' lang='lat' dir='ltr'><strong>non</strong></span> <span class='ocrx_word' id='word_1_588' title='bbox 2846 4401 3243 4466; x_wconf 86' lang='lat' dir='ltr'><strong>Cantacuzino,</strong></span> <span class='ocrx_word' id='word_1_589' title='bbox 3279 4399 3376 4456; x_wconf 87' lang='lat' dir='ltr'><strong>sed</strong></span> <span class='ocrx_word' id='word_1_590' title='bbox 3431 4398 3603 4470; x_wconf 72' lang='lat' dir='ltr'><strong>Jurgo</strong></span> <span class='ocrx_word' id='word_1_591' title='bbox 3650 4400 3757 4471; x_wconf 72' lang='lat' dir='ltr'><strong>(sic</strong></span> 
     </span>
    </p>
   </div>
   <div class='ocr_carea' id='block_1_90' title="bbox 490 4479 3764 4580">
    <p class='ocr_par' dir='ltr' id='par_1_90' title="bbox 490 4479 3764 4580">
     <span class='ocr_line' id='line_1_90' title="bbox 490 4479 3764 4580; baseline -0.005 -18"><span class='ocrx_word' id='word_1_592' title='bbox 490 4510 553 4548; x_wconf 65' lang='lat' dir='ltr'><strong>ac</strong></span> <span class='ocrx_word' id='word_1_593' title='bbox 587 4490 823 4562; x_wconf 61' lang='grc' dir='ltr'><strong>βτωδῖάῖί</strong></span> <span class='ocrx_word' id='word_1_594' title='bbox 855 4488 1045 4543; x_wconf 66' lang='lat' dir='ltr'><strong>vene”</strong></span> <span class='ocrx_word' id='word_1_595' title='bbox 1101 4484 1352 4555; x_wconf 62' lang='lat' dir='ltr'><strong>ren‘luii‘</strong></span> <span class='ocrx_word' id='word_1_596' title='bbox 1404 4479 1907 4580; x_wconf 47' lang='lat' dir='ltr'><strong>&quot;afeiﬁntjeﬁitv</strong></span> <span class='ocrx_word' id='word_1_597' title='bbox 1951 4490 2074 4546; x_wconf 60' lang='grc'><strong>(1⁸³⁵³</strong></span> <span class='ocrx_word' id='word_1_598' title='bbox 2105 4519 2157 4580; x_wconf 76' lang='grc' dir='ltr'><strong>υ</strong></span> <span class='ocrx_word' id='word_1_599' title='bbox 2183 4501 2357 4557; x_wconf 71' lang='lat' dir='ltr'><strong>Servii</strong></span> <span class='ocrx_word' id='word_1_600' title='bbox 2410 4497 2706 4568; x_wconf 78' lang='lat' dir='ltr'><strong>Georgium</strong></span> <span class='ocrx_word' id='word_1_601' title='bbox 2761 4494 2985 4561; x_wconf 84' lang='lat' dir='ltr'><strong>vocant)</strong></span> <span class='ocrx_word' id='word_1_602' title='bbox 3022 4492 3251 4562; x_wconf 87' lang='lat' dir='ltr'><strong>despota</strong></span> <span class='ocrx_word' id='word_1_603' title='bbox 3281 4502 3459 4563; x_wconf 88' lang='lat' dir='ltr'><strong>patre,</strong></span> <span class='ocrx_word' id='word_1_604' title='bbox 3491 4493 3764 4549; x_wconf 76' lang='lat' dir='ltr'><strong>Cantacn.</strong></span> 
     </span>
    </p>
   </div>
   <div class='ocr_carea' id='block_1_91' title="bbox 493 4570 2075 4653">
    <p class='ocr_par' dir='ltr' id='par_1_91' title="bbox 493 4570 2075 4653">
     <span class='ocr_line' id='line_1_91' title="bbox 493 4570 2075 4653; baseline -0.011 -12"><span class='ocrx_word' id='word_1_605' title='bbox 493 4588 547 4648; x_wconf 85' lang='lat' dir='ltr'><strong>in</strong></span> <span class='ocrx_word' id='word_1_606' title='bbox 578 4593 737 4653; x_wconf 87' lang='lat' dir='ltr'><strong>portu</strong></span> <span class='ocrx_word' id='word_1_607' title='bbox 788 4583 1032 4645; x_wconf 83' lang='lat' dir='ltr'><strong>stabant,</strong></span> <span class='ocrx_word' id='word_1_608' title='bbox 1071 4593 1372 4649; x_wconf 81' lang='lat' dir='ltr'><strong>earumque</strong></span> <span class='ocrx_word' id='word_1_609' title='bbox 1415 4573 1663 4631; x_wconf 86' lang='lat' dir='ltr'><strong>subsidio</strong></span> <span class='ocrx_word' id='word_1_610' title='bbox 1705 4570 2013 4626; x_wconf 77' lang='lat' dir='ltr'><strong>Turcorum</strong></span> <span class='ocrx_word' id='word_1_611' title='bbox 2043 4583 2075 4623; x_wconf 90' lang='lat' dir='ltr'><strong>e</strong></span> 
     </span>
    </p>
   </div>
   <div class='ocr_carea' id='block_1_92' title="bbox 493 4672 1029 4742">
    <p class='ocr_par' dir='ltr' id='par_1_92' title="bbox 493 4672 1029 4742">
     <span class='ocr_line' id='line_1_92' title="bbox 493 4672 1029 4742; baseline -0.011 -10"><span class='ocrx_word' id='word_1_612' title='bbox 493 4679 745 4739; x_wconf 85' lang='lat' dir='ltr'><strong>manibus</strong></span> <span class='ocrx_word' id='word_1_613' title='bbox 776 4672 1029 4742; x_wconf 83' lang='lat' dir='ltr'><strong>dilapsis.</strong></span> 
     </span>
    </p>
   </div>
   <div class='ocr_carea' id='block_1_93' title="bbox 617 4759 1936 4835">
    <p class='ocr_par' dir='ltr' id='par_1_93' title="bbox 617 4759 1936 4835">
     <span class='ocr_line' id='line_1_93' title="bbox 617 4759 1936 4835; baseline -0.008 -9"><span class='ocrx_word' id='word_1_614' title='bbox 617 4765 874 4826; x_wconf 56' lang='lat'><strong>93.30:”</strong></span> <span class='ocrx_word' id='word_1_615' title='bbox 907 4763 1077 4835; x_wconf 81' lang='lat' dir='ltr'><strong>loga,</strong></span> <span class='ocrx_word' id='word_1_616' title='bbox 1107 4764 1197 4833; x_wconf 84' lang='lat' dir='ltr'><strong>qui</strong></span> <span class='ocrx_word' id='word_1_617' title='bbox 1232 4771 1282 4816; x_wconf 86' lang='lat' dir='ltr'><strong>et</strong></span> <span class='ocrx_word' id='word_1_618' title='bbox 1324 4760 1570 4833; x_wconf 77' lang='lat' dir='ltr'><strong>Tagauur</strong></span> <span class='ocrx_word' id='word_1_619' title='bbox 1592 4770 1641 4816; x_wconf 84' lang='lat' dir='ltr'><strong>et</strong></span> <span class='ocrx_word' id='word_1_620' title='bbox 1662 4759 1936 4831; x_wconf 75' lang='lat' dir='ltr'><strong>Tugauus.</strong></span> 
     </span>
    </p>
   </div>
   <div class='ocr_carea' id='block_1_94' title="bbox 563 4874 2080 4956">
    <p class='ocr_par' dir='ltr' id='par_1_94' title="bbox 563 4874 2080 4956">
     <span class='ocr_line' id='line_1_94' title="bbox 563 4874 2080 4956; baseline -0.011 -12"><span class='ocrx_word' id='word_1_621' title='bbox 563 4888 695 4956; x_wconf 68' lang='lat' dir='ltr'><strong>Quae</strong></span> <span class='ocrx_word' id='word_1_622' title='bbox 724 4884 889 4941; x_wconf 83' lang='lat' dir='ltr'><strong>Turci</strong></span> <span class='ocrx_word' id='word_1_623' title='bbox 946 4891 1209 4938; x_wconf 84' lang='lat' dir='ltr'><strong>montana</strong></span> <span class='ocrx_word' id='word_1_624' title='bbox 1260 4878 1425 4946; x_wconf 64' lang='lat' dir='ltr'><strong>logie</strong></span> <span class='ocrx_word' id='word_1_625' title='bbox 1477 4888 1696 4940; x_wconf 90' lang='lat' dir='ltr'><strong>vocant,</strong></span> <span class='ocrx_word' id='word_1_626' title='bbox 1751 4875 1928 4932; x_wconf 66' lang='lat' dir='ltr'><strong>Grani</strong></span> <span class='ocrx_word' id='word_1_627' title='bbox 1996 4874 2080 4929; x_wconf 87' lang='lat' dir='ltr'><strong>vel</strong></span> 
     </span>
    </p>
   </div>
   <div class='ocr_carea' id='block_1_95' title="bbox 495 4969 2084 5053">
    <p class='ocr_par' dir='ltr' id='par_1_95' title="bbox 495 4969 2084 5053">
     <span class='ocr_line' id='line_1_95' title="bbox 495 4969 2084 5053; baseline -0.011 -13"><span class='ocrx_word' id='word_1_628' title='bbox 495 4980 780 5053; x_wconf 74' lang='lat' dir='ltr'><strong>&#39;l&#39;oganum</strong></span> <span class='ocrx_word' id='word_1_629' title='bbox 817 4984 1080 5038; x_wconf 89' lang='lat' dir='ltr'><strong>montem,</strong></span> <span class='ocrx_word' id='word_1_630' title='bbox 1109 4985 1168 5027; x_wconf 89' lang='lat' dir='ltr'><strong>ut</strong></span> <span class='ocrx_word' id='word_1_631' title='bbox 1196 4971 1470 5026; x_wconf 85' lang='lat' dir='ltr'><strong>Laouicus</strong></span> <span class='ocrx_word' id='word_1_632' title='bbox 1504 4985 1521 5035; x_wconf 90' lang='lat'><strong>;</strong></span> <span class='ocrx_word' id='word_1_633' title='bbox 1557 4970 1642 5024; x_wconf 91' lang='lat' dir='ltr'><strong>vel</strong></span> <span class='ocrx_word' id='word_1_634' title='bbox 1683 4969 1996 5038; x_wconf 74' lang='lat' dir='ltr'><strong>Tnganum,</strong></span> <span class='ocrx_word' id='word_1_635' title='bbox 2025 4977 2084 5022; x_wconf 89' lang='lat' dir='ltr'><strong>ut</strong></span> 
     </span>
    </p>
   </div>
   <div class='ocr_carea' id='block_1_96' title="bbox 499 5059 2081 5140">
    <p class='ocr_par' dir='ltr' id='par_1_96' title="bbox 499 5059 2081 5140">
     <span class='ocr_line' id='line_1_96' title="bbox 499 5059 2081 5140; baseline -0.01 -12"><span class='ocrx_word' id='word_1_636' title='bbox 499 5083 696 5140; x_wconf 70' lang='lat' dir='ltr'><strong>unctor</strong></span> <span class='ocrx_word' id='word_1_637' title='bbox 754 5078 964 5132; x_wconf 82' lang='lat' dir='ltr'><strong>uoster,</strong></span> <span class='ocrx_word' id='word_1_638' title='bbox 1015 5065 1299 5120; x_wconf 80' lang='lat' dir='ltr'><strong>dixerunt.</strong></span> <span class='ocrx_word' id='word_1_639' title='bbox 1360 5061 1586 5117; x_wconf 86' lang='lat' dir='ltr'><strong>Laonici</strong></span> <span class='ocrx_word' id='word_1_640' title='bbox 1639 5059 1793 5116; x_wconf 87' lang='lat' dir='ltr'><strong>locus</strong></span> <span class='ocrx_word' id='word_1_641' title='bbox 1844 5061 1934 5115; x_wconf 90' lang='lat' dir='ltr'><strong>hic</strong></span> <span class='ocrx_word' id='word_1_642' title='bbox 1979 5070 2081 5114; x_wconf 85' lang='lat' dir='ltr'><strong>est.</strong></span> 
     </span>
    </p>
   </div>
   <div class='ocr_carea' id='block_1_97' title="bbox 502 5153 2082 5234">
    <p class='ocr_par' dir='ltr' id='par_1_97' title="bbox 502 5153 2082 5234">
     <span class='ocr_line' id='line_1_97' title="bbox 502 5153 2082 5234; baseline -0.011 -12"><span class='ocrx_word' id='word_1_643' title='bbox 502 5165 842 5234; x_wconf 79' lang='lat' dir='ltr'><strong>Mustaphas,</strong></span> <span class='ocrx_word' id='word_1_644' title='bbox 883 5160 1084 5230; x_wconf 86' lang='lat' dir='ltr'><strong>inquit,</strong></span> <span class='ocrx_word' id='word_1_645' title='bbox 1131 5157 1356 5211; x_wconf 89' lang='lat' dir='ltr'><strong>tandem</strong></span> <span class='ocrx_word' id='word_1_646' title='bbox 1405 5170 1684 5224; x_wconf 86' lang='lat' dir='ltr'><strong>nusquam</strong></span> <span class='ocrx_word' id='word_1_647' title='bbox 1735 5163 1906 5217; x_wconf 87' lang='lat' dir='ltr'><strong>tutus,</strong></span> <span class='ocrx_word' id='word_1_648' title='bbox 1958 5153 2082 5223; x_wconf 74' lang='lat' dir='ltr'><strong>luga</strong></span> 
     </span>
    </p>
   </div>
   <div class='ocr_carea' id='block_1_98' title="bbox 501 5248 2085 5324">
    <p class='ocr_par' dir='ltr' id='par_1_98' title="bbox 501 5248 2085 5324">
     <span class='ocr_line' id='line_1_98' title="bbox 501 5248 2085 5324; baseline -0.008 -12"><span class='ocrx_word' id='word_1_649' title='bbox 501 5277 560 5314; x_wconf 76' lang='lat' dir='ltr'><strong>se</strong></span> <span class='ocrx_word' id='word_1_650' title='bbox 583 5259 820 5314; x_wconf 87' lang='lat' dir='ltr'><strong>contulit</strong></span> <span class='ocrx_word' id='word_1_651' title='bbox 843 5258 898 5311; x_wconf 89' lang='lat' dir='ltr'><strong>in</strong></span> <span class='ocrx_word' id='word_1_652' title='bbox 935 5263 1198 5319; x_wconf 84' lang='lat' dir='ltr'><strong>montem,</strong></span> <span class='ocrx_word' id='word_1_653' title='bbox 1237 5266 1399 5324; x_wconf 82' lang='lat' dir='ltr'><strong>quem</strong></span> <span class='ocrx_word' id='word_1_654' title='bbox 1433 5251 1621 5305; x_wconf 79' lang='lat' dir='ltr'><strong>incola:</strong></span> <span class='ocrx_word' id='word_1_655' title='bbox 1663 5248 1945 5320; x_wconf 78' lang='lat' dir='ltr'><strong>&#39;l‘oganum</strong></span> <span class='ocrx_word' id='word_1_656' title='bbox 1991 5262 2085 5300; x_wconf 80' lang='lat' dir='ltr'><strong>vo-</strong></span> 
     </span>
    </p>
   </div>
   <div class='ocr_carea' id='block_1_99' title="bbox 501 5346 2086 5417">
    <p class='ocr_par' dir='ltr' id='par_1_99' title="bbox 501 5346 2086 5417">
     <span class='ocr_line' id='line_1_99' title="bbox 501 5346 2086 5417; baseline -0.006 -5"><span class='ocrx_word' id='word_1_657' title='bbox 501 5365 650 5412; x_wconf 87' lang='lat' dir='ltr'><strong>cant.</strong></span> <span class='ocrx_word' id='word_1_658' title='bbox 687 5353 949 5410; x_wconf 66' lang='lat' dir='ltr'><strong>Prctoris</strong></span> <span class='ocrx_word' id='word_1_659' title='bbox 977 5359 1163 5406; x_wconf 89' lang='lat' dir='ltr'><strong>autem</strong></span> <span class='ocrx_word' id='word_1_660' title='bbox 1211 5350 1328 5404; x_wconf 75' lang='lat' dir='ltr'><strong>lucc</strong></span> <span class='ocrx_word' id='word_1_661' title='bbox 1359 5349 1522 5403; x_wconf 86' lang='lat' dir='ltr'><strong>verba</strong></span> <span class='ocrx_word' id='word_1_662' title='bbox 1558 5357 1730 5402; x_wconf 85' lang='lat' dir='ltr'><strong>sunt:</strong></span> <span class='ocrx_word' id='word_1_663' title='bbox 1779 5346 2086 5417; x_wconf 87' lang='lat' dir='ltr'><strong>Imperator</strong></span> 
     </span>
    </p>
   </div>
   <div class='ocr_carea' id='block_1_100' title="bbox 502 5441 2086 5514">
    <p class='ocr_par' dir='ltr' id='par_1_100' title="bbox 502 5441 2086 5514">
     <span class='ocr_line' id='line_1_100' title="bbox 502 5441 2086 5514; baseline -0.004 -13"><span class='ocrx_word' id='word_1_664' title='bbox 502 5449 670 5503; x_wconf 57' lang='lat' dir='ltr'><strong>etiam</strong></span> <span class='ocrx_word' id='word_1_665' title='bbox 707 5457 950 5502; x_wconf 89' lang='lat' dir='ltr'><strong>montem</strong></span> <span class='ocrx_word' id='word_1_666' title='bbox 978 5442 1267 5514; x_wconf 73' lang='lat' dir='ltr'><strong>Tuganum</strong></span> <span class='ocrx_word' id='word_1_667' title='bbox 1297 5443 1351 5497; x_wconf 88' lang='lat' dir='ltr'><strong>in</strong></span> <span class='ocrx_word' id='word_1_668' title='bbox 1386 5449 1715 5512; x_wconf 82' lang='lat' dir='ltr'><strong>potestatem</strong></span> <span class='ocrx_word' id='word_1_669' title='bbox 1764 5441 1996 5512; x_wconf 75' lang='lat' dir='ltr'><strong>redegit,</strong></span> <span class='ocrx_word' id='word_1_670' title='bbox 2029 5449 2086 5495; x_wconf 87' lang='lat' dir='ltr'><strong>et</strong></span> 
     </span>
    </p>
   </div>
   <div class='ocr_carea' id='block_1_101' title="bbox 504 5531 2086 5614">
    <p class='ocr_par' dir='ltr' id='par_1_101' title="bbox 504 5531 2086 5614">
     <span class='ocr_line' id='line_1_101' title="bbox 504 5531 2086 5614; baseline -0.004 -19"><span class='ocrx_word' id='word_1_671' title='bbox 504 5541 822 5614; x_wconf 84' lang='lat' dir='ltr'><strong>oppidulum</strong></span> <span class='ocrx_word' id='word_1_672' title='bbox 858 5540 912 5593; x_wconf 91' lang='lat' dir='ltr'><strong>in</strong></span> <span class='ocrx_word' id='word_1_673' title='bbox 959 5553 1026 5591; x_wconf 84' lang='lat' dir='ltr'><strong>eo</strong></span> <span class='ocrx_word' id='word_1_674' title='bbox 1059 5536 1306 5593; x_wconf 80' lang='lat' dir='ltr'><strong>condidit</strong></span> <span class='ocrx_word' id='word_1_675' title='bbox 1343 5553 1356 5588; x_wconf 91' lang='lat'><strong>:</strong></span> <span class='ocrx_word' id='word_1_676' title='bbox 1413 5549 1525 5604; x_wconf 87' lang='lat' dir='ltr'><strong>quo</strong></span> <span class='ocrx_word' id='word_1_677' title='bbox 1564 5531 1851 5588; x_wconf 82' lang='lat' dir='ltr'><strong>Nicolaum</strong></span> <span class='ocrx_word' id='word_1_678' title='bbox 1897 5533 2086 5588; x_wconf 86' lang='lat' dir='ltr'><strong>Coter-</strong></span> 
     </span>
    </p>
   </div>
   <div class='ocr_carea' id='block_1_102' title="bbox 512 5625 2088 5704">
    <p class='ocr_par' dir='ltr' id='par_1_102' title="bbox 512 5625 2088 5704">
     <span class='ocr_line' id='line_1_102' title="bbox 512 5625 2088 5704; baseline -0.006 -14"><span class='ocrx_word' id='word_1_679' title='bbox 512 5648 634 5693; x_wconf 77' lang='lat' dir='ltr'><strong>tzen</strong></span> <span class='ocrx_word' id='word_1_680' title='bbox 659 5633 953 5704; x_wconf 78' lang='lat' dir='ltr'><strong>ablegavit,</strong></span> <span class='ocrx_word' id='word_1_681' title='bbox 990 5641 1048 5685; x_wconf 90' lang='lat' dir='ltr'><strong>ut</strong></span> <span class='ocrx_word' id='word_1_682' title='bbox 1075 5631 1336 5687; x_wconf 78' lang='lat' dir='ltr'><strong>excubias</strong></span> <span class='ocrx_word' id='word_1_683' title='bbox 1377 5630 1486 5693; x_wconf 88' lang='lat' dir='ltr'><strong>illic</strong></span> <span class='ocrx_word' id='word_1_684' title='bbox 1511 5635 1718 5698; x_wconf 80' lang='lat' dir='ltr'><strong>ageret,</strong></span> <span class='ocrx_word' id='word_1_685' title='bbox 1773 5637 1828 5682; x_wconf 91' lang='lat' dir='ltr'><strong>et</strong></span> <span class='ocrx_word' id='word_1_686' title='bbox 1875 5625 2088 5681; x_wconf 84' lang='lat' dir='ltr'><strong>Latinis</strong></span> 
     </span>
    </p>
   </div>
   <div class='ocr_carea' id='block_1_103' title="bbox 512 5718 2079 5792">
    <p class='ocr_par' dir='ltr' id='par_1_103' title="bbox 512 5718 2079 5792">
     <span class='ocr_line' id='line_1_103' title="bbox 512 5718 2079 5792; baseline -0.01 -9"><span class='ocrx_word' id='word_1_687' title='bbox 512 5731 659 5783; x_wconf 85' lang='lat' dir='ltr'><strong>intra</strong></span> <span class='ocrx_word' id='word_1_688' title='bbox 735 5724 1034 5780; x_wconf 82' lang='lat' dir='ltr'><strong>&#39;l‘znrulum</strong></span> <span class='ocrx_word' id='word_1_689' title='bbox 1087 5721 1417 5792; x_wconf 73' lang='lat' dir='ltr'><strong>degentibus</strong></span> <span class='ocrx_word' id='word_1_690' title='bbox 1468 5720 1682 5788; x_wconf 81' lang='lat' dir='ltr'><strong>negotia</strong></span> <span class='ocrx_word' id='word_1_691' title='bbox 1740 5718 2079 5774; x_wconf 71' lang='lat' dir='ltr'><strong>lacesseret:</strong></span> 
     </span>
    </p>
   </div>
   <div class='ocr_carea' id='block_1_104' title="bbox 513 5811 2085 5890">
    <p class='ocr_par' dir='ltr' id='par_1_104' title="bbox 513 5811 2085 5890">
     <span class='ocr_line' id='line_1_104' title="bbox 513 5811 2085 5890; baseline -0.006 -16"><span class='ocrx_word' id='word_1_692' title='bbox 513 5820 656 5890; x_wconf 80' lang='lat' dir='ltr'><strong>quod</strong></span> <span class='ocrx_word' id='word_1_693' title='bbox 679 5818 898 5889; x_wconf 89' lang='lat' dir='ltr'><strong>quidem</strong></span> <span class='ocrx_word' id='word_1_694' title='bbox 921 5815 1183 5886; x_wconf 87' lang='lat' dir='ltr'><strong>oppidum</strong></span> <span class='ocrx_word' id='word_1_695' title='bbox 1210 5811 1432 5869; x_wconf 75' lang='lat' dir='ltr'><strong>&#39;Izuruli</strong></span> <span class='ocrx_word' id='word_1_696' title='bbox 1463 5827 1572 5867; x_wconf 90' lang='lat' dir='ltr'><strong>non</strong></span> <span class='ocrx_word' id='word_1_697' title='bbox 1604 5825 1798 5878; x_wconf 72' lang='lat' dir='ltr'><strong>magno</strong></span> <span class='ocrx_word' id='word_1_698' title='bbox 1841 5819 2085 5873; x_wconf 76' lang='lat' dir='ltr'><strong>tcnuzorc</strong></span> 
     </span>
    </p>
   </div>
   <div class='ocr_carea' id='block_1_105' title="bbox 2182 4584 3763 4657">
    <p class='ocr_par' dir='ltr' id='par_1_105' title="bbox 2182 4584 3763 4657">
     <span class='ocr_line' id='line_1_105' title="bbox 2182 4584 3763 4657; baseline -0.007 -6"><span class='ocrx_word' id='word_1_699' title='bbox 2182 4597 2305 4651; x_wconf 79' lang='lat' dir='ltr'><strong>zina</strong></span> <span class='ocrx_word' id='word_1_700' title='bbox 2343 4602 2521 4649; x_wconf 85' lang='lat' dir='ltr'><strong>tamen</strong></span> <span class='ocrx_word' id='word_1_701' title='bbox 2570 4591 2725 4645; x_wconf 89' lang='lat' dir='ltr'><strong>lrene</strong></span> <span class='ocrx_word' id='word_1_702' title='bbox 2765 4598 2955 4650; x_wconf 86' lang='lat' dir='ltr'><strong>matre,</strong></span> <span class='ocrx_word' id='word_1_703' title='bbox 2996 4600 3122 4657; x_wconf 71' lang='lat' dir='ltr'><strong>quae</strong></span> <span class='ocrx_word' id='word_1_704' title='bbox 3155 4600 3314 4641; x_wconf 89' lang='lat' dir='ltr'><strong>soror</strong></span> <span class='ocrx_word' id='word_1_705' title='bbox 3347 4585 3515 4640; x_wconf 71' lang='lat' dir='ltr'><strong>interit</strong></span> <span class='ocrx_word' id='word_1_706' title='bbox 3542 4584 3763 4657; x_wconf 71' lang='lat' dir='ltr'><strong>Georgii</strong></span> 
     </span>
    </p>
   </div>
   <div class='ocr_carea' id='block_1_106' title="bbox 2181 4676 3790 4751">
    <p class='ocr_par' dir='ltr' id='par_1_106' title="bbox 2181 4676 3790 4751">
     <span class='ocr_line' id='line_1_106' title="bbox 2181 4676 3790 4751; baseline -0.009 -12"><span class='ocrx_word' id='word_1_707' title='bbox 2181 4683 2564 4741; x_wconf 78' lang='lat' dir='ltr'><strong>Cantacuaini.</strong></span> <span class='ocrx_word' id='word_1_708' title='bbox 2613 4681 2881 4751; x_wconf 76' lang='lat' dir='ltr'><strong>Georgius</strong></span> <span class='ocrx_word' id='word_1_709' title='bbox 2927 4688 3134 4743; x_wconf 88' lang='lat' dir='ltr'><strong>autem,</strong></span> <span class='ocrx_word' id='word_1_710' title='bbox 3182 4676 3331 4747; x_wconf 89' lang='lat' dir='ltr'><strong>quod</strong></span> <span class='ocrx_word' id='word_1_711' title='bbox 3373 4676 3790 4748; x_wconf 69' lang='lat' dir='ltr'><strong>Spanduginns.</strong></span> 
     </span>
    </p>
   </div>
   <div class='ocr_carea' id='block_1_107' title="bbox 2183 4767 3765 4844">
    <p class='ocr_par' dir='ltr' id='par_1_107' title="bbox 2183 4767 3765 4844">
     <span class='ocr_line' id='line_1_107' title="bbox 2183 4767 3765 4844; baseline -0.008 -8"><span class='ocrx_word' id='word_1_712' title='bbox 2183 4795 2294 4836; x_wconf 87' lang='lat' dir='ltr'><strong>non</strong></span> <span class='ocrx_word' id='word_1_713' title='bbox 2333 4777 2562 4842; x_wconf 89' lang='lat' dir='ltr'><strong>addidit,</strong></span> <span class='ocrx_word' id='word_1_714' title='bbox 2594 4788 2766 4844; x_wconf 86' lang='lat' dir='ltr'><strong>nepos</strong></span> <span class='ocrx_word' id='word_1_715' title='bbox 2795 4780 2914 4827; x_wconf 88' lang='lat' dir='ltr'><strong>erat</strong></span> <span class='ocrx_word' id='word_1_716' title='bbox 2973 4771 3322 4840; x_wconf 87' lang='lat' dir='ltr'><strong>imperatoris</strong></span> <span class='ocrx_word' id='word_1_717' title='bbox 3354 4767 3584 4826; x_wconf 78' lang='lat' dir='ltr'><strong>Joannis</strong></span> <span class='ocrx_word' id='word_1_718' title='bbox 3623 4769 3765 4826; x_wconf 83' lang='lat' dir='ltr'><strong>Can-</strong></span> 
     </span>
    </p>
   </div>
   <div class='ocr_carea' id='block_1_108' title="bbox 2185 4862 3763 4935">
    <p class='ocr_par' dir='ltr' id='par_1_108' title="bbox 2185 4862 3763 4935">
     <span class='ocr_line' id='line_1_108' title="bbox 2185 4862 3763 4935; baseline -0.003 -11"><span class='ocrx_word' id='word_1_719' title='bbox 2185 4870 2448 4935; x_wconf 82' lang='lat' dir='ltr'><strong>tncuzini,</strong></span> <span class='ocrx_word' id='word_1_720' title='bbox 2489 4885 2556 4924; x_wconf 77' lang='lat' dir='ltr'><strong>ex</strong></span> <span class='ocrx_word' id='word_1_721' title='bbox 2598 4865 2852 4921; x_wconf 71' lang='lat' dir='ltr'><strong>Matthteo</strong></span> <span class='ocrx_word' id='word_1_722' title='bbox 2885 4865 3021 4928; x_wconf 88' lang='lat' dir='ltr'><strong>lilio,</strong></span> <span class='ocrx_word' id='word_1_723' title='bbox 3073 4862 3468 4919; x_wconf 79' lang='lat' dir='ltr'><strong>Albauensium</strong></span> <span class='ocrx_word' id='word_1_724' title='bbox 3497 4864 3763 4935; x_wconf 89' lang='lat' dir='ltr'><strong>principe.</strong></span> 
     </span>
    </p>
   </div>
   <div class='ocr_carea' id='block_1_109' title="bbox 2185 4950 3765 5032">
    <p class='ocr_par' dir='ltr' id='par_1_109' title="bbox 2185 4950 3765 5032">
     <span class='ocr_line' id='line_1_109' title="bbox 2185 4950 3765 5032; baseline -0.005 -18"><span class='ocrx_word' id='word_1_725' title='bbox 2185 4965 2527 5032; x_wconf 80' lang='lat' dir='ltr'><strong>Quapropter</strong></span> <span class='ocrx_word' id='word_1_726' title='bbox 2553 4959 2668 5013; x_wconf 63' lang='lat' dir='ltr'><strong>hac</strong></span> <span class='ocrx_word' id='word_1_727' title='bbox 2699 4957 2863 5011; x_wconf 91' lang='lat' dir='ltr'><strong>etiam</strong></span> <span class='ocrx_word' id='word_1_728' title='bbox 2919 4954 3086 5008; x_wconf 73' lang='lat' dir='ltr'><strong>Maria</strong></span> <span class='ocrx_word' id='word_1_729' title='bbox 3141 4955 3324 5022; x_wconf 86' lang='lat' dir='ltr'><strong>neptis</strong></span> <span class='ocrx_word' id='word_1_730' title='bbox 3358 4950 3463 5007; x_wconf 78' lang='lat' dir='ltr'><strong>fuit</strong></span> <span class='ocrx_word' id='word_1_731' title='bbox 3519 4953 3765 5022; x_wconf 86' lang='lat' dir='ltr'><strong>ejusdem</strong></span> 
     </span>
    </p>
   </div>
   <div class='ocr_carea' id='block_1_110' title="bbox 2183 5044 3764 5124">
    <p class='ocr_par' dir='ltr' id='par_1_110' title="bbox 2183 5044 3764 5124">
     <span class='ocr_line' id='line_1_110' title="bbox 2183 5044 3764 5124; baseline -0.008 -14"><span class='ocrx_word' id='word_1_732' title='bbox 2183 5055 2413 5111; x_wconf 82' lang='lat' dir='ltr'><strong>Joannis</strong></span> <span class='ocrx_word' id='word_1_733' title='bbox 2443 5051 2800 5124; x_wconf 79' lang='lat' dir='ltr'><strong>imperatoris</strong></span> <span class='ocrx_word' id='word_1_734' title='bbox 2858 5048 3058 5104; x_wconf 64' lang='lat' dir='ltr'><strong>Grmci.</strong></span> <span class='ocrx_word' id='word_1_735' title='bbox 3094 5045 3328 5102; x_wconf 81' lang='lat' dir='ltr'><strong>Fallitur</strong></span> <span class='ocrx_word' id='word_1_736' title='bbox 3355 5054 3412 5101; x_wconf 91' lang='lat' dir='ltr'><strong>et</strong></span> <span class='ocrx_word' id='word_1_737' title='bbox 3453 5044 3764 5109; x_wconf 86' lang='lat' dir='ltr'><strong>Bonliuius,</strong></span> 
     </span>
    </p>
   </div>
   <div class='ocr_carea' id='block_1_111' title="bbox 2185 5136 3768 5220">
    <p class='ocr_par' dir='ltr' id='par_1_111' title="bbox 2185 5136 3768 5220">
     <span class='ocr_line' id='line_1_111' title="bbox 2185 5136 3768 5220; baseline -0.008 -15"><span class='ocrx_word' id='word_1_738' title='bbox 2185 5152 2280 5220; x_wconf 88' lang='lat' dir='ltr'><strong>qui</strong></span> <span class='ocrx_word' id='word_1_739' title='bbox 2324 5148 2608 5216; x_wconf 83' lang='lat' dir='ltr'><strong>despinam</strong></span> <span class='ocrx_word' id='word_1_740' title='bbox 2671 5147 2814 5198; x_wconf 87' lang='lat' dir='ltr'><strong>hanc</strong></span> <span class='ocrx_word' id='word_1_741' title='bbox 2871 5141 3210 5213; x_wconf 81' lang='lat' dir='ltr'><strong>Synderovia</strong></span> <span class='ocrx_word' id='word_1_742' title='bbox 3246 5151 3404 5209; x_wconf 88' lang='lat' dir='ltr'><strong>capta</strong></span> <span class='ocrx_word' id='word_1_743' title='bbox 3455 5136 3768 5194; x_wconf 87' lang='lat' dir='ltr'><strong>Turcorum</strong></span> 
     </span>
    </p>
   </div>
   <div class='ocr_carea' id='block_1_112' title="bbox 2186 5232 3768 5296">
    <p class='ocr_par' dir='ltr' id='par_1_112' title="bbox 2186 5232 3768 5296">
     <span class='ocr_line' id='line_1_112' title="bbox 2186 5232 3768 5296; baseline -0.008 0"><span class='ocrx_word' id='word_1_744' title='bbox 2186 5244 2240 5296; x_wconf 88' lang='lat' dir='ltr'><strong>iu</strong></span> <span class='ocrx_word' id='word_1_745' title='bbox 2273 5255 2473 5296; x_wconf 87' lang='lat' dir='ltr'><strong>manus</strong></span> <span class='ocrx_word' id='word_1_746' title='bbox 2510 5239 2728 5293; x_wconf 87' lang='lat' dir='ltr'><strong>venisse</strong></span> <span class='ocrx_word' id='word_1_747' title='bbox 2770 5235 3002 5290; x_wconf 79' lang='lat' dir='ltr'><strong>scribit:</strong></span> <span class='ocrx_word' id='word_1_748' title='bbox 3047 5249 3172 5288; x_wconf 90' lang='lat' dir='ltr'><strong>cum</strong></span> <span class='ocrx_word' id='word_1_749' title='bbox 3210 5250 3278 5288; x_wconf 78' lang='lat' dir='ltr'><strong>ex</strong></span> <span class='ocrx_word' id='word_1_750' title='bbox 3319 5232 3627 5288; x_wconf 82' lang='lat' dir='ltr'><strong>Annalibus</strong></span> <span class='ocrx_word' id='word_1_751' title='bbox 3685 5233 3768 5284; x_wconf 89' lang='lat' dir='ltr'><strong>his</strong></span> 
     </span>
    </p>
   </div>
   <div class='ocr_carea' id='block_1_113' title="bbox 2184 5327 3767 5397">
    <p class='ocr_par' dir='ltr' id='par_1_113' title="bbox 2184 5327 3767 5397">
     <span class='ocr_line' id='line_1_113' title="bbox 2184 5327 3767 5397; baseline -0.007 -6"><span class='ocrx_word' id='word_1_752' title='bbox 2184 5343 2420 5397; x_wconf 77' lang='lat' dir='ltr'><strong>constet,</strong></span> <span class='ocrx_word' id='word_1_753' title='bbox 2461 5331 2610 5387; x_wconf 85' lang='lat' dir='ltr'><strong>illaut</strong></span> <span class='ocrx_word' id='word_1_754' title='bbox 2644 5329 2837 5385; x_wconf 87' lang='lat' dir='ltr'><strong>urbem</strong></span> <span class='ocrx_word' id='word_1_755' title='bbox 2898 5342 3047 5382; x_wconf 90' lang='lat' dir='ltr'><strong>anno</strong></span> <span class='ocrx_word' id='word_1_756' title='bbox 3102 5328 3322 5382; x_wconf 89' lang='lat' dir='ltr'><strong>demum</strong></span> <span class='ocrx_word' id='word_1_757' title='bbox 3385 5337 3510 5395; x_wconf 89' lang='lat' dir='ltr'><strong>post</strong></span> <span class='ocrx_word' id='word_1_758' title='bbox 3573 5327 3767 5381; x_wconf 85' lang='lat' dir='ltr'><strong>initum</strong></span> 
     </span>
    </p>
   </div>
   <div class='ocr_carea' id='block_1_114' title="bbox 2190 5419 3767 5490">
    <p class='ocr_par' dir='ltr' id='par_1_114' title="bbox 2190 5419 3767 5490">
     <span class='ocr_line' id='line_1_114' title="bbox 2190 5419 3767 5490; baseline -0.006 -4"><span class='ocrx_word' id='word_1_759' title='bbox 2190 5435 2292 5487; x_wconf 92' lang='lat' dir='ltr'><strong>hoc</strong></span> <span class='ocrx_word' id='word_1_760' title='bbox 2358 5425 2770 5482; x_wconf 73' lang='lat' dir='ltr'><strong>matrimonium</strong></span> <span class='ocrx_word' id='word_1_761' title='bbox 2821 5421 2984 5477; x_wconf 91' lang='lat' dir='ltr'><strong>tertio</strong></span> <span class='ocrx_word' id='word_1_762' title='bbox 3073 5419 3247 5476; x_wconf 71' lang='lat' dir='ltr'><strong>fuisse</strong></span> <span class='ocrx_word' id='word_1_763' title='bbox 3303 5428 3651 5490; x_wconf 86' lang='lat' dir='ltr'><strong>occupatam.</strong></span> <span class='ocrx_word' id='word_1_764' title='bbox 3708 5419 3767 5476; x_wconf 83' lang='lat' dir='ltr'><strong>Et</strong></span> 
     </span>
    </p>
   </div>
   <div class='ocr_carea' id='block_1_115' title="bbox 2188 5514 3764 5584">
    <p class='ocr_par' dir='ltr' id='par_1_115' title="bbox 2188 5514 3764 5584">
     <span class='ocr_line' id='line_1_115' title="bbox 2188 5514 3764 5584; baseline -0.008 -6"><span class='ocrx_word' id='word_1_765' title='bbox 2188 5521 2515 5582; x_wconf 84' lang='lat' dir='ltr'><strong>notandum,</strong></span> <span class='ocrx_word' id='word_1_766' title='bbox 2547 5519 2690 5573; x_wconf 72' lang='lat' dir='ltr'><strong>hanc</strong></span> <span class='ocrx_word' id='word_1_767' title='bbox 2724 5516 2921 5570; x_wconf 62' lang='grc' dir='ltr'><strong>Μαιδιιί</strong></span> <span class='ocrx_word' id='word_1_768' title='bbox 2967 5516 3221 5584; x_wconf 86' lang='lat' dir='ltr'><strong>nupsisse</strong></span> <span class='ocrx_word' id='word_1_769' title='bbox 3254 5529 3402 5568; x_wconf 84' lang='lat' dir='ltr'><strong>anno</strong></span> <span class='ocrx_word' id='word_1_770' title='bbox 3443 5514 3764 5567; x_wconf 84' lang='lat' dir='ltr'><strong>Christiano</strong></span> 
     </span>
    </p>
   </div>
   <div class='ocr_carea' id='block_1_116' title="bbox 2189 5607 3768 5681">
    <p class='ocr_par' dir='ltr' id='par_1_116' title="bbox 2189 5607 3768 5681">
     <span class='ocr_line' id='line_1_116' title="bbox 2189 5607 3768 5681; baseline -0.008 -9"><span class='ocrx_word' id='word_1_771' title='bbox 2189 5617 2348 5681; x_wconf 77' lang='lat' dir='ltr'><strong>H55,</strong></span> <span class='ocrx_word' id='word_1_772' title='bbox 2383 5614 2466 5668; x_wconf 78' lang='lat' dir='ltr'><strong>vel</strong></span> <span class='ocrx_word' id='word_1_773' title='bbox 2530 5612 2923 5667; x_wconf 78' lang='lat' dir='ltr'><strong>Malturnetano</strong></span> <span class='ocrx_word' id='word_1_774' title='bbox 2957 5607 3092 5676; x_wconf 76' lang='lat'><strong>3‘58;</strong></span> <span class='ocrx_word' id='word_1_775' title='bbox 3137 5617 3260 5677; x_wconf 88' lang='lat' dir='ltr'><strong>post</strong></span> <span class='ocrx_word' id='word_1_776' title='bbox 3309 5608 3588 5662; x_wconf 88' lang='lat' dir='ltr'><strong>biennium</strong></span> <span class='ocrx_word' id='word_1_777' title='bbox 3641 5623 3768 5660; x_wconf 88' lang='lat' dir='ltr'><strong>vero</strong></span> 
     </span>
    </p>
   </div>
   <div class='ocr_carea' id='block_1_117' title="bbox 2191 5699 3767 5766">
    <p class='ocr_par' dir='ltr' id='par_1_117' title="bbox 2191 5699 3767 5766">
     <span class='ocr_line' id='line_1_117' title="bbox 2191 5699 3767 5766; baseline -0.012 -2"><span class='ocrx_word' id='word_1_778' title='bbox 2191 5708 2582 5766; x_wconf 67' lang='lat' dir='ltr'><strong>tle&#39;ClltlttJlStlltt</strong></span> <span class='ocrx_word' id='word_1_779' title='bbox 2615 5704 2786 5758; x_wconf 83' lang='lat' dir='ltr'><strong>luisse</strong></span> <span class='ocrx_word' id='word_1_780' title='bbox 2842 5700 3239 5756; x_wconf 70' lang='lat' dir='ltr'><strong>.‘lucbemetem</strong></span> <span class='ocrx_word' id='word_1_781' title='bbox 3292 5699 3516 5754; x_wconf 82' lang='lat' dir='ltr'><strong>Muralis</strong></span> <span class='ocrx_word' id='word_1_782' title='bbox 3572 5701 3767 5753; x_wconf 86' lang='lat' dir='ltr'><strong>lilium.</strong></span> 
     </span>
    </p>
   </div>
   <div class='ocr_carea' id='block_1_118' title="bbox 2195 5788 3765 5864">
    <p class='ocr_par' dir='ltr' id='par_1_118' title="bbox 2195 5788 3765 5864">
     <span class='ocr_line' id='line_1_118' title="bbox 2195 5788 3765 5864; baseline -0.011 0"><span class='ocrx_word' id='word_1_783' title='bbox 2195 5807 2331 5864; x_wconf 86' lang='lat' dir='ltr'><strong>llinc</strong></span> <span class='ocrx_word' id='word_1_784' title='bbox 2362 5806 2506 5860; x_wconf 74' lang='lat' dir='ltr'><strong>enim</strong></span> <span class='ocrx_word' id='word_1_785' title='bbox 2547 5796 2891 5862; x_wconf 69' lang='lat' dir='ltr'><strong>intelligitur,</strong></span> <span class='ocrx_word' id='word_1_786' title='bbox 2929 5810 3039 5853; x_wconf 76' lang='lat' dir='ltr'><strong>non</strong></span> <span class='ocrx_word' id='word_1_787' title='bbox 3073 5794 3245 5853; x_wconf 78' lang='lat' dir='ltr'><strong>fuisse</strong></span> <span class='ocrx_word' id='word_1_788' title='bbox 3280 5801 3469 5849; x_wconf 84' lang='lat' dir='ltr'><strong>natum</strong></span> <span class='ocrx_word' id='word_1_789' title='bbox 3494 5807 3553 5848; x_wconf 74' lang='lat' dir='ltr'><strong>et</strong></span> <span class='ocrx_word' id='word_1_790' title='bbox 3592 5788 3765 5847; x_wconf 75' lang='lat' dir='ltr'><strong>Maria</strong></span> 
     </span>
    </p>
   </div>
  </div>
