4218 6308
556 299 665 362 79')

1798 318 2126 382 JOANNIS
2177 325 2654 388 LEUNCLAYII

3723 333 3838 394 800

555 421 780 488 despina
843 418 1264 489 Mnchcntctcm,
1301 428 1444 496 quod
1490 432 1650 499 vulgo
1685 438 1900 500 magnis
1961 441 2126 493 etiam

2243 443 2327 499 D9.
2365 443 2554 513 Oppidi
2589 443 2910 515 Semendriw
2955 448 3162 499 diversa
3207 447 3466 498 nomine:
3499 443 3708 515 Georgii
3741 448 3842 501 dr-

556 531 582 563 a
646 512 778 566 viris
816 517 1095 570 memori-.2
1136 518 1409 587 proditur.
1467 524 1678 593 Quippe
1722 526 1886 599 436
1950 533 2137 585 bimuli

555 606 699 669 apud
743 605 954 662 Turcos
1008 611 1325 666 circumcidi
1363 631 1470 668 non
1547 618 1748 674 solent.
1797 621 1856 673 Et
1920 623 2141 676 tradunt

561 700 820 764 Annales,
869 699 1266 758 Muchemctem
1319 719 1505 760 natum
1563 727 1708 764 anno
1759 713 2140 770 Mabumctano

557 791 680 850 853.
707 794 1091 850 circumcisum
1124 812 1266 850 anno
1283 800 1409 862 8M,
1450 805 1593 856 untle
1638 804 1932 874 colligitur,
1953 817 2137 864 octen-

560 896 682 930 nem
736 881 925 948 fuisse,
959 902 1083 939 cum
1111 888 1617 947 circumcideretnr.
1654 896 1805 951 Adde
1827 901 2139 955 testimonia

556 971 896 1040 Grmeerum,
953 977 1406 1054 Chalcocondylis
1452 995 1507 1039 et
1552 986 1933 1059 Spandugini;
2001 1009 2138 1062 quo-

558 1079 678 1117 rum
705 1064 794 1119 ille
831 1064 1052 1137 Georgii
1114 1073 1353 1142 despotze
1402 1078 1589 1136 tiliam,
1650 1079 2008 1137 Mucbctnctis
2044 1101 2142 1138 no-

561 1172 776 1211 vercam
803 1175 1062 1228 expresse
1095 1177 1250 1220 vocat
1283 1185 1296 1220 :
1326 1170 1412 1224 hic
1444 1187 1572 1225 vero
1597 1171 1858 1228 Muratem
1885 1194 1949 1230 ex
1974 1177 2138 1234 Maria

557 1247 785 1319 despina
820 1253 1022 1308 nullam
1081 1262 1390 1328 suscepisse
1452 1265 1694 1320 sobolem
1763 1267 1988 1325 disertis
2046 1272 2139 1327 iti-

557 1342 680 1396 dem
711 1344 888 1401 verbis
922 1349 1102 1403 tradit.
1144 1349 1321 1408 Habes
1347 1356 1512 1409 etiam
1541 1358 1696 1412 initio
1749 1360 2142 1418 declarationis

561 1432 741 1502 hujus,
778 1438 950 1506 prima
1003 1443 1186 1498 statim
1226 1456 1374 1514 nota,
1412 1448 1478 1503 de
1509 1448 1880 1521 bocquardam
1913 1471 1942 1508 a
1981 1457 2144 1514 nobis

559 1529 830 1596 exposita.

938 1625 1030 1681 97.
1074 1626 1279 1696 Bursa,
1313 1629 1506 1697 Bai-az,
1535 1634 1756 1690 Cibura.

627 1738 881 1795 Castrum
948 1743 1073 1811 (hoc
1138 1750 1358 1804 nomine
1424 1753 1677 1808 civitates
1745 1757 1911 1810 etiam
1972 1759 2140 1815 Tttrci

2578 525 2740 585 spata:
2791 514 3092 570 Serviorum
3133 517 3266 570 varii
3301 532 3480 569 casus.

2313 653 2464 719 Quod
2491 655 2746 722 oppidum
2782 654 3005 716 Serviat.
3040 670 3147 707 non
3185 653 3370 722 procul
3403 668 3432 706 a
3473 651 3737 719 Belgrade
3761 651 3834 705 ad

2246 749 2415 815 ripam
2447 747 2677 803 Danubii
2711 751 2902 814 situm,
2938 749 3235 804 Semender
3275 748 3472 802 Turcis
3493 749 3827 818 appellatur,

2246 850 2340 896 aut
2382 841 2712 908 Semendre,
2752 845 2986 898 diversis
3015 854 3094 898 est
3148 846 3491 898 nominatum
3544 842 3828 897 vocabulis

2248 935 2314 987 ab
2349 935 2706 988 historiarum
2765 937 3156 1006 scriptoribus.
3219 936 3616 1007 Synderoriam
3671 945 3830 989 vocat

2249 1025 2550 1090 Bonlinius.
2584 1026 2987 1096 Spenderoben
3025 1038 3079 1081 et
3136 1027 3562 1094 Spenderoviam
3621 1027 3827 1081 Laoni-

2247 1135 2365 1182 rus,
2397 1119 2768 1175 Simandriam
2810 1118 3381 1188 anbeqniusJovius
3413 1120 3823 1178 Samandrium,

2249 1211 2653 1266 Smendrovnm
2691 1212 3122 1285 Spanduglnus:
3161 1227 3226 1266 ex
3253 1226 3362 1278 quo
3401 1210 3618 1266 Laonici
3652 1211 3831 1280 Spen-

2245 1305 2482 1359 deroben
2512 1305 2751 1360 arbitror
2797 1304 3054 1375 equidem
3098 1303 3420 1359 mutandam
3472 1305 3527 1357 in
3563 1302 3830 1356 Smende-

2248 1413 2438 1452 roven.
2471 1399 2708 1468 Ungaris
2741 1409 2822 1453 est
2845 1397 3112 1454 Zendrew
3145 1406 3241 1452 aut
3288 1396 3570 1462 Scndrcw,
3602 1395 3829 1449 nomine

2246 1504 2276 1543 a
2305 1490 2470 1561 vulgo
2503 1501 2764 1560 corrupto
2799 1507 2864 1544 ex
2901 1487 3107 1545 Sancto
3133 1490 3371 1554 Andr-ca,
3398 1489 3558 1560 cujus
3597 1488 3700 1541 hoc
3727 1502 3828 1540 co-

2245 1597 2478 1654 gnomen
2509 1584 2672 1637 habet
2703 1595 2759 1637 et
2789 1583 2938 1637 aliud
2966 1583 3254 1638 castellum
3289 1583 3340 1636 in
3382 1581 3625 1649 Ungaria
3661 1596 3828 1646 snpe-

2247 1673 2400 1737 riori,
2438 1674 2581 1742 quod
2615 1674 2882 1745 hodieque
2915 1677 3088 1731 nostri
3113 1676 3255 1745 juris
3291 1685 3400 1730 est.
3438 1674 3702 1728 Serviana
3730 1670 3829 1726 Se-

2251 1766 2497 1819 mendria
2524 1770 2638 1821 sive
2667 1766 2971 1822 Sendrevia
2997 1784 3146 1823 nunc
3195 1770 3548 1838 sangiacatus
3578 1777 3681 1827 est,
3715 1764 3822 1838 [ju-

558 1829 778 1930 iocaml
813 1829 1016 1930 Βιξτιη.
1061 1836 1114 1889 in
1143 1839 1410 1893 Anatolize
1441 1843 1625 1897 tabula
1665 1845 2124 1919 cborograpbica,
2168 1844 2211 1901 Β
2239 1857 2394 1912 densi
2424 1859 2754 1930 bcglerbego
2784 1860 3058 1917 subditus.
3084 1829 3330 1916 Obsessa
3357 1872 3503 1914 nunc
3527 1873 3555 1912 a
3592 1834 3823 1923 Murgte,

561 1917 730 1972 Ilaraa
752 1927 1086 1987 nominatur.
1106 1937 1160 1982 et
1191 1930 1258 1984 ad
1297 1930 1524 1988 ﬂuvium
1549 1934 1773 1991 Madren
1812 1917 2140 2008 collocatur,

555 2015 648 2082 qui
685 2016 966 2074 veteribus
997 2031 1080 2076 est
1107 2021 1397 2081 Maeander.
1434 2027 1576 2084 Olim
1602 2031 1800 2084 Cibura
1840 2033 2142 2100 dicebatur,

561 2107 704 2161 unde
733 2125 827 2176 per
849 2113 1155 2179 aphaeresin
1189 2117 1366 2172 Brunz
1389 2120 1566 2176 fecere
1590 2122 1835 2190 Barbari,
1869 2126 2015 2193 quod
2052 2143 2140 2181 ve-

557 2216 678 2254 rum
718 2204 880 2273 hujus
903 2221 1050 2264 nunc
1078 2211 1258 2279 Oppidi
1295 2229 1490 2268 nomen
1513 2226 1616 2279 est,
1646 2233 1754 2272 n0n
1785 2218 1973 2274 Baraz.
1997 2220 2143 2275 Gne-

553 2296 602 2348 ci
645 2308 856 2353 veteres
890 2301 1124 2371 Cibyrcn
1161 2305 1550 2374 nominarunt,
1612 2321 1666 2365 et
1699 2313 1828 2366 allui
1877 2331 1902 2366 a
1940 2313 2140 2370 Limn.-

556 2393 660 2440 dro
708 2389 936 2446 ﬂuirtine
968 2395 1334 2464 scripserunt.
1393 2399 1506 2456 Leo
1555 2401 1787 2470 Sapiens
1847 2407 2143 2473 imperator

557 2481 698 2537 hanc
732 2486 910 2553 primo
939 2487 1064 2543 loco
1089 2490 1256 2545 refert
1293 2491 1437 2548 inter
1453 2493 1806 2567 episcopatus
1834 2501 2144 2572 Stauropo-

555 2575 740 2632 litaua:
795 2582 1160 2652 metropoleos
1188 2585 1242 2639 in
1275 2586 1461 2642 Caria.

551 2695 638 2746 98.
682 2695 833 2749 Ritus
853 2701 1082 2767 ponendi
1101 2701 1332 2767 primum
1362 2703 1414 2756 in
1432 2708 1597 2760 sacris
1623 2706 1863 2775 (adiﬁciis
1881 2710 2136 2781 lapidem.

624 2807 770 2865 Inter
793 2813 921 2878 alia,
944 2830 1065 2885 qua:
1096 2816 1410 2874 Grecorum
1449 2821 1754 2878 imitatione
1810 2822 2024 2882 Turcos
2055 2829 2138 2883 fa—

549 2904 750 2961 ctitare
809 2907 1022 2976 solitos,
1059 2910 1354 2980 aliquoties
1415 2916 1757 2983 monuimus,
1809 2916 1915 2974 hoc
1966 2920 2134 2976 etiam

552 2998 812 3061 refertor.
838 3003 984 3071 quod
1021 3002 1109 3058 hic
1139 3015 1420 3071 narratur,
1456 3004 1720 3070 Moralem
1757 3025 1966 3067 novum
1988 3021 2129 3068 tem-

551 3095 698 3163 plum
735 3091 1124 3166 lladrianopoli
1161 3096 1534 3166 conditorum,
1565 3101 1806 3170 quodam
1836 3104 1925 3159 die
1960 3105 2137 3161 Vene—

2248 1950 2645 2006 defendebatur
2707 1969 2735 2008 a
2776 1953 3001 2025 Georgii
3039 1955 3280 2022 despotze
3333 1953 3636 2023 majoribus
3689 1961 3824 2006 natu

2249 2042 2395 2106 hliis,
2429 2043 2705 2113 Stephano
2739 2047 2854 2114 (qui
2903 2062 2999 2114 per
3025 2060 3269 2102 errorem
3307 2061 3335 2098 a
3375 2044 3827 2113 Laonicojunior

2247 2136 2493 2194 creditus
2527 2139 2653 2208 fuit)
2675 2150 2729 2196 et
2765 2141 3022 2213 Georgio,
3054 2144 3198 2198 sicut
3232 2141 3308 2197 alt
3343 2139 3645 2197 Bentleius.
3687 2139 3831 2194 Lao-

2249 2230 2405 2285 nicus
2434 2232 2579 2285 enim
2617 2235 2668 2287 in
2693 2249 2761 2289 eo
2801 2249 3022 2305 quoque
3049 2235 3278 2299 fallitur,
3304 2235 3446 2305 quod
3482 2235 3825 2303 Stephanum

2250 2325 2302 2380 id
2343 2327 2609 2396 temporis
2669 2327 2722 2381 in
2748 2329 2948 2383 castris
3005 2329 3072 2384 ad
3126 2328 3502 2384 Semendriam
3546 2326 3826 2382 Murataais

2249 2419 2422 2476 fuisse
2454 2420 2699 2489 scripsit,
2753 2421 3154 2492 obsessumque
3184 2422 3451 2477 duntaxat
3501 2419 3824 2488 Georgium,

2247 2513 2466 2567 tandem
2529 2514 2729 2570 fecisse
2769 2513 3128 2570 deditionem.
3172 2516 3382 2585 Quippe
3411 2515 3607 2569 fratres
3659 2513 3824 2567 ambo

2246 2605 2524 2660 deditione
2556 2605 2696 2661 facta
2729 2606 2958 2664 Muratis
2996 2609 3050 2661 in
3076 2617 3399 2679 potestatem
3449 2615 3738 2666 venerunt,
3768 2614 3824 2656 et

2243 2698 2494 2752 eamdem
2536 2699 2852 2753 sustinuere
2881 2713 3120 2767 poenam,
3158 2699 3340 2754 oculis
3390 2698 3640 2753 adhibito
3686 2711 3824 2751 can-

2247 2786 2398 2841 denti
2425 2787 2573 2841 ferro
2611 2789 2728 2844 visu
2786 2789 3003 2859 spoliati
3045 2799 3357 2861 propterea.
3416 2789 3562 2860 quod
3608 2797 3820 2859 patrem

2246 2879 2538 2950 instigasse
2579 2881 2676 2936 ﬁlii
2697 2882 2766 2937 ad
2790 2882 3151 2938 defectionem
3184 2891 3530 2952 putarentur.
3556 2883 3603 2937 Is
3636 2891 3821 2936 autem

2241 2985 2368 3024 cum
2403 2969 2512 3025 filio
2538 2971 2768 3026 minimo
2793 2981 2921 3025 natu
2951 2971 3159 3026 Lazaro
3191 2970 3506 3042 profugerat
3531 2972 3598 3026 ad
3626 2973 3823 3026 Ather-

2242 3067 2357 3113 tum
2383 3059 2426 3114 ll
2455 3061 2846 3130 imperatorem
2883 3063 3259 3126 Austriacum,
3287 3073 3342 3116 et
3368 3062 3622 3132 Ungariaz
3647 3062 3824 3118 Bohc-

551 3153 628 3244 ris
685 3189 816 3259 (quo
877 3153 1044 3245 Τανιτιὶ
1127 3189 1326 3245 festum
1395 3153 2131 3255 sunmrlielidom‘a'da'r‘inm
2162 3183 2208 3242 θ
2244 3154 2476 3225 "umque
2530 3169 2736 3259 "Emi
2785 3153 3412 3259 .Sigismundifugnﬁli
3447 3165 3824 3259 generum“?

550 3282 1087 3353 celebrant)summo
1121 3302 1304 3350 mane,
1359 3289 1595 3357 primum
1656 3291 1839 3361 templi
1889 3292 2122 3361 lapidein

553 3378 810 3432 manibus
841 3377 954 3432 suis
981 3378 1252 3445 posuisse.
1273 3377 1408 3433 Nam
1440 3380 1487 3435 is
1511 3397 1732 3452 quoque
1758 3385 1897 3439 ritus
1919 3401 1949 3440 a
1980 3385 2131 3440 Cran-

549 3472 633 3527 cis
693 3472 1119 3540 imperatoribus
1184 3473 1252 3526 ad
1305 3471 1518 3529 Turcos
1563 3461 1825 3532 manavit.
1871 3476 2134 3535 [iccitabo

553 3565 820 3617 duntaxat
845 3579 1014 3618 unum
1048 3566 1362 3635 exemplum
1387 3566 1454 3620 de
1479 3568 1724 3622 omnium
1753 3571 2131 3626 illustrissituo

554 3655 722 3709 t0tius
779 3654 929 3708 orbis
993 3651 1228 3710 aedilicio
1280 3655 1465 3724 templi
1524 3656 2133 3726 Constantiimpolitani

552 3763 724 3804 sacra.-
753 3757 956 3802 θεαί-ιω
1005 3745 1097 3800 Dei
1128 3748 1444 3817 Sapientiae,
1496 3749 1590 3819 qui
1646 3749 1905 3807 Christus
1934 3759 2038 3807 est.
2075 3751 2132 3806 ld

553 3857 663 3911 quo
688 3841 965 3897 conditum
990 3840 1171 3907 modo,
1202 3842 1426 3912 quantis
1457 3842 1940 3913 sumptibus,quot
1975 3846 2135 3901 atratis

557 3937 754 3999 fuerit,
815 3935 1125 4005 expositum
1176 3950 1207 3988 a
1261 3935 1468 3990 Graecis
1513 3945 1599 3991 est
1651 3935 1835 3991 libello
1893 3939 2130 4006 quodam

555 4047 720 4085 manu
762 4037 1007 4082 exorato.
1044 4027 1320 4097 Leguntur
1352 4039 1534 4084 autem
1567 4031 1620 4082 in
1653 4046 1720 4083 eo
1743 4031 1994 4097 quaedam
2030 4031 2137 4086 huc

558 4123 887 4193 pertinentia
908 4123 976 4176 de
1000 4119 1316 4176 Iustiniano
1337 4121 1609 4192 Augusto,
1642 4123 1776 4175 tanti
1817 4123 2001 4192 operis
2039 4140 2138 4177 au-

553 4229 731 4283 ctore,
751 4233 874 4288 quae
902 4215 1115 4272 Latinis
1142 4215 1328 4270 verbis
1362 4213 1475 4270 fere
1506 4216 1735 4270 totidem
1770 4216 1960 4272 lectori
1985 4219 2137 4271 dabi-

556 4328 701 4369 mus.
747 4312 885 4368 Cum
937 4308 1222 4378 ponendo,
1277 4309 1477 4376 inquit,
1511 4309 1870 4364 fundamento
1932 4312 2137 4380 princi-

557 4409 705 4479 pium
739 4406 893 4462 daret
921 4406 1237 4472 imperator,
1277 4400 1601 4472 Eutychium
1638 4405 2009 4471 patriarcham
2039 4403 2136 4457 ad-

557 4500 796 4565 vocavit,
837 4498 929 4569 qui
974 4512 1165 4568 preces
1196 4495 1454 4550 Ecclesia:
1485 4497 1761 4550 struenda:
1801 4512 1968 4551 causa
2001 4513 2136 4551 con-
2168 4526 2214 4582 ι)

554 4595 722 4662 cepit.
757 4593 1058 4660 Imperator
1087 4599 1270 4645 autem
1310 4587 1564 4643 manibus
1607 4589 1724 4657 ipse
1772 4589 1888 4642 suis
1926 4591 2131 4645 calcem

556 4695 697 4740 testa
725 4685 1036 4754 prehendit,
1068 4698 1132 4738 ac
1166 4683 1378 4751 primus
1418 4683 1666 4734 omnium
1712 4685 1766 4735 in
1802 4681 2132 4736 fundamen-

559 4788 673 4832 tum
711 4775 961 4844 proiecit,
995 4781 1050 4828 et
1077 4785 1294 4829 caetera.
1326 4771 1538 4838 Quibus
1566 4788 1700 4826 sane
1741 4774 1946 4835 verbis,
1997 4791 2134 4844 quo-

558 4885 683 4922 nam
717 4869 878 4921 modo
905 4868 1115 4936 primus
1139 4866 1283 4934 lapis
1329 4867 1381 4917 in
1422 4868 1718 4919 strueturis
1757 4866 1958 4922 talibus
2009 4869 2134 4937 poni

558 4965 754 5027 soleat,
782 4962 1112 5018 declaratur.
1157 4959 1292 5013 Nam
1337 4975 1462 5014 cum
1502 4961 1740 5014 maxima
1768 4960 2137 5017 fundamentis

551 5058 820 5127 ejusmodi
879 5071 1010 5112 saxa
1066 5054 1551 5115 suurtadhibenda,
1617 5070 1741 5124 quae
1804 5057 1892 5111 vix
1938 5057 2127 5127 plures

557 5150 789 5220 operarii
816 5150 1003 5210 simul,
1047 5149 1247 5203 nedum
1287 5164 1427 5202 unus
1460 5148 1661 5218 aliquis
1689 5150 1970 5220 princeps,
2011 5153 2132 5204 loco

555 5256 777 5298 movere
829 5254 1093 5312 possunt;
1141 5242 1520 5309 amplissimus
1576 5241 1789 5297 scilicet
1839 5244 1977 5312 lapis
2013 5245 2133 5312 ipso

556 5347 847 5407 prasente,
884 5351 1214 5405 manumque
1241 5335 1494 5389 nonnihil
1535 5337 1884 5402 admovente,
1932 5337 1998 5390 ad
2053 5339 2131 5391 in-

554 5431 864 5481 choandum
892 5444 1029 5497 Opus
1057 5431 1126 5483 ab
1160 5431 1243 5484 his
1271 5445 1374 5483 suo
1399 5430 1516 5483 loco
1542 5431 1796 5499 ponitur:
1827 5432 1912 5484 cui
1939 5431 2134 5485 deinde

559 5527 770 5590 primus
817 5521 1133 5589 imperator,
1207 5532 1303 5575 aut
1355 5524 1615 5593 princeps
1661 5534 1853 5577 auctor
1899 5523 2133 5588 aedilicii,

557 5616 764 5671 calcem
803 5617 1007 5685 injicit:
1037 5627 1202 5685 atque
1236 5616 1308 5670 ita
1358 5621 1622 5673 struendo
1657 5617 1889 5674 aedilicio
1920 5619 2131 5687 primit-

559 5710 706 5777 piutn
747 5708 961 5764 dedisse
1003 5710 1340 5782 intelligitur.

2242 3261 2642 3312 successorem,
2666 3257 2725 3303 ut
2746 3251 2815 3304 ab
2845 3265 2910 3303 eo
2951 3261 3142 3304 contra
3170 3249 3400 3303 Muratis
3427 3251 3570 3304 vires
3609 3250 3816 3304 auxilia

2238 3341 2541 3412 postularet
2567 3357 2726 3411 :quae
2756 3343 2977 3412 quidem
3012 3345 3298 3413 impetrata
3335 3344 3505 3404 fuere,
3538 3342 3631 3398 sed
3674 3343 3824 3396 nihi-

2241 3432 2480 3487 lominus
2505 3449 2834 3490 succursum
2861 3435 3092 3500 tardius,
3113 3446 3167 3489 et
3193 3435 3407 3488 interim
3424 3435 3604 3490 dedita
3622 3433 3820 3489 Murati

2242 3523 2584 3580 Semendria.
2638 3526 2982 3598 Quapropter
3006 3528 3278 3598 Georgius
3307 3544 3432 3582 cum
3467 3527 3676 3583 Lazaro
3709 3530 3823 3585 lilio

2239 3618 2468 3687 suisque
2497 3621 2797 3681 thesauris,
2824 3624 2918 3692 qui
2952 3621 3275 3676 ducatorum
3306 3623 3600 3692 quinquies
3637 3632 3822 3679 cente-

2241 3726 2308 3765 na
2352 3711 2518 3765 millia
2548 3715 2933 3780 continebant,
2970 3716 3036 3768 ad
3081 3714 3380 3784 Raguszcos
3415 3730 3475 3771 se
3504 3717 3726 3784 recepit,
3764 3727 3824 3771 et

2241 3806 2441 3860 ibidem
2465 3807 2520 3860 in
2541 3809 2738 3862 exsilio
2767 3808 3010 3878 privatus
3038 3809 3350 3878 aliquandiu
3375 3810 3537 3863 vixit.
3558 3809 3661 3863 Sed
3693 3825 3819 3864 cum

2241 3901 2483 3957 Murates
2516 3918 2623 3957 non
2657 3904 2934 3958 desineret
2959 3918 3124 3974 agere
3158 3919 3284 3959 cum
3304 3904 3608 3974 Ragnsaeis,
3637 3910 3696 3956 ut
3719 3902 3821 3972 ipsi

2240 3994 2559 4060 dederetur,
2600 4010 2709 4064 quo
2773 3997 2991 4064 quidem
3047 3997 3266 4050 nomine
3314 3995 3552 4049 maxima
3591 4009 3824 4064 quaquo

2242 4087 2527 4158 Hagusaeis
2559 4088 2816 4143 oﬂ'erebat
2839 4104 2906 4144 ac
2933 4090 3295 4160 pollicebatur
3319 4107 3334 4143 :
3367 4088 3723 4155 praamonitus
3747 4091 3823 4144 ab

2241 4180 2320 4234 eis
2346 4181 2597 4243 despota,
2636 4197 2758 4234 cum
2793 4182 3071 4237 thesauris
3097 4184 3162 4235 ad
3195 4181 3404 4236 Alberti
3439 4195 3819 4237 successorem

2245 4271 2584 4326 Vladislanm
2621 4274 2913 4339 Polonum,
2950 4273 3206 4344 Ungarim
3236 4289 3418 4343 regem
3454 4290 3514 4328 se
3551 4274 3818 4333 contulit.

2241 4366 2470 4436 ejusque
2499 4367 2716 4421 tandem
2745 4381 2848 4436 ope
2880 4367 3166 4422 restitutus
3192 4365 3244 4420 in
3279 4367 3553 4436 integrum
3585 4363 3709 4431 fuit,
3735 4366 3816 4419 uti

2241 4459 2497 4528 deinceps
2526 4473 2627 4514 suo
2654 4459 2771 4514 loco
2797 4460 3035 4514 dicetur.

2266 4571 2430 4646 ‘37
2472 4572 2601 4629 100.
2634 4574 2766 4646 Albo
2798 4572 3008 4646 erca,
3038 4574 3355 4644 Belgradum
3389 4574 3658 4630 Chriesclt.
3695 4572 3823 4628 Per-

2461 4645 2681 4697 mutatio
2717 4643 2926 4711 Georgii
2969 4643 3199 4711 despotic
3229 4663 3347 4697 cum
3379 4646 3591 4699 Aiberto

2583 4714 2640 4768 II
2674 4717 2931 4784 Augusto,
2961 4717 3166 4769 nomine
3201 4715 3472 4785 Belgradi.

2313 4828 2485 4898 Hujus
2552 4831 2716 4882 etiam
2790 4829 2943 4883 urbis
3011 4829 3158 4882 varia
3217 4829 3437 4883 nomina
3487 4841 3636 4898 sunt,
3685 4831 3822 4888 Alba

2242 4922 2451 4987 Graeca,
2492 4923 2714 4976 Nanitor
2750 4925 2892 4986 alba,
2947 4921 3230 4992 Beligrada
3282 4939 3514 4979 numero
3570 4927 3821 4981 multitu-

2241 5015 2386 5068 dinis
2413 5013 2670 5077 Cedrino,
2707 5012 3051 5083 Belgradnm,
3097 5012 3243 5080 quod
3284 5011 3603 5068 Serviorum
3638 5016 3821 5085 lingua

2240 5106 2511 5176 significat
2563 5115 2764 5160 'areem
2820 5108 2995 5163 albun
3041 5105 3254 5176 (Potoni
3315 5107 3606 5176 Bialogrod
3668 5109 3819 5164 dice-

2241 5198 2403 5265 rent),
2439 5197 2722 5250 Geufrmus
2751 5197 2986 5266 denique
3049 5195 3268 5251 Criesch
3320 5197 3484 5250 etiam
3546 5198 3649 5253 dici
3685 5202 3819 5265 vult,

2239 5289 2384 5358 quod
2428 5288 2733 5342 mutilatum
2792 5299 2877 5343 est
2925 5306 2988 5342 ex
3051 5291 3262 5357 integro
3322 5291 3546 5345 nomine
3594 5291 3812 5350 Genna-

2241 5383 2399 5443 nico,
2445 5379 2761 5434 Griechisch
2822 5379 3251 5450 Weissenburg,
3298 5383 3483 5447 idest,
3543 5399 3642 5440 arx
3699 5386 3818 5438 alba

2239 5470 2446 5527 Graeca.
2496 5472 2696 5526 Priscis
2725 5471 3042 5525 Tauruntnn
3093 5474 3214 5534 fuit,
3249 5474 3322 5526 uti
3379 5472 3719 5544 Busbeqnius
3753 5493 3815 5530 ex

2241 5565 2479 5631 antiquis
2535 5562 2954 5617 numismatibus
2996 5571 3143 5616 recte
3207 5564 3383 5618 docet.
3444 5563 3821 5633 Propugnant

2240 5670 2359 5708 eam
2414 5653 2516 5707 hoc
2572 5663 2816 5721 tempore
2881 5662 3072 5708 contra
3123 5656 3230 5708 vim
3291 5654 3524 5710 Mnratis
3574 5655 3817 5710 Joannes

2241 5751 2512 5800 Auranes.
2565 5744 2941 5809 (thsidioncm,
2998 5762 3119 5816 qum
3141 5755 3346 5815 septem
3379 5747 3663 5803 mensibus
3717 5751 3819 5800 du-

2241 5840 2403 5904 ravit,
2471 5839 2689 5895 dceadls
2748 5840 3000 5896 secunda:
3075 5842 3214 5895 libro
3262 5851 3456 5911 quarto
3524 5841 3815 5912 descripsit
